PokerStars Hand #238445771758:  Hold'em No Limit ($0.02/$0.05 USD) - 2022/09/05 19:07:34 PT [2022/09/05 22:07:34 ET]
Table 'Nash' 9-max Seat #7 is the button
Seat 1: Nodshure ($5.46 in chips) 
Seat 2: ThePorqupine ($3.75 in chips) 
Seat 5: victordyfox ($3.33 in chips) 
Seat 6: Dorex2007 ($5 in chips) 
Seat 7: DIMON 1514 ($10.36 in chips) 
Seat 9: DonD13 ($3.93 in chips) 
DonD13: posts small blind $0.02
Nodshure: posts big blind $0.05
mullski326: sits out 
Dorex2007: posts big blind $0.05
*** HOLE CARDS ***
Dealt to Dorex2007 [Qc 5h]
ThePorqupine: folds 
victordyfox: folds 
Dorex2007: checks 
DIMON 1514: calls $0.05
DonD13: calls $0.03
Nodshure: checks 
*** FLOP *** [4s 6s 9h]
DonD13: checks 
Nodshure: bets $0.09
Dorex2007: folds 
DIMON 1514: folds 
DonD13: folds 
Uncalled bet ($0.09) returned to Nodshure
Nodshure collected $0.19 from pot
*** SUMMARY ***
Total pot $0.20 | Rake $0.01 
Board [4s 6s 9h]
Seat 1: Nodshure (big blind) collected ($0.19)
Seat 2: ThePorqupine folded before Flop (didn't bet)
Seat 5: victordyfox folded before Flop (didn't bet)
Seat 6: Dorex2007 folded on the Flop (didn't bet)
Seat 7: DIMON 1514 (button) folded on the Flop
Seat 9: DonD13 (small blind) folded on the Flop



PokerStars Hand #238445776261:  Hold'em No Limit ($0.02/$0.05 USD) - 2022/09/05 19:07:58 PT [2022/09/05 22:07:58 ET]
Table 'Nash' 9-max Seat #9 is the button
Seat 1: Nodshure ($5.60 in chips) 
Seat 2: ThePorqupine ($3.75 in chips) 
Seat 5: victordyfox ($3.33 in chips) 
Seat 6: Dorex2007 ($5 in chips) 
Seat 7: DIMON 1514 ($10.31 in chips) 
Seat 9: DonD13 ($3.88 in chips) 
Nodshure: posts small blind $0.02
ThePorqupine: posts big blind $0.05
mullski326: sits out 
*** HOLE CARDS ***
Dealt to Dorex2007 [Kh 3c]
victordyfox: folds 
Dorex2007: folds 
DIMON 1514: folds 
DonD13: folds 
Nodshure: raises $0.11 to $0.16
ThePorqupine: folds 
Uncalled bet ($0.11) returned to Nodshure
Nodshure collected $0.10 from pot
*** SUMMARY ***
Total pot $0.10 | Rake $0 
Seat 1: Nodshure (small blind) collected ($0.10)
Seat 2: ThePorqupine (big blind) folded before Flop
Seat 5: victordyfox folded before Flop (didn't bet)
Seat 6: Dorex2007 folded before Flop (didn't bet)
Seat 7: DIMON 1514 folded before Flop (didn't bet)
Seat 9: DonD13 (button) folded before Flop (didn't bet)



PokerStars Hand #238445779405:  Hold'em No Limit ($0.02/$0.05 USD) - 2022/09/05 19:08:15 PT [2022/09/05 22:08:15 ET]
Table 'Nash' 9-max Seat #1 is the button
Seat 1: Nodshure ($5.65 in chips) 
Seat 2: ThePorqupine ($3.70 in chips) 
Seat 4: mullski326 ($4 in chips) 
Seat 5: victordyfox ($3.33 in chips) 
Seat 6: Dorex2007 ($5 in chips) 
Seat 7: DIMON 1514 ($10.31 in chips) 
Seat 9: DonD13 ($3.88 in chips) 
ThePorqupine: posts small blind $0.02
mullski326: posts big blind $0.05
*** HOLE CARDS ***
Dealt to Dorex2007 [5h 9d]
victordyfox: folds 
Dorex2007: folds 
DIMON 1514: folds 
DonD13: folds 
Nodshure: folds 
ThePorqupine: calls $0.03
mullski326: checks 
*** FLOP *** [Ts 8s 2c]
ThePorqupine: checks 
mullski326: bets $0.05
ThePorqupine: calls $0.05
*** TURN *** [Ts 8s 2c] [3d]
ThePorqupine: checks 
mullski326: bets $0.15
ThePorqupine: folds 
Uncalled bet ($0.15) returned to mullski326
mullski326 collected $0.19 from pot
*** SUMMARY ***
Total pot $0.20 | Rake $0.01 
Board [Ts 8s 2c 3d]
Seat 1: Nodshure (button) folded before Flop (didn't bet)
Seat 2: ThePorqupine (small blind) folded on the Turn
Seat 4: mullski326 (big blind) collected ($0.19)
Seat 5: victordyfox folded before Flop (didn't bet)
Seat 6: Dorex2007 folded before Flop (didn't bet)
Seat 7: DIMON 1514 folded before Flop (didn't bet)
Seat 9: DonD13 folded before Flop (didn't bet)



PokerStars Hand #238445787517:  Hold'em No Limit ($0.02/$0.05 USD) - 2022/09/05 19:08:59 PT [2022/09/05 22:08:59 ET]
Table 'Nash' 9-max Seat #2 is the button
Seat 1: Nodshure ($5.65 in chips) 
Seat 2: ThePorqupine ($3.60 in chips) 
Seat 4: mullski326 ($4.09 in chips) 
Seat 5: victordyfox ($3.33 in chips) 
Seat 6: Dorex2007 ($5 in chips) 
Seat 7: DIMON 1514 ($10.31 in chips) 
Seat 9: DonD13 ($3.88 in chips) 
mullski326: posts small blind $0.02
victordyfox: posts big blind $0.05
*** HOLE CARDS ***
Dealt to Dorex2007 [Qh 7h]
Dorex2007: folds 
DIMON 1514: folds 
DonD13: folds 
Nodshure: raises $0.09 to $0.14
ThePorqupine: calls $0.14
mullski326: calls $0.12
victordyfox: calls $0.09
*** FLOP *** [7s 3h 4d]
mullski326: checks 
victordyfox: checks 
Nodshure: checks 
ThePorqupine: bets $0.26
mullski326: calls $0.26
victordyfox: folds 
Nodshure: folds 
*** TURN *** [7s 3h 4d] [2h]
mullski326: checks 
ThePorqupine: checks 
*** RIVER *** [7s 3h 4d 2h] [Jd]
mullski326: bets $0.52
ThePorqupine: calls $0.52
*** SHOW DOWN ***
mullski326: shows [Ah Jh] (a pair of Jacks)
ThePorqupine: mucks hand 
mullski326 collected $2.03 from pot
*** SUMMARY ***
Total pot $2.12 | Rake $0.09 
Board [7s 3h 4d 2h Jd]
Seat 1: Nodshure folded on the Flop
Seat 2: ThePorqupine (button) mucked [Js Qs]
Seat 4: mullski326 (small blind) showed [Ah Jh] and won ($2.03) with a pair of Jacks
Seat 5: victordyfox (big blind) folded on the Flop
Seat 6: Dorex2007 folded before Flop (didn't bet)
Seat 7: DIMON 1514 folded before Flop (didn't bet)
Seat 9: DonD13 folded before Flop (didn't bet)



PokerStars Hand #238445802265:  Hold'em No Limit ($0.02/$0.05 USD) - 2022/09/05 19:10:19 PT [2022/09/05 22:10:19 ET]
Table 'Nash' 9-max Seat #4 is the button
Seat 1: Nodshure ($5.51 in chips) 
Seat 2: ThePorqupine ($2.68 in chips) 
Seat 4: mullski326 ($5.20 in chips) 
Seat 5: victordyfox ($3.19 in chips) 
Seat 6: Dorex2007 ($5 in chips) 
Seat 7: DIMON 1514 ($10.31 in chips) 
Seat 9: DonD13 ($3.88 in chips) 
victordyfox: posts small blind $0.02
Dorex2007: posts big blind $0.05
*** HOLE CARDS ***
Dealt to Dorex2007 [9s 3d]
DIMON 1514: folds 
DonD13: folds 
Nodshure: raises $0.10 to $0.15
ThePorqupine: folds 
mullski326: folds 
victordyfox: folds 
Dorex2007: folds 
Uncalled bet ($0.10) returned to Nodshure
Nodshure collected $0.12 from pot
*** SUMMARY ***
Total pot $0.12 | Rake $0 
Seat 1: Nodshure collected ($0.12)
Seat 2: ThePorqupine folded before Flop (didn't bet)
Seat 4: mullski326 (button) folded before Flop (didn't bet)
Seat 5: victordyfox (small blind) folded before Flop
Seat 6: Dorex2007 (big blind) folded before Flop
Seat 7: DIMON 1514 folded before Flop (didn't bet)
Seat 9: DonD13 folded before Flop (didn't bet)



PokerStars Hand #238445806725:  Hold'em No Limit ($0.02/$0.05 USD) - 2022/09/05 19:10:43 PT [2022/09/05 22:10:43 ET]
Table 'Nash' 9-max Seat #5 is the button
Seat 1: Nodshure ($5.58 in chips) 
Seat 2: ThePorqupine ($2.68 in chips) 
Seat 4: mullski326 ($5.20 in chips) 
Seat 5: victordyfox ($3.17 in chips) 
Seat 6: Dorex2007 ($5 in chips) 
Seat 7: DIMON 1514 ($10.31 in chips) 
Seat 9: DonD13 ($3.88 in chips) 
Dorex2007: posts small blind $0.02
DIMON 1514: posts big blind $0.05
*** HOLE CARDS ***
Dealt to Dorex2007 [Kc 9c]
DonD13: folds 
Nodshure: folds 
ThePorqupine: folds 
mullski326: folds 
victordyfox: folds 
Dorex2007: folds 
Uncalled bet ($0.03) returned to DIMON 1514
DIMON 1514 collected $0.04 from pot
*** SUMMARY ***
Total pot $0.04 | Rake $0 
Seat 1: Nodshure folded before Flop (didn't bet)
Seat 2: ThePorqupine folded before Flop (didn't bet)
Seat 4: mullski326 folded before Flop (didn't bet)
Seat 5: victordyfox (button) folded before Flop (didn't bet)
Seat 6: Dorex2007 (small blind) folded before Flop
Seat 7: DIMON 1514 (big blind) collected ($0.04)
Seat 9: DonD13 folded before Flop (didn't bet)



PokerStars Hand #238445809464:  Hold'em No Limit ($0.02/$0.05 USD) - 2022/09/05 19:10:58 PT [2022/09/05 22:10:58 ET]
Table 'Nash' 9-max Seat #6 is the button
Seat 1: Nodshure ($5.58 in chips) 
Seat 2: ThePorqupine ($2.68 in chips) 
Seat 4: mullski326 ($5.20 in chips) 
Seat 5: victordyfox ($3.17 in chips) 
Seat 6: Dorex2007 ($5 in chips) 
Seat 7: DIMON 1514 ($10.33 in chips) 
Seat 9: DonD13 ($3.88 in chips) 
DIMON 1514: posts small blind $0.02
DonD13: posts big blind $0.05
*** HOLE CARDS ***
Dealt to Dorex2007 [3s 6h]
Nodshure: folds 
ThePorqupine: raises $0.10 to $0.15
mullski326: folds 
victordyfox: folds 
Dorex2007: folds 
DIMON 1514: folds 
DonD13: folds 
Uncalled bet ($0.10) returned to ThePorqupine
ThePorqupine collected $0.12 from pot
kayttaja4 leaves the table
ThePorqupine: doesn't show hand 
*** SUMMARY ***
Total pot $0.12 | Rake $0 
Seat 1: Nodshure folded before Flop (didn't bet)
Seat 2: ThePorqupine collected ($0.12)
Seat 4: mullski326 folded before Flop (didn't bet)
Seat 5: victordyfox folded before Flop (didn't bet)
Seat 6: Dorex2007 (button) folded before Flop (didn't bet)
Seat 7: DIMON 1514 (small blind) folded before Flop
Seat 9: DonD13 (big blind) folded before Flop



PokerStars Hand #238445812802:  Hold'em No Limit ($0.02/$0.05 USD) - 2022/09/05 19:11:15 PT [2022/09/05 22:11:15 ET]
Table 'Nash' 9-max Seat #7 is the button
Seat 1: Nodshure ($5.58 in chips) 
Seat 2: ThePorqupine ($2.75 in chips) 
Seat 4: mullski326 ($5.20 in chips) 
Seat 5: victordyfox ($3.17 in chips) 
Seat 6: Dorex2007 ($5 in chips) 
Seat 7: DIMON 1514 ($10.31 in chips) 
Seat 9: DonD13 ($3.83 in chips) 
DonD13: posts small blind $0.02
Nodshure: posts big blind $0.05
*** HOLE CARDS ***
Dealt to Dorex2007 [Kd 7c]
ThePorqupine: folds 
mullski326: folds 
victordyfox: folds 
reddevils888 joins the table at seat #8 
Dorex2007: folds 
DIMON 1514: folds 
DonD13: folds 
Uncalled bet ($0.03) returned to Nodshure
Nodshure collected $0.04 from pot
*** SUMMARY ***
Total pot $0.04 | Rake $0 
Seat 1: Nodshure (big blind) collected ($0.04)
Seat 2: ThePorqupine folded before Flop (didn't bet)
Seat 4: mullski326 folded before Flop (didn't bet)
Seat 5: victordyfox folded before Flop (didn't bet)
Seat 6: Dorex2007 folded before Flop (didn't bet)
Seat 7: DIMON 1514 (button) folded before Flop (didn't bet)
Seat 9: DonD13 (small blind) folded before Flop



PokerStars Hand #238445816271:  Hold'em No Limit ($0.02/$0.05 USD) - 2022/09/05 19:11:34 PT [2022/09/05 22:11:34 ET]
Table 'Nash' 9-max Seat #9 is the button
Seat 1: Nodshure ($5.60 in chips) 
Seat 2: ThePorqupine ($5 in chips) 
Seat 4: mullski326 ($5.20 in chips) 
Seat 5: victordyfox ($3.17 in chips) 
Seat 6: Dorex2007 ($5 in chips) 
Seat 7: DIMON 1514 ($10.31 in chips) 
Seat 8: reddevils888 ($4 in chips) 
Seat 9: DonD13 ($3.81 in chips) 
Nodshure: posts small blind $0.02
ThePorqupine: posts big blind $0.05
reddevils888: posts big blind $0.05
*** HOLE CARDS ***
Dealt to Dorex2007 [Js 4s]
mullski326: folds 
victordyfox: folds 
Dorex2007: folds 
DIMON 1514: folds 
reddevils888: checks 
DonD13: calls $0.05
Nodshure: calls $0.03
ThePorqupine: checks 
*** FLOP *** [3h Ac Ks]
Nodshure: checks 
ThePorqupine: bets $0.10
reddevils888: folds 
DonD13: folds 
Nodshure: calls $0.10
*** TURN *** [3h Ac Ks] [9c]
Nodshure: checks 
ThePorqupine: bets $0.19
Nodshure: calls $0.19
*** RIVER *** [3h Ac Ks 9c] [4h]
Nodshure: checks 
ThePorqupine: bets $0.46
Nodshure: folds [As]
Uncalled bet ($0.46) returned to ThePorqupine
ThePorqupine collected $0.75 from pot
ThePorqupine: doesn't show hand 
*** SUMMARY ***
Total pot $0.78 | Rake $0.03 
Board [3h Ac Ks 9c 4h]
Seat 1: Nodshure (small blind) folded on the River
Seat 2: ThePorqupine (big blind) collected ($0.75)
Seat 4: mullski326 folded before Flop (didn't bet)
Seat 5: victordyfox folded before Flop (didn't bet)
Seat 6: Dorex2007 folded before Flop (didn't bet)
Seat 7: DIMON 1514 folded before Flop (didn't bet)
Seat 8: reddevils888 folded on the Flop (didn't bet)
Seat 9: DonD13 (button) folded on the Flop



PokerStars Hand #238445830243:  Hold'em No Limit ($0.02/$0.05 USD) - 2022/09/05 19:12:49 PT [2022/09/05 22:12:49 ET]
Table 'Nash' 9-max Seat #1 is the button
Seat 1: Nodshure ($5.26 in chips) 
Seat 2: ThePorqupine ($5.41 in chips) 
Seat 4: mullski326 ($5.20 in chips) 
Seat 5: victordyfox ($3.17 in chips) 
Seat 6: Dorex2007 ($5 in chips) 
Seat 7: DIMON 1514 ($10.31 in chips) 
Seat 8: reddevils888 ($3.95 in chips) 
Seat 9: DonD13 ($3.76 in chips) 
ThePorqupine: posts small blind $0.02
mullski326: posts big blind $0.05
*** HOLE CARDS ***
Dealt to Dorex2007 [9c Ah]
victordyfox: folds 
Dorex2007: folds 
DIMON 1514: folds 
reddevils888: raises $0.10 to $0.15
DonD13: folds 
Nodshure: folds 
ThePorqupine: calls $0.13
mullski326: calls $0.10
*** FLOP *** [Ac 6d 8s]
ThePorqupine: bets $0.22
mullski326: calls $0.22
reddevils888: calls $0.22
*** TURN *** [Ac 6d 8s] [6h]
ThePorqupine: checks 
mullski326: checks 
reddevils888: bets $0.75
ThePorqupine: calls $0.75
mullski326: folds 
*** RIVER *** [Ac 6d 8s 6h] [2s]
ThePorqupine: checks 
reddevils888: bets $2.83 and is all-in
ThePorqupine: calls $2.83
*** SHOW DOWN ***
reddevils888: shows [Ad 8d] (two pair, Aces and Eights)
ThePorqupine: shows [9s As] (two pair, Aces and Sixes)
reddevils888 collected $7.93 from pot
Dt_Hyde1 leaves the table
*** SUMMARY ***
Total pot $8.27 | Rake $0.34 
Board [Ac 6d 8s 6h 2s]
Seat 1: Nodshure (button) folded before Flop (didn't bet)
Seat 2: ThePorqupine (small blind) showed [9s As] and lost with two pair, Aces and Sixes
Seat 4: mullski326 (big blind) folded on the Turn
Seat 5: victordyfox folded before Flop (didn't bet)
Seat 6: Dorex2007 folded before Flop (didn't bet)
Seat 7: DIMON 1514 folded before Flop (didn't bet)
Seat 8: reddevils888 showed [Ad 8d] and won ($7.93) with two pair, Aces and Eights
Seat 9: DonD13 folded before Flop (didn't bet)



PokerStars Hand #238445845936:  Hold'em No Limit ($0.02/$0.05 USD) - 2022/09/05 19:14:14 PT [2022/09/05 22:14:14 ET]
Table 'Nash' 9-max Seat #2 is the button
Seat 1: Nodshure ($5.26 in chips) 
Seat 2: ThePorqupine ($1.46 in chips) 
Seat 4: mullski326 ($4.83 in chips) 
Seat 5: victordyfox ($3.17 in chips) 
Seat 6: Dorex2007 ($5 in chips) 
Seat 7: DIMON 1514 ($10.31 in chips) 
Seat 8: reddevils888 ($7.93 in chips) 
Seat 9: DonD13 ($3.76 in chips) 
mullski326: posts small blind $0.02
victordyfox: posts big blind $0.05
*** HOLE CARDS ***
Dealt to Dorex2007 [8c 2c]
Dorex2007: folds 
DIMON 1514: folds 
reddevils888: folds 
DonD13: folds 
Nodshure: folds 
ThePorqupine: raises $1.41 to $1.46 and is all-in
mullski326: folds 
Lagosha joins the table at seat #3 
victordyfox: folds 
Uncalled bet ($1.41) returned to ThePorqupine
ThePorqupine collected $0.12 from pot
ThePorqupine: doesn't show hand 
*** SUMMARY ***
Total pot $0.12 | Rake $0 
Seat 1: Nodshure folded before Flop (didn't bet)
Seat 2: ThePorqupine (button) collected ($0.12)
Seat 4: mullski326 (small blind) folded before Flop
Seat 5: victordyfox (big blind) folded before Flop
Seat 6: Dorex2007 folded before Flop (didn't bet)
Seat 7: DIMON 1514 folded before Flop (didn't bet)
Seat 8: reddevils888 folded before Flop (didn't bet)
Seat 9: DonD13 folded before Flop (didn't bet)



PokerStars Hand #238445850434:  Hold'em No Limit ($0.02/$0.05 USD) - 2022/09/05 19:14:38 PT [2022/09/05 22:14:38 ET]
Table 'Nash' 9-max Seat #4 is the button
Seat 1: Nodshure ($5.26 in chips) 
Seat 2: ThePorqupine ($1.53 in chips) 
Seat 4: mullski326 ($4.81 in chips) 
Seat 5: victordyfox ($3.12 in chips) 
Seat 6: Dorex2007 ($5 in chips) 
Seat 7: DIMON 1514 ($10.31 in chips) 
Seat 8: reddevils888 ($7.93 in chips) 
Seat 9: DonD13 ($3.76 in chips) 
victordyfox: posts small blind $0.02
Dorex2007: posts big blind $0.05
Lagosha: sits out 
*** HOLE CARDS ***
Dealt to Dorex2007 [Kh Qs]
DIMON 1514: folds 
reddevils888: folds 
DonD13: folds 
Nodshure: raises $0.10 to $0.15
ThePorqupine: raises $1.38 to $1.53 and is all-in
mullski326: folds 
victordyfox: folds 
Dorex2007: folds 
Nodshure: folds 
Uncalled bet ($1.38) returned to ThePorqupine
ThePorqupine collected $0.37 from pot
ThePorqupine: doesn't show hand 
*** SUMMARY ***
Total pot $0.37 | Rake $0 
Seat 1: Nodshure folded before Flop
Seat 2: ThePorqupine collected ($0.37)
Seat 4: mullski326 (button) folded before Flop (didn't bet)
Seat 5: victordyfox (small blind) folded before Flop
Seat 6: Dorex2007 (big blind) folded before Flop
Seat 7: DIMON 1514 folded before Flop (didn't bet)
Seat 8: reddevils888 folded before Flop (didn't bet)
Seat 9: DonD13 folded before Flop (didn't bet)



PokerStars Hand #238445855675:  Hold'em No Limit ($0.02/$0.05 USD) - 2022/09/05 19:15:07 PT [2022/09/05 22:15:07 ET]
Table 'Nash' 9-max Seat #5 is the button
Seat 1: Nodshure ($5.11 in chips) 
Seat 2: ThePorqupine ($1.75 in chips) 
Seat 4: mullski326 ($4.81 in chips) 
Seat 5: victordyfox ($3.10 in chips) 
Seat 6: Dorex2007 ($5 in chips) 
Seat 7: DIMON 1514 ($10.31 in chips) 
Seat 8: reddevils888 ($7.93 in chips) 
Seat 9: DonD13 ($3.76 in chips) 
Dorex2007: posts small blind $0.02
DIMON 1514: posts big blind $0.05
Lagosha: sits out 
*** HOLE CARDS ***
Dealt to Dorex2007 [Ts 2d]
reddevils888: folds 
DonD13: calls $0.05
Nodshure: folds 
ThePorqupine: folds 
mullski326: raises $4.76 to $4.81 and is all-in
victordyfox: folds 
Dorex2007: folds 
DIMON 1514: folds 
DonD13: folds 
Uncalled bet ($4.76) returned to mullski326
mullski326 collected $0.17 from pot
*** SUMMARY ***
Total pot $0.17 | Rake $0 
Seat 1: Nodshure folded before Flop (didn't bet)
Seat 2: ThePorqupine folded before Flop (didn't bet)
Seat 4: mullski326 collected ($0.17)
Seat 5: victordyfox (button) folded before Flop (didn't bet)
Seat 6: Dorex2007 (small blind) folded before Flop
Seat 7: DIMON 1514 (big blind) folded before Flop
Seat 8: reddevils888 folded before Flop (didn't bet)
Seat 9: DonD13 folded before Flop



PokerStars Hand #238445860424:  Hold'em No Limit ($0.02/$0.05 USD) - 2022/09/05 19:15:32 PT [2022/09/05 22:15:32 ET]
Table 'Nash' 9-max Seat #6 is the button
Seat 1: Nodshure ($5.11 in chips) 
Seat 2: ThePorqupine ($1.75 in chips) 
Seat 4: mullski326 ($4.93 in chips) 
Seat 6: Dorex2007 ($5 in chips) 
Seat 7: DIMON 1514 ($10.26 in chips) 
Seat 8: reddevils888 ($7.93 in chips) 
Seat 9: DonD13 ($3.71 in chips) 
DIMON 1514: posts small blind $0.02
reddevils888: posts big blind $0.05
Lagosha: sits out 
*** HOLE CARDS ***
Dealt to Dorex2007 [Kc 9d]
victordyfox leaves the table
DonD13: folds 
Nodshure: folds 
ThePorqupine: folds 
mullski326: folds 
Dorex2007: folds 
DIMON 1514: folds 
Uncalled bet ($0.03) returned to reddevils888
reddevils888 collected $0.04 from pot
Templar85 joins the table at seat #5 
*** SUMMARY ***
Total pot $0.04 | Rake $0 
Seat 1: Nodshure folded before Flop (didn't bet)
Seat 2: ThePorqupine folded before Flop (didn't bet)
Seat 4: mullski326 folded before Flop (didn't bet)
Seat 6: Dorex2007 (button) folded before Flop (didn't bet)
Seat 7: DIMON 1514 (small blind) folded before Flop
Seat 8: reddevils888 (big blind) collected ($0.04)
Seat 9: DonD13 folded before Flop (didn't bet)



PokerStars Hand #238445863232:  Hold'em No Limit ($0.02/$0.05 USD) - 2022/09/05 19:15:47 PT [2022/09/05 22:15:47 ET]
Table 'Nash' 9-max Seat #7 is the button
Seat 1: Nodshure ($5.11 in chips) 
Seat 2: ThePorqupine ($1.75 in chips) 
Seat 4: mullski326 ($4.93 in chips) 
Seat 5: Templar85 ($5 in chips) 
Seat 6: Dorex2007 ($5 in chips) 
Seat 7: DIMON 1514 ($10.24 in chips) 
Seat 8: reddevils888 ($7.95 in chips) 
Seat 9: DonD13 ($3.71 in chips) 
reddevils888: posts small blind $0.02
DonD13: posts big blind $0.05
Lagosha: sits out 
Templar85 is connected 
Templar85: posts big blind $0.05
*** HOLE CARDS ***
Dealt to Dorex2007 [6s Js]
Nodshure: folds 
ThePorqupine: folds 
mullski326: calls $0.05
Templar85: raises $0.20 to $0.25
Dorex2007: folds 
DIMON 1514: raises $0.62 to $0.87
reddevils888: folds 
DonD13: folds 
mullski326: folds 
Templar85: folds 
Uncalled bet ($0.62) returned to DIMON 1514
DIMON 1514 collected $0.62 from pot
*** SUMMARY ***
Total pot $0.62 | Rake $0 
Seat 1: Nodshure folded before Flop (didn't bet)
Seat 2: ThePorqupine folded before Flop (didn't bet)
Seat 4: mullski326 folded before Flop
Seat 5: Templar85 folded before Flop
Seat 6: Dorex2007 folded before Flop (didn't bet)
Seat 7: DIMON 1514 (button) collected ($0.62)
Seat 8: reddevils888 (small blind) folded before Flop
Seat 9: DonD13 (big blind) folded before Flop



PokerStars Hand #238445868472:  Hold'em No Limit ($0.02/$0.05 USD) - 2022/09/05 19:16:15 PT [2022/09/05 22:16:15 ET]
Table 'Nash' 9-max Seat #8 is the button
Seat 1: Nodshure ($5.11 in chips) 
Seat 2: ThePorqupine ($1.75 in chips) 
Seat 4: mullski326 ($4.88 in chips) 
Seat 5: Templar85 ($5 in chips) 
Seat 6: Dorex2007 ($5 in chips) 
Seat 7: DIMON 1514 ($10.61 in chips) 
Seat 8: reddevils888 ($7.93 in chips) 
Seat 9: DonD13 ($3.66 in chips) 
DonD13: posts small blind $0.02
Nodshure: posts big blind $0.05
Lagosha: sits out 
*** HOLE CARDS ***
Dealt to Dorex2007 [3d 6c]
ThePorqupine: folds 
mullski326: folds 
Templar85: folds 
Dorex2007: folds 
DIMON 1514: raises $0.05 to $0.10
reddevils888: folds 
DonD13: folds 
Nodshure: calls $0.05
*** FLOP *** [5s 8d 5d]
Nodshure: checks 
DIMON 1514: checks 
*** TURN *** [5s 8d 5d] [4c]
Nodshure: checks 
DIMON 1514: checks 
*** RIVER *** [5s 8d 5d 4c] [2c]
Nodshure: bets $0.14
DIMON 1514: folds 
Uncalled bet ($0.14) returned to Nodshure
Nodshure collected $0.21 from pot
*** SUMMARY ***
Total pot $0.22 | Rake $0.01 
Board [5s 8d 5d 4c 2c]
Seat 1: Nodshure (big blind) collected ($0.21)
Seat 2: ThePorqupine folded before Flop (didn't bet)
Seat 4: mullski326 folded before Flop (didn't bet)
Seat 5: Templar85 folded before Flop (didn't bet)
Seat 6: Dorex2007 folded before Flop (didn't bet)
Seat 7: DIMON 1514 folded on the River
Seat 8: reddevils888 (button) folded before Flop (didn't bet)
Seat 9: DonD13 (small blind) folded before Flop



PokerStars Hand #238445874762:  Hold'em No Limit ($0.02/$0.05 USD) - 2022/09/05 19:16:50 PT [2022/09/05 22:16:50 ET]
Table 'Nash' 9-max Seat #9 is the button
Seat 1: Nodshure ($5.22 in chips) 
Seat 2: ThePorqupine ($1.75 in chips) 
Seat 4: mullski326 ($4.88 in chips) 
Seat 5: Templar85 ($5 in chips) 
Seat 6: Dorex2007 ($5 in chips) 
Seat 7: DIMON 1514 ($10.51 in chips) 
Seat 8: reddevils888 ($7.93 in chips) 
Seat 9: DonD13 ($3.64 in chips) 
Nodshure: posts small blind $0.02
ThePorqupine: posts big blind $0.05
Lagosha: sits out 
*** HOLE CARDS ***
Dealt to Dorex2007 [8d 5h]
mullski326: calls $0.05
Templar85: folds 
Dorex2007: folds 
DIMON 1514: calls $0.05
reddevils888: calls $0.05
DonD13: folds 
Nodshure: calls $0.03
ThePorqupine: checks 
*** FLOP *** [Ks Ac 2s]
Nodshure: bets $0.17
ThePorqupine: folds 
mullski326: calls $0.17
DIMON 1514: calls $0.17
reddevils888: folds 
*** TURN *** [Ks Ac 2s] [Tc]
Nodshure: bets $0.50
mullski326: calls $0.50
DIMON 1514: folds 
*** RIVER *** [Ks Ac 2s Tc] [7d]
Nodshure: bets $1.17
mullski326: folds 
Uncalled bet ($1.17) returned to Nodshure
Nodshure collected $1.69 from pot
*** SUMMARY ***
Total pot $1.76 | Rake $0.07 
Board [Ks Ac 2s Tc 7d]
Seat 1: Nodshure (small blind) collected ($1.69)
Seat 2: ThePorqupine (big blind) folded on the Flop
Seat 4: mullski326 folded on the River
Seat 5: Templar85 folded before Flop (didn't bet)
Seat 6: Dorex2007 folded before Flop (didn't bet)
Seat 7: DIMON 1514 folded on the Turn
Seat 8: reddevils888 folded on the Flop
Seat 9: DonD13 (button) folded before Flop (didn't bet)



PokerStars Hand #238445883513:  Hold'em No Limit ($0.02/$0.05 USD) - 2022/09/05 19:17:37 PT [2022/09/05 22:17:37 ET]
Table 'Nash' 9-max Seat #1 is the button
Seat 1: Nodshure ($6.19 in chips) 
Seat 2: ThePorqupine ($1.70 in chips) 
Seat 3: Lagosha ($5 in chips) 
Seat 4: mullski326 ($4.16 in chips) 
Seat 5: Templar85 ($5 in chips) 
Seat 6: Dorex2007 ($5 in chips) 
Seat 7: DIMON 1514 ($10.29 in chips) 
Seat 8: reddevils888 ($7.88 in chips) 
Seat 9: DonD13 ($3.64 in chips) 
ThePorqupine: posts small blind $0.02
Lagosha: posts big blind $0.05
*** HOLE CARDS ***
Dealt to Dorex2007 [6c 6s]
mullski326: folds 
Templar85: folds 
Dorex2007: calls $0.05
DIMON 1514: folds 
reddevils888: folds 
DonD13: folds 
Nodshure: raises $0.15 to $0.20
ThePorqupine: folds 
Lagosha: folds 
Dorex2007: calls $0.15
*** FLOP *** [4c 9h Jc]
Dorex2007: checks 
Nodshure: bets $0.24
Dorex2007: folds 
Uncalled bet ($0.24) returned to Nodshure
Nodshure collected $0.45 from pot
*** SUMMARY ***
Total pot $0.47 | Rake $0.02 
Board [4c 9h Jc]
Seat 1: Nodshure (button) collected ($0.45)
Seat 2: ThePorqupine (small blind) folded before Flop
Seat 3: Lagosha (big blind) folded before Flop
Seat 4: mullski326 folded before Flop (didn't bet)
Seat 5: Templar85 folded before Flop (didn't bet)
Seat 6: Dorex2007 folded on the Flop
Seat 7: DIMON 1514 folded before Flop (didn't bet)
Seat 8: reddevils888 folded before Flop (didn't bet)
Seat 9: DonD13 folded before Flop (didn't bet)



PokerStars Hand #238445891037:  Hold'em No Limit ($0.02/$0.05 USD) - 2022/09/05 19:18:19 PT [2022/09/05 22:18:19 ET]
Table 'Nash' 9-max Seat #2 is the button
Seat 1: Nodshure ($6.44 in chips) 
Seat 2: ThePorqupine ($1.68 in chips) 
Seat 3: Lagosha ($5 in chips) 
Seat 4: mullski326 ($4.16 in chips) 
Seat 5: Templar85 ($5 in chips) 
Seat 6: Dorex2007 ($5 in chips) 
Seat 7: DIMON 1514 ($10.29 in chips) 
Seat 8: reddevils888 ($7.88 in chips) 
Seat 9: DonD13 ($3.64 in chips) 
Lagosha: posts small blind $0.02
mullski326: posts big blind $0.05
*** HOLE CARDS ***
Dealt to Dorex2007 [8h Qh]
Templar85: folds 
Dorex2007: folds 
DIMON 1514: folds 
reddevils888: raises $0.10 to $0.15
DonD13: folds 
Nodshure: folds 
ThePorqupine: raises $1.53 to $1.68 and is all-in
Lagosha: folds 
mullski326: folds 
reddevils888: folds 
Uncalled bet ($1.53) returned to ThePorqupine
ThePorqupine collected $0.37 from pot
ThePorqupine: doesn't show hand 
*** SUMMARY ***
Total pot $0.37 | Rake $0 
Seat 1: Nodshure folded before Flop (didn't bet)
Seat 2: ThePorqupine (button) collected ($0.37)
Seat 3: Lagosha (small blind) folded before Flop
Seat 4: mullski326 (big blind) folded before Flop
Seat 5: Templar85 folded before Flop (didn't bet)
Seat 6: Dorex2007 folded before Flop (didn't bet)
Seat 7: DIMON 1514 folded before Flop (didn't bet)
Seat 8: reddevils888 folded before Flop
Seat 9: DonD13 folded before Flop (didn't bet)



PokerStars Hand #238445898424:  Hold'em No Limit ($0.02/$0.05 USD) - 2022/09/05 19:18:59 PT [2022/09/05 22:18:59 ET]
Table 'Nash' 9-max Seat #3 is the button
Seat 1: Nodshure ($6.44 in chips) 
Seat 2: ThePorqupine ($1.90 in chips) 
Seat 3: Lagosha ($5 in chips) 
Seat 4: mullski326 ($4.11 in chips) 
Seat 5: Templar85 ($5 in chips) 
Seat 6: Dorex2007 ($5 in chips) 
Seat 7: DIMON 1514 ($10.29 in chips) 
Seat 8: reddevils888 ($7.73 in chips) 
Seat 9: DonD13 ($3.64 in chips) 
mullski326: posts small blind $0.02
Templar85: posts big blind $0.05
*** HOLE CARDS ***
Dealt to Dorex2007 [Jc 4c]
Dorex2007: folds 
DIMON 1514: folds 
reddevils888: folds 
DonD13: folds 
Nodshure: folds 
ThePorqupine: folds 
Lagosha: folds 
mullski326: calls $0.03
Templar85: checks 
*** FLOP *** [Ah Jh 9d]
mullski326: checks 
Templar85: bets $0.05
mullski326: calls $0.05
*** TURN *** [Ah Jh 9d] [6h]
mullski326: checks 
Templar85: checks 
*** RIVER *** [Ah Jh 9d 6h] [4s]
mullski326: checks 
Templar85: checks 
*** SHOW DOWN ***
mullski326: shows [8d Qs] (high card Ace)
Templar85: shows [7c Kd] (high card Ace - King kicker)
Templar85 collected $0.19 from pot
*** SUMMARY ***
Total pot $0.20 | Rake $0.01 
Board [Ah Jh 9d 6h 4s]
Seat 1: Nodshure folded before Flop (didn't bet)
Seat 2: ThePorqupine folded before Flop (didn't bet)
Seat 3: Lagosha (button) folded before Flop (didn't bet)
Seat 4: mullski326 (small blind) showed [8d Qs] and lost with high card Ace
Seat 5: Templar85 (big blind) showed [7c Kd] and won ($0.19) with high card Ace
Seat 6: Dorex2007 folded before Flop (didn't bet)
Seat 7: DIMON 1514 folded before Flop (didn't bet)
Seat 8: reddevils888 folded before Flop (didn't bet)
Seat 9: DonD13 folded before Flop (didn't bet)



PokerStars Hand #238445904676:  Hold'em No Limit ($0.02/$0.05 USD) - 2022/09/05 19:19:33 PT [2022/09/05 22:19:33 ET]
Table 'Nash' 9-max Seat #4 is the button
Seat 1: Nodshure ($6.44 in chips) 
Seat 2: ThePorqupine ($1.90 in chips) 
Seat 3: Lagosha ($5 in chips) 
Seat 4: mullski326 ($4.01 in chips) 
Seat 5: Templar85 ($5.09 in chips) 
Seat 6: Dorex2007 ($5 in chips) 
Seat 7: DIMON 1514 ($10.29 in chips) 
Seat 8: reddevils888 ($7.73 in chips) 
Seat 9: DonD13 ($3.64 in chips) 
Templar85: posts small blind $0.02
Dorex2007: posts big blind $0.05
*** HOLE CARDS ***
Dealt to Dorex2007 [Kd Qs]
DIMON 1514: folds 
reddevils888: folds 
DonD13: folds 
Nodshure: folds 
ThePorqupine: raises $0.10 to $0.15
Lagosha: folds 
mullski326: calls $0.15
Templar85: folds 
Dorex2007: calls $0.10
*** FLOP *** [9h 6d Ah]
Dorex2007: checks 
ThePorqupine: bets $0.23
mullski326: folds 
Dorex2007: folds 
Uncalled bet ($0.23) returned to ThePorqupine
ThePorqupine collected $0.45 from pot
ThePorqupine: doesn't show hand 
*** SUMMARY ***
Total pot $0.47 | Rake $0.02 
Board [9h 6d Ah]
Seat 1: Nodshure folded before Flop (didn't bet)
Seat 2: ThePorqupine collected ($0.45)
Seat 3: Lagosha folded before Flop (didn't bet)
Seat 4: mullski326 (button) folded on the Flop
Seat 5: Templar85 (small blind) folded before Flop
Seat 6: Dorex2007 (big blind) folded on the Flop
Seat 7: DIMON 1514 folded before Flop (didn't bet)
Seat 8: reddevils888 folded before Flop (didn't bet)
Seat 9: DonD13 folded before Flop (didn't bet)



PokerStars Hand #238445911054:  Hold'em No Limit ($0.02/$0.05 USD) - 2022/09/05 19:20:09 PT [2022/09/05 22:20:09 ET]
Table 'Nash' 9-max Seat #5 is the button
Seat 1: Nodshure ($6.44 in chips) 
Seat 2: ThePorqupine ($2.20 in chips) 
Seat 3: Lagosha ($5 in chips) 
Seat 4: mullski326 ($3.86 in chips) 
Seat 5: Templar85 ($5.07 in chips) 
Seat 6: Dorex2007 ($5 in chips) 
Seat 7: DIMON 1514 ($10.29 in chips) 
Seat 8: reddevils888 ($7.73 in chips) 
Seat 9: DonD13 ($3.64 in chips) 
Dorex2007: posts small blind $0.02
DIMON 1514: posts big blind $0.05
*** HOLE CARDS ***
Dealt to Dorex2007 [3c 6c]
reddevils888: folds 
DonD13: folds 
Nodshure: folds 
ThePorqupine: folds 
Lagosha: folds 
mullski326: folds 
Templar85: raises $0.07 to $0.12
Dorex2007: folds 
DIMON 1514: calls $0.07
*** FLOP *** [8h 3h Qd]
DIMON 1514: checks 
Templar85: checks 
*** TURN *** [8h 3h Qd] [Ad]
DIMON 1514: checks 
ThePorqupine leaves the table
Templar85: bets $0.17
Dt_Hyde1 joins the table at seat #2 
DIMON 1514: folds 
Uncalled bet ($0.17) returned to Templar85
Templar85 collected $0.25 from pot
Templar85: doesn't show hand 
*** SUMMARY ***
Total pot $0.26 | Rake $0.01 
Board [8h 3h Qd Ad]
Seat 1: Nodshure folded before Flop (didn't bet)
Seat 2: ThePorqupine folded before Flop (didn't bet)
Seat 3: Lagosha folded before Flop (didn't bet)
Seat 4: mullski326 folded before Flop (didn't bet)
Seat 5: Templar85 (button) collected ($0.25)
Seat 6: Dorex2007 (small blind) folded before Flop
Seat 7: DIMON 1514 (big blind) folded on the Turn
Seat 8: reddevils888 folded before Flop (didn't bet)
Seat 9: DonD13 folded before Flop (didn't bet)



PokerStars Hand #238445917119:  Hold'em No Limit ($0.02/$0.05 USD) - 2022/09/05 19:20:42 PT [2022/09/05 22:20:42 ET]
Table 'Nash' 9-max Seat #6 is the button
Seat 1: Nodshure ($6.44 in chips) 
Seat 3: Lagosha ($5 in chips) 
Seat 4: mullski326 ($3.86 in chips) 
Seat 5: Templar85 ($5.20 in chips) 
Seat 6: Dorex2007 ($5 in chips) 
Seat 7: DIMON 1514 ($10.17 in chips) 
Seat 8: reddevils888 ($7.73 in chips) 
Seat 9: DonD13 ($3.64 in chips) 
DIMON 1514: posts small blind $0.02
reddevils888: posts big blind $0.05
Dt_Hyde1: sits out 
*** HOLE CARDS ***
Dealt to Dorex2007 [5c 4s]
DonD13: folds 
Nodshure: folds 
Lagosha: folds 
mullski326: folds 
Templar85: raises $0.07 to $0.12
Dorex2007: folds 
DIMON 1514: calls $0.10
reddevils888: calls $0.07
*** FLOP *** [6s 7s As]
DIMON 1514: checks 
reddevils888: checks 
Templar85: checks 
*** TURN *** [6s 7s As] [Qh]
DIMON 1514: checks 
reddevils888: checks 
Templar85: checks 
*** RIVER *** [6s 7s As Qh] [4h]
DIMON 1514: bets $0.17
reddevils888: folds 
Templar85: folds 
Uncalled bet ($0.17) returned to DIMON 1514
DIMON 1514 collected $0.35 from pot
*** SUMMARY ***
Total pot $0.36 | Rake $0.01 
Board [6s 7s As Qh 4h]
Seat 1: Nodshure folded before Flop (didn't bet)
Seat 3: Lagosha folded before Flop (didn't bet)
Seat 4: mullski326 folded before Flop (didn't bet)
Seat 5: Templar85 folded on the River
Seat 6: Dorex2007 (button) folded before Flop (didn't bet)
Seat 7: DIMON 1514 (small blind) collected ($0.35)
Seat 8: reddevils888 (big blind) folded on the River
Seat 9: DonD13 folded before Flop (didn't bet)



PokerStars Hand #238445939030:  Hold'em No Limit ($0.02/$0.05 USD) - 2022/09/05 19:22:40 PT [2022/09/05 22:22:40 ET]
Table 'Nash' 9-max Seat #8 is the button
Seat 1: Nodshure ($6.44 in chips) 
Seat 3: Lagosha ($5 in chips) 
Seat 4: mullski326 ($3.72 in chips) 
Seat 5: Templar85 ($5.08 in chips) 
Seat 6: Dorex2007 ($5 in chips) 
Seat 7: DIMON 1514 ($10.62 in chips) 
Seat 8: reddevils888 ($7.56 in chips) 
Seat 9: DonD13 ($3.59 in chips) 
DonD13: posts small blind $0.02
Nodshure: posts big blind $0.05
Dt_Hyde1: sits out 
Dorex2007: posts big blind $0.05
*** HOLE CARDS ***
Dealt to Dorex2007 [7c Ac]
Lagosha: folds 
mullski326: calls $0.05
Templar85: folds 
Dorex2007: checks 
DIMON 1514: folds 
reddevils888: calls $0.05
DonD13: calls $0.03
Nodshure: checks 
*** FLOP *** [Qc 8h Js]
DonD13: checks 
Nodshure: checks 
mullski326: checks 
Dorex2007: checks 
reddevils888: checks 
*** TURN *** [Qc 8h Js] [9s]
DonD13: checks 
Nodshure: checks 
mullski326: checks 
Dorex2007: checks 
reddevils888: bets $0.18
DonD13: folds 
Nodshure: folds 
mullski326: folds 
Dorex2007: folds 
Uncalled bet ($0.18) returned to reddevils888
reddevils888 collected $0.24 from pot
*** SUMMARY ***
Total pot $0.25 | Rake $0.01 
Board [Qc 8h Js 9s]
Seat 1: Nodshure (big blind) folded on the Turn
Seat 3: Lagosha folded before Flop (didn't bet)
Seat 4: mullski326 folded on the Turn
Seat 5: Templar85 folded before Flop (didn't bet)
Seat 6: Dorex2007 folded on the Turn (didn't bet)
Seat 7: DIMON 1514 folded before Flop (didn't bet)
Seat 8: reddevils888 (button) collected ($0.24)
Seat 9: DonD13 (small blind) folded on the Turn



PokerStars Hand #238445951629:  Hold'em No Limit ($0.02/$0.05 USD) - 2022/09/05 19:23:49 PT [2022/09/05 22:23:49 ET]
Table 'Nash' 9-max Seat #9 is the button
Seat 1: Nodshure ($6.39 in chips) 
Seat 2: Dt_Hyde1 ($11.25 in chips) 
Seat 3: Lagosha ($5 in chips) 
Seat 4: mullski326 ($3.67 in chips) 
Seat 5: Templar85 ($5.08 in chips) 
Seat 6: Dorex2007 ($5 in chips) 
Seat 7: DIMON 1514 ($10.62 in chips) 
Seat 8: reddevils888 ($7.75 in chips) 
Seat 9: DonD13 ($3.54 in chips) 
Nodshure: posts small blind $0.02
Dt_Hyde1: posts big blind $0.05
*** HOLE CARDS ***
Dealt to Dorex2007 [Kd Qd]
Lagosha: folds 
mullski326: folds 
Templar85: folds 
Dorex2007: raises $0.10 to $0.15
DIMON 1514: folds 
reddevils888: folds 
DonD13: folds 
Nodshure: folds 
Dt_Hyde1: calls $0.10
*** FLOP *** [Qh Th Qc]
Dt_Hyde1: checks 
Dorex2007: bets $0.21
Dt_Hyde1: calls $0.21
*** TURN *** [Qh Th Qc] [6h]
Dt_Hyde1: checks 
Dorex2007: bets $0.71
Dt_Hyde1: folds 
Uncalled bet ($0.71) returned to Dorex2007
Dorex2007 collected $0.71 from pot
Dorex2007: doesn't show hand 
*** SUMMARY ***
Total pot $0.74 | Rake $0.03 
Board [Qh Th Qc 6h]
Seat 1: Nodshure (small blind) folded before Flop
Seat 2: Dt_Hyde1 (big blind) folded on the Turn
Seat 3: Lagosha folded before Flop (didn't bet)
Seat 4: mullski326 folded before Flop (didn't bet)
Seat 5: Templar85 folded before Flop (didn't bet)
Seat 6: Dorex2007 collected ($0.71)
Seat 7: DIMON 1514 folded before Flop (didn't bet)
Seat 8: reddevils888 folded before Flop (didn't bet)
Seat 9: DonD13 (button) folded before Flop (didn't bet)



PokerStars Hand #238445960524:  Hold'em No Limit ($0.02/$0.05 USD) - 2022/09/05 19:24:38 PT [2022/09/05 22:24:38 ET]
Table 'Nash' 9-max Seat #1 is the button
Seat 1: Nodshure ($6.37 in chips) 
Seat 2: Dt_Hyde1 ($10.89 in chips) 
Seat 4: mullski326 ($3.67 in chips) 
Seat 5: Templar85 ($5.08 in chips) 
Seat 6: Dorex2007 ($5.35 in chips) 
Seat 7: DIMON 1514 ($10.62 in chips) 
Seat 8: reddevils888 ($7.75 in chips) 
Seat 9: DonD13 ($3.54 in chips) 
Dt_Hyde1: posts small blind $0.02
Lagosha: is sitting out 
mullski326: posts big blind $0.05
*** HOLE CARDS ***
Dealt to Dorex2007 [Ad Ks]
Templar85: folds 
Dorex2007: raises $0.05 to $0.10
DIMON 1514: calls $0.10
reddevils888: folds 
DonD13: folds 
Lagosha leaves the table
Nodshure: calls $0.10
Dt_Hyde1: folds 
mullski326: calls $0.05
*** FLOP *** [Kh Jd 7s]
gismouck joins the table at seat #3 
mullski326: checks 
Dorex2007: bets $0.20
DIMON 1514: folds 
Nodshure: folds 
mullski326: folds 
Uncalled bet ($0.20) returned to Dorex2007
Dorex2007 collected $0.40 from pot
Dorex2007: doesn't show hand 
*** SUMMARY ***
Total pot $0.42 | Rake $0.02 
Board [Kh Jd 7s]
Seat 1: Nodshure (button) folded on the Flop
Seat 2: Dt_Hyde1 (small blind) folded before Flop
Seat 4: mullski326 (big blind) folded on the Flop
Seat 5: Templar85 folded before Flop (didn't bet)
Seat 6: Dorex2007 collected ($0.40)
Seat 7: DIMON 1514 folded on the Flop
Seat 8: reddevils888 folded before Flop (didn't bet)
Seat 9: DonD13 folded before Flop (didn't bet)



PokerStars Hand #238445968137:  Hold'em No Limit ($0.02/$0.05 USD) - 2022/09/05 19:25:20 PT [2022/09/05 22:25:20 ET]
Table 'Nash' 9-max Seat #2 is the button
Seat 1: Nodshure ($6.27 in chips) 
Seat 2: Dt_Hyde1 ($10.87 in chips) 
Seat 4: mullski326 ($3.57 in chips) 
Seat 5: Templar85 ($5.08 in chips) 
Seat 6: Dorex2007 ($5.65 in chips) 
Seat 7: DIMON 1514 ($10.52 in chips) 
Seat 9: DonD13 ($3.54 in chips) 
mullski326: posts small blind $0.02
Templar85: posts big blind $0.05
*** HOLE CARDS ***
Dealt to Dorex2007 [As 7c]
Dorex2007: folds 
DIMON 1514: folds 
DonD13: folds 
Nodshure: folds 
Dt_Hyde1: raises $0.15 to $0.20
mullski326: raises $3.37 to $3.57 and is all-in
Templar85: folds 
Dt_Hyde1: folds 
Uncalled bet ($3.37) returned to mullski326
mullski326 collected $0.45 from pot
*** SUMMARY ***
Total pot $0.45 | Rake $0 
Seat 1: Nodshure folded before Flop (didn't bet)
Seat 2: Dt_Hyde1 (button) folded before Flop
Seat 4: mullski326 (small blind) collected ($0.45)
Seat 5: Templar85 (big blind) folded before Flop
Seat 6: Dorex2007 folded before Flop (didn't bet)
Seat 7: DIMON 1514 folded before Flop (didn't bet)
Seat 9: DonD13 folded before Flop (didn't bet)



PokerStars Hand #238445972344:  Hold'em No Limit ($0.02/$0.05 USD) - 2022/09/05 19:25:44 PT [2022/09/05 22:25:44 ET]
Table 'Nash' 9-max Seat #4 is the button
Seat 1: Nodshure ($6.27 in chips) 
Seat 2: Dt_Hyde1 ($10.67 in chips) 
Seat 4: mullski326 ($3.82 in chips) 
Seat 5: Templar85 ($5.03 in chips) 
Seat 6: Dorex2007 ($5.65 in chips) 
Seat 7: DIMON 1514 ($10.52 in chips) 
Seat 9: DonD13 ($3.54 in chips) 
Templar85: posts small blind $0.02
Dorex2007: posts big blind $0.05
gismouck: sits out 
*** HOLE CARDS ***
Dealt to Dorex2007 [Kd Jd]
DIMON 1514: folds 
DonD13: folds 
Nodshure: folds 
Dt_Hyde1: folds 
mullski326: folds 
Templar85: folds 
Uncalled bet ($0.03) returned to Dorex2007
Dorex2007 collected $0.04 from pot
Dorex2007: doesn't show hand 
*** SUMMARY ***
Total pot $0.04 | Rake $0 
Seat 1: Nodshure folded before Flop (didn't bet)
Seat 2: Dt_Hyde1 folded before Flop (didn't bet)
Seat 4: mullski326 (button) folded before Flop (didn't bet)
Seat 5: Templar85 (small blind) folded before Flop
Seat 6: Dorex2007 (big blind) collected ($0.04)
Seat 7: DIMON 1514 folded before Flop (didn't bet)
Seat 9: DonD13 folded before Flop (didn't bet)



PokerStars Hand #238445974975:  Hold'em No Limit ($0.02/$0.05 USD) - 2022/09/05 19:25:58 PT [2022/09/05 22:25:58 ET]
Table 'Nash' 9-max Seat #5 is the button
Seat 1: Nodshure ($6.27 in chips) 
Seat 2: Dt_Hyde1 ($10.67 in chips) 
Seat 4: mullski326 ($3.82 in chips) 
Seat 5: Templar85 ($5.01 in chips) 
Seat 6: Dorex2007 ($5.67 in chips) 
Seat 7: DIMON 1514 ($10.52 in chips) 
Seat 9: DonD13 ($3.54 in chips) 
Dorex2007: posts small blind $0.02
DIMON 1514: posts big blind $0.05
gismouck: sits out 
*** HOLE CARDS ***
Dealt to Dorex2007 [5d 8c]
DonD13: calls $0.05
Nodshure: folds 
Dt_Hyde1: folds 
mullski326: folds 
Templar85: folds 
Dorex2007: folds 
DIMON 1514: checks 
*** FLOP *** [3h 9h Ts]
DIMON 1514: checks 
DonD13: bets $0.05
DIMON 1514: folds 
Uncalled bet ($0.05) returned to DonD13
DonD13 collected $0.12 from pot
DonD13: doesn't show hand 
*** SUMMARY ***
Total pot $0.12 | Rake $0 
Board [3h 9h Ts]
Seat 1: Nodshure folded before Flop (didn't bet)
Seat 2: Dt_Hyde1 folded before Flop (didn't bet)
Seat 4: mullski326 folded before Flop (didn't bet)
Seat 5: Templar85 (button) folded before Flop (didn't bet)
Seat 6: Dorex2007 (small blind) folded before Flop
Seat 7: DIMON 1514 (big blind) folded on the Flop
Seat 9: DonD13 collected ($0.12)



PokerStars Hand #238445979164:  Hold'em No Limit ($0.02/$0.05 USD) - 2022/09/05 19:26:22 PT [2022/09/05 22:26:22 ET]
Table 'Nash' 9-max Seat #6 is the button
Seat 1: Nodshure ($6.27 in chips) 
Seat 2: Dt_Hyde1 ($10.67 in chips) 
Seat 4: mullski326 ($3.82 in chips) 
Seat 5: Templar85 ($5.01 in chips) 
Seat 6: Dorex2007 ($5.65 in chips) 
Seat 7: DIMON 1514 ($10.47 in chips) 
Seat 8: reddevils888 ($7.75 in chips) 
Seat 9: DonD13 ($3.61 in chips) 
DIMON 1514: posts small blind $0.02
reddevils888: posts big blind $0.05
gismouck: sits out 
*** HOLE CARDS ***
Dealt to Dorex2007 [3h 6d]
DonD13: folds 
DonD13 leaves the table
Nodshure: raises $0.10 to $0.15
Dt_Hyde1: folds 
mullski326: folds 
Templar85: folds 
Dorex2007: folds 
DIMON 1514: calls $0.13
reddevils888: calls $0.10
*** FLOP *** [Th 5d 7s]
DIMON 1514: checks 
reddevils888: checks 
Nodshure: bets $0.20
DIMON 1514: folds 
reddevils888: folds 
Uncalled bet ($0.20) returned to Nodshure
Nodshure collected $0.43 from pot
*** SUMMARY ***
Total pot $0.45 | Rake $0.02 
Board [Th 5d 7s]
Seat 1: Nodshure collected ($0.43)
Seat 2: Dt_Hyde1 folded before Flop (didn't bet)
Seat 4: mullski326 folded before Flop (didn't bet)
Seat 5: Templar85 folded before Flop (didn't bet)
Seat 6: Dorex2007 (button) folded before Flop (didn't bet)
Seat 7: DIMON 1514 (small blind) folded on the Flop
Seat 8: reddevils888 (big blind) folded on the Flop
Seat 9: DonD13 folded before Flop (didn't bet)



PokerStars Hand #238445986533:  Hold'em No Limit ($0.02/$0.05 USD) - 2022/09/05 19:27:03 PT [2022/09/05 22:27:03 ET]
Table 'Nash' 9-max Seat #7 is the button
Seat 1: Nodshure ($6.55 in chips) 
Seat 2: Dt_Hyde1 ($10.67 in chips) 
Seat 4: mullski326 ($3.82 in chips) 
Seat 5: Templar85 ($5.01 in chips) 
Seat 6: Dorex2007 ($5.65 in chips) 
Seat 7: DIMON 1514 ($10.32 in chips) 
Seat 8: reddevils888 ($7.60 in chips) 
reddevils888: posts small blind $0.02
Nodshure: posts big blind $0.05
gismouck: sits out 
*** HOLE CARDS ***
Dealt to Dorex2007 [Qd 3h]
Dt_Hyde1: folds 
mullski326: folds 
Templar85: folds 
Dorex2007: folds 
DIMON 1514: folds 
reddevils888: raises $0.10 to $0.15
Sr ÁviIa joins the table at seat #9 
Nodshure: calls $0.10
*** FLOP *** [Td Th Jh]
reddevils888: bets $0.20
Nodshure: calls $0.20
*** TURN *** [Td Th Jh] [7h]
reddevils888: bets $0.50
Nodshure: calls $0.50
*** RIVER *** [Td Th Jh 7h] [Kd]
reddevils888: bets $1.40
Nodshure: calls $1.40
*** SHOW DOWN ***
reddevils888: shows [4h Ah] (a flush, Ace high)
Nodshure: mucks hand 
reddevils888 collected $4.31 from pot
*** SUMMARY ***
Total pot $4.50 | Rake $0.19 
Board [Td Th Jh 7h Kd]
Seat 1: Nodshure (big blind) mucked [As Ts]
Seat 2: Dt_Hyde1 folded before Flop (didn't bet)
Seat 4: mullski326 folded before Flop (didn't bet)
Seat 5: Templar85 folded before Flop (didn't bet)
Seat 6: Dorex2007 folded before Flop (didn't bet)
Seat 7: DIMON 1514 (button) folded before Flop (didn't bet)
Seat 8: reddevils888 (small blind) showed [4h Ah] and won ($4.31) with a flush, Ace high



PokerStars Hand #238445996993:  Hold'em No Limit ($0.02/$0.05 USD) - 2022/09/05 19:28:01 PT [2022/09/05 22:28:01 ET]
Table 'Nash' 9-max Seat #8 is the button
Seat 1: Nodshure ($4.30 in chips) 
Seat 2: Dt_Hyde1 ($10.67 in chips) 
Seat 4: mullski326 ($3.82 in chips) 
Seat 5: Templar85 ($5.01 in chips) 
Seat 6: Dorex2007 ($5.65 in chips) 
Seat 7: DIMON 1514 ($10.32 in chips) 
Seat 8: reddevils888 ($9.66 in chips) 
Nodshure: posts small blind $0.02
Dt_Hyde1: posts big blind $0.05
gismouck: sits out 
*** HOLE CARDS ***
Dealt to Dorex2007 [Th 5h]
mullski326: folds 
Templar85: folds 
Dorex2007: folds 
DIMON 1514: folds 
reddevils888: folds 
Nodshure: calls $0.03
Dt_Hyde1: checks 
*** FLOP *** [Jh 7s 9c]
Nodshure: bets $0.07
Dt_Hyde1: calls $0.07
*** TURN *** [Jh 7s 9c] [6h]
Nodshure: bets $0.16
Dt_Hyde1: calls $0.16
*** RIVER *** [Jh 7s 9c 6h] [3h]
Nodshure: bets $0.37
Dt_Hyde1: calls $0.37
*** SHOW DOWN ***
Nodshure: shows [Ah Ac] (a pair of Aces)
Dt_Hyde1: shows [3c 9d] (two pair, Nines and Threes)
Dt_Hyde1 collected $1.25 from pot
*** SUMMARY ***
Total pot $1.30 | Rake $0.05 
Board [Jh 7s 9c 6h 3h]
Seat 1: Nodshure (small blind) showed [Ah Ac] and lost with a pair of Aces
Seat 2: Dt_Hyde1 (big blind) showed [3c 9d] and won ($1.25) with two pair, Nines and Threes
Seat 4: mullski326 folded before Flop (didn't bet)
Seat 5: Templar85 folded before Flop (didn't bet)
Seat 6: Dorex2007 folded before Flop (didn't bet)
Seat 7: DIMON 1514 folded before Flop (didn't bet)
Seat 8: reddevils888 (button) folded before Flop (didn't bet)



PokerStars Hand #238446004198:  Hold'em No Limit ($0.02/$0.05 USD) - 2022/09/05 19:28:41 PT [2022/09/05 22:28:41 ET]
Table 'Nash' 9-max Seat #1 is the button
Seat 1: Nodshure ($3.65 in chips) 
Seat 2: Dt_Hyde1 ($11.27 in chips) 
Seat 3: gismouck ($5 in chips) 
Seat 4: mullski326 ($3.82 in chips) 
Seat 5: Templar85 ($5.01 in chips) 
Seat 6: Dorex2007 ($5.65 in chips) 
Seat 7: DIMON 1514 ($10.32 in chips) 
Seat 8: reddevils888 ($9.66 in chips) 
Seat 9: Sr ÁviIa ($4 in chips) 
Dt_Hyde1: posts small blind $0.02
gismouck: posts big blind $0.05
Sr ÁviIa: posts big blind $0.05
*** HOLE CARDS ***
Dealt to Dorex2007 [9d Kc]
mullski326: folds 
Templar85: folds 
Dorex2007: folds 
DIMON 1514: folds 
reddevils888: folds 
Sr ÁviIa: checks 
Nodshure: calls $0.05
Dt_Hyde1: folds 
gismouck: checks 
*** FLOP *** [Kd 6h 5s]
gismouck: bets $0.13
Sr ÁviIa: folds 
Nodshure: folds 
Uncalled bet ($0.13) returned to gismouck
gismouck collected $0.16 from pot
*** SUMMARY ***
Total pot $0.17 | Rake $0.01 
Board [Kd 6h 5s]
Seat 1: Nodshure (button) folded on the Flop
Seat 2: Dt_Hyde1 (small blind) folded before Flop
Seat 3: gismouck (big blind) collected ($0.16)
Seat 4: mullski326 folded before Flop (didn't bet)
Seat 5: Templar85 folded before Flop (didn't bet)
Seat 6: Dorex2007 folded before Flop (didn't bet)
Seat 7: DIMON 1514 folded before Flop (didn't bet)
Seat 8: reddevils888 folded before Flop (didn't bet)
Seat 9: Sr ÁviIa folded on the Flop (didn't bet)



PokerStars Hand #238446011689:  Hold'em No Limit ($0.02/$0.05 USD) - 2022/09/05 19:29:24 PT [2022/09/05 22:29:24 ET]
Table 'Nash' 9-max Seat #2 is the button
Seat 1: Nodshure ($3.60 in chips) 
Seat 2: Dt_Hyde1 ($11.25 in chips) 
Seat 3: gismouck ($5.11 in chips) 
Seat 4: mullski326 ($3.82 in chips) 
Seat 5: Templar85 ($5.01 in chips) 
Seat 6: Dorex2007 ($5.65 in chips) 
Seat 7: DIMON 1514 ($10.32 in chips) 
Seat 8: reddevils888 ($9.66 in chips) 
Seat 9: Sr ÁviIa ($3.95 in chips) 
gismouck: posts small blind $0.02
mullski326: posts big blind $0.05
*** HOLE CARDS ***
Dealt to Dorex2007 [7s 6s]
Templar85: folds 
Dorex2007: folds 
DIMON 1514: folds 
reddevils888: folds 
Sr ÁviIa: folds 
Nodshure: raises $0.09 to $0.14
Dt_Hyde1: folds 
gismouck: calls $0.12
mullski326: calls $0.09
*** FLOP *** [2h Qc 5c]
gismouck: checks 
mullski326: checks 
Nodshure: checks 
*** TURN *** [2h Qc 5c] [Qs]
gismouck: checks 
mullski326: checks 
Nodshure: checks 
*** RIVER *** [2h Qc 5c Qs] [7d]
gismouck: checks 
mullski326: checks 
Nodshure: checks 
*** SHOW DOWN ***
gismouck: shows [9c Ac] (a pair of Queens)
mullski326: mucks hand 
Nodshure: mucks hand 
gismouck collected $0.40 from pot
*** SUMMARY ***
Total pot $0.42 | Rake $0.02 
Board [2h Qc 5c Qs 7d]
Seat 1: Nodshure mucked [Js Tc]
Seat 2: Dt_Hyde1 (button) folded before Flop (didn't bet)
Seat 3: gismouck (small blind) showed [9c Ac] and won ($0.40) with a pair of Queens
Seat 4: mullski326 (big blind) mucked [9s 4h]
Seat 5: Templar85 folded before Flop (didn't bet)
Seat 6: Dorex2007 folded before Flop (didn't bet)
Seat 7: DIMON 1514 folded before Flop (didn't bet)
Seat 8: reddevils888 folded before Flop (didn't bet)
Seat 9: Sr ÁviIa folded before Flop (didn't bet)



PokerStars Hand #238446024923:  Hold'em No Limit ($0.02/$0.05 USD) - 2022/09/05 19:30:40 PT [2022/09/05 22:30:40 ET]
Table 'Nash' 9-max Seat #3 is the button
Seat 1: Nodshure ($3.46 in chips) 
Seat 2: Dt_Hyde1 ($11.25 in chips) 
Seat 3: gismouck ($5.37 in chips) 
Seat 4: mullski326 ($3.68 in chips) 
Seat 5: Templar85 ($5.01 in chips) 
Seat 6: Dorex2007 ($5.65 in chips) 
Seat 7: DIMON 1514 ($10.32 in chips) 
Seat 8: reddevils888 ($9.66 in chips) 
Seat 9: Sr ÁviIa ($3.95 in chips) 
mullski326: posts small blind $0.02
Templar85: posts big blind $0.05
*** HOLE CARDS ***
Dealt to Dorex2007 [6s Ts]
Dorex2007: folds 
DIMON 1514: folds 
reddevils888: folds 
Sr ÁviIa: folds 
Nodshure: raises $0.10 to $0.15
Dt_Hyde1: raises $0.30 to $0.45
gismouck: folds 
mullski326: folds 
Templar85: folds 
Nodshure: folds 
Uncalled bet ($0.30) returned to Dt_Hyde1
Dt_Hyde1 collected $0.37 from pot
Dt_Hyde1: doesn't show hand 
*** SUMMARY ***
Total pot $0.37 | Rake $0 
Seat 1: Nodshure folded before Flop
Seat 2: Dt_Hyde1 collected ($0.37)
Seat 3: gismouck (button) folded before Flop (didn't bet)
Seat 4: mullski326 (small blind) folded before Flop
Seat 5: Templar85 (big blind) folded before Flop
Seat 6: Dorex2007 folded before Flop (didn't bet)
Seat 7: DIMON 1514 folded before Flop (didn't bet)
Seat 8: reddevils888 folded before Flop (didn't bet)
Seat 9: Sr ÁviIa folded before Flop (didn't bet)



PokerStars Hand #238446030541:  Hold'em No Limit ($0.02/$0.05 USD) - 2022/09/05 19:31:12 PT [2022/09/05 22:31:12 ET]
Table 'Nash' 9-max Seat #4 is the button
Seat 1: Nodshure ($3.31 in chips) 
Seat 2: Dt_Hyde1 ($11.47 in chips) 
Seat 3: gismouck ($5.37 in chips) 
Seat 4: mullski326 ($3.66 in chips) 
Seat 5: Templar85 ($5 in chips) 
Seat 6: Dorex2007 ($5.65 in chips) 
Seat 7: DIMON 1514 ($10.32 in chips) 
Seat 8: reddevils888 ($9.66 in chips) 
Seat 9: Sr ÁviIa ($3.95 in chips) 
Templar85: posts small blind $0.02
Dorex2007: posts big blind $0.05
*** HOLE CARDS ***
Dealt to Dorex2007 [8s As]
DIMON 1514: folds 
reddevils888: folds 
Sr ÁviIa: raises $0.05 to $0.10
Nodshure: folds 
Dt_Hyde1: folds 
gismouck: folds 
mullski326: folds 
Templar85: folds 
Dorex2007: calls $0.05
*** FLOP *** [Qd 5d 9s]
Dorex2007: checks 
Sr ÁviIa: bets $0.10
Dorex2007: folds 
Uncalled bet ($0.10) returned to Sr ÁviIa
Sr ÁviIa collected $0.21 from pot
Sr ÁviIa: doesn't show hand 
*** SUMMARY ***
Total pot $0.22 | Rake $0.01 
Board [Qd 5d 9s]
Seat 1: Nodshure folded before Flop (didn't bet)
Seat 2: Dt_Hyde1 folded before Flop (didn't bet)
Seat 3: gismouck folded before Flop (didn't bet)
Seat 4: mullski326 (button) folded before Flop (didn't bet)
Seat 5: Templar85 (small blind) folded before Flop
Seat 6: Dorex2007 (big blind) folded on the Flop
Seat 7: DIMON 1514 folded before Flop (didn't bet)
Seat 8: reddevils888 folded before Flop (didn't bet)
Seat 9: Sr ÁviIa collected ($0.21)



PokerStars Hand #238446036533:  Hold'em No Limit ($0.02/$0.05 USD) - 2022/09/05 19:31:47 PT [2022/09/05 22:31:47 ET]
Table 'Nash' 9-max Seat #5 is the button
Seat 1: Nodshure ($3.31 in chips) 
Seat 2: Dt_Hyde1 ($11.47 in chips) 
Seat 3: gismouck ($5.37 in chips) 
Seat 4: mullski326 ($3.66 in chips) 
Seat 5: Templar85 ($5 in chips) 
Seat 6: Dorex2007 ($5.55 in chips) 
Seat 7: DIMON 1514 ($10.32 in chips) 
Seat 8: reddevils888 ($9.66 in chips) 
Seat 9: Sr ÁviIa ($4.06 in chips) 
Dorex2007: posts small blind $0.02
DIMON 1514: posts big blind $0.05
*** HOLE CARDS ***
Dealt to Dorex2007 [5h 6h]
reddevils888: folds 
Sr ÁviIa: folds 
Nodshure: folds 
Dt_Hyde1: folds 
gismouck: folds 
mullski326: folds 
Templar85: folds 
Dorex2007: folds 
Uncalled bet ($0.03) returned to DIMON 1514
DIMON 1514 collected $0.04 from pot
*** SUMMARY ***
Total pot $0.04 | Rake $0 
Seat 1: Nodshure folded before Flop (didn't bet)
Seat 2: Dt_Hyde1 folded before Flop (didn't bet)
Seat 3: gismouck folded before Flop (didn't bet)
Seat 4: mullski326 folded before Flop (didn't bet)
Seat 5: Templar85 (button) folded before Flop (didn't bet)
Seat 6: Dorex2007 (small blind) folded before Flop
Seat 7: DIMON 1514 (big blind) collected ($0.04)
Seat 8: reddevils888 folded before Flop (didn't bet)
Seat 9: Sr ÁviIa folded before Flop (didn't bet)



PokerStars Hand #238446039036:  Hold'em No Limit ($0.02/$0.05 USD) - 2022/09/05 19:32:01 PT [2022/09/05 22:32:01 ET]
Table 'Nash' 9-max Seat #6 is the button
Seat 1: Nodshure ($3.31 in chips) 
Seat 2: Dt_Hyde1 ($11.47 in chips) 
Seat 3: gismouck ($5.37 in chips) 
Seat 4: mullski326 ($3.66 in chips) 
Seat 5: Templar85 ($5 in chips) 
Seat 6: Dorex2007 ($5.53 in chips) 
Seat 7: DIMON 1514 ($10.34 in chips) 
Seat 8: reddevils888 ($9.66 in chips) 
Seat 9: Sr ÁviIa ($4.06 in chips) 
DIMON 1514: posts small blind $0.02
reddevils888: posts big blind $0.05
*** HOLE CARDS ***
Dealt to Dorex2007 [Kc Tc]
Sr ÁviIa: folds 
Nodshure: folds 
Dt_Hyde1: folds 
gismouck: folds 
mullski326: folds 
Templar85: folds 
Dorex2007: raises $0.05 to $0.10
DIMON 1514: folds 
reddevils888: folds 
Uncalled bet ($0.05) returned to Dorex2007
Dorex2007 collected $0.12 from pot
Dorex2007: doesn't show hand 
*** SUMMARY ***
Total pot $0.12 | Rake $0 
Seat 1: Nodshure folded before Flop (didn't bet)
Seat 2: Dt_Hyde1 folded before Flop (didn't bet)
Seat 3: gismouck folded before Flop (didn't bet)
Seat 4: mullski326 folded before Flop (didn't bet)
Seat 5: Templar85 folded before Flop (didn't bet)
Seat 6: Dorex2007 (button) collected ($0.12)
Seat 7: DIMON 1514 (small blind) folded before Flop
Seat 8: reddevils888 (big blind) folded before Flop
Seat 9: Sr ÁviIa folded before Flop (didn't bet)



PokerStars Hand #238446045015:  Hold'em No Limit ($0.02/$0.05 USD) - 2022/09/05 19:32:36 PT [2022/09/05 22:32:36 ET]
Table 'Nash' 9-max Seat #7 is the button
Seat 1: Nodshure ($3.31 in chips) 
Seat 2: Dt_Hyde1 ($11.47 in chips) 
Seat 3: gismouck ($5.37 in chips) 
Seat 4: mullski326 ($3.66 in chips) 
Seat 5: Templar85 ($5 in chips) 
Seat 6: Dorex2007 ($5.60 in chips) 
Seat 7: DIMON 1514 ($10.32 in chips) 
Seat 8: reddevils888 ($9.61 in chips) 
Seat 9: Sr ÁviIa ($4.06 in chips) 
reddevils888: posts small blind $0.02
Sr ÁviIa: posts big blind $0.05
*** HOLE CARDS ***
Dealt to Dorex2007 [6c Jh]
Nodshure: folds 
Dt_Hyde1: raises $0.15 to $0.20
gismouck: folds 
mullski326: folds 
Templar85: folds 
Dorex2007: folds 
DIMON 1514: folds 
reddevils888: folds 
Sr ÁviIa: folds 
Uncalled bet ($0.15) returned to Dt_Hyde1
Dt_Hyde1 collected $0.12 from pot
Dt_Hyde1: doesn't show hand 
*** SUMMARY ***
Total pot $0.12 | Rake $0 
Seat 1: Nodshure folded before Flop (didn't bet)
Seat 2: Dt_Hyde1 collected ($0.12)
Seat 3: gismouck folded before Flop (didn't bet)
Seat 4: mullski326 folded before Flop (didn't bet)
Seat 5: Templar85 folded before Flop (didn't bet)
Seat 6: Dorex2007 folded before Flop (didn't bet)
Seat 7: DIMON 1514 (button) folded before Flop (didn't bet)
Seat 8: reddevils888 (small blind) folded before Flop
Seat 9: Sr ÁviIa (big blind) folded before Flop



PokerStars Hand #238446049327:  Hold'em No Limit ($0.02/$0.05 USD) - 2022/09/05 19:33:01 PT [2022/09/05 22:33:01 ET]
Table 'Nash' 9-max Seat #8 is the button
Seat 1: Nodshure ($3.31 in chips) 
Seat 2: Dt_Hyde1 ($11.54 in chips) 
Seat 3: gismouck ($5.37 in chips) 
Seat 4: mullski326 ($3.66 in chips) 
Seat 5: Templar85 ($5 in chips) 
Seat 6: Dorex2007 ($5.60 in chips) 
Seat 7: DIMON 1514 ($10.32 in chips) 
Seat 8: reddevils888 ($9.59 in chips) 
Seat 9: Sr ÁviIa ($4.01 in chips) 
Sr ÁviIa: posts small blind $0.02
Nodshure: posts big blind $0.05
*** HOLE CARDS ***
Dealt to Dorex2007 [2c 7h]
Dt_Hyde1: folds 
gismouck: folds 
mullski326: folds 
Templar85: folds 
Dorex2007: folds 
DIMON 1514: folds 
reddevils888: folds 
Sr ÁviIa: folds 
Uncalled bet ($0.03) returned to Nodshure
Nodshure collected $0.04 from pot
*** SUMMARY ***
Total pot $0.04 | Rake $0 
Seat 1: Nodshure (big blind) collected ($0.04)
Seat 2: Dt_Hyde1 folded before Flop (didn't bet)
Seat 3: gismouck folded before Flop (didn't bet)
Seat 4: mullski326 folded before Flop (didn't bet)
Seat 5: Templar85 folded before Flop (didn't bet)
Seat 6: Dorex2007 folded before Flop (didn't bet)
Seat 7: DIMON 1514 folded before Flop (didn't bet)
Seat 8: reddevils888 (button) folded before Flop (didn't bet)
Seat 9: Sr ÁviIa (small blind) folded before Flop



PokerStars Hand #238446053723:  Hold'em No Limit ($0.02/$0.05 USD) - 2022/09/05 19:33:26 PT [2022/09/05 22:33:26 ET]
Table 'Nash' 9-max Seat #9 is the button
Seat 1: Nodshure ($3.33 in chips) 
Seat 2: Dt_Hyde1 ($11.54 in chips) 
Seat 3: gismouck ($5.37 in chips) 
Seat 4: mullski326 ($3.66 in chips) 
Seat 5: Templar85 ($5 in chips) 
Seat 6: Dorex2007 ($5.60 in chips) 
Seat 7: DIMON 1514 ($10.32 in chips) 
Seat 8: reddevils888 ($9.59 in chips) 
Seat 9: Sr ÁviIa ($3.99 in chips) 
Nodshure: posts small blind $0.02
Dt_Hyde1: posts big blind $0.05
*** HOLE CARDS ***
Dealt to Dorex2007 [Tc Ah]
gismouck: folds 
mullski326: folds 
Templar85: folds 
Dorex2007: raises $0.05 to $0.10
DIMON 1514: folds 
reddevils888: calls $0.10
Sr ÁviIa: folds 
Nodshure: folds 
Dt_Hyde1: calls $0.05
*** FLOP *** [3s 8c 9c]
Dt_Hyde1: checks 
Dorex2007: checks 
reddevils888: checks 
*** TURN *** [3s 8c 9c] [7h]
Dt_Hyde1: checks 
Dorex2007: checks 
reddevils888: checks 
*** RIVER *** [3s 8c 9c 7h] [2c]
Dt_Hyde1: checks 
Dorex2007: bets $0.31
reddevils888: folds 
Dt_Hyde1: folds 
Uncalled bet ($0.31) returned to Dorex2007
Dorex2007 collected $0.31 from pot
Dorex2007: doesn't show hand 
*** SUMMARY ***
Total pot $0.32 | Rake $0.01 
Board [3s 8c 9c 7h 2c]
Seat 1: Nodshure (small blind) folded before Flop
Seat 2: Dt_Hyde1 (big blind) folded on the River
Seat 3: gismouck folded before Flop (didn't bet)
Seat 4: mullski326 folded before Flop (didn't bet)
Seat 5: Templar85 folded before Flop (didn't bet)
Seat 6: Dorex2007 collected ($0.31)
Seat 7: DIMON 1514 folded before Flop (didn't bet)
Seat 8: reddevils888 folded on the River
Seat 9: Sr ÁviIa (button) folded before Flop (didn't bet)



PokerStars Hand #238446063571:  Hold'em No Limit ($0.02/$0.05 USD) - 2022/09/05 19:34:22 PT [2022/09/05 22:34:22 ET]
Table 'Nash' 9-max Seat #1 is the button
Seat 1: Nodshure ($3.31 in chips) 
Seat 2: Dt_Hyde1 ($11.44 in chips) 
Seat 3: gismouck ($5.37 in chips) 
Seat 4: mullski326 ($3.66 in chips) 
Seat 5: Templar85 ($5 in chips) 
Seat 6: Dorex2007 ($5.81 in chips) 
Seat 7: DIMON 1514 ($10.32 in chips) 
Seat 8: reddevils888 ($9.49 in chips) 
Seat 9: Sr ÁviIa ($3.99 in chips) 
Dt_Hyde1: posts small blind $0.02
gismouck: posts big blind $0.05
*** HOLE CARDS ***
Dealt to Dorex2007 [5h Tc]
mullski326: folds 
Templar85: folds 
Dorex2007: folds 
DIMON 1514: folds 
reddevils888: raises $0.10 to $0.15
Sr ÁviIa: folds 
Nodshure: calls $0.15
Dt_Hyde1: folds 
gismouck: folds 
*** FLOP *** [6h Th 9c]
reddevils888: checks 
Nodshure: bets $0.20
reddevils888: calls $0.20
*** TURN *** [6h Th 9c] [2h]
reddevils888: checks 
Nodshure: checks 
*** RIVER *** [6h Th 9c 2h] [Ks]
reddevils888: checks 
Nodshure: checks 
*** SHOW DOWN ***
reddevils888: shows [Ac Js] (high card Ace)
Nodshure: shows [3h 3c] (a pair of Threes)
Nodshure collected $0.74 from pot
*** SUMMARY ***
Total pot $0.77 | Rake $0.03 
Board [6h Th 9c 2h Ks]
Seat 1: Nodshure (button) showed [3h 3c] and won ($0.74) with a pair of Threes
Seat 2: Dt_Hyde1 (small blind) folded before Flop
Seat 3: gismouck (big blind) folded before Flop
Seat 4: mullski326 folded before Flop (didn't bet)
Seat 5: Templar85 folded before Flop (didn't bet)
Seat 6: Dorex2007 folded before Flop (didn't bet)
Seat 7: DIMON 1514 folded before Flop (didn't bet)
Seat 8: reddevils888 showed [Ac Js] and lost with high card Ace
Seat 9: Sr ÁviIa folded before Flop (didn't bet)



PokerStars Hand #238446072938:  Hold'em No Limit ($0.02/$0.05 USD) - 2022/09/05 19:35:17 PT [2022/09/05 22:35:17 ET]
Table 'Nash' 9-max Seat #2 is the button
Seat 1: Nodshure ($3.70 in chips) 
Seat 2: Dt_Hyde1 ($11.42 in chips) 
Seat 3: gismouck ($5.32 in chips) 
Seat 4: mullski326 ($3.66 in chips) 
Seat 5: Templar85 ($5 in chips) 
Seat 6: Dorex2007 ($5.81 in chips) 
Seat 7: DIMON 1514 ($10.32 in chips) 
Seat 8: reddevils888 ($9.14 in chips) 
Seat 9: Sr ÁviIa ($3.99 in chips) 
gismouck: posts small blind $0.02
mullski326: posts big blind $0.05
*** HOLE CARDS ***
Dealt to Dorex2007 [5h 3c]
Templar85: folds 
Dorex2007: folds 
DIMON 1514: folds 
reddevils888: raises $0.05 to $0.10
Sr ÁviIa: folds 
Nodshure: calls $0.10
Dt_Hyde1: calls $0.10
gismouck: folds 
mullski326: calls $0.05
*** FLOP *** [7h 2h Td]
mullski326: checks 
reddevils888: bets $0.20
Nodshure: folds 
Dt_Hyde1: calls $0.20
mullski326: folds 
*** TURN *** [7h 2h Td] [4h]
reddevils888: bets $0.40
Dt_Hyde1: folds 
Uncalled bet ($0.40) returned to reddevils888
reddevils888 collected $0.79 from pot
*** SUMMARY ***
Total pot $0.82 | Rake $0.03 
Board [7h 2h Td 4h]
Seat 1: Nodshure folded on the Flop
Seat 2: Dt_Hyde1 (button) folded on the Turn
Seat 3: gismouck (small blind) folded before Flop
Seat 4: mullski326 (big blind) folded on the Flop
Seat 5: Templar85 folded before Flop (didn't bet)
Seat 6: Dorex2007 folded before Flop (didn't bet)
Seat 7: DIMON 1514 folded before Flop (didn't bet)
Seat 8: reddevils888 collected ($0.79)
Seat 9: Sr ÁviIa folded before Flop (didn't bet)



PokerStars Hand #238446083239:  Hold'em No Limit ($0.02/$0.05 USD) - 2022/09/05 19:36:17 PT [2022/09/05 22:36:17 ET]
Table 'Nash' 9-max Seat #3 is the button
Seat 1: Nodshure ($3.60 in chips) 
Seat 2: Dt_Hyde1 ($11.12 in chips) 
Seat 3: gismouck ($5.30 in chips) 
Seat 4: mullski326 ($3.56 in chips) 
Seat 5: Templar85 ($5 in chips) 
Seat 6: Dorex2007 ($5.81 in chips) 
Seat 7: DIMON 1514 ($10.32 in chips) 
Seat 8: reddevils888 ($9.63 in chips) 
Seat 9: Sr ÁviIa ($3.99 in chips) 
mullski326: posts small blind $0.02
Templar85: posts big blind $0.05
*** HOLE CARDS ***
Dealt to Dorex2007 [9d 5c]
Dorex2007: folds 
DIMON 1514: folds 
reddevils888: folds 
Sr ÁviIa: folds 
Nodshure: raises $0.10 to $0.15
Dt_Hyde1: folds 
gismouck: folds 
mullski326: folds 
Templar85: folds 
Uncalled bet ($0.10) returned to Nodshure
Nodshure collected $0.12 from pot
*** SUMMARY ***
Total pot $0.12 | Rake $0 
Seat 1: Nodshure collected ($0.12)
Seat 2: Dt_Hyde1 folded before Flop (didn't bet)
Seat 3: gismouck (button) folded before Flop (didn't bet)
Seat 4: mullski326 (small blind) folded before Flop
Seat 5: Templar85 (big blind) folded before Flop
Seat 6: Dorex2007 folded before Flop (didn't bet)
Seat 7: DIMON 1514 folded before Flop (didn't bet)
Seat 8: reddevils888 folded before Flop (didn't bet)
Seat 9: Sr ÁviIa folded before Flop (didn't bet)



PokerStars Hand #238446086782:  Hold'em No Limit ($0.02/$0.05 USD) - 2022/09/05 19:36:38 PT [2022/09/05 22:36:38 ET]
Table 'Nash' 9-max Seat #4 is the button
Seat 1: Nodshure ($3.67 in chips) 
Seat 2: Dt_Hyde1 ($11.12 in chips) 
Seat 3: gismouck ($5.30 in chips) 
Seat 4: mullski326 ($3.54 in chips) 
Seat 5: Templar85 ($5 in chips) 
Seat 6: Dorex2007 ($5.81 in chips) 
Seat 7: DIMON 1514 ($10.32 in chips) 
Seat 8: reddevils888 ($9.63 in chips) 
Seat 9: Sr ÁviIa ($3.99 in chips) 
Templar85: posts small blind $0.02
Dorex2007: posts big blind $0.05
*** HOLE CARDS ***
Dealt to Dorex2007 [6d 8h]
DIMON 1514: folds 
reddevils888: raises $0.05 to $0.10
Sr ÁviIa: folds 
Nodshure: calls $0.10
Dt_Hyde1: calls $0.10
gismouck: folds 
mullski326: calls $0.10
Templar85: folds 
Dorex2007: folds 
*** FLOP *** [7d Ks 3h]
reddevils888: bets $0.22
Nodshure: folds 
Dt_Hyde1: folds 
mullski326: folds 
Uncalled bet ($0.22) returned to reddevils888
reddevils888 collected $0.45 from pot
*** SUMMARY ***
Total pot $0.47 | Rake $0.02 
Board [7d Ks 3h]
Seat 1: Nodshure folded on the Flop
Seat 2: Dt_Hyde1 folded on the Flop
Seat 3: gismouck folded before Flop (didn't bet)
Seat 4: mullski326 (button) folded on the Flop
Seat 5: Templar85 (small blind) folded before Flop
Seat 6: Dorex2007 (big blind) folded before Flop
Seat 7: DIMON 1514 folded before Flop (didn't bet)
Seat 8: reddevils888 collected ($0.45)
Seat 9: Sr ÁviIa folded before Flop (didn't bet)



PokerStars Hand #238446096003:  Hold'em No Limit ($0.02/$0.05 USD) - 2022/09/05 19:37:31 PT [2022/09/05 22:37:31 ET]
Table 'Nash' 9-max Seat #5 is the button
Seat 1: Nodshure ($3.57 in chips) 
Seat 2: Dt_Hyde1 ($11.02 in chips) 
Seat 3: gismouck ($5.30 in chips) 
Seat 4: mullski326 ($3.44 in chips) 
Seat 5: Templar85 ($5 in chips) 
Seat 6: Dorex2007 ($5.76 in chips) 
Seat 7: DIMON 1514 ($10.32 in chips) 
Seat 8: reddevils888 ($9.98 in chips) 
Seat 9: Sr ÁviIa ($3.99 in chips) 
Dorex2007: posts small blind $0.02
DIMON 1514: posts big blind $0.05
*** HOLE CARDS ***
Dealt to Dorex2007 [Th 7d]
reddevils888: folds 
Sr ÁviIa: folds 
Nodshure: folds 
Dt_Hyde1 has timed out
Dt_Hyde1: folds 
gismouck: folds 
mullski326: folds 
Templar85: raises $0.07 to $0.12
Dorex2007: folds 
DIMON 1514: folds 
Uncalled bet ($0.07) returned to Templar85
Templar85 collected $0.12 from pot
Templar85: doesn't show hand 
*** SUMMARY ***
Total pot $0.12 | Rake $0 
Seat 1: Nodshure folded before Flop (didn't bet)
Seat 2: Dt_Hyde1 folded before Flop (didn't bet)
Seat 3: gismouck folded before Flop (didn't bet)
Seat 4: mullski326 folded before Flop (didn't bet)
Seat 5: Templar85 (button) collected ($0.12)
Seat 6: Dorex2007 (small blind) folded before Flop
Seat 7: DIMON 1514 (big blind) folded before Flop
Seat 8: reddevils888 folded before Flop (didn't bet)
Seat 9: Sr ÁviIa folded before Flop (didn't bet)



PokerStars Hand #238446101245:  Hold'em No Limit ($0.02/$0.05 USD) - 2022/09/05 19:38:01 PT [2022/09/05 22:38:01 ET]
Table 'Nash' 9-max Seat #6 is the button
Seat 1: Nodshure ($3.57 in chips) 
Seat 3: gismouck ($5.30 in chips) 
Seat 4: mullski326 ($3.44 in chips) 
Seat 5: Templar85 ($5.07 in chips) 
Seat 6: Dorex2007 ($5.74 in chips) 
Seat 7: DIMON 1514 ($10.27 in chips) 
Seat 8: reddevils888 ($9.98 in chips) 
Seat 9: Sr ÁviIa ($3.99 in chips) 
DIMON 1514: posts small blind $0.02
reddevils888: posts big blind $0.05
*** HOLE CARDS ***
Dealt to Dorex2007 [5h 4s]
Sr ÁviIa: folds 
Nodshure: folds 
gismouck: folds 
mullski326: folds 
Templar85: raises $0.07 to $0.12
Dorex2007: folds 
DIMON 1514: folds 
reddevils888: calls $0.07
*** FLOP *** [Js 5s 7d]
reddevils888: checks 
Templar85: bets $0.12
reddevils888: folds 
Uncalled bet ($0.12) returned to Templar85
Templar85 collected $0.25 from pot
Templar85: doesn't show hand 
*** SUMMARY ***
Total pot $0.26 | Rake $0.01 
Board [Js 5s 7d]
Seat 1: Nodshure folded before Flop (didn't bet)
Seat 3: gismouck folded before Flop (didn't bet)
Seat 4: mullski326 folded before Flop (didn't bet)
Seat 5: Templar85 collected ($0.25)
Seat 6: Dorex2007 (button) folded before Flop (didn't bet)
Seat 7: DIMON 1514 (small blind) folded before Flop
Seat 8: reddevils888 (big blind) folded on the Flop
Seat 9: Sr ÁviIa folded before Flop (didn't bet)



PokerStars Hand #238446105425:  Hold'em No Limit ($0.02/$0.05 USD) - 2022/09/05 19:38:26 PT [2022/09/05 22:38:26 ET]
Table 'Nash' 9-max Seat #7 is the button
Seat 1: Nodshure ($3.57 in chips) 
Seat 2: Dt_Hyde1 ($11.02 in chips) 
Seat 3: gismouck ($5.30 in chips) 
Seat 4: mullski326 ($3.44 in chips) 
Seat 5: Templar85 ($5.20 in chips) 
Seat 6: Dorex2007 ($5.74 in chips) 
Seat 7: DIMON 1514 ($10.25 in chips) 
Seat 8: reddevils888 ($9.86 in chips) 
Seat 9: Sr ÁviIa ($3.99 in chips) 
reddevils888: posts small blind $0.02
Sr ÁviIa: posts big blind $0.05
*** HOLE CARDS ***
Dealt to Dorex2007 [Tc Ah]
Nodshure: folds 
Dt_Hyde1: folds 
gismouck: folds 
mullski326: folds 
Templar85: folds 
Dorex2007: raises $0.10 to $0.15
DIMON 1514: folds 
reddevils888: folds 
Sr ÁviIa: folds 
Uncalled bet ($0.10) returned to Dorex2007
Dorex2007 collected $0.12 from pot
Dorex2007: doesn't show hand 
*** SUMMARY ***
Total pot $0.12 | Rake $0 
Seat 1: Nodshure folded before Flop (didn't bet)
Seat 2: Dt_Hyde1 folded before Flop (didn't bet)
Seat 3: gismouck folded before Flop (didn't bet)
Seat 4: mullski326 folded before Flop (didn't bet)
Seat 5: Templar85 folded before Flop (didn't bet)
Seat 6: Dorex2007 collected ($0.12)
Seat 7: DIMON 1514 (button) folded before Flop (didn't bet)
Seat 8: reddevils888 (small blind) folded before Flop
Seat 9: Sr ÁviIa (big blind) folded before Flop



PokerStars Hand #238446108545:  Hold'em No Limit ($0.02/$0.05 USD) - 2022/09/05 19:38:44 PT [2022/09/05 22:38:44 ET]
Table 'Nash' 9-max Seat #8 is the button
Seat 1: Nodshure ($3.57 in chips) 
Seat 2: Dt_Hyde1 ($11.02 in chips) 
Seat 3: gismouck ($5.30 in chips) 
Seat 4: mullski326 ($3.44 in chips) 
Seat 5: Templar85 ($5.20 in chips) 
Seat 6: Dorex2007 ($5.81 in chips) 
Seat 7: DIMON 1514 ($10.25 in chips) 
Seat 8: reddevils888 ($9.84 in chips) 
Seat 9: Sr ÁviIa ($3.94 in chips) 
Sr ÁviIa: posts small blind $0.02
Nodshure: posts big blind $0.05
*** HOLE CARDS ***
Dealt to Dorex2007 [As 2c]
Dt_Hyde1: folds 
gismouck: folds 
mullski326: folds 
Templar85: folds 
Dorex2007: folds 
DIMON 1514: folds 
reddevils888: folds 
Sr ÁviIa: folds 
Uncalled bet ($0.03) returned to Nodshure
Nodshure collected $0.04 from pot
*** SUMMARY ***
Total pot $0.04 | Rake $0 
Seat 1: Nodshure (big blind) collected ($0.04)
Seat 2: Dt_Hyde1 folded before Flop (didn't bet)
Seat 3: gismouck folded before Flop (didn't bet)
Seat 4: mullski326 folded before Flop (didn't bet)
Seat 5: Templar85 folded before Flop (didn't bet)
Seat 6: Dorex2007 folded before Flop (didn't bet)
Seat 7: DIMON 1514 folded before Flop (didn't bet)
Seat 8: reddevils888 (button) folded before Flop (didn't bet)
Seat 9: Sr ÁviIa (small blind) folded before Flop



PokerStars Hand #238446112471:  Hold'em No Limit ($0.02/$0.05 USD) - 2022/09/05 19:39:07 PT [2022/09/05 22:39:07 ET]
Table 'Nash' 9-max Seat #9 is the button
Seat 1: Nodshure ($3.59 in chips) 
Seat 2: Dt_Hyde1 ($11.02 in chips) 
Seat 3: gismouck ($5.30 in chips) 
Seat 4: mullski326 ($3.44 in chips) 
Seat 5: Templar85 ($5.20 in chips) 
Seat 6: Dorex2007 ($5.81 in chips) 
Seat 7: DIMON 1514 ($10.25 in chips) 
Seat 8: reddevils888 ($9.84 in chips) 
Seat 9: Sr ÁviIa ($3.92 in chips) 
Nodshure: posts small blind $0.02
Dt_Hyde1: posts big blind $0.05
*** HOLE CARDS ***
Dealt to Dorex2007 [9c Tc]
gismouck: folds 
mullski326: folds 
Templar85: folds 
Dorex2007: folds 
DIMON 1514: raises $0.05 to $0.10
reddevils888: folds 
Sr ÁviIa: folds 
Nodshure: folds 
Dt_Hyde1: calls $0.05
*** FLOP *** [Qh Th 8d]
Dt_Hyde1: checks 
DIMON 1514: checks 
*** TURN *** [Qh Th 8d] [7d]
Dt_Hyde1: checks 
DIMON 1514: bets $0.10
Dt_Hyde1: folds 
Uncalled bet ($0.10) returned to DIMON 1514
DIMON 1514 collected $0.21 from pot
*** SUMMARY ***
Total pot $0.22 | Rake $0.01 
Board [Qh Th 8d 7d]
Seat 1: Nodshure (small blind) folded before Flop
Seat 2: Dt_Hyde1 (big blind) folded on the Turn
Seat 3: gismouck folded before Flop (didn't bet)
Seat 4: mullski326 folded before Flop (didn't bet)
Seat 5: Templar85 folded before Flop (didn't bet)
Seat 6: Dorex2007 folded before Flop (didn't bet)
Seat 7: DIMON 1514 collected ($0.21)
Seat 8: reddevils888 folded before Flop (didn't bet)
Seat 9: Sr ÁviIa (button) folded before Flop (didn't bet)



PokerStars Hand #238446121318:  Hold'em No Limit ($0.02/$0.05 USD) - 2022/09/05 19:39:59 PT [2022/09/05 22:39:59 ET]
Table 'Nash' 9-max Seat #1 is the button
Seat 1: Nodshure ($3.57 in chips) 
Seat 2: Dt_Hyde1 ($10.92 in chips) 
Seat 3: gismouck ($5.30 in chips) 
Seat 4: mullski326 ($3.44 in chips) 
Seat 5: Templar85 ($5.20 in chips) 
Seat 6: Dorex2007 ($5.81 in chips) 
Seat 7: DIMON 1514 ($10.36 in chips) 
Seat 8: reddevils888 ($9.84 in chips) 
Seat 9: Sr ÁviIa ($3.92 in chips) 
Dt_Hyde1: posts small blind $0.02
gismouck: posts big blind $0.05
*** HOLE CARDS ***
Dealt to Dorex2007 [5c Ah]
mullski326: folds 
Templar85: folds 
Dorex2007: folds 
DIMON 1514: folds 
reddevils888: folds 
Sr ÁviIa: folds 
Nodshure: raises $0.09 to $0.14
Dt_Hyde1: folds 
gismouck: folds 
Uncalled bet ($0.09) returned to Nodshure
Nodshure collected $0.12 from pot
*** SUMMARY ***
Total pot $0.12 | Rake $0 
Seat 1: Nodshure (button) collected ($0.12)
Seat 2: Dt_Hyde1 (small blind) folded before Flop
Seat 3: gismouck (big blind) folded before Flop
Seat 4: mullski326 folded before Flop (didn't bet)
Seat 5: Templar85 folded before Flop (didn't bet)
Seat 6: Dorex2007 folded before Flop (didn't bet)
Seat 7: DIMON 1514 folded before Flop (didn't bet)
Seat 8: reddevils888 folded before Flop (didn't bet)
Seat 9: Sr ÁviIa folded before Flop (didn't bet)



PokerStars Hand #238446125700:  Hold'em No Limit ($0.02/$0.05 USD) - 2022/09/05 19:40:25 PT [2022/09/05 22:40:25 ET]
Table 'Nash' 9-max Seat #2 is the button
Seat 1: Nodshure ($3.64 in chips) 
Seat 2: Dt_Hyde1 ($10.90 in chips) 
Seat 3: gismouck ($5.25 in chips) 
Seat 4: mullski326 ($3.44 in chips) 
Seat 5: Templar85 ($5.20 in chips) 
Seat 6: Dorex2007 ($5.81 in chips) 
Seat 7: DIMON 1514 ($10.36 in chips) 
Seat 8: reddevils888 ($9.84 in chips) 
Seat 9: Sr ÁviIa ($3.92 in chips) 
gismouck: posts small blind $0.02
mullski326: posts big blind $0.05
*** HOLE CARDS ***
Dealt to Dorex2007 [As Tc]
Templar85: folds 
Dorex2007: raises $0.05 to $0.10
DIMON 1514: folds 
reddevils888: folds 
Sr ÁviIa: calls $0.10
Nodshure: calls $0.10
Dt_Hyde1: folds 
gismouck: folds 
mullski326: raises $0.42 to $0.52
Dorex2007: folds 
Sr ÁviIa: folds 
Nodshure: folds 
Uncalled bet ($0.42) returned to mullski326
mullski326 collected $0.42 from pot
*** SUMMARY ***
Total pot $0.42 | Rake $0 
Seat 1: Nodshure folded before Flop
Seat 2: Dt_Hyde1 (button) folded before Flop (didn't bet)
Seat 3: gismouck (small blind) folded before Flop
Seat 4: mullski326 (big blind) collected ($0.42)
Seat 5: Templar85 folded before Flop (didn't bet)
Seat 6: Dorex2007 folded before Flop
Seat 7: DIMON 1514 folded before Flop (didn't bet)
Seat 8: reddevils888 folded before Flop (didn't bet)
Seat 9: Sr ÁviIa folded before Flop



PokerStars Hand #238446135342:  Hold'em No Limit ($0.02/$0.05 USD) - 2022/09/05 19:41:22 PT [2022/09/05 22:41:22 ET]
Table 'Nash' 9-max Seat #3 is the button
Seat 1: Nodshure ($3.54 in chips) 
Seat 2: Dt_Hyde1 ($10.90 in chips) 
Seat 3: gismouck ($5.23 in chips) 
Seat 4: mullski326 ($3.76 in chips) 
Seat 5: Templar85 ($5.20 in chips) 
Seat 6: Dorex2007 ($5.71 in chips) 
Seat 7: DIMON 1514 ($10.36 in chips) 
Seat 8: reddevils888 ($9.84 in chips) 
Seat 9: Sr ÁviIa ($3.82 in chips) 
mullski326: posts small blind $0.02
Templar85: posts big blind $0.05
*** HOLE CARDS ***
Dealt to Dorex2007 [As 5s]
Dorex2007: folds 
DIMON 1514: folds 
reddevils888: raises $0.10 to $0.15
Sr ÁviIa: raises $0.30 to $0.45
Nodshure: folds 
Dt_Hyde1: folds 
gismouck: folds 
mullski326: folds 
Templar85: folds 
reddevils888: calls $0.30
*** FLOP *** [6s 8d 8s]
reddevils888: checks 
Sr ÁviIa: checks 
*** TURN *** [6s 8d 8s] [9d]
reddevils888: bets $0.70
Sr ÁviIa: folds 
Uncalled bet ($0.70) returned to reddevils888
reddevils888 collected $0.93 from pot
*** SUMMARY ***
Total pot $0.97 | Rake $0.04 
Board [6s 8d 8s 9d]
Seat 1: Nodshure folded before Flop (didn't bet)
Seat 2: Dt_Hyde1 folded before Flop (didn't bet)
Seat 3: gismouck (button) folded before Flop (didn't bet)
Seat 4: mullski326 (small blind) folded before Flop
Seat 5: Templar85 (big blind) folded before Flop
Seat 6: Dorex2007 folded before Flop (didn't bet)
Seat 7: DIMON 1514 folded before Flop (didn't bet)
Seat 8: reddevils888 collected ($0.93)
Seat 9: Sr ÁviIa folded on the Turn



PokerStars Hand #238446145322:  Hold'em No Limit ($0.02/$0.05 USD) - 2022/09/05 19:42:22 PT [2022/09/05 22:42:22 ET]
Table 'Nash' 9-max Seat #4 is the button
Seat 1: Nodshure ($3.54 in chips) 
Seat 2: Dt_Hyde1 ($10.90 in chips) 
Seat 3: gismouck ($5.23 in chips) 
Seat 4: mullski326 ($3.74 in chips) 
Seat 5: Templar85 ($5.15 in chips) 
Seat 6: Dorex2007 ($5.71 in chips) 
Seat 7: DIMON 1514 ($10.36 in chips) 
Seat 8: reddevils888 ($10.32 in chips) 
Seat 9: Sr ÁviIa ($3.37 in chips) 
Templar85: posts small blind $0.02
Dorex2007: posts big blind $0.05
*** HOLE CARDS ***
Dealt to Dorex2007 [4s Js]
DIMON 1514: folds 
reddevils888: folds 
Sr ÁviIa: folds 
Nodshure: folds 
Dt_Hyde1: folds 
gismouck: folds 
mullski326: calls $0.05
Templar85: calls $0.03
Dorex2007: checks 
*** FLOP *** [7c 7h As]
Templar85: bets $0.05
Dorex2007: folds 
mullski326: folds 
Uncalled bet ($0.05) returned to Templar85
Templar85 collected $0.14 from pot
Templar85: doesn't show hand 
*** SUMMARY ***
Total pot $0.15 | Rake $0.01 
Board [7c 7h As]
Seat 1: Nodshure folded before Flop (didn't bet)
Seat 2: Dt_Hyde1 folded before Flop (didn't bet)
Seat 3: gismouck folded before Flop (didn't bet)
Seat 4: mullski326 (button) folded on the Flop
Seat 5: Templar85 (small blind) collected ($0.14)
Seat 6: Dorex2007 (big blind) folded on the Flop
Seat 7: DIMON 1514 folded before Flop (didn't bet)
Seat 8: reddevils888 folded before Flop (didn't bet)
Seat 9: Sr ÁviIa folded before Flop (didn't bet)



PokerStars Hand #238446151633:  Hold'em No Limit ($0.02/$0.05 USD) - 2022/09/05 19:42:59 PT [2022/09/05 22:42:59 ET]
Table 'Nash' 9-max Seat #5 is the button
Seat 1: Nodshure ($3.54 in chips) 
Seat 2: Dt_Hyde1 ($10.90 in chips) 
Seat 3: gismouck ($5.23 in chips) 
Seat 4: mullski326 ($3.69 in chips) 
Seat 5: Templar85 ($5.24 in chips) 
Seat 6: Dorex2007 ($5.66 in chips) 
Seat 7: DIMON 1514 ($10.36 in chips) 
Seat 8: reddevils888 ($10.32 in chips) 
Seat 9: Sr ÁviIa ($3.37 in chips) 
Dorex2007: posts small blind $0.02
DIMON 1514: posts big blind $0.05
*** HOLE CARDS ***
Dealt to Dorex2007 [9s 8c]
reddevils888: folds 
Sr ÁviIa: folds 
Nodshure: folds 
Dt_Hyde1: folds 
gismouck: raises $0.10 to $0.15
mullski326: folds 
Templar85: folds 
Dorex2007: folds 
DIMON 1514: calls $0.10
*** FLOP *** [Qd 2h Ad]
DIMON 1514: checks 
gismouck: checks 
*** TURN *** [Qd 2h Ad] [Qc]
DIMON 1514: checks 
gismouck: checks 
*** RIVER *** [Qd 2h Ad Qc] [5s]
DIMON 1514: bets $0.15
gismouck: calls $0.15
*** SHOW DOWN ***
DIMON 1514: shows [Ac Ks] (two pair, Aces and Queens)
gismouck: mucks hand 
DIMON 1514 collected $0.59 from pot
*** SUMMARY ***
Total pot $0.62 | Rake $0.03 
Board [Qd 2h Ad Qc 5s]
Seat 1: Nodshure folded before Flop (didn't bet)
Seat 2: Dt_Hyde1 folded before Flop (didn't bet)
Seat 3: gismouck mucked [Tc Th]
Seat 4: mullski326 folded before Flop (didn't bet)
Seat 5: Templar85 (button) folded before Flop (didn't bet)
Seat 6: Dorex2007 (small blind) folded before Flop
Seat 7: DIMON 1514 (big blind) showed [Ac Ks] and won ($0.59) with two pair, Aces and Queens
Seat 8: reddevils888 folded before Flop (didn't bet)
Seat 9: Sr ÁviIa folded before Flop (didn't bet)



PokerStars Hand #238446160393:  Hold'em No Limit ($0.02/$0.05 USD) - 2022/09/05 19:43:51 PT [2022/09/05 22:43:51 ET]
Table 'Nash' 9-max Seat #6 is the button
Seat 1: Nodshure ($3.54 in chips) 
Seat 2: Dt_Hyde1 ($10.90 in chips) 
Seat 3: gismouck ($5 in chips) 
Seat 4: mullski326 ($3.69 in chips) 
Seat 5: Templar85 ($5.24 in chips) 
Seat 6: Dorex2007 ($5.64 in chips) 
Seat 7: DIMON 1514 ($10.65 in chips) 
Seat 8: reddevils888 ($10.32 in chips) 
Seat 9: Sr ÁviIa ($3.37 in chips) 
DIMON 1514: posts small blind $0.02
reddevils888: posts big blind $0.05
*** HOLE CARDS ***
Dealt to Dorex2007 [9s Qh]
Sr ÁviIa: folds 
Nodshure: folds 
Dt_Hyde1: folds 
gismouck: folds 
mullski326: folds 
Templar85: folds 
Dorex2007: folds 
DIMON 1514: folds 
Uncalled bet ($0.03) returned to reddevils888
reddevils888 collected $0.04 from pot
*** SUMMARY ***
Total pot $0.04 | Rake $0 
Seat 1: Nodshure folded before Flop (didn't bet)
Seat 2: Dt_Hyde1 folded before Flop (didn't bet)
Seat 3: gismouck folded before Flop (didn't bet)
Seat 4: mullski326 folded before Flop (didn't bet)
Seat 5: Templar85 folded before Flop (didn't bet)
Seat 6: Dorex2007 (button) folded before Flop (didn't bet)
Seat 7: DIMON 1514 (small blind) folded before Flop
Seat 8: reddevils888 (big blind) collected ($0.04)
Seat 9: Sr ÁviIa folded before Flop (didn't bet)



PokerStars Hand #238446164898:  Hold'em No Limit ($0.02/$0.05 USD) - 2022/09/05 19:44:18 PT [2022/09/05 22:44:18 ET]
Table 'Nash' 9-max Seat #7 is the button
Seat 1: Nodshure ($3.54 in chips) 
Seat 2: Dt_Hyde1 ($10.90 in chips) 
Seat 3: gismouck ($5 in chips) 
Seat 4: mullski326 ($3.69 in chips) 
Seat 5: Templar85 ($5.24 in chips) 
Seat 6: Dorex2007 ($5.64 in chips) 
Seat 7: DIMON 1514 ($10.63 in chips) 
Seat 8: reddevils888 ($10.34 in chips) 
Seat 9: Sr ÁviIa ($3.37 in chips) 
reddevils888: posts small blind $0.02
Sr ÁviIa: posts big blind $0.05
*** HOLE CARDS ***
Dealt to Dorex2007 [8h 2d]
Nodshure: folds 
Dt_Hyde1: folds 
gismouck: folds 
mullski326: folds 
Templar85: raises $0.07 to $0.12
Dorex2007: folds 
DIMON 1514: calls $0.12
reddevils888: folds 
Sr ÁviIa: folds 
*** FLOP *** [Qc 4d 9c]
Templar85: bets $0.20
DIMON 1514: folds 
Uncalled bet ($0.20) returned to Templar85
Templar85 collected $0.30 from pot
Templar85: doesn't show hand 
*** SUMMARY ***
Total pot $0.31 | Rake $0.01 
Board [Qc 4d 9c]
Seat 1: Nodshure folded before Flop (didn't bet)
Seat 2: Dt_Hyde1 folded before Flop (didn't bet)
Seat 3: gismouck folded before Flop (didn't bet)
Seat 4: mullski326 folded before Flop (didn't bet)
Seat 5: Templar85 collected ($0.30)
Seat 6: Dorex2007 folded before Flop (didn't bet)
Seat 7: DIMON 1514 (button) folded on the Flop
Seat 8: reddevils888 (small blind) folded before Flop
Seat 9: Sr ÁviIa (big blind) folded before Flop



PokerStars Hand #238446169064:  Hold'em No Limit ($0.02/$0.05 USD) - 2022/09/05 19:44:44 PT [2022/09/05 22:44:44 ET]
Table 'Nash' 9-max Seat #8 is the button
Seat 1: Nodshure ($3.54 in chips) 
Seat 2: Dt_Hyde1 ($10.90 in chips) 
Seat 3: gismouck ($5 in chips) 
Seat 4: mullski326 ($3.69 in chips) 
Seat 5: Templar85 ($5.42 in chips) 
Seat 6: Dorex2007 ($5.64 in chips) 
Seat 7: DIMON 1514 ($10.51 in chips) 
Seat 8: reddevils888 ($10.32 in chips) 
Seat 9: Sr ÁviIa ($3.32 in chips) 
Sr ÁviIa: posts small blind $0.02
Nodshure: posts big blind $0.05
*** HOLE CARDS ***
Dealt to Dorex2007 [Kd 6c]
Dt_Hyde1: folds 
gismouck: folds 
mullski326: folds 
Templar85: folds 
Dorex2007: folds 
DIMON 1514: folds 
reddevils888: folds 
Sr ÁviIa: folds 
Uncalled bet ($0.03) returned to Nodshure
Nodshure collected $0.04 from pot
*** SUMMARY ***
Total pot $0.04 | Rake $0 
Seat 1: Nodshure (big blind) collected ($0.04)
Seat 2: Dt_Hyde1 folded before Flop (didn't bet)
Seat 3: gismouck folded before Flop (didn't bet)
Seat 4: mullski326 folded before Flop (didn't bet)
Seat 5: Templar85 folded before Flop (didn't bet)
Seat 6: Dorex2007 folded before Flop (didn't bet)
Seat 7: DIMON 1514 folded before Flop (didn't bet)
Seat 8: reddevils888 (button) folded before Flop (didn't bet)
Seat 9: Sr ÁviIa (small blind) folded before Flop



PokerStars Hand #238446171820:  Hold'em No Limit ($0.02/$0.05 USD) - 2022/09/05 19:45:01 PT [2022/09/05 22:45:01 ET]
Table 'Nash' 9-max Seat #9 is the button
Seat 1: Nodshure ($3.56 in chips) 
Seat 2: Dt_Hyde1 ($10.90 in chips) 
Seat 3: gismouck ($5 in chips) 
Seat 4: mullski326 ($3.69 in chips) 
Seat 5: Templar85 ($5.42 in chips) 
Seat 6: Dorex2007 ($5.64 in chips) 
Seat 7: DIMON 1514 ($10.51 in chips) 
Seat 8: reddevils888 ($10.32 in chips) 
Seat 9: Sr ÁviIa ($3.30 in chips) 
Nodshure: posts small blind $0.02
Dt_Hyde1: posts big blind $0.05
*** HOLE CARDS ***
Dealt to Dorex2007 [Jh 5c]
gismouck: folds 
mullski326: calls $0.05
Templar85: folds 
Dorex2007: folds 
DIMON 1514: folds 
reddevils888: calls $0.05
Sr ÁviIa: folds 
Nodshure: folds 
Dt_Hyde1: checks 
*** FLOP *** [8s 2h 5h]
Dt_Hyde1: checks 
mullski326: bets $0.16
reddevils888: calls $0.16
Dt_Hyde1: folds 
*** TURN *** [8s 2h 5h] [8c]
mullski326: bets $0.23
reddevils888: calls $0.23
*** RIVER *** [8s 2h 5h 8c] [Qd]
mullski326: bets $0.91
reddevils888: calls $0.91
*** SHOW DOWN ***
mullski326: shows [Ad 8d] (three of a kind, Eights)
reddevils888: mucks hand 
mullski326 collected $2.66 from pot
*** SUMMARY ***
Total pot $2.77 | Rake $0.11 
Board [8s 2h 5h 8c Qd]
Seat 1: Nodshure (small blind) folded before Flop
Seat 2: Dt_Hyde1 (big blind) folded on the Flop
Seat 3: gismouck folded before Flop (didn't bet)
Seat 4: mullski326 showed [Ad 8d] and won ($2.66) with three of a kind, Eights
Seat 5: Templar85 folded before Flop (didn't bet)
Seat 6: Dorex2007 folded before Flop (didn't bet)
Seat 7: DIMON 1514 folded before Flop (didn't bet)
Seat 8: reddevils888 mucked [8h 6h]
Seat 9: Sr ÁviIa (button) folded before Flop (didn't bet)



PokerStars Hand #238446179884:  Hold'em No Limit ($0.02/$0.05 USD) - 2022/09/05 19:45:50 PT [2022/09/05 22:45:50 ET]
Table 'Nash' 9-max Seat #1 is the button
Seat 1: Nodshure ($3.54 in chips) 
Seat 2: Dt_Hyde1 ($10.85 in chips) 
Seat 3: gismouck ($5 in chips) 
Seat 4: mullski326 ($5 in chips) 
Seat 5: Templar85 ($5.42 in chips) 
Seat 6: Dorex2007 ($5.64 in chips) 
Seat 7: DIMON 1514 ($10.51 in chips) 
Seat 8: reddevils888 ($8.97 in chips) 
Seat 9: Sr ÁviIa ($3.30 in chips) 
Dt_Hyde1: posts small blind $0.02
gismouck: posts big blind $0.05
*** HOLE CARDS ***
Dealt to Dorex2007 [Kd Jc]
mullski326: calls $0.05
Templar85: folds 
Dorex2007: folds 
DIMON 1514: folds 
reddevils888: raises $0.10 to $0.15
Sr ÁviIa: folds 
Nodshure: folds 
Dt_Hyde1: folds 
gismouck: folds 
mullski326: calls $0.10
*** FLOP *** [Kc 7h 7s]
mullski326: checks 
reddevils888: checks 
*** TURN *** [Kc 7h 7s] [8c]
mullski326: checks 
reddevils888: bets $0.17
mullski326: folds 
Uncalled bet ($0.17) returned to reddevils888
reddevils888 collected $0.35 from pot
*** SUMMARY ***
Total pot $0.37 | Rake $0.02 
Board [Kc 7h 7s 8c]
Seat 1: Nodshure (button) folded before Flop (didn't bet)
Seat 2: Dt_Hyde1 (small blind) folded before Flop
Seat 3: gismouck (big blind) folded before Flop
Seat 4: mullski326 folded on the Turn
Seat 5: Templar85 folded before Flop (didn't bet)
Seat 6: Dorex2007 folded before Flop (didn't bet)
Seat 7: DIMON 1514 folded before Flop (didn't bet)
Seat 8: reddevils888 collected ($0.35)
Seat 9: Sr ÁviIa folded before Flop (didn't bet)



PokerStars Hand #238446187812:  Hold'em No Limit ($0.02/$0.05 USD) - 2022/09/05 19:46:38 PT [2022/09/05 22:46:38 ET]
Table 'Nash' 9-max Seat #2 is the button
Seat 1: Nodshure ($3.54 in chips) 
Seat 2: Dt_Hyde1 ($10.83 in chips) 
Seat 3: gismouck ($5 in chips) 
Seat 4: mullski326 ($4.85 in chips) 
Seat 5: Templar85 ($5.42 in chips) 
Seat 6: Dorex2007 ($5.64 in chips) 
Seat 7: DIMON 1514 ($10.51 in chips) 
Seat 8: reddevils888 ($9.17 in chips) 
Seat 9: Sr ÁviIa ($3.30 in chips) 
gismouck: posts small blind $0.02
mullski326: posts big blind $0.05
*** HOLE CARDS ***
Dealt to Dorex2007 [9h 7d]
Templar85: raises $0.10 to $0.15
Dorex2007: folds 
DIMON 1514: folds 
reddevils888: folds 
Sr ÁviIa: folds 
Nodshure: calls $0.15
Dt_Hyde1: folds 
gismouck: folds 
mullski326: folds 
*** FLOP *** [2c 4c Jd]
Templar85: bets $0.17
Nodshure: calls $0.17
*** TURN *** [2c 4c Jd] [6c]
Templar85: checks 
Nodshure: bets $0.30
Templar85: folds 
Uncalled bet ($0.30) returned to Nodshure
Nodshure collected $0.68 from pot
*** SUMMARY ***
Total pot $0.71 | Rake $0.03 
Board [2c 4c Jd 6c]
Seat 1: Nodshure collected ($0.68)
Seat 2: Dt_Hyde1 (button) folded before Flop (didn't bet)
Seat 3: gismouck (small blind) folded before Flop
Seat 4: mullski326 (big blind) folded before Flop
Seat 5: Templar85 folded on the Turn
Seat 6: Dorex2007 folded before Flop (didn't bet)
Seat 7: DIMON 1514 folded before Flop (didn't bet)
Seat 8: reddevils888 folded before Flop (didn't bet)
Seat 9: Sr ÁviIa folded before Flop (didn't bet)



PokerStars Hand #238446194309:  Hold'em No Limit ($0.02/$0.05 USD) - 2022/09/05 19:47:18 PT [2022/09/05 22:47:18 ET]
Table 'Nash' 9-max Seat #3 is the button
Seat 1: Nodshure ($3.90 in chips) 
Seat 2: Dt_Hyde1 ($10.83 in chips) 
Seat 3: gismouck ($5 in chips) 
Seat 4: mullski326 ($4.80 in chips) 
Seat 6: Dorex2007 ($5.64 in chips) 
Seat 7: DIMON 1514 ($10.51 in chips) 
Seat 8: reddevils888 ($9.17 in chips) 
Seat 9: Sr ÁviIa ($3.30 in chips) 
mullski326: posts small blind $0.02
Templar85: is sitting out 
Dorex2007: posts big blind $0.05
*** HOLE CARDS ***
Dealt to Dorex2007 [6h 2h]
Templar85 leaves the table
DIMON 1514: folds 
reddevils888: folds 
Sr ÁviIa: folds 
Nodshure: folds 
Dt_Hyde1: folds 
gismouck: raises $0.10 to $0.15
mullski326: folds 
Dorex2007: folds 
Uncalled bet ($0.10) returned to gismouck
gismouck collected $0.12 from pot
*** SUMMARY ***
Total pot $0.12 | Rake $0 
Seat 1: Nodshure folded before Flop (didn't bet)
Seat 2: Dt_Hyde1 folded before Flop (didn't bet)
Seat 3: gismouck (button) collected ($0.12)
Seat 4: mullski326 (small blind) folded before Flop
Seat 6: Dorex2007 (big blind) folded before Flop
Seat 7: DIMON 1514 folded before Flop (didn't bet)
Seat 8: reddevils888 folded before Flop (didn't bet)
Seat 9: Sr ÁviIa folded before Flop (didn't bet)



PokerStars Hand #238446198737:  Hold'em No Limit ($0.02/$0.05 USD) - 2022/09/05 19:47:45 PT [2022/09/05 22:47:45 ET]
Table 'Nash' 9-max Seat #4 is the button
Seat 1: Nodshure ($3.90 in chips) 
Seat 2: Dt_Hyde1 ($10.83 in chips) 
Seat 3: gismouck ($5.07 in chips) 
Seat 4: mullski326 ($4.78 in chips) 
Seat 6: Dorex2007 ($5.59 in chips) 
Seat 7: DIMON 1514 ($10.51 in chips) 
Seat 8: reddevils888 ($9.17 in chips) 
Seat 9: Sr ÁviIa ($3.30 in chips) 
Dorex2007: posts small blind $0.02
DIMON 1514: posts big blind $0.05
*** HOLE CARDS ***
Dealt to Dorex2007 [8h Th]
reddevils888: raises $0.12 to $0.17
Sr ÁviIa: folds 
Nodshure: folds 
Dt_Hyde1: folds 
gismouck: folds 
mullski326: folds 
Dorex2007: folds 
DIMON 1514: folds 
Uncalled bet ($0.12) returned to reddevils888
reddevils888 collected $0.12 from pot
*** SUMMARY ***
Total pot $0.12 | Rake $0 
Seat 1: Nodshure folded before Flop (didn't bet)
Seat 2: Dt_Hyde1 folded before Flop (didn't bet)
Seat 3: gismouck folded before Flop (didn't bet)
Seat 4: mullski326 (button) folded before Flop (didn't bet)
Seat 6: Dorex2007 (small blind) folded before Flop
Seat 7: DIMON 1514 (big blind) folded before Flop
Seat 8: reddevils888 collected ($0.12)
Seat 9: Sr ÁviIa folded before Flop (didn't bet)



PokerStars Hand #238446203041:  Hold'em No Limit ($0.02/$0.05 USD) - 2022/09/05 19:48:11 PT [2022/09/05 22:48:11 ET]
Table 'Nash' 9-max Seat #6 is the button
Seat 1: Nodshure ($3.90 in chips) 
Seat 2: Dt_Hyde1 ($10.83 in chips) 
Seat 3: gismouck ($5.07 in chips) 
Seat 4: mullski326 ($4.78 in chips) 
Seat 6: Dorex2007 ($5.57 in chips) 
Seat 7: DIMON 1514 ($10.46 in chips) 
Seat 8: reddevils888 ($9.24 in chips) 
Seat 9: Sr ÁviIa ($3.30 in chips) 
DIMON 1514: posts small blind $0.02
reddevils888: posts big blind $0.05
*** HOLE CARDS ***
Dealt to Dorex2007 [5s 3d]
Sr ÁviIa: folds 
Nodshure: folds 
Dt_Hyde1: raises $0.15 to $0.20
gismouck: folds 
mullski326: folds 
Dorex2007: folds 
DIMON 1514: folds 
reddevils888: folds 
Uncalled bet ($0.15) returned to Dt_Hyde1
Dt_Hyde1 collected $0.12 from pot
Dt_Hyde1: doesn't show hand 
budlite53 joins the table at seat #5 
*** SUMMARY ***
Total pot $0.12 | Rake $0 
Seat 1: Nodshure folded before Flop (didn't bet)
Seat 2: Dt_Hyde1 collected ($0.12)
Seat 3: gismouck folded before Flop (didn't bet)
Seat 4: mullski326 folded before Flop (didn't bet)
Seat 6: Dorex2007 (button) folded before Flop (didn't bet)
Seat 7: DIMON 1514 (small blind) folded before Flop
Seat 8: reddevils888 (big blind) folded before Flop
Seat 9: Sr ÁviIa folded before Flop (didn't bet)



PokerStars Hand #238446205996:  Hold'em No Limit ($0.02/$0.05 USD) - 2022/09/05 19:48:29 PT [2022/09/05 22:48:29 ET]
Table 'Nash' 9-max Seat #7 is the button
Seat 1: Nodshure ($3.90 in chips) 
Seat 2: Dt_Hyde1 ($10.90 in chips) 
Seat 3: gismouck ($5.07 in chips) 
Seat 4: mullski326 ($4.78 in chips) 
Seat 6: Dorex2007 ($5.57 in chips) 
Seat 7: DIMON 1514 ($10.44 in chips) 
Seat 8: reddevils888 ($9.19 in chips) 
Seat 9: Sr ÁviIa ($3.30 in chips) 
reddevils888: posts small blind $0.02
Sr ÁviIa: posts big blind $0.05
budlite53 is connected 
budlite53: sits out 
*** HOLE CARDS ***
Dealt to Dorex2007 [Th 8c]
Nodshure: folds 
Dt_Hyde1: folds 
gismouck: folds 
mullski326: folds 
Dorex2007: folds 
DIMON 1514: folds 
reddevils888: raises $0.10 to $0.15
Sr ÁviIa: folds 
Uncalled bet ($0.10) returned to reddevils888
reddevils888 collected $0.10 from pot
*** SUMMARY ***
Total pot $0.10 | Rake $0 
Seat 1: Nodshure folded before Flop (didn't bet)
Seat 2: Dt_Hyde1 folded before Flop (didn't bet)
Seat 3: gismouck folded before Flop (didn't bet)
Seat 4: mullski326 folded before Flop (didn't bet)
Seat 6: Dorex2007 folded before Flop (didn't bet)
Seat 7: DIMON 1514 (button) folded before Flop (didn't bet)
Seat 8: reddevils888 (small blind) collected ($0.10)
Seat 9: Sr ÁviIa (big blind) folded before Flop



PokerStars Hand #238446208760:  Hold'em No Limit ($0.02/$0.05 USD) - 2022/09/05 19:48:47 PT [2022/09/05 22:48:47 ET]
Table 'Nash' 9-max Seat #8 is the button
Seat 1: Nodshure ($3.90 in chips) 
Seat 2: Dt_Hyde1 ($10.90 in chips) 
Seat 3: gismouck ($5.07 in chips) 
Seat 4: mullski326 ($4.78 in chips) 
Seat 6: Dorex2007 ($5.57 in chips) 
Seat 7: DIMON 1514 ($10.44 in chips) 
Seat 8: reddevils888 ($9.24 in chips) 
Seat 9: Sr ÁviIa ($3.25 in chips) 
Sr ÁviIa: posts small blind $0.02
Nodshure: posts big blind $0.05
budlite53: sits out 
*** HOLE CARDS ***
Dealt to Dorex2007 [7s 4h]
Dt_Hyde1: folds 
gismouck: folds 
mullski326: folds 
Dorex2007: folds 
DIMON 1514: folds 
reddevils888: raises $0.12 to $0.17
Sr ÁviIa: folds 
Nodshure: folds 
Uncalled bet ($0.12) returned to reddevils888
reddevils888 collected $0.12 from pot
*** SUMMARY ***
Total pot $0.12 | Rake $0 
Seat 1: Nodshure (big blind) folded before Flop
Seat 2: Dt_Hyde1 folded before Flop (didn't bet)
Seat 3: gismouck folded before Flop (didn't bet)
Seat 4: mullski326 folded before Flop (didn't bet)
Seat 6: Dorex2007 folded before Flop (didn't bet)
Seat 7: DIMON 1514 folded before Flop (didn't bet)
Seat 8: reddevils888 (button) collected ($0.12)
Seat 9: Sr ÁviIa (small blind) folded before Flop



PokerStars Hand #238446212323:  Hold'em No Limit ($0.02/$0.05 USD) - 2022/09/05 19:49:09 PT [2022/09/05 22:49:09 ET]
Table 'Nash' 9-max Seat #9 is the button
Seat 1: Nodshure ($3.85 in chips) 
Seat 2: Dt_Hyde1 ($10.90 in chips) 
Seat 3: gismouck ($5.07 in chips) 
Seat 4: mullski326 ($4.78 in chips) 
Seat 5: budlite53 ($4 in chips) 
Seat 6: Dorex2007 ($5.57 in chips) 
Seat 7: DIMON 1514 ($10.44 in chips) 
Seat 8: reddevils888 ($9.31 in chips) 
Seat 9: Sr ÁviIa ($3.23 in chips) 
Nodshure: posts small blind $0.02
Dt_Hyde1: posts big blind $0.05
budlite53: posts big blind $0.05
*** HOLE CARDS ***
Dealt to Dorex2007 [7s 2h]
gismouck: folds 
mullski326: folds 
budlite53: checks 
Dorex2007: folds 
DIMON 1514: folds 
reddevils888: calls $0.05
Sr ÁviIa: folds 
Nodshure: calls $0.03
Dt_Hyde1: checks 
*** FLOP *** [5d 9c Kh]
Nodshure: checks 
Dt_Hyde1: checks 
budlite53: checks 
reddevils888: checks 
*** TURN *** [5d 9c Kh] [Jh]
Nodshure: checks 
Dt_Hyde1: checks 
budlite53: checks 
reddevils888: checks 
*** RIVER *** [5d 9c Kh Jh] [6s]
Nodshure: checks 
Dt_Hyde1: checks 
budlite53: checks 
reddevils888: bets $0.05
Nodshure: calls $0.05
Dt_Hyde1: calls $0.05
budlite53: folds 
*** SHOW DOWN ***
reddevils888: shows [Ad Td] (high card Ace)
Nodshure: shows [Js Qs] (a pair of Jacks)
Dt_Hyde1: mucks hand 
Nodshure collected $0.34 from pot
*** SUMMARY ***
Total pot $0.35 | Rake $0.01 
Board [5d 9c Kh Jh 6s]
Seat 1: Nodshure (small blind) showed [Js Qs] and won ($0.34) with a pair of Jacks
Seat 2: Dt_Hyde1 (big blind) mucked [2c Jd]
Seat 3: gismouck folded before Flop (didn't bet)
Seat 4: mullski326 folded before Flop (didn't bet)
Seat 5: budlite53 folded on the River (didn't bet)
Seat 6: Dorex2007 folded before Flop (didn't bet)
Seat 7: DIMON 1514 folded before Flop (didn't bet)
Seat 8: reddevils888 showed [Ad Td] and lost with high card Ace
Seat 9: Sr ÁviIa (button) folded before Flop (didn't bet)



PokerStars Hand #238446223498:  Hold'em No Limit ($0.02/$0.05 USD) - 2022/09/05 19:50:18 PT [2022/09/05 22:50:18 ET]
Table 'Nash' 9-max Seat #1 is the button
Seat 1: Nodshure ($4.09 in chips) 
Seat 2: Dt_Hyde1 ($10.80 in chips) 
Seat 3: gismouck ($5.07 in chips) 
Seat 4: mullski326 ($4.78 in chips) 
Seat 5: budlite53 ($3.95 in chips) 
Seat 6: Dorex2007 ($5.57 in chips) 
Seat 7: DIMON 1514 ($10.44 in chips) 
Seat 8: reddevils888 ($9.21 in chips) 
Seat 9: Sr ÁviIa ($3.23 in chips) 
Dt_Hyde1: posts small blind $0.02
gismouck: posts big blind $0.05
*** HOLE CARDS ***
Dealt to Dorex2007 [6s Ks]
mullski326: folds 
budlite53: calls $0.05
Dorex2007: folds 
DIMON 1514: folds 
reddevils888: folds 
reddevils888 leaves the table
Sr ÁviIa: folds 
Nodshure: folds 
Dt_Hyde1: raises $0.20 to $0.25
gismouck: folds 
budlite53: calls $0.20
*** FLOP *** [Kh 6h 8c]
Dt_Hyde1: bets $0.42
budlite53: folds 
Uncalled bet ($0.42) returned to Dt_Hyde1
Dt_Hyde1 collected $0.53 from pot
Dt_Hyde1: doesn't show hand 
*** SUMMARY ***
Total pot $0.55 | Rake $0.02 
Board [Kh 6h 8c]
Seat 1: Nodshure (button) folded before Flop (didn't bet)
Seat 2: Dt_Hyde1 (small blind) collected ($0.53)
Seat 3: gismouck (big blind) folded before Flop
Seat 4: mullski326 folded before Flop (didn't bet)
Seat 5: budlite53 folded on the Flop
Seat 6: Dorex2007 folded before Flop (didn't bet)
Seat 7: DIMON 1514 folded before Flop (didn't bet)
Seat 8: reddevils888 folded before Flop (didn't bet)
Seat 9: Sr ÁviIa folded before Flop (didn't bet)



PokerStars Hand #238446229680:  Hold'em No Limit ($0.02/$0.05 USD) - 2022/09/05 19:50:55 PT [2022/09/05 22:50:55 ET]
Table 'Nash' 9-max Seat #2 is the button
Seat 1: Nodshure ($4.09 in chips) 
Seat 2: Dt_Hyde1 ($11.08 in chips) 
Seat 3: gismouck ($5.02 in chips) 
Seat 4: mullski326 ($4.78 in chips) 
Seat 5: budlite53 ($3.70 in chips) 
Seat 6: Dorex2007 ($5.57 in chips) 
Seat 7: DIMON 1514 ($10.44 in chips) 
Seat 9: Sr ÁviIa ($3.23 in chips) 
gismouck: posts small blind $0.02
mullski326: posts big blind $0.05
*** HOLE CARDS ***
Dealt to Dorex2007 [Qd Ac]
budlite53: raises $0.05 to $0.10
Dorex2007: raises $0.15 to $0.25
DIMON 1514: folds 
Sr ÁviIa: folds 
Nodshure: folds 
Dt_Hyde1: folds 
gismouck: folds 
mullski326: folds 
budlite53: calls $0.15
*** FLOP *** [4s Ad 9h]
budlite53: checks 
Dorex2007: bets $0.55
budlite53: calls $0.55
*** TURN *** [4s Ad 9h] [4h]
budlite53: checks 
Dorex2007: bets $4.77 and is all-in
budlite53: calls $2.90 and is all-in
Uncalled bet ($1.87) returned to Dorex2007
*** RIVER *** [4s Ad 9h 4h] [7h]
*** SHOW DOWN ***
budlite53: shows [Tc As] (two pair, Aces and Fours)
Dorex2007: shows [Qd Ac] (two pair, Aces and Fours - Queen kicker)
Dorex2007 cashed out the hand for $6.04 | Cash Out Fee $0.06
*** SUMMARY ***
Total pot $7.47 | Rake $0.31 
Board [4s Ad 9h 4h 7h]
Seat 1: Nodshure folded before Flop (didn't bet)
Seat 2: Dt_Hyde1 (button) folded before Flop (didn't bet)
Seat 3: gismouck (small blind) folded before Flop
Seat 4: mullski326 (big blind) folded before Flop
Seat 5: budlite53 showed [Tc As] and lost with two pair, Aces and Fours
Seat 6: Dorex2007 showed [Qd Ac] and won ($7.16) with two pair, Aces and Fours (pot not awarded as player cashed out)
Seat 7: DIMON 1514 folded before Flop (didn't bet)
Seat 9: Sr ÁviIa folded before Flop (didn't bet)



PokerStars Hand #238446239371:  Hold'em No Limit ($0.02/$0.05 USD) - 2022/09/05 19:51:57 PT [2022/09/05 22:51:57 ET]
Table 'Nash' 9-max Seat #3 is the button
Seat 1: Nodshure ($4.09 in chips) 
Seat 2: Dt_Hyde1 ($11.08 in chips) 
Seat 3: gismouck ($5 in chips) 
Seat 4: mullski326 ($4.73 in chips) 
Seat 6: Dorex2007 ($7.91 in chips) 
Seat 7: DIMON 1514 ($10.44 in chips) 
Seat 9: Sr ÁviIa ($3.23 in chips) 
mullski326: posts small blind $0.02
Dorex2007: posts big blind $0.05
*** HOLE CARDS ***
Dealt to Dorex2007 [Td 9c]
budlite53 leaves the table
DIMON 1514: folds 
Sr ÁviIa: folds 
Nodshure: folds 
Dt_Hyde1: folds 
gismouck: folds 
mullski326: calls $0.03
Dorex2007: checks 
*** FLOP *** [7d Ts Kd]
mullski326: bets $0.05
Dorex2007: calls $0.05
*** TURN *** [7d Ts Kd] [Qc]
mullski326: bets $0.09
Dorex2007: folds 
Uncalled bet ($0.09) returned to mullski326
mullski326 collected $0.19 from pot
*** SUMMARY ***
Total pot $0.20 | Rake $0.01 
Board [7d Ts Kd Qc]
Seat 1: Nodshure folded before Flop (didn't bet)
Seat 2: Dt_Hyde1 folded before Flop (didn't bet)
Seat 3: gismouck (button) folded before Flop (didn't bet)
Seat 4: mullski326 (small blind) collected ($0.19)
Seat 6: Dorex2007 (big blind) folded on the Turn
Seat 7: DIMON 1514 folded before Flop (didn't bet)
Seat 9: Sr ÁviIa folded before Flop (didn't bet)



PokerStars Hand #238446246152:  Hold'em No Limit ($0.02/$0.05 USD) - 2022/09/05 19:52:39 PT [2022/09/05 22:52:39 ET]
Table 'Nash' 9-max Seat #4 is the button
Seat 1: Nodshure ($4.09 in chips) 
Seat 2: Dt_Hyde1 ($11.08 in chips) 
Seat 3: gismouck ($5 in chips) 
Seat 4: mullski326 ($4.82 in chips) 
Seat 6: Dorex2007 ($7.81 in chips) 
Seat 7: DIMON 1514 ($10.44 in chips) 
Seat 9: Sr ÁviIa ($3.23 in chips) 
Dorex2007: posts small blind $0.02
DIMON 1514: posts big blind $0.05
*** HOLE CARDS ***
Dealt to Dorex2007 [As 5h]
Sr ÁviIa: raises $0.05 to $0.10
Nodshure: folds 
Dt_Hyde1: folds 
gismouck: folds 
mullski326: folds 
Dorex2007: folds 
DIMON 1514: folds 
Uncalled bet ($0.05) returned to Sr ÁviIa
Sr ÁviIa collected $0.12 from pot
Sr ÁviIa: doesn't show hand 
*** SUMMARY ***
Total pot $0.12 | Rake $0 
Seat 1: Nodshure folded before Flop (didn't bet)
Seat 2: Dt_Hyde1 folded before Flop (didn't bet)
Seat 3: gismouck folded before Flop (didn't bet)
Seat 4: mullski326 (button) folded before Flop (didn't bet)
Seat 6: Dorex2007 (small blind) folded before Flop
Seat 7: DIMON 1514 (big blind) folded before Flop
Seat 9: Sr ÁviIa collected ($0.12)



PokerStars Hand #238446249215:  Hold'em No Limit ($0.02/$0.05 USD) - 2022/09/05 19:52:58 PT [2022/09/05 22:52:58 ET]
Table 'Nash' 9-max Seat #6 is the button
Seat 1: Nodshure ($4.09 in chips) 
Seat 2: Dt_Hyde1 ($11.08 in chips) 
Seat 3: gismouck ($5 in chips) 
Seat 4: mullski326 ($4.82 in chips) 
Seat 6: Dorex2007 ($7.79 in chips) 
Seat 7: DIMON 1514 ($10.39 in chips) 
Seat 9: Sr ÁviIa ($3.30 in chips) 
DIMON 1514: posts small blind $0.02
Sr ÁviIa: posts big blind $0.05
*** HOLE CARDS ***
Dealt to Dorex2007 [Tc 3s]
Nodshure: folds 
Dt_Hyde1: folds 
gismouck: folds 
mullski326: folds 
Dorex2007: folds 
DIMON 1514: folds 
Uncalled bet ($0.03) returned to Sr ÁviIa
Sr ÁviIa collected $0.04 from pot
Sr ÁviIa: doesn't show hand 
*** SUMMARY ***
Total pot $0.04 | Rake $0 
Seat 1: Nodshure folded before Flop (didn't bet)
Seat 2: Dt_Hyde1 folded before Flop (didn't bet)
Seat 3: gismouck folded before Flop (didn't bet)
Seat 4: mullski326 folded before Flop (didn't bet)
Seat 6: Dorex2007 (button) folded before Flop (didn't bet)
Seat 7: DIMON 1514 (small blind) folded before Flop
Seat 9: Sr ÁviIa (big blind) collected ($0.04)



PokerStars Hand #238446252055:  Hold'em No Limit ($0.02/$0.05 USD) - 2022/09/05 19:53:15 PT [2022/09/05 22:53:15 ET]
Table 'Nash' 9-max Seat #7 is the button
Seat 1: Nodshure ($4.09 in chips) 
Seat 2: Dt_Hyde1 ($11.08 in chips) 
Seat 3: gismouck ($5 in chips) 
Seat 4: mullski326 ($4.82 in chips) 
Seat 6: Dorex2007 ($7.79 in chips) 
Seat 7: DIMON 1514 ($10.37 in chips) 
Seat 9: Sr ÁviIa ($3.32 in chips) 
Sr ÁviIa: posts small blind $0.02
Nodshure: posts big blind $0.05
*** HOLE CARDS ***
Dealt to Dorex2007 [9h Jd]
Dt_Hyde1: folds 
gismouck: folds 
mullski326: folds 
Dorex2007: folds 
DIMON 1514: folds 
Sr ÁviIa: calls $0.03
Nodshure: checks 
*** FLOP *** [6c Ah 3s]
Sr ÁviIa: checks 
Nodshure: checks 
*** TURN *** [6c Ah 3s] [5h]
Sr ÁviIa: checks 
Nodshure: bets $0.05
Sr ÁviIa: folds 
Uncalled bet ($0.05) returned to Nodshure
Nodshure collected $0.10 from pot
*** SUMMARY ***
Total pot $0.10 | Rake $0 
Board [6c Ah 3s 5h]
Seat 1: Nodshure (big blind) collected ($0.10)
Seat 2: Dt_Hyde1 folded before Flop (didn't bet)
Seat 3: gismouck folded before Flop (didn't bet)
Seat 4: mullski326 folded before Flop (didn't bet)
Seat 6: Dorex2007 folded before Flop (didn't bet)
Seat 7: DIMON 1514 (button) folded before Flop (didn't bet)
Seat 9: Sr ÁviIa (small blind) folded on the Turn



PokerStars Hand #238446258061:  Hold'em No Limit ($0.02/$0.05 USD) - 2022/09/05 19:53:53 PT [2022/09/05 22:53:53 ET]
Table 'Nash' 9-max Seat #9 is the button
Seat 1: Nodshure ($4.14 in chips) 
Seat 2: Dt_Hyde1 ($11.08 in chips) 
Seat 3: gismouck ($5 in chips) 
Seat 4: mullski326 ($4.82 in chips) 
Seat 6: Dorex2007 ($7.79 in chips) 
Seat 7: DIMON 1514 ($10.37 in chips) 
Seat 9: Sr ÁviIa ($3.27 in chips) 
Nodshure: posts small blind $0.02
Dt_Hyde1: posts big blind $0.05
*** HOLE CARDS ***
Dealt to Dorex2007 [Td 6d]
gismouck: folds 
mullski326: folds 
Dorex2007: folds 
DIMON 1514: folds 
Sr ÁviIa: folds 
Nodshure: calls $0.03
Dt_Hyde1: raises $0.20 to $0.25
Nodshure: folds 
Uncalled bet ($0.20) returned to Dt_Hyde1
Dt_Hyde1 collected $0.10 from pot
Dt_Hyde1: doesn't show hand 
*** SUMMARY ***
Total pot $0.10 | Rake $0 
Seat 1: Nodshure (small blind) folded before Flop
Seat 2: Dt_Hyde1 (big blind) collected ($0.10)
Seat 3: gismouck folded before Flop (didn't bet)
Seat 4: mullski326 folded before Flop (didn't bet)
Seat 6: Dorex2007 folded before Flop (didn't bet)
Seat 7: DIMON 1514 folded before Flop (didn't bet)
Seat 9: Sr ÁviIa (button) folded before Flop (didn't bet)



PokerStars Hand #238446262219:  Hold'em No Limit ($0.02/$0.05 USD) - 2022/09/05 19:54:19 PT [2022/09/05 22:54:19 ET]
Table 'Nash' 9-max Seat #1 is the button
Seat 1: Nodshure ($4.09 in chips) 
Seat 2: Dt_Hyde1 ($11.13 in chips) 
Seat 3: gismouck ($5 in chips) 
Seat 4: mullski326 ($4.82 in chips) 
Seat 6: Dorex2007 ($7.79 in chips) 
Seat 7: DIMON 1514 ($10.37 in chips) 
Seat 9: Sr ÁviIa ($3.27 in chips) 
Dt_Hyde1: posts small blind $0.02
gismouck: posts big blind $0.05
*** HOLE CARDS ***
Dealt to Dorex2007 [2s Jh]
mullski326: folds 
Dorex2007: folds 
DIMON 1514: folds 
Sr ÁviIa: folds 
Nodshure: folds 
Dt_Hyde1: raises $0.15 to $0.20
gismouck: folds 
Uncalled bet ($0.15) returned to Dt_Hyde1
Dt_Hyde1 collected $0.10 from pot
Dt_Hyde1: doesn't show hand 
*** SUMMARY ***
Total pot $0.10 | Rake $0 
Seat 1: Nodshure (button) folded before Flop (didn't bet)
Seat 2: Dt_Hyde1 (small blind) collected ($0.10)
Seat 3: gismouck (big blind) folded before Flop
Seat 4: mullski326 folded before Flop (didn't bet)
Seat 6: Dorex2007 folded before Flop (didn't bet)
Seat 7: DIMON 1514 folded before Flop (didn't bet)
Seat 9: Sr ÁviIa folded before Flop (didn't bet)



PokerStars Hand #238446264420:  Hold'em No Limit ($0.02/$0.05 USD) - 2022/09/05 19:54:33 PT [2022/09/05 22:54:33 ET]
Table 'Nash' 9-max Seat #2 is the button
Seat 1: Nodshure ($4.09 in chips) 
Seat 2: Dt_Hyde1 ($11.18 in chips) 
Seat 3: gismouck ($5 in chips) 
Seat 4: mullski326 ($4.82 in chips) 
Seat 6: Dorex2007 ($7.79 in chips) 
Seat 7: DIMON 1514 ($10.37 in chips) 
Seat 9: Sr ÁviIa ($3.27 in chips) 
gismouck: posts small blind $0.02
mullski326: posts big blind $0.05
*** HOLE CARDS ***
Dealt to Dorex2007 [Qh Ts]
Dorex2007: folds 
DIMON 1514: raises $0.05 to $0.10
Sr ÁviIa: folds 
Nodshure: folds 
Dt_Hyde1: folds 
gismouck: folds 
mullski326: calls $0.05
*** FLOP *** [6c Ah 6s]
mullski326: bets $0.05
DIMON 1514: calls $0.05
*** TURN *** [6c Ah 6s] [9d]
mullski326: bets $0.15
DIMON 1514: folds 
Uncalled bet ($0.15) returned to mullski326
mullski326 collected $0.31 from pot
*** SUMMARY ***
Total pot $0.32 | Rake $0.01 
Board [6c Ah 6s 9d]
Seat 1: Nodshure folded before Flop (didn't bet)
Seat 2: Dt_Hyde1 (button) folded before Flop (didn't bet)
Seat 3: gismouck (small blind) folded before Flop
Seat 4: mullski326 (big blind) collected ($0.31)
Seat 6: Dorex2007 folded before Flop (didn't bet)
Seat 7: DIMON 1514 folded on the Turn
Seat 9: Sr ÁviIa folded before Flop (didn't bet)



PokerStars Hand #238446269972:  Hold'em No Limit ($0.02/$0.05 USD) - 2022/09/05 19:55:08 PT [2022/09/05 22:55:08 ET]
Table 'Nash' 9-max Seat #3 is the button
Seat 1: Nodshure ($4.09 in chips) 
Seat 2: Dt_Hyde1 ($11.18 in chips) 
Seat 3: gismouck ($5 in chips) 
Seat 4: mullski326 ($4.98 in chips) 
Seat 6: Dorex2007 ($7.79 in chips) 
Seat 7: DIMON 1514 ($10.22 in chips) 
Seat 9: Sr ÁviIa ($3.27 in chips) 
mullski326: posts small blind $0.02
Dorex2007: posts big blind $0.05
*** HOLE CARDS ***
Dealt to Dorex2007 [8c 7h]
DIMON 1514: folds 
Sr ÁviIa: folds 
Nodshure: folds 
Dt_Hyde1: folds 
gismouck: folds 
mullski326: calls $0.03
Dorex2007: checks 
*** FLOP *** [2h Kd Kh]
mullski326: checks 
Dorex2007: checks 
*** TURN *** [2h Kd Kh] [6h]
mullski326: checks 
Dorex2007: checks 
*** RIVER *** [2h Kd Kh 6h] [3c]
mullski326: checks 
Dorex2007: bets $0.07
mullski326: folds 
Uncalled bet ($0.07) returned to Dorex2007
Dorex2007 collected $0.10 from pot
Dorex2007: doesn't show hand 
*** SUMMARY ***
Total pot $0.10 | Rake $0 
Board [2h Kd Kh 6h 3c]
Seat 1: Nodshure folded before Flop (didn't bet)
Seat 2: Dt_Hyde1 folded before Flop (didn't bet)
Seat 3: gismouck (button) folded before Flop (didn't bet)
Seat 4: mullski326 (small blind) folded on the River
Seat 6: Dorex2007 (big blind) collected ($0.10)
Seat 7: DIMON 1514 folded before Flop (didn't bet)
Seat 9: Sr ÁviIa folded before Flop (didn't bet)



PokerStars Hand #238446274957:  Hold'em No Limit ($0.02/$0.05 USD) - 2022/09/05 19:55:45 PT [2022/09/05 22:55:45 ET]
Table 'Nash' 9-max Seat #4 is the button
Seat 1: Nodshure ($4.09 in chips) 
Seat 2: Dt_Hyde1 ($11.18 in chips) 
Seat 3: gismouck ($5 in chips) 
Seat 4: mullski326 ($4.93 in chips) 
Seat 6: Dorex2007 ($7.84 in chips) 
Seat 7: DIMON 1514 ($10.22 in chips) 
Seat 9: Sr ÁviIa ($3.27 in chips) 
Dorex2007: posts small blind $0.02
DIMON 1514: posts big blind $0.05
*** HOLE CARDS ***
Dealt to Dorex2007 [2h 9d]
Sr ÁviIa: folds 
NoName35387 joins the table at seat #5 
Nodshure: raises $0.10 to $0.15
Dt_Hyde1: folds 
gismouck: folds 
mullski326: folds 
Dorex2007: folds 
DIMON 1514: folds 
Uncalled bet ($0.10) returned to Nodshure
Nodshure collected $0.12 from pot
*** SUMMARY ***
Total pot $0.12 | Rake $0 
Seat 1: Nodshure collected ($0.12)
Seat 2: Dt_Hyde1 folded before Flop (didn't bet)
Seat 3: gismouck folded before Flop (didn't bet)
Seat 4: mullski326 (button) folded before Flop (didn't bet)
Seat 6: Dorex2007 (small blind) folded before Flop
Seat 7: DIMON 1514 (big blind) folded before Flop
Seat 9: Sr ÁviIa folded before Flop (didn't bet)



PokerStars Hand #238446277810:  Hold'em No Limit ($0.02/$0.05 USD) - 2022/09/05 19:56:06 PT [2022/09/05 22:56:06 ET]
Table 'Nash' 9-max Seat #6 is the button
Seat 1: Nodshure ($4.16 in chips) 
Seat 2: Dt_Hyde1 ($11.18 in chips) 
Seat 3: gismouck ($5 in chips) 
Seat 4: mullski326 ($4.93 in chips) 
Seat 6: Dorex2007 ($7.82 in chips) 
Seat 7: DIMON 1514 ($10.17 in chips) 
Seat 9: Sr ÁviIa ($3.27 in chips) 
DIMON 1514: posts small blind $0.02
Sr ÁviIa: posts big blind $0.05
NoName35387: sits out 
*** HOLE CARDS ***
Dealt to Dorex2007 [Jh 3s]
narcisacoromoto joins the table at seat #8 
Nodshure: raises $0.10 to $0.15
Dt_Hyde1: folds 
gismouck: folds 
mullski326: folds 
Dorex2007: folds 
DIMON 1514: folds 
Sr ÁviIa: calls $0.10
*** FLOP *** [2c Js 8s]
Sr ÁviIa: checks 
Nodshure: bets $0.16
Sr ÁviIa: calls $0.16
*** TURN *** [2c Js 8s] [Ah]
Sr ÁviIa: checks 
Nodshure: bets $0.31
Sr ÁviIa: calls $0.31
*** RIVER *** [2c Js 8s Ah] [9h]
Sr ÁviIa: checks 
Nodshure: bets $0.35
Sr ÁviIa: calls $0.35
*** SHOW DOWN ***
Nodshure: shows [Qh As] (a pair of Aces)
Sr ÁviIa: mucks hand 
Nodshure collected $1.88 from pot
*** SUMMARY ***
Total pot $1.96 | Rake $0.08 
Board [2c Js 8s Ah 9h]
Seat 1: Nodshure showed [Qh As] and won ($1.88) with a pair of Aces
Seat 2: Dt_Hyde1 folded before Flop (didn't bet)
Seat 3: gismouck folded before Flop (didn't bet)
Seat 4: mullski326 folded before Flop (didn't bet)
Seat 6: Dorex2007 (button) folded before Flop (didn't bet)
Seat 7: DIMON 1514 (small blind) folded before Flop
Seat 9: Sr ÁviIa (big blind) mucked [Jc Ks]



PokerStars Hand #238446288653:  Hold'em No Limit ($0.02/$0.05 USD) - 2022/09/05 19:57:25 PT [2022/09/05 22:57:25 ET]
Table 'Nash' 9-max Seat #7 is the button
Seat 1: Nodshure ($5.07 in chips) 
Seat 2: Dt_Hyde1 ($11.18 in chips) 
Seat 3: gismouck ($5 in chips) 
Seat 4: mullski326 ($4.93 in chips) 
Seat 5: NoName35387 ($5 in chips) 
Seat 6: Dorex2007 ($7.82 in chips) 
Seat 7: DIMON 1514 ($10.15 in chips) 
Seat 9: Sr ÁviIa ($2.30 in chips) 
Sr ÁviIa: posts small blind $0.02
Nodshure: posts big blind $0.05
NoName35387: posts big blind $0.05
*** HOLE CARDS ***
Dealt to Dorex2007 [3h 5c]
Dt_Hyde1: folds 
gismouck: folds 
mullski326: folds 
NoName35387: checks 
Dorex2007: folds 
DIMON 1514: folds 
Sr ÁviIa: folds 
Nodshure: checks 
*** FLOP *** [Td Th Qc]
Nodshure: checks 
NoName35387: checks 
*** TURN *** [Td Th Qc] [2s]
Nodshure: checks 
NoName35387: bets $0.12
Nodshure: folds 
Uncalled bet ($0.12) returned to NoName35387
NoName35387 collected $0.12 from pot
*** SUMMARY ***
Total pot $0.12 | Rake $0 
Board [Td Th Qc 2s]
Seat 1: Nodshure (big blind) folded on the Turn
Seat 2: Dt_Hyde1 folded before Flop (didn't bet)
Seat 3: gismouck folded before Flop (didn't bet)
Seat 4: mullski326 folded before Flop (didn't bet)
Seat 5: NoName35387 collected ($0.12)
Seat 6: Dorex2007 folded before Flop (didn't bet)
Seat 7: DIMON 1514 (button) folded before Flop (didn't bet)
Seat 9: Sr ÁviIa (small blind) folded before Flop



PokerStars Hand #238446294080:  Hold'em No Limit ($0.02/$0.05 USD) - 2022/09/05 19:58:05 PT [2022/09/05 22:58:05 ET]
Table 'Nash' 9-max Seat #9 is the button
Seat 1: Nodshure ($5.02 in chips) 
Seat 2: Dt_Hyde1 ($11.18 in chips) 
Seat 3: gismouck ($5 in chips) 
Seat 4: mullski326 ($4.93 in chips) 
Seat 5: NoName35387 ($5.07 in chips) 
Seat 6: Dorex2007 ($7.82 in chips) 
Seat 7: DIMON 1514 ($10.15 in chips) 
Seat 8: narcisacoromoto ($2.73 in chips) 
Seat 9: Sr ÁviIa ($2.28 in chips) 
Nodshure: posts small blind $0.02
Dt_Hyde1: posts big blind $0.05
narcisacoromoto: posts big blind $0.05
*** HOLE CARDS ***
Dealt to Dorex2007 [Qs 3h]
gismouck: folds 
mullski326: calls $0.05
NoName35387: folds 
Dorex2007: folds 
DIMON 1514: folds 
narcisacoromoto: checks 
Sr ÁviIa: folds 
Nodshure: folds 
Dt_Hyde1: checks 
*** FLOP *** [4c Ah 6d]
Dt_Hyde1: checks 
mullski326: checks 
narcisacoromoto: bets $0.05
Dt_Hyde1: folds 
mullski326: folds 
Uncalled bet ($0.05) returned to narcisacoromoto
narcisacoromoto collected $0.16 from pot
*** SUMMARY ***
Total pot $0.17 | Rake $0.01 
Board [4c Ah 6d]
Seat 1: Nodshure (small blind) folded before Flop
Seat 2: Dt_Hyde1 (big blind) folded on the Flop
Seat 3: gismouck folded before Flop (didn't bet)
Seat 4: mullski326 folded on the Flop
Seat 5: NoName35387 folded before Flop (didn't bet)
Seat 6: Dorex2007 folded before Flop (didn't bet)
Seat 7: DIMON 1514 folded before Flop (didn't bet)
Seat 8: narcisacoromoto collected ($0.16)
Seat 9: Sr ÁviIa (button) folded before Flop (didn't bet)



PokerStars Hand #238446299368:  Hold'em No Limit ($0.02/$0.05 USD) - 2022/09/05 19:58:43 PT [2022/09/05 22:58:43 ET]
Table 'Nash' 9-max Seat #1 is the button
Seat 1: Nodshure ($5 in chips) 
Seat 2: Dt_Hyde1 ($11.13 in chips) 
Seat 3: gismouck ($5 in chips) 
Seat 4: mullski326 ($4.88 in chips) 
Seat 5: NoName35387 ($5.07 in chips) 
Seat 6: Dorex2007 ($7.82 in chips) 
Seat 7: DIMON 1514 ($10.15 in chips) 
Seat 8: narcisacoromoto ($2.84 in chips) 
Seat 9: Sr ÁviIa ($2.28 in chips) 
Dt_Hyde1: posts small blind $0.02
gismouck: posts big blind $0.05
*** HOLE CARDS ***
Dealt to Dorex2007 [6d Tc]
mullski326: folds 
NoName35387: raises $0.10 to $0.15
Dorex2007: folds 
DIMON 1514: folds 
narcisacoromoto: calls $0.15
Sr ÁviIa: folds 
Nodshure: folds 
Dt_Hyde1: folds 
gismouck: folds 
*** FLOP *** [Js 2d 3h]
NoName35387: checks 
narcisacoromoto: bets $0.15
NoName35387: calls $0.15
*** TURN *** [Js 2d 3h] [2c]
NoName35387: checks 
narcisacoromoto: checks 
*** RIVER *** [Js 2d 3h 2c] [9c]
NoName35387: bets $0.64
narcisacoromoto: folds 
Uncalled bet ($0.64) returned to NoName35387
NoName35387 collected $0.64 from pot
*** SUMMARY ***
Total pot $0.67 | Rake $0.03 
Board [Js 2d 3h 2c 9c]
Seat 1: Nodshure (button) folded before Flop (didn't bet)
Seat 2: Dt_Hyde1 (small blind) folded before Flop
Seat 3: gismouck (big blind) folded before Flop
Seat 4: mullski326 folded before Flop (didn't bet)
Seat 5: NoName35387 collected ($0.64)
Seat 6: Dorex2007 folded before Flop (didn't bet)
Seat 7: DIMON 1514 folded before Flop (didn't bet)
Seat 8: narcisacoromoto folded on the River
Seat 9: Sr ÁviIa folded before Flop (didn't bet)



PokerStars Hand #238446309880:  Hold'em No Limit ($0.02/$0.05 USD) - 2022/09/05 20:00:01 PT [2022/09/05 23:00:01 ET]
Table 'Nash' 9-max Seat #2 is the button
Seat 1: Nodshure ($5 in chips) 
Seat 2: Dt_Hyde1 ($11.11 in chips) 
Seat 3: gismouck ($5 in chips) 
Seat 4: mullski326 ($4.88 in chips) 
Seat 5: NoName35387 ($5.41 in chips) 
Seat 6: Dorex2007 ($7.82 in chips) 
Seat 7: DIMON 1514 ($10.15 in chips) 
Seat 8: narcisacoromoto ($2.54 in chips) 
Seat 9: Sr ÁviIa ($2.28 in chips) 
gismouck: posts small blind $0.02
mullski326: posts big blind $0.05
*** HOLE CARDS ***
Dealt to Dorex2007 [Th 6h]
NoName35387: calls $0.05
Dorex2007: folds 
DIMON 1514: folds 
narcisacoromoto: raises $0.10 to $0.15
Sr ÁviIa: folds 
Nodshure: folds 
Dt_Hyde1: calls $0.15
gismouck: calls $0.13
mullski326: folds 
NoName35387: calls $0.10
*** FLOP *** [4d Ac Jd]
gismouck: checks 
NoName35387: checks 
narcisacoromoto: bets $0.31
Dt_Hyde1: folds 
gismouck: calls $0.31
NoName35387: folds 
*** TURN *** [4d Ac Jd] [5c]
gismouck: checks 
narcisacoromoto: bets $0.30
gismouck: calls $0.30
*** RIVER *** [4d Ac Jd 5c] [3d]
gismouck: checks 
narcisacoromoto: checks 
*** SHOW DOWN ***
gismouck: shows [Ts Qs] (high card Ace)
narcisacoromoto: shows [Kc Ah] (a pair of Aces)
narcisacoromoto collected $1.79 from pot
*** SUMMARY ***
Total pot $1.87 | Rake $0.08 
Board [4d Ac Jd 5c 3d]
Seat 1: Nodshure folded before Flop (didn't bet)
Seat 2: Dt_Hyde1 (button) folded on the Flop
Seat 3: gismouck (small blind) showed [Ts Qs] and lost with high card Ace
Seat 4: mullski326 (big blind) folded before Flop
Seat 5: NoName35387 folded on the Flop
Seat 6: Dorex2007 folded before Flop (didn't bet)
Seat 7: DIMON 1514 folded before Flop (didn't bet)
Seat 8: narcisacoromoto showed [Kc Ah] and won ($1.79) with a pair of Aces
Seat 9: Sr ÁviIa folded before Flop (didn't bet)



PokerStars Hand #238446324116:  Hold'em No Limit ($0.02/$0.05 USD) - 2022/09/05 20:01:37 PT [2022/09/05 23:01:37 ET]
Table 'Nash' 9-max Seat #3 is the button
Seat 1: Nodshure ($5 in chips) 
Seat 2: Dt_Hyde1 ($10.96 in chips) 
Seat 3: gismouck ($5 in chips) 
Seat 4: mullski326 ($4.83 in chips) 
Seat 5: NoName35387 ($5.26 in chips) 
Seat 6: Dorex2007 ($7.82 in chips) 
Seat 7: DIMON 1514 ($10.15 in chips) 
Seat 8: narcisacoromoto ($3.57 in chips) 
Seat 9: Sr ÁviIa ($2.28 in chips) 
mullski326: posts small blind $0.02
NoName35387: posts big blind $0.05
*** HOLE CARDS ***
Dealt to Dorex2007 [Td Jd]
Dorex2007: folds 
DIMON 1514: folds 
narcisacoromoto: folds 
Sr ÁviIa: folds 
Nodshure: raises $0.10 to $0.15
Dt_Hyde1: folds 
gismouck: folds 
mullski326: folds 
NoName35387: calls $0.10
*** FLOP *** [9c 2s 9h]
NoName35387: checks 
DIMON 1514 leaves the table
Nodshure: checks 
*** TURN *** [9c 2s 9h] [6d]
NoName35387: bets $0.31
Nodshure: folds 
Uncalled bet ($0.31) returned to NoName35387
NoName35387 collected $0.31 from pot
*** SUMMARY ***
Total pot $0.32 | Rake $0.01 
Board [9c 2s 9h 6d]
Seat 1: Nodshure folded on the Turn
Seat 2: Dt_Hyde1 folded before Flop (didn't bet)
Seat 3: gismouck (button) folded before Flop (didn't bet)
Seat 4: mullski326 (small blind) folded before Flop
Seat 5: NoName35387 (big blind) collected ($0.31)
Seat 6: Dorex2007 folded before Flop (didn't bet)
Seat 7: DIMON 1514 folded before Flop (didn't bet)
Seat 8: narcisacoromoto folded before Flop (didn't bet)
Seat 9: Sr ÁviIa folded before Flop (didn't bet)



PokerStars Hand #238446331804:  Hold'em No Limit ($0.02/$0.05 USD) - 2022/09/05 20:02:27 PT [2022/09/05 23:02:27 ET]
Table 'Nash' 9-max Seat #4 is the button
Seat 1: Nodshure ($4.85 in chips) 
Seat 2: Dt_Hyde1 ($10.96 in chips) 
Seat 3: gismouck ($5 in chips) 
Seat 4: mullski326 ($4.81 in chips) 
Seat 5: NoName35387 ($5.42 in chips) 
Seat 6: Dorex2007 ($7.82 in chips) 
Seat 8: narcisacoromoto ($3.57 in chips) 
Seat 9: Sr ÁviIa ($2.28 in chips) 
NoName35387: posts small blind $0.02
Dorex2007: posts big blind $0.05
*** HOLE CARDS ***
Dealt to Dorex2007 [9d 7h]
narcisacoromoto: calls $0.05
Sr ÁviIa: folds 
Nodshure: folds 
Dt_Hyde1: folds 
gismouck: folds 
mullski326: raises $0.10 to $0.15
NoName35387: calls $0.13
Dorex2007: folds 
narcisacoromoto: calls $0.10
*** FLOP *** [Jc Ad 8h]
NoName35387: checks 
narcisacoromoto: checks 
mullski326: checks 
*** TURN *** [Jc Ad 8h] [9s]
NoName35387: checks 
narcisacoromoto: bets $0.19
mullski326: calls $0.19
NoName35387: calls $0.19
*** RIVER *** [Jc Ad 8h 9s] [2d]
NoName35387: checks 
narcisacoromoto: bets $1.03
mullski326: folds 
NoName35387: folds 
Uncalled bet ($1.03) returned to narcisacoromoto
narcisacoromoto collected $1.03 from pot
*** SUMMARY ***
Total pot $1.07 | Rake $0.04 
Board [Jc Ad 8h 9s 2d]
Seat 1: Nodshure folded before Flop (didn't bet)
Seat 2: Dt_Hyde1 folded before Flop (didn't bet)
Seat 3: gismouck folded before Flop (didn't bet)
Seat 4: mullski326 (button) folded on the River
Seat 5: NoName35387 (small blind) folded on the River
Seat 6: Dorex2007 (big blind) folded before Flop
Seat 8: narcisacoromoto collected ($1.03)
Seat 9: Sr ÁviIa folded before Flop (didn't bet)



PokerStars Hand #238446342815:  Hold'em No Limit ($0.02/$0.05 USD) - 2022/09/05 20:03:38 PT [2022/09/05 23:03:38 ET]
Table 'Nash' 9-max Seat #5 is the button
Seat 1: Nodshure ($4.85 in chips) 
Seat 2: Dt_Hyde1 ($10.96 in chips) 
Seat 3: gismouck ($5 in chips) 
Seat 4: mullski326 ($4.47 in chips) 
Seat 5: NoName35387 ($5.08 in chips) 
Seat 6: Dorex2007 ($7.77 in chips) 
Seat 8: narcisacoromoto ($4.26 in chips) 
Seat 9: Sr ÁviIa ($2.28 in chips) 
Dorex2007: posts small blind $0.02
narcisacoromoto: posts big blind $0.05
*** HOLE CARDS ***
Dealt to Dorex2007 [Td 2h]
Sr ÁviIa: folds 
Nodshure: folds 
Dt_Hyde1: folds 
gismouck: raises $0.10 to $0.15
mullski326: folds 
NoName35387: calls $0.15
Dorex2007: folds 
narcisacoromoto: calls $0.10
*** FLOP *** [8s Ad 3s]
narcisacoromoto: checks 
gismouck: bets $0.27
NoName35387: folds 
narcisacoromoto: folds 
Uncalled bet ($0.27) returned to gismouck
gismouck collected $0.45 from pot
*** SUMMARY ***
Total pot $0.47 | Rake $0.02 
Board [8s Ad 3s]
Seat 1: Nodshure folded before Flop (didn't bet)
Seat 2: Dt_Hyde1 folded before Flop (didn't bet)
Seat 3: gismouck collected ($0.45)
Seat 4: mullski326 folded before Flop (didn't bet)
Seat 5: NoName35387 (button) folded on the Flop
Seat 6: Dorex2007 (small blind) folded before Flop
Seat 8: narcisacoromoto (big blind) folded on the Flop
Seat 9: Sr ÁviIa folded before Flop (didn't bet)



PokerStars Hand #238446349453:  Hold'em No Limit ($0.02/$0.05 USD) - 2022/09/05 20:04:20 PT [2022/09/05 23:04:20 ET]
Table 'Nash' 9-max Seat #6 is the button
Seat 1: Nodshure ($4.85 in chips) 
Seat 2: Dt_Hyde1 ($10.96 in chips) 
Seat 3: gismouck ($5.30 in chips) 
Seat 4: mullski326 ($4.47 in chips) 
Seat 5: NoName35387 ($4.93 in chips) 
Seat 6: Dorex2007 ($7.75 in chips) 
Seat 8: narcisacoromoto ($4.11 in chips) 
Seat 9: Sr ÁviIa ($2.28 in chips) 
narcisacoromoto: posts small blind $0.02
Sr ÁviIa: posts big blind $0.05
*** HOLE CARDS ***
Dealt to Dorex2007 [8s 7s]
Nodshure: folds 
Dt_Hyde1: folds 
gismouck: folds 
mullski326: folds 
NoName35387: raises $0.15 to $0.20
Dorex2007: folds 
Worship_Me99 joins the table at seat #7 
narcisacoromoto: calls $0.18
Sr ÁviIa: folds 
*** FLOP *** [6s Th 8d]
narcisacoromoto: checks 
NoName35387: bets $0.21
narcisacoromoto: calls $0.21
*** TURN *** [6s Th 8d] [5s]
narcisacoromoto: checks 
NoName35387: bets $0.41
narcisacoromoto: calls $0.41
*** RIVER *** [6s Th 8d 5s] [Jd]
narcisacoromoto: checks 
NoName35387: checks 
*** SHOW DOWN ***
narcisacoromoto: shows [7h 5h] (a pair of Fives)
NoName35387: mucks hand 
narcisacoromoto collected $1.62 from pot
*** SUMMARY ***
Total pot $1.69 | Rake $0.07 
Board [6s Th 8d 5s Jd]
Seat 1: Nodshure folded before Flop (didn't bet)
Seat 2: Dt_Hyde1 folded before Flop (didn't bet)
Seat 3: gismouck folded before Flop (didn't bet)
Seat 4: mullski326 folded before Flop (didn't bet)
Seat 5: NoName35387 mucked [Ks Ac]
Seat 6: Dorex2007 (button) folded before Flop (didn't bet)
Seat 8: narcisacoromoto (small blind) showed [7h 5h] and won ($1.62) with a pair of Fives
Seat 9: Sr ÁviIa (big blind) folded before Flop



PokerStars Hand #238446359969:  Hold'em No Limit ($0.02/$0.05 USD) - 2022/09/05 20:05:27 PT [2022/09/05 23:05:27 ET]
Table 'Nash' 9-max Seat #8 is the button
Seat 1: Nodshure ($4.85 in chips) 
Seat 2: Dt_Hyde1 ($10.96 in chips) 
Seat 3: gismouck ($5.30 in chips) 
Seat 4: mullski326 ($4.47 in chips) 
Seat 5: NoName35387 ($4.11 in chips) 
Seat 6: Dorex2007 ($7.75 in chips) 
Seat 7: Worship_Me99 ($3.01 in chips) 
Seat 8: narcisacoromoto ($4.91 in chips) 
Seat 9: Sr ÁviIa ($2.23 in chips) 
Sr ÁviIa: posts small blind $0.02
Nodshure: posts big blind $0.05
Worship_Me99: posts big blind $0.05
*** HOLE CARDS ***
Dealt to Dorex2007 [8s 4d]
Dt_Hyde1: folds 
gismouck: folds 
mullski326: folds 
NoName35387: calls $0.05
Dorex2007: folds 
Worship_Me99: checks 
narcisacoromoto: calls $0.05
Sr ÁviIa: folds 
Nodshure: checks 
*** FLOP *** [Td Ts 2d]
Nodshure: checks 
NoName35387: checks 
Worship_Me99: bets $0.05
narcisacoromoto: calls $0.05
Nodshure: folds 
NoName35387: calls $0.05
*** TURN *** [Td Ts 2d] [Qh]
NoName35387: checks 
Worship_Me99: bets $0.05
narcisacoromoto: calls $0.05
NoName35387: folds 
*** RIVER *** [Td Ts 2d Qh] [3s]
Worship_Me99: bets $0.05
narcisacoromoto: calls $0.05
*** SHOW DOWN ***
Worship_Me99: shows [4c 2h] (two pair, Tens and Deuces)
narcisacoromoto: shows [2s Kd] (two pair, Tens and Deuces - King kicker)
narcisacoromoto collected $0.55 from pot
*** SUMMARY ***
Total pot $0.57 | Rake $0.02 
Board [Td Ts 2d Qh 3s]
Seat 1: Nodshure (big blind) folded on the Flop
Seat 2: Dt_Hyde1 folded before Flop (didn't bet)
Seat 3: gismouck folded before Flop (didn't bet)
Seat 4: mullski326 folded before Flop (didn't bet)
Seat 5: NoName35387 folded on the Turn
Seat 6: Dorex2007 folded before Flop (didn't bet)
Seat 7: Worship_Me99 showed [4c 2h] and lost with two pair, Tens and Deuces
Seat 8: narcisacoromoto (button) showed [2s Kd] and won ($0.55) with two pair, Tens and Deuces
Seat 9: Sr ÁviIa (small blind) folded before Flop



PokerStars Hand #238446367396:  Hold'em No Limit ($0.02/$0.05 USD) - 2022/09/05 20:06:16 PT [2022/09/05 23:06:16 ET]
Table 'Nash' 9-max Seat #9 is the button
Seat 1: Nodshure ($4.80 in chips) 
Seat 2: Dt_Hyde1 ($10.96 in chips) 
Seat 3: gismouck ($5.30 in chips) 
Seat 4: mullski326 ($4.47 in chips) 
Seat 5: NoName35387 ($4.01 in chips) 
Seat 6: Dorex2007 ($7.75 in chips) 
Seat 7: Worship_Me99 ($2.81 in chips) 
Seat 8: narcisacoromoto ($5.26 in chips) 
Seat 9: Sr ÁviIa ($2.21 in chips) 
Nodshure: posts small blind $0.02
Dt_Hyde1: posts big blind $0.05
*** HOLE CARDS ***
Dealt to Dorex2007 [9c Ks]
gismouck: folds 
mullski326: folds 
NoName35387: folds 
Dorex2007: folds 
Worship_Me99: calls $0.05
narcisacoromoto: calls $0.05
Sr ÁviIa: raises $0.15 to $0.20
Nodshure: folds 
Dt_Hyde1: folds 
Worship_Me99: calls $0.15
narcisacoromoto: calls $0.15
*** FLOP *** [9h 5s Kc]
Worship_Me99: bets $0.05
narcisacoromoto: calls $0.05
Sr ÁviIa: raises $0.25 to $0.30
Worship_Me99: calls $0.25
narcisacoromoto: calls $0.25
*** TURN *** [9h 5s Kc] [Ah]
Worship_Me99: checks 
narcisacoromoto: checks 
mullski326 is disconnected 
Sr ÁviIa: checks 
*** RIVER *** [9h 5s Kc Ah] [5h]
Worship_Me99: bets $0.10
narcisacoromoto: folds 
Sr ÁviIa: calls $0.10
*** SHOW DOWN ***
Worship_Me99: shows [7d 6s] (a pair of Fives)
Sr ÁviIa: shows [Td Kd] (two pair, Kings and Fives)
Sr ÁviIa collected $1.70 from pot
*** SUMMARY ***
Total pot $1.77 | Rake $0.07 
Board [9h 5s Kc Ah 5h]
Seat 1: Nodshure (small blind) folded before Flop
Seat 2: Dt_Hyde1 (big blind) folded before Flop
Seat 3: gismouck folded before Flop (didn't bet)
Seat 4: mullski326 folded before Flop (didn't bet)
Seat 5: NoName35387 folded before Flop (didn't bet)
Seat 6: Dorex2007 folded before Flop (didn't bet)
Seat 7: Worship_Me99 showed [7d 6s] and lost with a pair of Fives
Seat 8: narcisacoromoto folded on the River
Seat 9: Sr ÁviIa (button) showed [Td Kd] and won ($1.70) with two pair, Kings and Fives



PokerStars Hand #238446379305:  Hold'em No Limit ($0.02/$0.05 USD) - 2022/09/05 20:07:33 PT [2022/09/05 23:07:33 ET]
Table 'Nash' 9-max Seat #1 is the button
Seat 1: Nodshure ($4.78 in chips) 
Seat 2: Dt_Hyde1 ($10.91 in chips) 
Seat 3: gismouck ($5.30 in chips) 
Seat 4: mullski326 ($4.47 in chips) 
Seat 5: NoName35387 ($4.01 in chips) 
Seat 6: Dorex2007 ($7.75 in chips) 
Seat 7: Worship_Me99 ($2.21 in chips) 
Seat 8: narcisacoromoto ($4.76 in chips) 
Seat 9: Sr ÁviIa ($3.31 in chips) 
Dt_Hyde1: posts small blind $0.02
gismouck: posts big blind $0.05
*** HOLE CARDS ***
Dealt to Dorex2007 [Ks 4s]
mullski326 has timed out while disconnected
mullski326: folds 
NoName35387: folds 
Dorex2007: folds 
Worship_Me99: calls $0.05
narcisacoromoto: folds 
Sr ÁviIa: folds 
Nodshure: folds 
Dt_Hyde1: raises $0.20 to $0.25
gismouck: folds 
Worship_Me99: folds 
Uncalled bet ($0.20) returned to Dt_Hyde1
Dt_Hyde1 collected $0.15 from pot
Dt_Hyde1: doesn't show hand 
*** SUMMARY ***
Total pot $0.15 | Rake $0 
Seat 1: Nodshure (button) folded before Flop (didn't bet)
Seat 2: Dt_Hyde1 (small blind) collected ($0.15)
Seat 3: gismouck (big blind) folded before Flop
Seat 4: mullski326 folded before Flop (didn't bet)
Seat 5: NoName35387 folded before Flop (didn't bet)
Seat 6: Dorex2007 folded before Flop (didn't bet)
Seat 7: Worship_Me99 folded before Flop
Seat 8: narcisacoromoto folded before Flop (didn't bet)
Seat 9: Sr ÁviIa folded before Flop (didn't bet)



PokerStars Hand #238446384095:  Hold'em No Limit ($0.02/$0.05 USD) - 2022/09/05 20:08:04 PT [2022/09/05 23:08:04 ET]
Table 'Nash' 9-max Seat #2 is the button
Seat 1: Nodshure ($4.78 in chips) 
Seat 2: Dt_Hyde1 ($11.01 in chips) 
Seat 3: gismouck ($5.25 in chips) 
Seat 4: mullski326 ($4.47 in chips) 
Seat 5: NoName35387 ($4.01 in chips) 
Seat 6: Dorex2007 ($7.75 in chips) 
Seat 7: Worship_Me99 ($2.16 in chips) 
Seat 8: narcisacoromoto ($4.76 in chips) 
Seat 9: Sr ÁviIa ($3.31 in chips) 
gismouck: posts small blind $0.02
mullski326: posts big blind $0.05
*** HOLE CARDS ***
Dealt to Dorex2007 [Td 8s]
NoName35387 has timed out
NoName35387: folds 
Dorex2007: folds 
Worship_Me99: folds 
narcisacoromoto: raises $0.15 to $0.20
Sr ÁviIa: folds 
Nodshure: folds 
Dt_Hyde1: folds 
gismouck: folds 
mullski326: folds 
Uncalled bet ($0.15) returned to narcisacoromoto
narcisacoromoto collected $0.12 from pot
*** SUMMARY ***
Total pot $0.12 | Rake $0 
Seat 1: Nodshure folded before Flop (didn't bet)
Seat 2: Dt_Hyde1 (button) folded before Flop (didn't bet)
Seat 3: gismouck (small blind) folded before Flop
Seat 4: mullski326 (big blind) folded before Flop
Seat 5: NoName35387 folded before Flop (didn't bet)
Seat 6: Dorex2007 folded before Flop (didn't bet)
Seat 7: Worship_Me99 folded before Flop (didn't bet)
Seat 8: narcisacoromoto collected ($0.12)
Seat 9: Sr ÁviIa folded before Flop (didn't bet)



PokerStars Hand #238446390404:  Hold'em No Limit ($0.02/$0.05 USD) - 2022/09/05 20:08:45 PT [2022/09/05 23:08:45 ET]
Table 'Nash' 9-max Seat #3 is the button
Seat 1: Nodshure ($4.78 in chips) 
Seat 2: Dt_Hyde1 ($11.01 in chips) 
Seat 3: gismouck ($5.23 in chips) 
Seat 4: mullski326 ($4.42 in chips) 
Seat 5: NoName35387 ($4.01 in chips) 
Seat 6: Dorex2007 ($7.75 in chips) 
Seat 7: Worship_Me99 ($2.16 in chips) 
Seat 8: narcisacoromoto ($4.83 in chips) 
Seat 9: Sr ÁviIa ($3.31 in chips) 
mullski326: posts small blind $0.02
NoName35387: posts big blind $0.05
*** HOLE CARDS ***
Dealt to Dorex2007 [5s 2c]
Dorex2007: folds 
Worship_Me99: calls $0.05
narcisacoromoto: calls $0.05
Sr ÁviIa: raises $0.10 to $0.15
Nodshure: calls $0.15
Dt_Hyde1: folds 
gismouck: folds 
mullski326: folds 
NoName35387: folds 
Worship_Me99: folds 
narcisacoromoto: calls $0.10
*** FLOP *** [6c Jd Kc]
narcisacoromoto: checks 
Sr ÁviIa: bets $0.27
Nodshure: calls $0.27
narcisacoromoto: folds 
*** TURN *** [6c Jd Kc] [2s]
Sr ÁviIa: checks 
Nodshure: checks 
*** RIVER *** [6c Jd Kc 2s] [7d]
Sr ÁviIa: bets $0.53
Nodshure: calls $0.53
*** SHOW DOWN ***
Sr ÁviIa: shows [9c Jc] (a pair of Jacks)
Nodshure: shows [Qh Kh] (a pair of Kings)
Nodshure collected $2.08 from pot
*** SUMMARY ***
Total pot $2.17 | Rake $0.09 
Board [6c Jd Kc 2s 7d]
Seat 1: Nodshure showed [Qh Kh] and won ($2.08) with a pair of Kings
Seat 2: Dt_Hyde1 folded before Flop (didn't bet)
Seat 3: gismouck (button) folded before Flop (didn't bet)
Seat 4: mullski326 (small blind) folded before Flop
Seat 5: NoName35387 (big blind) folded before Flop
Seat 6: Dorex2007 folded before Flop (didn't bet)
Seat 7: Worship_Me99 folded before Flop
Seat 8: narcisacoromoto folded on the Flop
Seat 9: Sr ÁviIa showed [9c Jc] and lost with a pair of Jacks



PokerStars Hand #238446408231:  Hold'em No Limit ($0.02/$0.05 USD) - 2022/09/05 20:10:40 PT [2022/09/05 23:10:40 ET]
Table 'Nash' 9-max Seat #4 is the button
Seat 1: Nodshure ($5.91 in chips) 
Seat 2: Dt_Hyde1 ($11.01 in chips) 
Seat 3: gismouck ($5.23 in chips) 
Seat 4: mullski326 ($4.40 in chips) 
Seat 5: NoName35387 ($3.96 in chips) 
Seat 6: Dorex2007 ($7.75 in chips) 
Seat 7: Worship_Me99 ($2.11 in chips) 
Seat 8: narcisacoromoto ($4.68 in chips) 
Seat 9: Sr ÁviIa ($2.36 in chips) 
NoName35387: posts small blind $0.02
Dorex2007: posts big blind $0.05
*** HOLE CARDS ***
Dealt to Dorex2007 [8s Th]
Worship_Me99: folds 
narcisacoromoto: folds 
Sr ÁviIa: folds 
Nodshure: folds 
Dt_Hyde1: raises $0.15 to $0.20
gismouck: folds 
mullski326: calls $0.20
NoName35387: calls $0.18
Dorex2007: folds 
*** FLOP *** [As 2c Ks]
NoName35387: checks 
Dt_Hyde1: bets $0.50
mullski326: folds 
NoName35387: calls $0.50
*** TURN *** [As 2c Ks] [8h]
NoName35387: checks 
Dt_Hyde1: bets $1.26
NoName35387: folds 
Uncalled bet ($1.26) returned to Dt_Hyde1
Dt_Hyde1 collected $1.58 from pot
Dt_Hyde1: doesn't show hand 
*** SUMMARY ***
Total pot $1.65 | Rake $0.07 
Board [As 2c Ks 8h]
Seat 1: Nodshure folded before Flop (didn't bet)
Seat 2: Dt_Hyde1 collected ($1.58)
Seat 3: gismouck folded before Flop (didn't bet)
Seat 4: mullski326 (button) folded on the Flop
Seat 5: NoName35387 (small blind) folded on the Turn
Seat 6: Dorex2007 (big blind) folded before Flop
Seat 7: Worship_Me99 folded before Flop (didn't bet)
Seat 8: narcisacoromoto folded before Flop (didn't bet)
Seat 9: Sr ÁviIa folded before Flop (didn't bet)



PokerStars Hand #238446415150:  Hold'em No Limit ($0.02/$0.05 USD) - 2022/09/05 20:11:26 PT [2022/09/05 23:11:26 ET]
Table 'Nash' 9-max Seat #5 is the button
Seat 1: Nodshure ($5.91 in chips) 
Seat 2: Dt_Hyde1 ($11.89 in chips) 
Seat 3: gismouck ($5.23 in chips) 
Seat 4: mullski326 ($4.20 in chips) 
Seat 5: NoName35387 ($3.26 in chips) 
Seat 6: Dorex2007 ($7.70 in chips) 
Seat 7: Worship_Me99 ($2.11 in chips) 
Seat 8: narcisacoromoto ($4.68 in chips) 
Seat 9: Sr ÁviIa ($2.36 in chips) 
Dorex2007: posts small blind $0.02
Worship_Me99: posts big blind $0.05
*** HOLE CARDS ***
Dealt to Dorex2007 [4c Tc]
narcisacoromoto has timed out
narcisacoromoto: folds 
Sr ÁviIa: folds 
Nodshure: raises $0.10 to $0.15
Dt_Hyde1: folds 
gismouck: folds 
mullski326: folds 
NoName35387: calls $0.15
Dorex2007: folds 
Worship_Me99: calls $0.10
*** FLOP *** [As 6h Kc]
Worship_Me99: checks 
Nodshure: checks 
NoName35387: checks 
*** TURN *** [As 6h Kc] [5s]
Worship_Me99: bets $0.05
Nodshure: calls $0.05
NoName35387: calls $0.05
*** RIVER *** [As 6h Kc 5s] [Qs]
Worship_Me99: bets $0.05
Nodshure: calls $0.05
NoName35387: folds 
*** SHOW DOWN ***
Worship_Me99: shows [Kd 3c] (a pair of Kings)
Nodshure: shows [Qc Qh] (three of a kind, Queens)
Nodshure collected $0.69 from pot
*** SUMMARY ***
Total pot $0.72 | Rake $0.03 
Board [As 6h Kc 5s Qs]
Seat 1: Nodshure showed [Qc Qh] and won ($0.69) with three of a kind, Queens
Seat 2: Dt_Hyde1 folded before Flop (didn't bet)
Seat 3: gismouck folded before Flop (didn't bet)
Seat 4: mullski326 folded before Flop (didn't bet)
Seat 5: NoName35387 (button) folded on the River
Seat 6: Dorex2007 (small blind) folded before Flop
Seat 7: Worship_Me99 (big blind) showed [Kd 3c] and lost with a pair of Kings
Seat 8: narcisacoromoto folded before Flop (didn't bet)
Seat 9: Sr ÁviIa folded before Flop (didn't bet)



PokerStars Hand #238446423538:  Hold'em No Limit ($0.02/$0.05 USD) - 2022/09/05 20:12:21 PT [2022/09/05 23:12:21 ET]
Table 'Nash' 9-max Seat #6 is the button
Seat 1: Nodshure ($6.35 in chips) 
Seat 2: Dt_Hyde1 ($11.89 in chips) 
Seat 3: gismouck ($5.23 in chips) 
Seat 4: mullski326 ($4.20 in chips) 
Seat 5: NoName35387 ($3.06 in chips) 
Seat 6: Dorex2007 ($7.68 in chips) 
Seat 7: Worship_Me99 ($1.86 in chips) 
Seat 8: narcisacoromoto ($4.68 in chips) 
Seat 9: Sr ÁviIa ($2.36 in chips) 
Worship_Me99: posts small blind $0.02
narcisacoromoto: posts big blind $0.05
*** HOLE CARDS ***
Dealt to Dorex2007 [8h 4d]
Sr ÁviIa: folds 
Nodshure: folds 
Dt_Hyde1: folds 
gismouck: folds 
mullski326: raises $0.12 to $0.17
NoName35387: folds 
Dorex2007: folds 
Worship_Me99: folds 
narcisacoromoto: calls $0.12
*** FLOP *** [Tc 8d Qc]
narcisacoromoto: checks 
mullski326: bets $0.35
narcisacoromoto: calls $0.35
*** TURN *** [Tc 8d Qc] [6s]
narcisacoromoto: checks 
mullski326: bets $3.68 and is all-in
narcisacoromoto: folds 
Uncalled bet ($3.68) returned to mullski326
mullski326 collected $1.02 from pot
*** SUMMARY ***
Total pot $1.06 | Rake $0.04 
Board [Tc 8d Qc 6s]
Seat 1: Nodshure folded before Flop (didn't bet)
Seat 2: Dt_Hyde1 folded before Flop (didn't bet)
Seat 3: gismouck folded before Flop (didn't bet)
Seat 4: mullski326 collected ($1.02)
Seat 5: NoName35387 folded before Flop (didn't bet)
Seat 6: Dorex2007 (button) folded before Flop (didn't bet)
Seat 7: Worship_Me99 (small blind) folded before Flop
Seat 8: narcisacoromoto (big blind) folded on the Turn
Seat 9: Sr ÁviIa folded before Flop (didn't bet)



PokerStars Hand #238446432131:  Hold'em No Limit ($0.02/$0.05 USD) - 2022/09/05 20:13:18 PT [2022/09/05 23:13:18 ET]
Table 'Nash' 9-max Seat #7 is the button
Seat 1: Nodshure ($6.35 in chips) 
Seat 2: Dt_Hyde1 ($11.89 in chips) 
Seat 3: gismouck ($5.23 in chips) 
Seat 4: mullski326 ($4.70 in chips) 
Seat 5: NoName35387 ($3.06 in chips) 
Seat 6: Dorex2007 ($7.68 in chips) 
Seat 7: Worship_Me99 ($1.84 in chips) 
Seat 8: narcisacoromoto ($4.16 in chips) 
Seat 9: Sr ÁviIa ($2.36 in chips) 
narcisacoromoto: posts small blind $0.02
Sr ÁviIa: posts big blind $0.05
*** HOLE CARDS ***
Dealt to Dorex2007 [7d Jd]
Nodshure: raises $0.10 to $0.15
Dt_Hyde1: folds 
gismouck: folds 
mullski326: folds 
NoName35387: folds 
Dorex2007: folds 
Worship_Me99: calls $0.15
narcisacoromoto: calls $0.13
Sr ÁviIa: folds 
*** FLOP *** [Ks Ad 2s]
narcisacoromoto: checks 
Nodshure: checks 
Worship_Me99: bets $0.05
narcisacoromoto: calls $0.05
Nodshure: calls $0.05
*** TURN *** [Ks Ad 2s] [Jh]
narcisacoromoto: checks 
Nodshure: checks 
Worship_Me99: bets $0.05
narcisacoromoto: raises $0.15 to $0.20
Nodshure: folds 
Worship_Me99: calls $0.15
*** RIVER *** [Ks Ad 2s Jh] [Ts]
narcisacoromoto: bets $0.15
Worship_Me99: calls $0.15
*** SHOW DOWN ***
narcisacoromoto: shows [Jc Js] (three of a kind, Jacks)
Worship_Me99: mucks hand 
narcisacoromoto collected $1.29 from pot
*** SUMMARY ***
Total pot $1.35 | Rake $0.06 
Board [Ks Ad 2s Jh Ts]
Seat 1: Nodshure folded on the Turn
Seat 2: Dt_Hyde1 folded before Flop (didn't bet)
Seat 3: gismouck folded before Flop (didn't bet)
Seat 4: mullski326 folded before Flop (didn't bet)
Seat 5: NoName35387 folded before Flop (didn't bet)
Seat 6: Dorex2007 folded before Flop (didn't bet)
Seat 7: Worship_Me99 (button) mucked [7h Kh]
Seat 8: narcisacoromoto (small blind) showed [Jc Js] and won ($1.29) with three of a kind, Jacks
Seat 9: Sr ÁviIa (big blind) folded before Flop



PokerStars Hand #238446441390:  Hold'em No Limit ($0.02/$0.05 USD) - 2022/09/05 20:14:20 PT [2022/09/05 23:14:20 ET]
Table 'Nash' 9-max Seat #8 is the button
Seat 1: Nodshure ($6.15 in chips) 
Seat 2: Dt_Hyde1 ($11.89 in chips) 
Seat 3: gismouck ($5.23 in chips) 
Seat 4: mullski326 ($4.70 in chips) 
Seat 5: NoName35387 ($3.06 in chips) 
Seat 6: Dorex2007 ($7.68 in chips) 
Seat 7: Worship_Me99 ($1.29 in chips) 
Seat 8: narcisacoromoto ($4.90 in chips) 
Seat 9: Sr ÁviIa ($2.31 in chips) 
Sr ÁviIa: posts small blind $0.02
Nodshure: posts big blind $0.05
*** HOLE CARDS ***
Dealt to Dorex2007 [Jd 5c]
Dt_Hyde1: folds 
gismouck: folds 
mullski326: folds 
NoName35387: raises $0.05 to $0.10
Dorex2007: folds 
Worship_Me99: calls $0.10
narcisacoromoto: calls $0.10
Sr ÁviIa: folds 
Nodshure: calls $0.05
*** FLOP *** [Th 2s 8s]
Nodshure: checks 
NoName35387: bets $0.40
Worship_Me99: folds 
narcisacoromoto: folds 
Nodshure: folds 
Uncalled bet ($0.40) returned to NoName35387
NoName35387 collected $0.40 from pot
*** SUMMARY ***
Total pot $0.42 | Rake $0.02 
Board [Th 2s 8s]
Seat 1: Nodshure (big blind) folded on the Flop
Seat 2: Dt_Hyde1 folded before Flop (didn't bet)
Seat 3: gismouck folded before Flop (didn't bet)
Seat 4: mullski326 folded before Flop (didn't bet)
Seat 5: NoName35387 collected ($0.40)
Seat 6: Dorex2007 folded before Flop (didn't bet)
Seat 7: Worship_Me99 folded on the Flop
Seat 8: narcisacoromoto (button) folded on the Flop
Seat 9: Sr ÁviIa (small blind) folded before Flop



PokerStars Hand #238446447279:  Hold'em No Limit ($0.02/$0.05 USD) - 2022/09/05 20:15:03 PT [2022/09/05 23:15:03 ET]
Table 'Nash' 9-max Seat #9 is the button
Seat 1: Nodshure ($6.05 in chips) 
Seat 2: Dt_Hyde1 ($11.89 in chips) 
Seat 3: gismouck ($5.23 in chips) 
Seat 4: mullski326 ($4.70 in chips) 
Seat 5: NoName35387 ($3.36 in chips) 
Seat 6: Dorex2007 ($7.68 in chips) 
Seat 7: Worship_Me99 ($1.19 in chips) 
Seat 8: narcisacoromoto ($4.80 in chips) 
Seat 9: Sr ÁviIa ($2.29 in chips) 
Nodshure: posts small blind $0.02
Dt_Hyde1: posts big blind $0.05
*** HOLE CARDS ***
Dealt to Dorex2007 [2h 5c]
gismouck: raises $0.05 to $0.10
mullski326: folds 
NoName35387: calls $0.10
Dorex2007: folds 
Worship_Me99: folds 
narcisacoromoto: calls $0.10
Sr ÁviIa: folds 
Nodshure: folds 
Dt_Hyde1: folds 
*** FLOP *** [Ad 5h Ah]
gismouck: checks 
NoName35387: checks 
narcisacoromoto: checks 
*** TURN *** [Ad 5h Ah] [4h]
gismouck: checks 
NoName35387: checks 
narcisacoromoto: bets $0.05
gismouck: calls $0.05
NoName35387: calls $0.05
*** RIVER *** [Ad 5h Ah 4h] [3h]
gismouck: checks 
NoName35387: checks 
narcisacoromoto: checks 
*** SHOW DOWN ***
gismouck: shows [8s 8c] (two pair, Aces and Eights)
NoName35387: shows [Jc Th] (a flush, Ace high)
narcisacoromoto: mucks hand 
NoName35387 collected $0.50 from pot
*** SUMMARY ***
Total pot $0.52 | Rake $0.02 
Board [Ad 5h Ah 4h 3h]
Seat 1: Nodshure (small blind) folded before Flop
Seat 2: Dt_Hyde1 (big blind) folded before Flop
Seat 3: gismouck showed [8s 8c] and lost with two pair, Aces and Eights
Seat 4: mullski326 folded before Flop (didn't bet)
Seat 5: NoName35387 showed [Jc Th] and won ($0.50) with a flush, Ace high
Seat 6: Dorex2007 folded before Flop (didn't bet)
Seat 7: Worship_Me99 folded before Flop (didn't bet)
Seat 8: narcisacoromoto mucked [As 9c]
Seat 9: Sr ÁviIa (button) folded before Flop (didn't bet)



PokerStars Hand #238446460255:  Hold'em No Limit ($0.02/$0.05 USD) - 2022/09/05 20:16:31 PT [2022/09/05 23:16:31 ET]
Table 'Nash' 9-max Seat #1 is the button
Seat 1: Nodshure ($6.03 in chips) 
Seat 2: Dt_Hyde1 ($11.84 in chips) 
Seat 3: gismouck ($5.08 in chips) 
Seat 4: mullski326 ($4.70 in chips) 
Seat 5: NoName35387 ($3.71 in chips) 
Seat 6: Dorex2007 ($7.68 in chips) 
Seat 7: Worship_Me99 ($1.19 in chips) 
Seat 8: narcisacoromoto ($4.65 in chips) 
Seat 9: Sr ÁviIa ($2.29 in chips) 
Dt_Hyde1: posts small blind $0.02
gismouck: posts big blind $0.05
*** HOLE CARDS ***
Dealt to Dorex2007 [7d 6d]
mullski326: folds 
NoName35387: folds 
Dorex2007: folds 
Worship_Me99: calls $0.05
narcisacoromoto: calls $0.05
Sr ÁviIa: folds 
Nodshure: calls $0.05
Dt_Hyde1: folds 
gismouck: checks 
*** FLOP *** [Jd Ks Ts]
gismouck: checks 
Worship_Me99: bets $0.05
narcisacoromoto: folds 
Nodshure: folds 
gismouck: folds 
Uncalled bet ($0.05) returned to Worship_Me99
Worship_Me99 collected $0.21 from pot
*** SUMMARY ***
Total pot $0.22 | Rake $0.01 
Board [Jd Ks Ts]
Seat 1: Nodshure (button) folded on the Flop
Seat 2: Dt_Hyde1 (small blind) folded before Flop
Seat 3: gismouck (big blind) folded on the Flop
Seat 4: mullski326 folded before Flop (didn't bet)
Seat 5: NoName35387 folded before Flop (didn't bet)
Seat 6: Dorex2007 folded before Flop (didn't bet)
Seat 7: Worship_Me99 collected ($0.21)
Seat 8: narcisacoromoto folded on the Flop
Seat 9: Sr ÁviIa folded before Flop (didn't bet)



PokerStars Hand #238446465598:  Hold'em No Limit ($0.02/$0.05 USD) - 2022/09/05 20:17:06 PT [2022/09/05 23:17:06 ET]
Table 'Nash' 9-max Seat #2 is the button
Seat 1: Nodshure ($5.98 in chips) 
Seat 2: Dt_Hyde1 ($11.82 in chips) 
Seat 3: gismouck ($5.03 in chips) 
Seat 5: NoName35387 ($3.71 in chips) 
Seat 6: Dorex2007 ($7.68 in chips) 
Seat 7: Worship_Me99 ($1.35 in chips) 
Seat 8: narcisacoromoto ($4.60 in chips) 
Seat 9: Sr ÁviIa ($2.29 in chips) 
gismouck: posts small blind $0.02
mullski326: is sitting out 
NoName35387: posts big blind $0.05
*** HOLE CARDS ***
Dealt to Dorex2007 [4d 2c]
Dorex2007: folds 
Worship_Me99: folds 
narcisacoromoto: calls $0.05
Sr ÁviIa: folds 
Nodshure: folds 
Dt_Hyde1: folds 
gismouck: calls $0.03
NoName35387: checks 
*** FLOP *** [Qh 8h 7h]
gismouck: checks 
NoName35387: checks 
narcisacoromoto: bets $0.05
gismouck: folds 
NoName35387: calls $0.05
*** TURN *** [Qh 8h 7h] [9c]
NoName35387: checks 
narcisacoromoto: bets $0.12
NoName35387: calls $0.12
*** RIVER *** [Qh 8h 7h 9c] [3d]
NoName35387: checks 
narcisacoromoto: bets $0.23
NoName35387: folds 
Uncalled bet ($0.23) returned to narcisacoromoto
narcisacoromoto collected $0.47 from pot
*** SUMMARY ***
Total pot $0.49 | Rake $0.02 
Board [Qh 8h 7h 9c 3d]
Seat 1: Nodshure folded before Flop (didn't bet)
Seat 2: Dt_Hyde1 (button) folded before Flop (didn't bet)
Seat 3: gismouck (small blind) folded on the Flop
Seat 5: NoName35387 (big blind) folded on the River
Seat 6: Dorex2007 folded before Flop (didn't bet)
Seat 7: Worship_Me99 folded before Flop (didn't bet)
Seat 8: narcisacoromoto collected ($0.47)
Seat 9: Sr ÁviIa folded before Flop (didn't bet)



PokerStars Hand #238446473015:  Hold'em No Limit ($0.02/$0.05 USD) - 2022/09/05 20:17:56 PT [2022/09/05 23:17:56 ET]
Table 'Nash' 9-max Seat #3 is the button
Seat 1: Nodshure ($5.98 in chips) 
Seat 2: Dt_Hyde1 ($11.82 in chips) 
Seat 3: gismouck ($5 in chips) 
Seat 5: NoName35387 ($3.49 in chips) 
Seat 6: Dorex2007 ($7.68 in chips) 
Seat 7: Worship_Me99 ($1.35 in chips) 
Seat 8: narcisacoromoto ($4.85 in chips) 
Seat 9: Sr ÁviIa ($2.29 in chips) 
NoName35387: posts small blind $0.02
Dorex2007: posts big blind $0.05
*** HOLE CARDS ***
Dealt to Dorex2007 [Jc Qs]
Worship_Me99: calls $0.05
narcisacoromoto: calls $0.05
Sr ÁviIa: folds 
Nodshure: folds 
Dt_Hyde1: folds 
gismouck: folds 
NoName35387: folds 
Dorex2007: checks 
*** FLOP *** [4d 6d 3d]
Dorex2007: checks 
Worship_Me99: bets $0.05
narcisacoromoto: calls $0.05
Dorex2007: folds 
*** TURN *** [4d 6d 3d] [Qd]
Worship_Me99: bets $0.05
narcisacoromoto: raises $0.18 to $0.23
Worship_Me99: folds 
Uncalled bet ($0.18) returned to narcisacoromoto
narcisacoromoto collected $0.35 from pot
*** SUMMARY ***
Total pot $0.37 | Rake $0.02 
Board [4d 6d 3d Qd]
Seat 1: Nodshure folded before Flop (didn't bet)
Seat 2: Dt_Hyde1 folded before Flop (didn't bet)
Seat 3: gismouck (button) folded before Flop (didn't bet)
Seat 5: NoName35387 (small blind) folded before Flop
Seat 6: Dorex2007 (big blind) folded on the Flop
Seat 7: Worship_Me99 folded on the Turn
Seat 8: narcisacoromoto collected ($0.35)
Seat 9: Sr ÁviIa folded before Flop (didn't bet)



PokerStars Hand #238446478514:  Hold'em No Limit ($0.02/$0.05 USD) - 2022/09/05 20:18:34 PT [2022/09/05 23:18:34 ET]
Table 'Nash' 9-max Seat #5 is the button
Seat 1: Nodshure ($5.98 in chips) 
Seat 2: Dt_Hyde1 ($11.82 in chips) 
Seat 3: gismouck ($5 in chips) 
Seat 5: NoName35387 ($3.47 in chips) 
Seat 6: Dorex2007 ($7.63 in chips) 
Seat 7: Worship_Me99 ($1.20 in chips) 
Seat 8: narcisacoromoto ($5.05 in chips) 
Seat 9: Sr ÁviIa ($2.29 in chips) 
Dorex2007: posts small blind $0.02
Worship_Me99: posts big blind $0.05
*** HOLE CARDS ***
Dealt to Dorex2007 [Ah Js]
narcisacoromoto: folds 
Sr ÁviIa: folds 
Nodshure: folds 
Dt_Hyde1: folds 
gismouck: raises $0.10 to $0.15
NoName35387: folds 
Dorex2007: calls $0.13
Worship_Me99: folds 
*** FLOP *** [Tc Ks 8c]
Dorex2007: bets $0.17
gismouck: calls $0.17
*** TURN *** [Tc Ks 8c] [Jc]
Dorex2007: bets $0.33
gismouck: calls $0.33
*** RIVER *** [Tc Ks 8c Jc] [6s]
Dorex2007: bets $0.64
gismouck: calls $0.64
*** SHOW DOWN ***
Dorex2007: shows [Ah Js] (a pair of Jacks)
gismouck: shows [Kh Ts] (two pair, Kings and Tens)
gismouck collected $2.52 from pot
*** SUMMARY ***
Total pot $2.63 | Rake $0.11 
Board [Tc Ks 8c Jc 6s]
Seat 1: Nodshure folded before Flop (didn't bet)
Seat 2: Dt_Hyde1 folded before Flop (didn't bet)
Seat 3: gismouck showed [Kh Ts] and won ($2.52) with two pair, Kings and Tens
Seat 5: NoName35387 (button) folded before Flop (didn't bet)
Seat 6: Dorex2007 (small blind) showed [Ah Js] and lost with a pair of Jacks
Seat 7: Worship_Me99 (big blind) folded before Flop
Seat 8: narcisacoromoto folded before Flop (didn't bet)
Seat 9: Sr ÁviIa folded before Flop (didn't bet)



PokerStars Hand #238446488415:  Hold'em No Limit ($0.02/$0.05 USD) - 2022/09/05 20:19:41 PT [2022/09/05 23:19:41 ET]
Table 'Nash' 9-max Seat #6 is the button
Seat 1: Nodshure ($5.98 in chips) 
Seat 2: Dt_Hyde1 ($11.82 in chips) 
Seat 3: gismouck ($6.23 in chips) 
Seat 5: NoName35387 ($3.47 in chips) 
Seat 6: Dorex2007 ($6.34 in chips) 
Seat 7: Worship_Me99 ($1.15 in chips) 
Seat 8: narcisacoromoto ($5.05 in chips) 
Seat 9: Sr ÁviIa ($2.29 in chips) 
Worship_Me99: posts small blind $0.02
narcisacoromoto: posts big blind $0.05
*** HOLE CARDS ***
Dealt to Dorex2007 [7h 8s]
Sr ÁviIa: folds 
mullski326 leaves the table
Nodshure: raises $0.10 to $0.15
Dt_Hyde1: raises $0.30 to $0.45
gismouck: folds 
NoName35387: folds 
Dorex2007: folds 
Worship_Me99: calls $0.43
narcisacoromoto: folds 
Nodshure: calls $0.30
*** FLOP *** [7c Js Jd]
Worship_Me99: bets $0.70 and is all-in
Nodshure: folds 
Dt_Hyde1: calls $0.70
*** TURN *** [7c Js Jd] [2d]
*** RIVER *** [7c Js Jd 2d] [5c]
*** SHOW DOWN ***
Worship_Me99: shows [9d Ts] (a pair of Jacks)
Dt_Hyde1: shows [Kd Kc] (two pair, Kings and Jacks)
Dt_Hyde1 collected $2.68 from pot
*** SUMMARY ***
Total pot $2.80 | Rake $0.12 
Board [7c Js Jd 2d 5c]
Seat 1: Nodshure folded on the Flop
Seat 2: Dt_Hyde1 showed [Kd Kc] and won ($2.68) with two pair, Kings and Jacks
Seat 3: gismouck folded before Flop (didn't bet)
Seat 5: NoName35387 folded before Flop (didn't bet)
Seat 6: Dorex2007 (button) folded before Flop (didn't bet)
Seat 7: Worship_Me99 (small blind) showed [9d Ts] and lost with a pair of Jacks
Seat 8: narcisacoromoto (big blind) folded before Flop
Seat 9: Sr ÁviIa folded before Flop (didn't bet)



PokerStars Hand #238446497055:  Hold'em No Limit ($0.02/$0.05 USD) - 2022/09/05 20:20:40 PT [2022/09/05 23:20:40 ET]
Table 'Nash' 9-max Seat #8 is the button
Seat 1: Nodshure ($5.53 in chips) 
Seat 2: Dt_Hyde1 ($13.35 in chips) 
Seat 3: gismouck ($6.23 in chips) 
Seat 5: NoName35387 ($3.47 in chips) 
Seat 6: Dorex2007 ($6.34 in chips) 
Seat 8: narcisacoromoto ($5 in chips) 
Seat 9: Sr ÁviIa ($2.29 in chips) 
Sr ÁviIa: posts small blind $0.02
Nodshure: posts big blind $0.05
*** HOLE CARDS ***
Dealt to Dorex2007 [3d 4h]
Dt_Hyde1: folds 
Dt_Hyde1 leaves the table
gismouck: raises $0.10 to $0.15
NoName35387: calls $0.15
Dorex2007: folds 
narcisacoromoto: folds 
Sr ÁviIa: folds 
Nodshure: folds 
*** FLOP *** [2c Kd 5s]
gismouck: bets $0.32
NoName35387: calls $0.32
*** TURN *** [2c Kd 5s] [Qs]
gismouck: bets $0.78
NoName35387: folds 
Uncalled bet ($0.78) returned to gismouck
Worship_Me99 leaves the table
gismouck collected $0.97 from pot
*** SUMMARY ***
Total pot $1.01 | Rake $0.04 
Board [2c Kd 5s Qs]
Seat 1: Nodshure (big blind) folded before Flop
Seat 2: Dt_Hyde1 folded before Flop (didn't bet)
Seat 3: gismouck collected ($0.97)
Seat 5: NoName35387 folded on the Turn
Seat 6: Dorex2007 folded before Flop (didn't bet)
Seat 8: narcisacoromoto (button) folded before Flop (didn't bet)
Seat 9: Sr ÁviIa (small blind) folded before Flop



PokerStars Hand #238446503923:  Hold'em No Limit ($0.02/$0.05 USD) - 2022/09/05 20:21:29 PT [2022/09/05 23:21:29 ET]
Table 'Nash' 9-max Seat #9 is the button
Seat 1: Nodshure ($5.48 in chips) 
Seat 3: gismouck ($6.73 in chips) 
Seat 5: NoName35387 ($3 in chips) 
Seat 6: Dorex2007 ($6.34 in chips) 
Seat 8: narcisacoromoto ($5 in chips) 
Seat 9: Sr ÁviIa ($2.27 in chips) 
Nodshure: posts small blind $0.02
gismouck: posts big blind $0.05
*** HOLE CARDS ***
Dealt to Dorex2007 [2s Th]
NoName35387: calls $0.05
Dorex2007: folds 
narcisacoromoto: calls $0.05
Sr ÁviIa: raises $0.20 to $0.25
Nodshure: folds 
gismouck: folds 
NoName35387: folds 
narcisacoromoto: calls $0.20
*** FLOP *** [3c 3d 5c]
narcisacoromoto: checks 
Sr ÁviIa: bets $0.29
narcisacoromoto: calls $0.29
*** TURN *** [3c 3d 5c] [6h]
narcisacoromoto: checks 
Sr ÁviIa: checks 
*** RIVER *** [3c 3d 5c 6h] [3h]
narcisacoromoto: bets $0.35
Sr ÁviIa: folds 
Uncalled bet ($0.35) returned to narcisacoromoto
narcisacoromoto collected $1.15 from pot
*** SUMMARY ***
Total pot $1.20 | Rake $0.05 
Board [3c 3d 5c 6h 3h]
Seat 1: Nodshure (small blind) folded before Flop
Seat 3: gismouck (big blind) folded before Flop
Seat 5: NoName35387 folded before Flop
Seat 6: Dorex2007 folded before Flop (didn't bet)
Seat 8: narcisacoromoto collected ($1.15)
Seat 9: Sr ÁviIa (button) folded on the River



PokerStars Hand #238446512494:  Hold'em No Limit ($0.02/$0.05 USD) - 2022/09/05 20:22:28 PT [2022/09/05 23:22:28 ET]
Table 'Nash' 9-max Seat #1 is the button
Seat 1: Nodshure ($5.46 in chips) 
Seat 3: gismouck ($6.68 in chips) 
Seat 5: NoName35387 ($2.95 in chips) 
Seat 6: Dorex2007 ($6.34 in chips) 
Seat 8: narcisacoromoto ($5.61 in chips) 
Seat 9: Sr ÁviIa ($1.73 in chips) 
gismouck: posts small blind $0.02
NoName35387: posts big blind $0.05
*** HOLE CARDS ***
Dealt to Dorex2007 [Qh 6d]
Dorex2007: folds 
narcisacoromoto: calls $0.05
Sr ÁviIa: folds 
Nodshure: folds 
gismouck: calls $0.03
NoName35387: checks 
*** FLOP *** [9d Ad 2s]
gismouck: bets $0.12
NoName35387: folds 
narcisacoromoto: folds 
Uncalled bet ($0.12) returned to gismouck
gismouck collected $0.14 from pot
*** SUMMARY ***
Total pot $0.15 | Rake $0.01 
Board [9d Ad 2s]
Seat 1: Nodshure (button) folded before Flop (didn't bet)
Seat 3: gismouck (small blind) collected ($0.14)
Seat 5: NoName35387 (big blind) folded on the Flop
Seat 6: Dorex2007 folded before Flop (didn't bet)
Seat 8: narcisacoromoto folded on the Flop
Seat 9: Sr ÁviIa folded before Flop (didn't bet)



PokerStars Hand #238446516820:  Hold'em No Limit ($0.02/$0.05 USD) - 2022/09/05 20:22:59 PT [2022/09/05 23:22:59 ET]
Table 'Nash' 9-max Seat #3 is the button
Seat 1: Nodshure ($5.46 in chips) 
Seat 3: gismouck ($6.77 in chips) 
Seat 5: NoName35387 ($2.90 in chips) 
Seat 6: Dorex2007 ($6.34 in chips) 
Seat 8: narcisacoromoto ($5.56 in chips) 
Seat 9: Sr ÁviIa ($1.73 in chips) 
NoName35387: posts small blind $0.02
Dorex2007: posts big blind $0.05
*** HOLE CARDS ***
Dealt to Dorex2007 [5h 4c]
narcisacoromoto: folds 
Sr ÁviIa: folds 
Nodshure: folds 
gismouck: folds 
NoName35387: folds 
Uncalled bet ($0.03) returned to Dorex2007
Dorex2007 collected $0.04 from pot
Dorex2007: doesn't show hand 
*** SUMMARY ***
Total pot $0.04 | Rake $0 
Seat 1: Nodshure folded before Flop (didn't bet)
Seat 3: gismouck (button) folded before Flop (didn't bet)
Seat 5: NoName35387 (small blind) folded before Flop
Seat 6: Dorex2007 (big blind) collected ($0.04)
Seat 8: narcisacoromoto folded before Flop (didn't bet)
Seat 9: Sr ÁviIa folded before Flop (didn't bet)



PokerStars Hand #238446519040:  Hold'em No Limit ($0.02/$0.05 USD) - 2022/09/05 20:23:14 PT [2022/09/05 23:23:14 ET]
Table 'Nash' 9-max Seat #5 is the button
Seat 1: Nodshure ($5.46 in chips) 
Seat 3: gismouck ($6.77 in chips) 
Seat 5: NoName35387 ($2.88 in chips) 
Seat 6: Dorex2007 ($6.36 in chips) 
Seat 8: narcisacoromoto ($5.56 in chips) 
Seat 9: Sr ÁviIa ($1.73 in chips) 
Dorex2007: posts small blind $0.02
narcisacoromoto: posts big blind $0.05
*** HOLE CARDS ***
Dealt to Dorex2007 [5c 6d]
Sr ÁviIa: folds 
Nodshure: folds 
gismouck: folds 
NoName35387: folds 
Dorex2007: calls $0.03
narcisacoromoto: checks 
*** FLOP *** [Qh Kh 2s]
Dorex2007: checks 
narcisacoromoto: bets $0.05
Dorex2007: folds 
Uncalled bet ($0.05) returned to narcisacoromoto
narcisacoromoto collected $0.10 from pot
*** SUMMARY ***
Total pot $0.10 | Rake $0 
Board [Qh Kh 2s]
Seat 1: Nodshure folded before Flop (didn't bet)
Seat 3: gismouck folded before Flop (didn't bet)
Seat 5: NoName35387 (button) folded before Flop (didn't bet)
Seat 6: Dorex2007 (small blind) folded on the Flop
Seat 8: narcisacoromoto (big blind) collected ($0.10)
Seat 9: Sr ÁviIa folded before Flop (didn't bet)



PokerStars Hand #238446522902:  Hold'em No Limit ($0.02/$0.05 USD) - 2022/09/05 20:23:40 PT [2022/09/05 23:23:40 ET]
Table 'Nash' 9-max Seat #6 is the button
Seat 1: Nodshure ($5.46 in chips) 
Seat 3: gismouck ($6.77 in chips) 
Seat 5: NoName35387 ($2.88 in chips) 
Seat 6: Dorex2007 ($6.31 in chips) 
Seat 8: narcisacoromoto ($5.61 in chips) 
Seat 9: Sr ÁviIa ($1.73 in chips) 
narcisacoromoto: posts small blind $0.02
Sr ÁviIa: posts big blind $0.05
*** HOLE CARDS ***
Dealt to Dorex2007 [7s Td]
Nodshure: folds 
gismouck: raises $0.10 to $0.15
NoName35387: calls $0.15
Dorex2007: folds 
narcisacoromoto: folds 
Sr ÁviIa: folds 
*** FLOP *** [9h Kh Ah]
gismouck: checks 
NoName35387: bets $0.35
gismouck: folds 
Uncalled bet ($0.35) returned to NoName35387
NoName35387 collected $0.35 from pot
*** SUMMARY ***
Total pot $0.37 | Rake $0.02 
Board [9h Kh Ah]
Seat 1: Nodshure folded before Flop (didn't bet)
Seat 3: gismouck folded on the Flop
Seat 5: NoName35387 collected ($0.35)
Seat 6: Dorex2007 (button) folded before Flop (didn't bet)
Seat 8: narcisacoromoto (small blind) folded before Flop
Seat 9: Sr ÁviIa (big blind) folded before Flop



PokerStars Hand #238446527998:  Hold'em No Limit ($0.02/$0.05 USD) - 2022/09/05 20:24:16 PT [2022/09/05 23:24:16 ET]
Table 'Nash' 9-max Seat #8 is the button
Seat 1: Nodshure ($5.46 in chips) 
Seat 3: gismouck ($6.62 in chips) 
Seat 5: NoName35387 ($3.08 in chips) 
Seat 6: Dorex2007 ($6.31 in chips) 
Seat 8: narcisacoromoto ($5.59 in chips) 
Seat 9: Sr ÁviIa ($1.68 in chips) 
Sr ÁviIa: posts small blind $0.02
Nodshure: posts big blind $0.05
*** HOLE CARDS ***
Dealt to Dorex2007 [9h Jc]
gismouck: folds 
NoName35387: folds 
Dorex2007: folds 
narcisacoromoto: folds 
Sr ÁviIa: folds 
Uncalled bet ($0.03) returned to Nodshure
Nodshure collected $0.04 from pot
*** SUMMARY ***
Total pot $0.04 | Rake $0 
Seat 1: Nodshure (big blind) collected ($0.04)
Seat 3: gismouck folded before Flop (didn't bet)
Seat 5: NoName35387 folded before Flop (didn't bet)
Seat 6: Dorex2007 folded before Flop (didn't bet)
Seat 8: narcisacoromoto (button) folded before Flop (didn't bet)
Seat 9: Sr ÁviIa (small blind) folded before Flop



PokerStars Hand #238446530232:  Hold'em No Limit ($0.02/$0.05 USD) - 2022/09/05 20:24:31 PT [2022/09/05 23:24:31 ET]
Table 'Nash' 9-max Seat #9 is the button
Seat 1: Nodshure ($5.48 in chips) 
Seat 3: gismouck ($6.62 in chips) 
Seat 5: NoName35387 ($3.08 in chips) 
Seat 6: Dorex2007 ($6.31 in chips) 
Seat 8: narcisacoromoto ($5.59 in chips) 
Seat 9: Sr ÁviIa ($1.66 in chips) 
Nodshure: posts small blind $0.02
gismouck: posts big blind $0.05
*** HOLE CARDS ***
Dealt to Dorex2007 [Ah 4s]
NoName35387: folds 
Dorex2007: folds 
narcisacoromoto: folds 
Sr ÁviIa: raises $0.10 to $0.15
Nodshure: folds 
gismouck: folds 
Uncalled bet ($0.10) returned to Sr ÁviIa
Sr ÁviIa collected $0.12 from pot
Sr ÁviIa: doesn't show hand 
*** SUMMARY ***
Total pot $0.12 | Rake $0 
Seat 1: Nodshure (small blind) folded before Flop
Seat 3: gismouck (big blind) folded before Flop
Seat 5: NoName35387 folded before Flop (didn't bet)
Seat 6: Dorex2007 folded before Flop (didn't bet)
Seat 8: narcisacoromoto folded before Flop (didn't bet)
Seat 9: Sr ÁviIa (button) collected ($0.12)



PokerStars Hand #238446532118:  Hold'em No Limit ($0.02/$0.05 USD) - 2022/09/05 20:24:45 PT [2022/09/05 23:24:45 ET]
Table 'Nash' 9-max Seat #1 is the button
Seat 1: Nodshure ($5.46 in chips) 
Seat 3: gismouck ($6.57 in chips) 
Seat 5: NoName35387 ($3.08 in chips) 
Seat 6: Dorex2007 ($6.31 in chips) 
Seat 8: narcisacoromoto ($5.59 in chips) 
Seat 9: Sr ÁviIa ($1.73 in chips) 
gismouck: posts small blind $0.02
NoName35387: posts big blind $0.05
*** HOLE CARDS ***
Dealt to Dorex2007 [4c 3h]
lucifergaia joins the table at seat #7 
Dorex2007: folds 
narcisacoromoto: folds 
Sr ÁviIa: folds 
Nodshure: raises $0.09 to $0.14
gismouck: folds 
NoName35387: calls $0.09
*** FLOP *** [4d 5h Ac]
NoName35387: checks 
Nodshure: checks 
*** TURN *** [4d 5h Ac] [9c]
NoName35387: bets $0.29
Nodshure: folds 
Uncalled bet ($0.29) returned to NoName35387
NoName35387 collected $0.29 from pot
*** SUMMARY ***
Total pot $0.30 | Rake $0.01 
Board [4d 5h Ac 9c]
Seat 1: Nodshure (button) folded on the Turn
Seat 3: gismouck (small blind) folded before Flop
Seat 5: NoName35387 (big blind) collected ($0.29)
Seat 6: Dorex2007 folded before Flop (didn't bet)
Seat 8: narcisacoromoto folded before Flop (didn't bet)
Seat 9: Sr ÁviIa folded before Flop (didn't bet)



PokerStars Hand #238446537970:  Hold'em No Limit ($0.02/$0.05 USD) - 2022/09/05 20:25:25 PT [2022/09/05 23:25:25 ET]
Table 'Nash' 9-max Seat #3 is the button
Seat 1: Nodshure ($5.32 in chips) 
Seat 3: gismouck ($6.55 in chips) 
Seat 5: NoName35387 ($3.23 in chips) 
Seat 6: Dorex2007 ($6.31 in chips) 
Seat 8: narcisacoromoto ($5.59 in chips) 
Seat 9: Sr ÁviIa ($1.73 in chips) 
NoName35387: posts small blind $0.02
Dorex2007: posts big blind $0.05
lucifergaia: sits out 
*** HOLE CARDS ***
Dealt to Dorex2007 [8d 6d]
narcisacoromoto: calls $0.05
Sr ÁviIa: folds 
Nodshure: folds 
gismouck: folds 
NoName35387: raises $0.10 to $0.15
Dorex2007: folds 
narcisacoromoto: calls $0.10
*** FLOP *** [7h As 5c]
NoName35387: bets $0.34
gismouck leaves the table
narcisacoromoto: calls $0.34
*** TURN *** [7h As 5c] [8c]
NoName35387: bets $0.99
narcisacoromoto: calls $0.99
*** RIVER *** [7h As 5c 8c] [3h]
NoName35387: bets $1.75 and is all-in
narcisacoromoto: calls $1.75
*** SHOW DOWN ***
NoName35387: shows [Ad Qd] (a pair of Aces)
narcisacoromoto: shows [8h 9h] (a pair of Eights)
NoName35387 collected $6.24 from pot
*** SUMMARY ***
Total pot $6.51 | Rake $0.27 
Board [7h As 5c 8c 3h]
Seat 1: Nodshure folded before Flop (didn't bet)
Seat 3: gismouck (button) folded before Flop (didn't bet)
Seat 5: NoName35387 (small blind) showed [Ad Qd] and won ($6.24) with a pair of Aces
Seat 6: Dorex2007 (big blind) folded before Flop
Seat 8: narcisacoromoto showed [8h 9h] and lost with a pair of Eights
Seat 9: Sr ÁviIa folded before Flop (didn't bet)



PokerStars Hand #238446552113:  Hold'em No Limit ($0.02/$0.05 USD) - 2022/09/05 20:27:03 PT [2022/09/05 23:27:03 ET]
Table 'Nash' 9-max Seat #5 is the button
Seat 1: Nodshure ($5.32 in chips) 
Seat 5: NoName35387 ($6.24 in chips) 
Seat 6: Dorex2007 ($6.26 in chips) 
Seat 7: lucifergaia ($5 in chips) 
Seat 8: narcisacoromoto ($2.36 in chips) 
Seat 9: Sr ÁviIa ($1.73 in chips) 
Dorex2007: posts small blind $0.02
lucifergaia: posts big blind $0.05
*** HOLE CARDS ***
Dealt to Dorex2007 [4s 9s]
narcisacoromoto: calls $0.05
Sr ÁviIa: folds 
Nodshure: folds 
NoName35387: raises $0.10 to $0.15
Dorex2007: folds 
lucifergaia: folds 
narcisacoromoto: calls $0.10
*** FLOP *** [Th Jc Jh]
narcisacoromoto: checks 
NoName35387: bets $0.35
narcisacoromoto: calls $0.35
*** TURN *** [Th Jc Jh] [2d]
narcisacoromoto: checks 
NoName35387: bets $1.03
narcisacoromoto: folds 
Uncalled bet ($1.03) returned to NoName35387
NoName35387 collected $1.03 from pot
*** SUMMARY ***
Total pot $1.07 | Rake $0.04 
Board [Th Jc Jh 2d]
Seat 1: Nodshure folded before Flop (didn't bet)
Seat 5: NoName35387 (button) collected ($1.03)
Seat 6: Dorex2007 (small blind) folded before Flop
Seat 7: lucifergaia (big blind) folded before Flop
Seat 8: narcisacoromoto folded on the Turn
Seat 9: Sr ÁviIa folded before Flop (didn't bet)



