PokerStars Hand #238053047593:  Hold'em No Limit ($0.02/$0.05 USD) - 2022/08/17 14:26:56 PT [2022/08/17 17:26:56 ET]
Table 'Alphard IV' 9-max Seat #4 is the button
Seat 2: Andresinho46 ($5.02 in chips) 
Seat 3: Dorex2007 ($5 in chips) 
Seat 4: 5let dr ($5.93 in chips) 
Seat 5: MOONSP3LL ($2.87 in chips) 
Seat 6: saugat17 ($3.72 in chips) 
Seat 7: navazm ($7.05 in chips) 
Seat 8: metinski_d ($6.84 in chips) 
Seat 9: gambitl1 ($5 in chips) 
MOONSP3LL: posts small blind $0.02
saugat17: posts big blind $0.05
Dorex2007: posts big blind $0.05
*** HOLE CARDS ***
Dealt to Dorex2007 [9s 9h]
navazm: folds 
metinski_d: folds 
gambitl1: folds 
Andresinho46: folds 
Dorex2007: raises $0.15 to $0.20
5let dr: calls $0.20
MOONSP3LL: folds 
saugat17: folds 
*** FLOP *** [7s 4d 7h]
Dorex2007: bets $0.22
5let dr: folds 
Uncalled bet ($0.22) returned to Dorex2007
Dorex2007 collected $0.45 from pot
Dorex2007: doesn't show hand 
*** SUMMARY ***
Total pot $0.47 | Rake $0.02 
Board [7s 4d 7h]
Seat 2: Andresinho46 folded before Flop (didn't bet)
Seat 3: Dorex2007 collected ($0.45)
Seat 4: 5let dr (button) folded on the Flop
Seat 5: MOONSP3LL (small blind) folded before Flop
Seat 6: saugat17 (big blind) folded before Flop
Seat 7: navazm folded before Flop (didn't bet)
Seat 8: metinski_d folded before Flop (didn't bet)
Seat 9: gambitl1 folded before Flop (didn't bet)



PokerStars Hand #238053057727:  Hold'em No Limit ($0.02/$0.05 USD) - 2022/08/17 14:27:25 PT [2022/08/17 17:27:25 ET]
Table 'Alphard IV' 9-max Seat #5 is the button
Seat 2: Andresinho46 ($5.02 in chips) 
Seat 3: Dorex2007 ($5.25 in chips) 
Seat 4: 5let dr ($5.73 in chips) 
Seat 5: MOONSP3LL ($2.85 in chips) 
Seat 6: saugat17 ($3.67 in chips) 
Seat 7: navazm ($7.05 in chips) 
Seat 8: metinski_d ($6.84 in chips) 
Seat 9: gambitl1 ($5 in chips) 
saugat17: posts small blind $0.02
navazm: posts big blind $0.05
*** HOLE CARDS ***
Dealt to Dorex2007 [Th 3h]
metinski_d: folds 
gambitl1: folds 
Andresinho46: raises $0.10 to $0.15
Dorex2007: folds 
5let dr: folds 
MOONSP3LL: folds 
saugat17: calls $0.13
navazm: calls $0.10
*** FLOP *** [6h 3s Ks]
saugat17: checks 
navazm: checks 
Andresinho46: bets $0.14
saugat17: folds 
navazm: calls $0.14
*** TURN *** [6h 3s Ks] [Qd]
navazm: checks 
Andresinho46: checks 
*** RIVER *** [6h 3s Ks Qd] [4d]
navazm: checks 
Andresinho46: checks 
*** SHOW DOWN ***
navazm: shows [5c 4c] (a pair of Fours)
Andresinho46: shows [9d 9s] (a pair of Nines)
Andresinho46 collected $0.70 from pot
*** SUMMARY ***
Total pot $0.73 | Rake $0.03 
Board [6h 3s Ks Qd 4d]
Seat 2: Andresinho46 showed [9d 9s] and won ($0.70) with a pair of Nines
Seat 3: Dorex2007 folded before Flop (didn't bet)
Seat 4: 5let dr folded before Flop (didn't bet)
Seat 5: MOONSP3LL (button) folded before Flop (didn't bet)
Seat 6: saugat17 (small blind) folded on the Flop
Seat 7: navazm (big blind) showed [5c 4c] and lost with a pair of Fours
Seat 8: metinski_d folded before Flop (didn't bet)
Seat 9: gambitl1 folded before Flop (didn't bet)



PokerStars Hand #238053073234:  Hold'em No Limit ($0.02/$0.05 USD) - 2022/08/17 14:28:08 PT [2022/08/17 17:28:08 ET]
Table 'Alphard IV' 9-max Seat #6 is the button
Seat 2: Andresinho46 ($5.43 in chips) 
Seat 3: Dorex2007 ($5.25 in chips) 
Seat 4: 5let dr ($5.73 in chips) 
Seat 5: MOONSP3LL ($2.85 in chips) 
Seat 6: saugat17 ($3.52 in chips) 
Seat 7: navazm ($6.76 in chips) 
Seat 8: metinski_d ($6.84 in chips) 
Seat 9: gambitl1 ($5 in chips) 
navazm: posts small blind $0.02
metinski_d: posts big blind $0.05
*** HOLE CARDS ***
Dealt to Dorex2007 [4c 2c]
gambitl1: raises $0.10 to $0.15
Andresinho46: folds 
Dorex2007: folds 
5let dr: folds 
MOONSP3LL: folds 
saugat17: folds 
navazm: folds 
metinski_d: folds 
Uncalled bet ($0.10) returned to gambitl1
gambitl1 collected $0.12 from pot
*** SUMMARY ***
Total pot $0.12 | Rake $0 
Seat 2: Andresinho46 folded before Flop (didn't bet)
Seat 3: Dorex2007 folded before Flop (didn't bet)
Seat 4: 5let dr folded before Flop (didn't bet)
Seat 5: MOONSP3LL folded before Flop (didn't bet)
Seat 6: saugat17 (button) folded before Flop (didn't bet)
Seat 7: navazm (small blind) folded before Flop
Seat 8: metinski_d (big blind) folded before Flop
Seat 9: gambitl1 collected ($0.12)



PokerStars Hand #238053080925:  Hold'em No Limit ($0.02/$0.05 USD) - 2022/08/17 14:28:30 PT [2022/08/17 17:28:30 ET]
Table 'Alphard IV' 9-max Seat #7 is the button
Seat 2: Andresinho46 ($5.43 in chips) 
Seat 3: Dorex2007 ($5.25 in chips) 
Seat 4: 5let dr ($5.73 in chips) 
Seat 5: MOONSP3LL ($2.85 in chips) 
Seat 6: saugat17 ($3.52 in chips) 
Seat 7: navazm ($6.74 in chips) 
Seat 8: metinski_d ($6.79 in chips) 
Seat 9: gambitl1 ($5.07 in chips) 
metinski_d: posts small blind $0.02
gambitl1: posts big blind $0.05
*** HOLE CARDS ***
Dealt to Dorex2007 [Qs As]
Andresinho46: folds 
Dorex2007: raises $0.10 to $0.15
5let dr: folds 
MOONSP3LL: folds 
saugat17: calls $0.15
navazm: calls $0.15
metinski_d: folds 
gambitl1: folds 
*** FLOP *** [5h 4h 6h]
Dorex2007: checks 
saugat17: checks 
navazm: checks 
*** TURN *** [5h 4h 6h] [7c]
Dorex2007: checks 
saugat17: checks 
navazm: checks 
*** RIVER *** [5h 4h 6h 7c] [3h]
Dorex2007: checks 
saugat17: checks 
navazm: checks 
*** SHOW DOWN ***
Dorex2007: shows [Qs As] (a straight, Three to Seven)
saugat17: shows [Jc Qc] (a straight, Three to Seven)
navazm: shows [5d 4c] (a straight, Three to Seven)
Dorex2007 collected $0.17 from pot
saugat17 collected $0.17 from pot
navazm collected $0.16 from pot
*** SUMMARY ***
Total pot $0.52 | Rake $0.02 
Board [5h 4h 6h 7c 3h]
Seat 2: Andresinho46 folded before Flop (didn't bet)
Seat 3: Dorex2007 showed [Qs As] and won ($0.17) with a straight, Three to Seven
Seat 4: 5let dr folded before Flop (didn't bet)
Seat 5: MOONSP3LL folded before Flop (didn't bet)
Seat 6: saugat17 showed [Jc Qc] and won ($0.17) with a straight, Three to Seven
Seat 7: navazm (button) showed [5d 4c] and won ($0.16) with a straight, Three to Seven
Seat 8: metinski_d (small blind) folded before Flop
Seat 9: gambitl1 (big blind) folded before Flop



PokerStars Hand #238053095308:  Hold'em No Limit ($0.02/$0.05 USD) - 2022/08/17 14:29:10 PT [2022/08/17 17:29:10 ET]
Table 'Alphard IV' 9-max Seat #8 is the button
Seat 2: Andresinho46 ($5.43 in chips) 
Seat 3: Dorex2007 ($5.27 in chips) 
Seat 4: 5let dr ($5.73 in chips) 
Seat 5: MOONSP3LL ($2.85 in chips) 
Seat 6: saugat17 ($3.54 in chips) 
Seat 7: navazm ($6.75 in chips) 
Seat 8: metinski_d ($6.77 in chips) 
Seat 9: gambitl1 ($5.02 in chips) 
gambitl1: posts small blind $0.02
Andresinho46: posts big blind $0.05
*** HOLE CARDS ***
Dealt to Dorex2007 [4h 8s]
Dorex2007: folds 
5let dr: folds 
MOONSP3LL: folds 
saugat17: calls $0.05
navazm: calls $0.05
metinski_d: folds 
gambitl1: folds 
Andresinho46: checks 
*** FLOP *** [9c 8h 9h]
Andresinho46: checks 
saugat17: bets $0.20
navazm: folds 
Andresinho46: folds 
Uncalled bet ($0.20) returned to saugat17
saugat17 collected $0.16 from pot
ASpiror leaves the table
*** SUMMARY ***
Total pot $0.17 | Rake $0.01 
Board [9c 8h 9h]
Seat 2: Andresinho46 (big blind) folded on the Flop
Seat 3: Dorex2007 folded before Flop (didn't bet)
Seat 4: 5let dr folded before Flop (didn't bet)
Seat 5: MOONSP3LL folded before Flop (didn't bet)
Seat 6: saugat17 collected ($0.16)
Seat 7: navazm folded on the Flop
Seat 8: metinski_d (button) folded before Flop (didn't bet)
Seat 9: gambitl1 (small blind) folded before Flop



PokerStars Hand #238053112870:  Hold'em No Limit ($0.02/$0.05 USD) - 2022/08/17 14:29:46 PT [2022/08/17 17:29:46 ET]
Table 'Alphard IV' 9-max Seat #9 is the button
Seat 2: Andresinho46 ($5.38 in chips) 
Seat 3: Dorex2007 ($5.27 in chips) 
Seat 4: 5let dr ($5.73 in chips) 
Seat 5: MOONSP3LL ($2.85 in chips) 
Seat 6: saugat17 ($3.65 in chips) 
Seat 7: navazm ($6.70 in chips) 
Seat 8: metinski_d ($6.77 in chips) 
Seat 9: gambitl1 ($5 in chips) 
Andresinho46: posts small blind $0.02
Dorex2007: posts big blind $0.05
*** HOLE CARDS ***
Dealt to Dorex2007 [Jh Kh]
5let dr: folds 
MOONSP3LL: raises $0.07 to $0.12
saugat17: calls $0.12
navazm: calls $0.12
metinski_d: raises $0.43 to $0.55
gambitl1: folds 
Andresinho46: folds 
Dorex2007: folds 
MOONSP3LL: calls $0.43
davidstuchl joins the table at seat #1 
saugat17: folds 
navazm: folds 
*** FLOP *** [Jd Ts 2s]
MOONSP3LL: checks 
metinski_d: bets $0.68
MOONSP3LL: raises $0.68 to $1.36
metinski_d: calls $0.68
*** TURN *** [Jd Ts 2s] [Ad]
MOONSP3LL: bets $0.94 and is all-in
metinski_d: calls $0.94
metinski_d has timed out
*** RIVER *** [Jd Ts 2s Ad] [9h]
*** SHOW DOWN ***
MOONSP3LL: shows [2c 2d] (three of a kind, Deuces)
metinski_d: shows [Qh Qc] (a pair of Queens)
MOONSP3LL collected $5.70 from pot
*** SUMMARY ***
Total pot $6.01 | Rake $0.31 
Board [Jd Ts 2s Ad 9h]
Seat 2: Andresinho46 (small blind) folded before Flop
Seat 3: Dorex2007 (big blind) folded before Flop
Seat 4: 5let dr folded before Flop (didn't bet)
Seat 5: MOONSP3LL showed [2c 2d] and won ($5.70) with three of a kind, Deuces
Seat 6: saugat17 folded before Flop
Seat 7: navazm folded before Flop
Seat 8: metinski_d showed [Qh Qc] and lost with a pair of Queens
Seat 9: gambitl1 (button) folded before Flop (didn't bet)



PokerStars Hand #238053142037:  Hold'em No Limit ($0.02/$0.05 USD) - 2022/08/17 14:31:07 PT [2022/08/17 17:31:07 ET]
Table 'Alphard IV' 9-max Seat #2 is the button
Seat 1: davidstuchl ($5 in chips) 
Seat 2: Andresinho46 ($5.36 in chips) 
Seat 3: Dorex2007 ($5.22 in chips) 
Seat 4: 5let dr ($5.73 in chips) 
Seat 5: MOONSP3LL ($5.70 in chips) 
Seat 6: saugat17 ($3.53 in chips) 
Seat 7: navazm ($6.58 in chips) 
Seat 8: metinski_d ($3.92 in chips) 
Seat 9: gambitl1 ($5 in chips) 
Dorex2007: posts small blind $0.02
5let dr: posts big blind $0.05
davidstuchl: posts big blind $0.05
*** HOLE CARDS ***
Dealt to Dorex2007 [Jh 3c]
MOONSP3LL: folds 
saugat17: calls $0.05
navazm: folds 
metinski_d: folds 
gambitl1: folds 
davidstuchl: checks 
Andresinho46: folds 
Dorex2007: folds 
5let dr: checks 
*** FLOP *** [Jd 3s Kc]
5let dr: checks 
saugat17: checks 
davidstuchl: checks 
*** TURN *** [Jd 3s Kc] [Ah]
5let dr: checks 
saugat17: bets $0.20
davidstuchl: calls $0.20
5let dr: folds 
*** RIVER *** [Jd 3s Kc Ah] [Qs]
saugat17: bets $0.20
davidstuchl: calls $0.20
*** SHOW DOWN ***
saugat17: shows [As Th] (a straight, Ten to Ace)
davidstuchl: mucks hand 
saugat17 collected $0.93 from pot
*** SUMMARY ***
Total pot $0.97 | Rake $0.04 
Board [Jd 3s Kc Ah Qs]
Seat 1: davidstuchl mucked [Ad 8c]
Seat 2: Andresinho46 (button) folded before Flop (didn't bet)
Seat 3: Dorex2007 (small blind) folded before Flop
Seat 4: 5let dr (big blind) folded on the Turn
Seat 5: MOONSP3LL folded before Flop (didn't bet)
Seat 6: saugat17 showed [As Th] and won ($0.93) with a straight, Ten to Ace
Seat 7: navazm folded before Flop (didn't bet)
Seat 8: metinski_d folded before Flop (didn't bet)
Seat 9: gambitl1 folded before Flop (didn't bet)



PokerStars Hand #238053156974:  Hold'em No Limit ($0.02/$0.05 USD) - 2022/08/17 14:31:49 PT [2022/08/17 17:31:49 ET]
Table 'Alphard IV' 9-max Seat #3 is the button
Seat 1: davidstuchl ($4.55 in chips) 
Seat 2: Andresinho46 ($5.36 in chips) 
Seat 3: Dorex2007 ($5.20 in chips) 
Seat 4: 5let dr ($5.68 in chips) 
Seat 5: MOONSP3LL ($5.70 in chips) 
Seat 6: saugat17 ($4.01 in chips) 
Seat 7: navazm ($6.58 in chips) 
Seat 9: gambitl1 ($5 in chips) 
5let dr: posts small blind $0.02
MOONSP3LL: posts big blind $0.05
*** HOLE CARDS ***
Dealt to Dorex2007 [9h Ac]
saugat17: raises $0.15 to $0.20
navazm: folds 
gambitl1: folds 
davidstuchl: folds 
Andresinho46: folds 
Dorex2007: folds 
5let dr: folds 
MOONSP3LL: folds 
Uncalled bet ($0.15) returned to saugat17
saugat17 collected $0.12 from pot
*** SUMMARY ***
Total pot $0.12 | Rake $0 
Seat 1: davidstuchl folded before Flop (didn't bet)
Seat 2: Andresinho46 folded before Flop (didn't bet)
Seat 3: Dorex2007 (button) folded before Flop (didn't bet)
Seat 4: 5let dr (small blind) folded before Flop
Seat 5: MOONSP3LL (big blind) folded before Flop
Seat 6: saugat17 collected ($0.12)
Seat 7: navazm folded before Flop (didn't bet)
Seat 9: gambitl1 folded before Flop (didn't bet)



PokerStars Hand #238053167211:  Hold'em No Limit ($0.02/$0.05 USD) - 2022/08/17 14:32:18 PT [2022/08/17 17:32:18 ET]
Table 'Alphard IV' 9-max Seat #4 is the button
Seat 1: davidstuchl ($4.55 in chips) 
Seat 2: Andresinho46 ($5.36 in chips) 
Seat 3: Dorex2007 ($5.20 in chips) 
Seat 4: 5let dr ($5.66 in chips) 
Seat 5: MOONSP3LL ($5.65 in chips) 
Seat 6: saugat17 ($4.08 in chips) 
Seat 7: navazm ($6.58 in chips) 
Seat 9: gambitl1 ($5 in chips) 
MOONSP3LL: posts small blind $0.02
saugat17: posts big blind $0.05
*** HOLE CARDS ***
Dealt to Dorex2007 [5d Ad]
navazm: folds 
gambitl1: folds 
davidstuchl: folds 
Andresinho46: folds 
Dorex2007: folds 
5let dr: folds 
MOONSP3LL: folds 
Uncalled bet ($0.03) returned to saugat17
saugat17 collected $0.04 from pot
*** SUMMARY ***
Total pot $0.04 | Rake $0 
Seat 1: davidstuchl folded before Flop (didn't bet)
Seat 2: Andresinho46 folded before Flop (didn't bet)
Seat 3: Dorex2007 folded before Flop (didn't bet)
Seat 4: 5let dr (button) folded before Flop (didn't bet)
Seat 5: MOONSP3LL (small blind) folded before Flop
Seat 6: saugat17 (big blind) collected ($0.04)
Seat 7: navazm folded before Flop (didn't bet)
Seat 9: gambitl1 folded before Flop (didn't bet)



PokerStars Hand #238053171943:  Hold'em No Limit ($0.02/$0.05 USD) - 2022/08/17 14:32:31 PT [2022/08/17 17:32:31 ET]
Table 'Alphard IV' 9-max Seat #5 is the button
Seat 1: davidstuchl ($4.55 in chips) 
Seat 2: Andresinho46 ($5.36 in chips) 
Seat 3: Dorex2007 ($5.20 in chips) 
Seat 4: 5let dr ($5.66 in chips) 
Seat 5: MOONSP3LL ($5.63 in chips) 
Seat 6: saugat17 ($4.10 in chips) 
Seat 7: navazm ($6.58 in chips) 
Seat 9: gambitl1 ($5 in chips) 
saugat17: posts small blind $0.02
navazm: posts big blind $0.05
*** HOLE CARDS ***
Dealt to Dorex2007 [8h 5d]
gambitl1: folds 
davidstuchl: folds 
Andresinho46: folds 
Dorex2007: folds 
5let dr: folds 
MOONSP3LL: folds 
saugat17: calls $0.03
navazm: checks 
*** FLOP *** [Jh Qd Ts]
saugat17: checks 
navazm: bets $0.15
saugat17: calls $0.15
*** TURN *** [Jh Qd Ts] [Ac]
saugat17: checks 
navazm: checks 
*** RIVER *** [Jh Qd Ts Ac] [Tc]
saugat17: bets $0.15
navazm: calls $0.15
*** SHOW DOWN ***
saugat17: shows [9d Jd] (two pair, Jacks and Tens)
navazm: shows [9c 8s] (a straight, Eight to Queen)
navazm collected $0.67 from pot
*** SUMMARY ***
Total pot $0.70 | Rake $0.03 
Board [Jh Qd Ts Ac Tc]
Seat 1: davidstuchl folded before Flop (didn't bet)
Seat 2: Andresinho46 folded before Flop (didn't bet)
Seat 3: Dorex2007 folded before Flop (didn't bet)
Seat 4: 5let dr folded before Flop (didn't bet)
Seat 5: MOONSP3LL (button) folded before Flop (didn't bet)
Seat 6: saugat17 (small blind) showed [9d Jd] and lost with two pair, Jacks and Tens
Seat 7: navazm (big blind) showed [9c 8s] and won ($0.67) with a straight, Eight to Queen
Seat 9: gambitl1 folded before Flop (didn't bet)



PokerStars Hand #238053189001:  Hold'em No Limit ($0.02/$0.05 USD) - 2022/08/17 14:33:19 PT [2022/08/17 17:33:19 ET]
Table 'Alphard IV' 9-max Seat #6 is the button
Seat 1: davidstuchl ($4.55 in chips) 
Seat 2: Andresinho46 ($5.36 in chips) 
Seat 3: Dorex2007 ($5.20 in chips) 
Seat 4: 5let dr ($5.66 in chips) 
Seat 5: MOONSP3LL ($5.63 in chips) 
Seat 6: saugat17 ($3.75 in chips) 
Seat 7: navazm ($6.90 in chips) 
Seat 9: gambitl1 ($5 in chips) 
navazm: posts small blind $0.02
gambitl1: posts big blind $0.05
*** HOLE CARDS ***
Dealt to Dorex2007 [8s Ah]
davidstuchl: calls $0.05
Andresinho46: folds 
Dorex2007: folds 
5let dr: folds 
MOONSP3LL: folds 
saugat17: calls $0.05
navazm: calls $0.03
gambitl1: checks 
*** FLOP *** [As 9s Td]
navazm: checks 
gambitl1: bets $0.10
davidstuchl: calls $0.10
saugat17: calls $0.10
navazm: folds 
*** TURN *** [As 9s Td] [Tc]
gambitl1: checks 
davidstuchl: checks 
saugat17: checks 
*** RIVER *** [As 9s Td Tc] [Qc]
gambitl1: checks 
davidstuchl: checks 
saugat17: checks 
*** SHOW DOWN ***
gambitl1: shows [Js 2s] (a pair of Tens)
davidstuchl: shows [Jc Ac] (two pair, Aces and Tens)
saugat17: mucks hand 
davidstuchl collected $0.48 from pot
*** SUMMARY ***
Total pot $0.50 | Rake $0.02 
Board [As 9s Td Tc Qc]
Seat 1: davidstuchl showed [Jc Ac] and won ($0.48) with two pair, Aces and Tens
Seat 2: Andresinho46 folded before Flop (didn't bet)
Seat 3: Dorex2007 folded before Flop (didn't bet)
Seat 4: 5let dr folded before Flop (didn't bet)
Seat 5: MOONSP3LL folded before Flop (didn't bet)
Seat 6: saugat17 (button) mucked [7s 8c]
Seat 7: navazm (small blind) folded on the Flop
Seat 9: gambitl1 (big blind) showed [Js 2s] and lost with a pair of Tens



PokerStars Hand #238053223266:  Hold'em No Limit ($0.02/$0.05 USD) - 2022/08/17 14:34:34 PT [2022/08/17 17:34:34 ET]
Table 'Alphard IV' 9-max Seat #7 is the button
Seat 1: davidstuchl ($4.88 in chips) 
Seat 2: Andresinho46 ($5.36 in chips) 
Seat 3: Dorex2007 ($5.20 in chips) 
Seat 4: 5let dr ($5.66 in chips) 
Seat 5: MOONSP3LL ($5.63 in chips) 
Seat 6: saugat17 ($3.60 in chips) 
Seat 7: navazm ($6.85 in chips) 
Seat 9: gambitl1 ($4.85 in chips) 
gambitl1: posts small blind $0.02
davidstuchl: posts big blind $0.05
*** HOLE CARDS ***
Dealt to Dorex2007 [3d 5h]
Andresinho46: folds 
Dorex2007: folds 
5let dr: folds 
MOONSP3LL: folds 
saugat17: folds 
navazm: folds 
gambitl1: folds 
Uncalled bet ($0.03) returned to davidstuchl
davidstuchl collected $0.04 from pot
*** SUMMARY ***
Total pot $0.04 | Rake $0 
Seat 1: davidstuchl (big blind) collected ($0.04)
Seat 2: Andresinho46 folded before Flop (didn't bet)
Seat 3: Dorex2007 folded before Flop (didn't bet)
Seat 4: 5let dr folded before Flop (didn't bet)
Seat 5: MOONSP3LL folded before Flop (didn't bet)
Seat 6: saugat17 folded before Flop (didn't bet)
Seat 7: navazm (button) folded before Flop (didn't bet)
Seat 9: gambitl1 (small blind) folded before Flop



PokerStars Hand #238053230091:  Hold'em No Limit ($0.02/$0.05 USD) - 2022/08/17 14:34:54 PT [2022/08/17 17:34:54 ET]
Table 'Alphard IV' 9-max Seat #9 is the button
Seat 1: davidstuchl ($4.90 in chips) 
Seat 2: Andresinho46 ($5.36 in chips) 
Seat 3: Dorex2007 ($5.20 in chips) 
Seat 4: 5let dr ($5.66 in chips) 
Seat 5: MOONSP3LL ($5.63 in chips) 
Seat 6: saugat17 ($3.60 in chips) 
Seat 7: navazm ($6.85 in chips) 
Seat 8: metinski_d ($3.92 in chips) 
Seat 9: gambitl1 ($4.83 in chips) 
davidstuchl: posts small blind $0.02
Andresinho46: posts big blind $0.05
metinski_d: posts small & big blinds $0.07
*** HOLE CARDS ***
Dealt to Dorex2007 [Kh Ah]
Dorex2007: raises $0.20 to $0.25
5let dr: folds 
MOONSP3LL: folds 
saugat17: calls $0.25
navazm: folds 
metinski_d: folds 
gambitl1: folds 
davidstuchl: folds 
Andresinho46: folds 
*** FLOP *** [Ad 4d Qc]
Dorex2007: bets $0.61
saugat17: calls $0.61
*** TURN *** [Ad 4d Qc] [5d]
Dorex2007: bets $4.34 and is all-in
saugat17: calls $2.74 and is all-in
Uncalled bet ($1.60) returned to Dorex2007
*** RIVER *** [Ad 4d Qc 5d] [6d]
*** SHOW DOWN ***
Dorex2007: shows [Kh Ah] (a pair of Aces)
saugat17: shows [As Jh] (a pair of Aces - lower kicker)
Dorex2007 cashed out the hand for $6.49 | Cash Out Fee $0.07
saugat17 cashed out the hand for $0.48
*** SUMMARY ***
Total pot $7.34 | Rake $0.30 
Board [Ad 4d Qc 5d 6d]
Seat 1: davidstuchl (small blind) folded before Flop
Seat 2: Andresinho46 (big blind) folded before Flop
Seat 3: Dorex2007 showed [Kh Ah] and won ($7.04) with a pair of Aces (pot not awarded as player cashed out)
Seat 4: 5let dr folded before Flop (didn't bet)
Seat 5: MOONSP3LL folded before Flop (didn't bet)
Seat 6: saugat17 showed [As Jh] and lost with a pair of Aces (cashed out).
Seat 7: navazm folded before Flop (didn't bet)
Seat 8: metinski_d folded before Flop (didn't bet)
Seat 9: gambitl1 (button) folded before Flop (didn't bet)



PokerStars Hand #238053247912:  Hold'em No Limit ($0.02/$0.05 USD) - 2022/08/17 14:35:43 PT [2022/08/17 17:35:43 ET]
Table 'Alphard IV' 9-max Seat #1 is the button
Seat 1: davidstuchl ($4.88 in chips) 
Seat 2: Andresinho46 ($5.31 in chips) 
Seat 3: Dorex2007 ($8.09 in chips) 
Seat 4: 5let dr ($5.66 in chips) 
Seat 5: MOONSP3LL ($5.63 in chips) 
Seat 6: saugat17 ($0.48 in chips) 
Seat 7: navazm ($6.85 in chips) 
Seat 8: metinski_d ($3.85 in chips) 
Seat 9: gambitl1 ($4.83 in chips) 
Andresinho46: posts small blind $0.02
Dorex2007: posts big blind $0.05
*** HOLE CARDS ***
Dealt to Dorex2007 [7s 2s]
5let dr: folds 
MOONSP3LL: folds 
saugat17: calls $0.05
navazm: calls $0.05
metinski_d: raises $0.15 to $0.20
gambitl1: folds 
davidstuchl: calls $0.20
Andresinho46: folds 
Dorex2007: folds 
saugat17: calls $0.15
navazm: folds 
*** FLOP *** [2c 6h 9s]
saugat17: checks 
metinski_d: checks 
davidstuchl: bets $0.34
saugat17: calls $0.28 and is all-in
metinski_d: folds 
Uncalled bet ($0.06) returned to davidstuchl
*** TURN *** [2c 6h 9s] [5d]
*** RIVER *** [2c 6h 9s 5d] [Td]
*** SHOW DOWN ***
saugat17: shows [Kh 6c] (a pair of Sixes)
davidstuchl: shows [Ks Ad] (high card Ace)
saugat17 cashed out the hand for $1.06 | Cash Out Fee $0.01
*** SUMMARY ***
Total pot $1.28 | Rake $0.05 
Board [2c 6h 9s 5d Td]
Seat 1: davidstuchl (button) showed [Ks Ad] and lost with high card Ace
Seat 2: Andresinho46 (small blind) folded before Flop
Seat 3: Dorex2007 (big blind) folded before Flop
Seat 4: 5let dr folded before Flop (didn't bet)
Seat 5: MOONSP3LL folded before Flop (didn't bet)
Seat 6: saugat17 showed [Kh 6c] and won ($1.23) with a pair of Sixes (pot not awarded as player cashed out)
Seat 7: navazm folded before Flop
Seat 8: metinski_d folded on the Flop
Seat 9: gambitl1 folded before Flop (didn't bet)



PokerStars Hand #238053276180:  Hold'em No Limit ($0.02/$0.05 USD) - 2022/08/17 14:37:03 PT [2022/08/17 17:37:03 ET]
Table 'Alphard IV' 9-max Seat #2 is the button
Seat 1: davidstuchl ($4.40 in chips) 
Seat 2: Andresinho46 ($5.29 in chips) 
Seat 3: Dorex2007 ($8.04 in chips) 
Seat 4: 5let dr ($5.66 in chips) 
Seat 5: MOONSP3LL ($5.63 in chips) 
Seat 6: saugat17 ($1.06 in chips) 
Seat 7: navazm ($6.80 in chips) 
Seat 8: metinski_d ($3.65 in chips) 
Seat 9: gambitl1 ($4.83 in chips) 
Dorex2007: posts small blind $0.02
5let dr: posts big blind $0.05
*** HOLE CARDS ***
Dealt to Dorex2007 [3d Qc]
MOONSP3LL: folds 
saugat17: folds 
navazm: calls $0.05
metinski_d: folds 
gambitl1: folds 
davidstuchl: folds 
Andresinho46: folds 
Dorex2007: folds 
5let dr: checks 
*** FLOP *** [9h 2c 5h]
5let dr: checks 
navazm: bets $0.06
5let dr: calls $0.06
*** TURN *** [9h 2c 5h] [9c]
5let dr: checks 
navazm: checks 
*** RIVER *** [9h 2c 5h 9c] [8d]
5let dr: checks 
navazm: checks 
*** SHOW DOWN ***
5let dr: shows [2s Qs] (two pair, Nines and Deuces)
navazm: shows [5d 4d] (two pair, Nines and Fives)
navazm collected $0.23 from pot
*** SUMMARY ***
Total pot $0.24 | Rake $0.01 
Board [9h 2c 5h 9c 8d]
Seat 1: davidstuchl folded before Flop (didn't bet)
Seat 2: Andresinho46 (button) folded before Flop (didn't bet)
Seat 3: Dorex2007 (small blind) folded before Flop
Seat 4: 5let dr (big blind) showed [2s Qs] and lost with two pair, Nines and Deuces
Seat 5: MOONSP3LL folded before Flop (didn't bet)
Seat 6: saugat17 folded before Flop (didn't bet)
Seat 7: navazm showed [5d 4d] and won ($0.23) with two pair, Nines and Fives
Seat 8: metinski_d folded before Flop (didn't bet)
Seat 9: gambitl1 folded before Flop (didn't bet)



PokerStars Hand #238053293641:  Hold'em No Limit ($0.02/$0.05 USD) - 2022/08/17 14:37:52 PT [2022/08/17 17:37:52 ET]
Table 'Alphard IV' 9-max Seat #3 is the button
Seat 1: davidstuchl ($4.40 in chips) 
Seat 2: Andresinho46 ($5.29 in chips) 
Seat 3: Dorex2007 ($8.02 in chips) 
Seat 4: 5let dr ($5.55 in chips) 
Seat 5: MOONSP3LL ($5.63 in chips) 
Seat 6: saugat17 ($1.06 in chips) 
Seat 7: navazm ($6.92 in chips) 
Seat 8: metinski_d ($3.65 in chips) 
Seat 9: gambitl1 ($4.83 in chips) 
5let dr: posts small blind $0.02
MOONSP3LL: posts big blind $0.05
*** HOLE CARDS ***
Dealt to Dorex2007 [Ad Th]
saugat17: calls $0.05
navazm: folds 
metinski_d: raises $0.15 to $0.20
gambitl1: folds 
davidstuchl: folds 
Andresinho46: folds 
Dorex2007: folds 
5let dr: folds 
MOONSP3LL: folds 
saugat17: calls $0.15
*** FLOP *** [9s 8d 9d]
saugat17: bets $0.15
metinski_d: calls $0.15
*** TURN *** [9s 8d 9d] [7c]
saugat17: checks 
metinski_d: bets $0.25
saugat17: calls $0.25
*** RIVER *** [9s 8d 9d 7c] [5s]
saugat17: checks 
metinski_d: bets $0.55
saugat17: calls $0.46 and is all-in
Uncalled bet ($0.09) returned to metinski_d
*** SHOW DOWN ***
metinski_d: shows [Ah As] (two pair, Aces and Nines)
saugat17: shows [Ts Ks] (a pair of Nines)
metinski_d collected $2.10 from pot
*** SUMMARY ***
Total pot $2.19 | Rake $0.09 
Board [9s 8d 9d 7c 5s]
Seat 1: davidstuchl folded before Flop (didn't bet)
Seat 2: Andresinho46 folded before Flop (didn't bet)
Seat 3: Dorex2007 (button) folded before Flop (didn't bet)
Seat 4: 5let dr (small blind) folded before Flop
Seat 5: MOONSP3LL (big blind) folded before Flop
Seat 6: saugat17 showed [Ts Ks] and lost with a pair of Nines
Seat 7: navazm folded before Flop (didn't bet)
Seat 8: metinski_d showed [Ah As] and won ($2.10) with two pair, Aces and Nines
Seat 9: gambitl1 folded before Flop (didn't bet)



PokerStars Hand #238053313405:  Hold'em No Limit ($0.02/$0.05 USD) - 2022/08/17 14:38:47 PT [2022/08/17 17:38:47 ET]
Table 'Alphard IV' 9-max Seat #4 is the button
Seat 1: davidstuchl ($4.40 in chips) 
Seat 2: Andresinho46 ($5.29 in chips) 
Seat 3: Dorex2007 ($8.02 in chips) 
Seat 4: 5let dr ($5.53 in chips) 
Seat 5: MOONSP3LL ($5.58 in chips) 
Seat 7: navazm ($6.92 in chips) 
Seat 8: metinski_d ($4.69 in chips) 
Seat 9: gambitl1 ($4.83 in chips) 
MOONSP3LL: posts small blind $0.02
navazm: posts big blind $0.05
*** HOLE CARDS ***
Dealt to Dorex2007 [Tc 8s]
metinski_d: raises $0.10 to $0.15
saugat17 leaves the table
lindlife joins the table at seat #6 
gambitl1: folds 
davidstuchl: calls $0.15
Andresinho46: folds 
Dorex2007: folds 
5let dr: folds 
MOONSP3LL: folds 
navazm: folds 
*** FLOP *** [Qc Jh 2h]
metinski_d: bets $0.25
davidstuchl: calls $0.25
*** TURN *** [Qc Jh 2h] [5d]
metinski_d: checks 
davidstuchl: bets $0.45
metinski_d: calls $0.45
*** RIVER *** [Qc Jh 2h 5d] [6d]
metinski_d: checks 
davidstuchl: checks 
*** SHOW DOWN ***
metinski_d: shows [Ks Qs] (a pair of Queens)
davidstuchl: mucks hand 
metinski_d collected $1.70 from pot
*** SUMMARY ***
Total pot $1.77 | Rake $0.07 
Board [Qc Jh 2h 5d 6d]
Seat 1: davidstuchl mucked [Js Ad]
Seat 2: Andresinho46 folded before Flop (didn't bet)
Seat 3: Dorex2007 folded before Flop (didn't bet)
Seat 4: 5let dr (button) folded before Flop (didn't bet)
Seat 5: MOONSP3LL (small blind) folded before Flop
Seat 7: navazm (big blind) folded before Flop
Seat 8: metinski_d showed [Ks Qs] and won ($1.70) with a pair of Queens
Seat 9: gambitl1 folded before Flop (didn't bet)



PokerStars Hand #238053334247:  Hold'em No Limit ($0.02/$0.05 USD) - 2022/08/17 14:39:45 PT [2022/08/17 17:39:45 ET]
Table 'Alphard IV' 9-max Seat #5 is the button
Seat 1: davidstuchl ($3.55 in chips) 
Seat 2: Andresinho46 ($5.29 in chips) 
Seat 3: Dorex2007 ($8.02 in chips) 
Seat 4: 5let dr ($5.53 in chips) 
Seat 5: MOONSP3LL ($5.56 in chips) 
Seat 7: navazm ($6.87 in chips) 
Seat 8: metinski_d ($5.54 in chips) 
Seat 9: gambitl1 ($4.83 in chips) 
navazm: posts small blind $0.02
metinski_d: posts big blind $0.05
*** HOLE CARDS ***
Dealt to Dorex2007 [5d 8d]
gambitl1: folds 
davidstuchl: folds 
Andresinho46: folds 
Dorex2007: folds 
5let dr: folds 
MOONSP3LL: raises $0.07 to $0.12
navazm: calls $0.10
metinski_d: calls $0.07
*** FLOP *** [3h 5c Ks]
navazm: checks 
metinski_d: checks 
MOONSP3LL: bets $0.12
navazm: calls $0.12
metinski_d: folds 
*** TURN *** [3h 5c Ks] [3d]
navazm: checks 
MOONSP3LL: checks 
*** RIVER *** [3h 5c Ks 3d] [Qs]
navazm: bets $0.15
MOONSP3LL: folds 
Uncalled bet ($0.15) returned to navazm
navazm collected $0.58 from pot
navazm: doesn't show hand 
*** SUMMARY ***
Total pot $0.60 | Rake $0.02 
Board [3h 5c Ks 3d Qs]
Seat 1: davidstuchl folded before Flop (didn't bet)
Seat 2: Andresinho46 folded before Flop (didn't bet)
Seat 3: Dorex2007 folded before Flop (didn't bet)
Seat 4: 5let dr folded before Flop (didn't bet)
Seat 5: MOONSP3LL (button) folded on the River
Seat 7: navazm (small blind) collected ($0.58)
Seat 8: metinski_d (big blind) folded on the Flop
Seat 9: gambitl1 folded before Flop (didn't bet)



PokerStars Hand #238053354452:  Hold'em No Limit ($0.02/$0.05 USD) - 2022/08/17 14:40:42 PT [2022/08/17 17:40:42 ET]
Table 'Alphard IV' 9-max Seat #7 is the button
Seat 1: davidstuchl ($3.55 in chips) 
Seat 2: Andresinho46 ($5.29 in chips) 
Seat 3: Dorex2007 ($8.02 in chips) 
Seat 4: 5let dr ($5.53 in chips) 
Seat 5: MOONSP3LL ($5.32 in chips) 
Seat 7: navazm ($7.21 in chips) 
Seat 8: metinski_d ($5.42 in chips) 
Seat 9: gambitl1 ($5 in chips) 
metinski_d: posts small blind $0.02
gambitl1: posts big blind $0.05
lindlife: sits out 
*** HOLE CARDS ***
Dealt to Dorex2007 [2s 3c]
davidstuchl: folds 
Andresinho46: folds 
Dorex2007: folds 
5let dr: folds 
MOONSP3LL: raises $0.07 to $0.12
navazm: calls $0.12
metinski_d: folds 
gambitl1: folds 
*** FLOP *** [3h Ts Th]
MOONSP3LL: checks 
navazm: checks 
*** TURN *** [3h Ts Th] [9d]
MOONSP3LL: bets $0.16
navazm: calls $0.16
*** RIVER *** [3h Ts Th 9d] [Qd]
MOONSP3LL: bets $0.45
navazm: folds 
Uncalled bet ($0.45) returned to MOONSP3LL
MOONSP3LL collected $0.59 from pot
MOONSP3LL: doesn't show hand 
*** SUMMARY ***
Total pot $0.63 | Rake $0.04 
Board [3h Ts Th 9d Qd]
Seat 1: davidstuchl folded before Flop (didn't bet)
Seat 2: Andresinho46 folded before Flop (didn't bet)
Seat 3: Dorex2007 folded before Flop (didn't bet)
Seat 4: 5let dr folded before Flop (didn't bet)
Seat 5: MOONSP3LL collected ($0.59)
Seat 7: navazm (button) folded on the River
Seat 8: metinski_d (small blind) folded before Flop
Seat 9: gambitl1 (big blind) folded before Flop



PokerStars Hand #238053374063:  Hold'em No Limit ($0.02/$0.05 USD) - 2022/08/17 14:41:38 PT [2022/08/17 17:41:38 ET]
Table 'Alphard IV' 9-max Seat #8 is the button
Seat 1: davidstuchl ($3.55 in chips) 
Seat 2: Andresinho46 ($5.29 in chips) 
Seat 3: Dorex2007 ($8.02 in chips) 
Seat 4: 5let dr ($5.53 in chips) 
Seat 5: MOONSP3LL ($5.63 in chips) 
Seat 7: navazm ($6.93 in chips) 
Seat 8: metinski_d ($5.40 in chips) 
Seat 9: gambitl1 ($4.95 in chips) 
gambitl1: posts small blind $0.02
davidstuchl: posts big blind $0.05
lindlife: sits out 
*** HOLE CARDS ***
Dealt to Dorex2007 [9d 3d]
Andresinho46: folds 
Dorex2007: folds 
5let dr: folds 
MOONSP3LL: folds 
navazm: folds 
metinski_d: folds 
gambitl1: raises $0.10 to $0.15
davidstuchl: calls $0.10
*** FLOP *** [6h 7h 9s]
gambitl1: bets $0.14
davidstuchl: calls $0.14
*** TURN *** [6h 7h 9s] [Td]
gambitl1: checks 
davidstuchl: checks 
*** RIVER *** [6h 7h 9s Td] [Ac]
gambitl1: checks 
davidstuchl: checks 
*** SHOW DOWN ***
gambitl1: shows [Ad 4d] (a pair of Aces)
davidstuchl: mucks hand 
gambitl1 collected $0.56 from pot
*** SUMMARY ***
Total pot $0.58 | Rake $0.02 
Board [6h 7h 9s Td Ac]
Seat 1: davidstuchl (big blind) mucked [7d Qs]
Seat 2: Andresinho46 folded before Flop (didn't bet)
Seat 3: Dorex2007 folded before Flop (didn't bet)
Seat 4: 5let dr folded before Flop (didn't bet)
Seat 5: MOONSP3LL folded before Flop (didn't bet)
Seat 7: navazm folded before Flop (didn't bet)
Seat 8: metinski_d (button) folded before Flop (didn't bet)
Seat 9: gambitl1 (small blind) showed [Ad 4d] and won ($0.56) with a pair of Aces



PokerStars Hand #238053400810:  Hold'em No Limit ($0.02/$0.05 USD) - 2022/08/17 14:42:54 PT [2022/08/17 17:42:54 ET]
Table 'Alphard IV' 9-max Seat #9 is the button
Seat 1: davidstuchl ($3.26 in chips) 
Seat 2: Andresinho46 ($5.29 in chips) 
Seat 3: Dorex2007 ($8.02 in chips) 
Seat 4: 5let dr ($5.53 in chips) 
Seat 5: MOONSP3LL ($5.63 in chips) 
Seat 7: navazm ($6.93 in chips) 
Seat 8: metinski_d ($5.40 in chips) 
Seat 9: gambitl1 ($5.22 in chips) 
davidstuchl: posts small blind $0.02
Andresinho46: posts big blind $0.05
lindlife: sits out 
*** HOLE CARDS ***
Dealt to Dorex2007 [5c 3c]
Dorex2007: folds 
5let dr: folds 
MOONSP3LL: folds 
navazm: folds 
metinski_d: raises $0.10 to $0.15
gambitl1: folds 
davidstuchl: folds 
Andresinho46: calls $0.10
*** FLOP *** [Tc Kd 8s]
Andresinho46: checks 
metinski_d: bets $0.20
Andresinho46: calls $0.20
*** TURN *** [Tc Kd 8s] [Ts]
Andresinho46: checks 
metinski_d: bets $0.35
Andresinho46: folds 
Uncalled bet ($0.35) returned to metinski_d
metinski_d collected $0.69 from pot
metinski_d: doesn't show hand 
*** SUMMARY ***
Total pot $0.72 | Rake $0.03 
Board [Tc Kd 8s Ts]
Seat 1: davidstuchl (small blind) folded before Flop
Seat 2: Andresinho46 (big blind) folded on the Turn
Seat 3: Dorex2007 folded before Flop (didn't bet)
Seat 4: 5let dr folded before Flop (didn't bet)
Seat 5: MOONSP3LL folded before Flop (didn't bet)
Seat 7: navazm folded before Flop (didn't bet)
Seat 8: metinski_d collected ($0.69)
Seat 9: gambitl1 (button) folded before Flop (didn't bet)



PokerStars Hand #238053421688:  Hold'em No Limit ($0.02/$0.05 USD) - 2022/08/17 14:43:53 PT [2022/08/17 17:43:53 ET]
Table 'Alphard IV' 9-max Seat #1 is the button
Seat 1: davidstuchl ($3.24 in chips) 
Seat 2: Andresinho46 ($5 in chips) 
Seat 3: Dorex2007 ($8.02 in chips) 
Seat 4: 5let dr ($5.53 in chips) 
Seat 5: MOONSP3LL ($5.63 in chips) 
Seat 7: navazm ($6.93 in chips) 
Seat 8: metinski_d ($5.74 in chips) 
Seat 9: gambitl1 ($5.22 in chips) 
Andresinho46: posts small blind $0.02
Dorex2007: posts big blind $0.05
lindlife: sits out 
*** HOLE CARDS ***
Dealt to Dorex2007 [7s Jd]
5let dr: folds 
MOONSP3LL: raises $0.10 to $0.15
navazm: folds 
metinski_d: folds 
gambitl1: folds 
davidstuchl: calls $0.15
Andresinho46: folds 
Dorex2007: folds 
*** FLOP *** [8d 4d 6c]
MOONSP3LL: bets $0.18
davidstuchl: folds 
Uncalled bet ($0.18) returned to MOONSP3LL
MOONSP3LL collected $0.35 from pot
MOONSP3LL: doesn't show hand 
*** SUMMARY ***
Total pot $0.37 | Rake $0.02 
Board [8d 4d 6c]
Seat 1: davidstuchl (button) folded on the Flop
Seat 2: Andresinho46 (small blind) folded before Flop
Seat 3: Dorex2007 (big blind) folded before Flop
Seat 4: 5let dr folded before Flop (didn't bet)
Seat 5: MOONSP3LL collected ($0.35)
Seat 7: navazm folded before Flop (didn't bet)
Seat 8: metinski_d folded before Flop (didn't bet)
Seat 9: gambitl1 folded before Flop (didn't bet)



PokerStars Hand #238053436954:  Hold'em No Limit ($0.02/$0.05 USD) - 2022/08/17 14:44:26 PT [2022/08/17 17:44:26 ET]
Table 'Alphard IV' 9-max Seat #2 is the button
Seat 1: davidstuchl ($3.09 in chips) 
Seat 2: Andresinho46 ($5 in chips) 
Seat 3: Dorex2007 ($7.97 in chips) 
Seat 4: 5let dr ($5.53 in chips) 
Seat 5: MOONSP3LL ($5.83 in chips) 
Seat 7: navazm ($6.93 in chips) 
Seat 8: metinski_d ($5.74 in chips) 
Seat 9: gambitl1 ($5.22 in chips) 
Dorex2007: posts small blind $0.02
5let dr: posts big blind $0.05
lindlife: sits out 
*** HOLE CARDS ***
Dealt to Dorex2007 [8d 6d]
MOONSP3LL: folds 
navazm: raises $0.05 to $0.10
metinski_d: folds 
gambitl1: folds 
davidstuchl: folds 
Andresinho46: folds 
Dorex2007: folds 
MOONSP3LL leaves the table
5let dr is disconnected 
onlyfoolsguy joins the table at seat #5 
5let dr has timed out while disconnected
5let dr: folds 
Uncalled bet ($0.05) returned to navazm
navazm collected $0.12 from pot
navazm: doesn't show hand 
*** SUMMARY ***
Total pot $0.12 | Rake $0 
Seat 1: davidstuchl folded before Flop (didn't bet)
Seat 2: Andresinho46 (button) folded before Flop (didn't bet)
Seat 3: Dorex2007 (small blind) folded before Flop
Seat 4: 5let dr (big blind) folded before Flop
Seat 5: MOONSP3LL folded before Flop (didn't bet)
Seat 7: navazm collected ($0.12)
Seat 8: metinski_d folded before Flop (didn't bet)
Seat 9: gambitl1 folded before Flop (didn't bet)



PokerStars Hand #238053453448:  Hold'em No Limit ($0.02/$0.05 USD) - 2022/08/17 14:45:01 PT [2022/08/17 17:45:01 ET]
Table 'Alphard IV' 9-max Seat #3 is the button
Seat 1: davidstuchl ($3.09 in chips) 
Seat 2: Andresinho46 ($5 in chips) 
Seat 3: Dorex2007 ($7.95 in chips) 
Seat 7: navazm ($7 in chips) 
Seat 8: metinski_d ($5.74 in chips) 
Seat 9: gambitl1 ($5.22 in chips) 
navazm: posts small blind $0.02
metinski_d: posts big blind $0.05
*** HOLE CARDS ***
Dealt to Dorex2007 [Ah Qd]
gambitl1: raises $0.10 to $0.15
davidstuchl: folds 
Andresinho46: folds 
Dorex2007: calls $0.15
navazm: folds 
metinski_d: folds 
*** FLOP *** [As 3c 7c]
gambitl1: checks 
Dorex2007: bets $0.23
gambitl1: calls $0.23
*** TURN *** [As 3c 7c] [6d]
gambitl1: checks 
Dorex2007: checks 
*** RIVER *** [As 3c 7c 6d] [9h]
gambitl1: checks 
Dorex2007: checks 
*** SHOW DOWN ***
gambitl1: shows [Ks Kd] (a pair of Kings)
Dorex2007: shows [Ah Qd] (a pair of Aces)
Dorex2007 collected $0.80 from pot
*** SUMMARY ***
Total pot $0.83 | Rake $0.03 
Board [As 3c 7c 6d 9h]
Seat 1: davidstuchl folded before Flop (didn't bet)
Seat 2: Andresinho46 folded before Flop (didn't bet)
Seat 3: Dorex2007 (button) showed [Ah Qd] and won ($0.80) with a pair of Aces
Seat 7: navazm (small blind) folded before Flop
Seat 8: metinski_d (big blind) folded before Flop
Seat 9: gambitl1 showed [Ks Kd] and lost with a pair of Kings



PokerStars Hand #238053482528:  Hold'em No Limit ($0.02/$0.05 USD) - 2022/08/17 14:46:25 PT [2022/08/17 17:46:25 ET]
Table 'Alphard IV' 9-max Seat #7 is the button
Seat 1: davidstuchl ($3.09 in chips) 
Seat 2: Andresinho46 ($5 in chips) 
Seat 3: Dorex2007 ($8.37 in chips) 
Seat 5: onlyfoolsguy ($5 in chips) 
Seat 7: navazm ($6.98 in chips) 
Seat 8: metinski_d ($5.69 in chips) 
Seat 9: gambitl1 ($4.84 in chips) 
metinski_d: posts small blind $0.02
gambitl1: posts big blind $0.05
5let dr: sits out 
onlyfoolsguy: posts big blind $0.05
lindlife: sits out 
*** HOLE CARDS ***
Dealt to Dorex2007 [6d 6h]
davidstuchl: folds 
Andresinho46: folds 
Dorex2007: calls $0.05
onlyfoolsguy: raises $0.22 to $0.27
navazm: folds 
metinski_d: folds 
gambitl1: folds 
Dorex2007: folds 
Uncalled bet ($0.22) returned to onlyfoolsguy
5let dr leaves the table
onlyfoolsguy collected $0.17 from pot
onlyfoolsguy: doesn't show hand 
*** SUMMARY ***
Total pot $0.17 | Rake $0 
Seat 1: davidstuchl folded before Flop (didn't bet)
Seat 2: Andresinho46 folded before Flop (didn't bet)
Seat 3: Dorex2007 folded before Flop
Seat 5: onlyfoolsguy collected ($0.17)
Seat 7: navazm (button) folded before Flop (didn't bet)
Seat 8: metinski_d (small blind) folded before Flop
Seat 9: gambitl1 (big blind) folded before Flop



PokerStars Hand #238053491005:  Hold'em No Limit ($0.02/$0.05 USD) - 2022/08/17 14:46:49 PT [2022/08/17 17:46:49 ET]
Table 'Alphard IV' 9-max Seat #8 is the button
Seat 1: davidstuchl ($3.09 in chips) 
Seat 2: Andresinho46 ($5 in chips) 
Seat 3: Dorex2007 ($8.32 in chips) 
Seat 5: onlyfoolsguy ($5.12 in chips) 
Seat 7: navazm ($6.98 in chips) 
Seat 8: metinski_d ($5.67 in chips) 
Seat 9: gambitl1 ($4.79 in chips) 
gambitl1: posts small blind $0.02
davidstuchl: posts big blind $0.05
lindlife: sits out 
*** HOLE CARDS ***
Dealt to Dorex2007 [7s Ah]
Andresinho46: folds 
Dorex2007: folds 
onlyfoolsguy: folds 
navazm: folds 
metinski_d: folds 
gambitl1: folds 
Uncalled bet ($0.03) returned to davidstuchl
davidstuchl collected $0.04 from pot
*** SUMMARY ***
Total pot $0.04 | Rake $0 
Seat 1: davidstuchl (big blind) collected ($0.04)
Seat 2: Andresinho46 folded before Flop (didn't bet)
Seat 3: Dorex2007 folded before Flop (didn't bet)
Seat 5: onlyfoolsguy folded before Flop (didn't bet)
Seat 7: navazm folded before Flop (didn't bet)
Seat 8: metinski_d (button) folded before Flop (didn't bet)
Seat 9: gambitl1 (small blind) folded before Flop



PokerStars Hand #238053495188:  Hold'em No Limit ($0.02/$0.05 USD) - 2022/08/17 14:47:01 PT [2022/08/17 17:47:01 ET]
Table 'Alphard IV' 9-max Seat #9 is the button
Seat 1: davidstuchl ($3.11 in chips) 
Seat 2: Andresinho46 ($5 in chips) 
Seat 3: Dorex2007 ($8.32 in chips) 
Seat 5: onlyfoolsguy ($5.12 in chips) 
Seat 7: navazm ($6.98 in chips) 
Seat 8: metinski_d ($5.67 in chips) 
Seat 9: gambitl1 ($4.77 in chips) 
davidstuchl: posts small blind $0.02
Andresinho46: posts big blind $0.05
lindlife: sits out 
*** HOLE CARDS ***
Dealt to Dorex2007 [Th Kd]
Dorex2007: folds 
onlyfoolsguy: raises $0.10 to $0.15
navazm: calls $0.15
metinski_d: folds 
gambitl1: folds 
davidstuchl: raises $0.50 to $0.65
Andresinho46: calls $0.60
onlyfoolsguy: calls $0.50
navazm: folds 
*** FLOP *** [Ac 7c 5c]
davidstuchl: bets $2.46 and is all-in
Andresinho46: raises $1.89 to $4.35 and is all-in
onlyfoolsguy: folds 
Uncalled bet ($1.89) returned to Andresinho46
*** TURN *** [Ac 7c 5c] [9h]
*** RIVER *** [Ac 7c 5c 9h] [5h]
*** SHOW DOWN ***
davidstuchl: shows [Ts Tc] (two pair, Tens and Fives)
Andresinho46: shows [Ad As] (a full house, Aces full of Fives)
Andresinho46 cashed out the hand for $4.83 | Cash Out Fee $0.05
*** SUMMARY ***
Total pot $7.02 | Rake $0.29 
Board [Ac 7c 5c 9h 5h]
Seat 1: davidstuchl (small blind) showed [Ts Tc] and lost with two pair, Tens and Fives
Seat 2: Andresinho46 (big blind) showed [Ad As] and won ($6.73) with a full house, Aces full of Fives (pot not awarded as player cashed out)
Seat 3: Dorex2007 folded before Flop (didn't bet)
Seat 5: onlyfoolsguy folded on the Flop
Seat 7: navazm folded before Flop
Seat 8: metinski_d folded before Flop (didn't bet)
Seat 9: gambitl1 (button) folded before Flop (didn't bet)



PokerStars Hand #238053516039:  Hold'em No Limit ($0.02/$0.05 USD) - 2022/08/17 14:48:01 PT [2022/08/17 17:48:01 ET]
Table 'Alphard IV' 9-max Seat #2 is the button
Seat 2: Andresinho46 ($6.72 in chips) 
Seat 3: Dorex2007 ($8.32 in chips) 
Seat 5: onlyfoolsguy ($4.47 in chips) 
Seat 7: navazm ($6.83 in chips) 
Seat 8: metinski_d ($5.67 in chips) 
Seat 9: gambitl1 ($4.77 in chips) 
Dorex2007: posts small blind $0.02
onlyfoolsguy: posts big blind $0.05
lindlife: sits out 
*** HOLE CARDS ***
Dealt to Dorex2007 [2h Kd]
navazm: folds 
metinski_d: folds 
gambitl1: folds 
davidstuchl leaves the table
Andresinho46: folds 
Dorex2007: folds 
Uncalled bet ($0.03) returned to onlyfoolsguy
onlyfoolsguy collected $0.04 from pot
*** SUMMARY ***
Total pot $0.04 | Rake $0 
Seat 2: Andresinho46 (button) folded before Flop (didn't bet)
Seat 3: Dorex2007 (small blind) folded before Flop
Seat 5: onlyfoolsguy (big blind) collected ($0.04)
Seat 7: navazm folded before Flop (didn't bet)
Seat 8: metinski_d folded before Flop (didn't bet)
Seat 9: gambitl1 folded before Flop (didn't bet)



PokerStars Hand #238053522527:  Hold'em No Limit ($0.02/$0.05 USD) - 2022/08/17 14:48:20 PT [2022/08/17 17:48:20 ET]
Table 'Alphard IV' 9-max Seat #3 is the button
Seat 2: Andresinho46 ($6.72 in chips) 
Seat 3: Dorex2007 ($8.30 in chips) 
Seat 5: onlyfoolsguy ($4.49 in chips) 
Seat 6: lindlife ($5 in chips) 
Seat 7: navazm ($6.83 in chips) 
Seat 8: metinski_d ($5.67 in chips) 
Seat 9: gambitl1 ($4.77 in chips) 
onlyfoolsguy: posts small blind $0.02
lindlife: posts big blind $0.05
*** HOLE CARDS ***
Dealt to Dorex2007 [7s Qd]
navazm: folds 
metinski_d: folds 
gambitl1: folds 
Andresinho46: raises $0.10 to $0.15
Dorex2007: folds 
onlyfoolsguy: folds 
lindlife: raises $0.30 to $0.45
Andresinho46: calls $0.30
*** FLOP *** [2c 2s 8d]
lindlife: checks 
Andresinho46: checks 
*** TURN *** [2c 2s 8d] [7c]
lindlife: bets $0.29
Andresinho46: calls $0.29
*** RIVER *** [2c 2s 8d 7c] [3d]
lindlife: checks 
Andresinho46: checks 
*** SHOW DOWN ***
lindlife: shows [Ac Jc] (a pair of Deuces)
Andresinho46: shows [Ad Kh] (a pair of Deuces - Ace+King kicker)
Andresinho46 collected $1.44 from pot
*** SUMMARY ***
Total pot $1.50 | Rake $0.06 
Board [2c 2s 8d 7c 3d]
Seat 2: Andresinho46 showed [Ad Kh] and won ($1.44) with a pair of Deuces
Seat 3: Dorex2007 (button) folded before Flop (didn't bet)
Seat 5: onlyfoolsguy (small blind) folded before Flop
Seat 6: lindlife (big blind) showed [Ac Jc] and lost with a pair of Deuces
Seat 7: navazm folded before Flop (didn't bet)
Seat 8: metinski_d folded before Flop (didn't bet)
Seat 9: gambitl1 folded before Flop (didn't bet)



PokerStars Hand #238053541611:  Hold'em No Limit ($0.02/$0.05 USD) - 2022/08/17 14:49:16 PT [2022/08/17 17:49:16 ET]
Table 'Alphard IV' 9-max Seat #5 is the button
Seat 2: Andresinho46 ($7.42 in chips) 
Seat 3: Dorex2007 ($8.30 in chips) 
Seat 5: onlyfoolsguy ($4.47 in chips) 
Seat 6: lindlife ($5 in chips) 
Seat 7: navazm ($6.83 in chips) 
Seat 8: metinski_d ($5.67 in chips) 
Seat 9: gambitl1 ($4.77 in chips) 
lindlife: posts small blind $0.02
navazm: posts big blind $0.05
*** HOLE CARDS ***
Dealt to Dorex2007 [Ad Ks]
metinski_d: folds 
gambitl1: raises $0.10 to $0.15
Andresinho46: folds 
Dorex2007: calls $0.15
onlyfoolsguy: folds 
lindlife: folds 
navazm: folds 
*** FLOP *** [3d 5s 6s]
gambitl1: checks 
Dorex2007: checks 
*** TURN *** [3d 5s 6s] [2s]
gambitl1: bets $0.17
Dorex2007: calls $0.17
*** RIVER *** [3d 5s 6s 2s] [Kh]
gambitl1: checks 
Dorex2007: checks 
*** SHOW DOWN ***
gambitl1: shows [2c 2h] (three of a kind, Deuces)
Dorex2007: mucks hand 
gambitl1 collected $0.68 from pot
*** SUMMARY ***
Total pot $0.71 | Rake $0.03 
Board [3d 5s 6s 2s Kh]
Seat 2: Andresinho46 folded before Flop (didn't bet)
Seat 3: Dorex2007 mucked [Ad Ks]
Seat 5: onlyfoolsguy (button) folded before Flop (didn't bet)
Seat 6: lindlife (small blind) folded before Flop
Seat 7: navazm (big blind) folded before Flop
Seat 8: metinski_d folded before Flop (didn't bet)
Seat 9: gambitl1 showed [2c 2h] and won ($0.68) with three of a kind, Deuces



PokerStars Hand #238053561778:  Hold'em No Limit ($0.02/$0.05 USD) - 2022/08/17 14:50:15 PT [2022/08/17 17:50:15 ET]
Table 'Alphard IV' 9-max Seat #6 is the button
Seat 2: Andresinho46 ($7.42 in chips) 
Seat 3: Dorex2007 ($7.98 in chips) 
Seat 5: onlyfoolsguy ($4.47 in chips) 
Seat 6: lindlife ($5 in chips) 
Seat 7: navazm ($6.78 in chips) 
Seat 8: metinski_d ($5.67 in chips) 
Seat 9: gambitl1 ($5.13 in chips) 
navazm: posts small blind $0.02
metinski_d: posts big blind $0.05
*** HOLE CARDS ***
Dealt to Dorex2007 [2h Kd]
gambitl1: folds 
Andresinho46: folds 
Dorex2007: folds 
onlyfoolsguy: raises $0.10 to $0.15
lindlife: folds 
navazm: calls $0.13
metinski_d: calls $0.10
*** FLOP *** [4s 9s Qs]
navazm: checks 
metinski_d: checks 
onlyfoolsguy: checks 
*** TURN *** [4s 9s Qs] [7d]
navazm: checks 
metinski_d: bets $0.22
onlyfoolsguy: folds 
navazm: folds 
Uncalled bet ($0.22) returned to metinski_d
metinski_d collected $0.43 from pot
metinski_d: doesn't show hand 
*** SUMMARY ***
Total pot $0.45 | Rake $0.02 
Board [4s 9s Qs 7d]
Seat 2: Andresinho46 folded before Flop (didn't bet)
Seat 3: Dorex2007 folded before Flop (didn't bet)
Seat 5: onlyfoolsguy folded on the Turn
Seat 6: lindlife (button) folded before Flop (didn't bet)
Seat 7: navazm (small blind) folded on the Turn
Seat 8: metinski_d (big blind) collected ($0.43)
Seat 9: gambitl1 folded before Flop (didn't bet)



PokerStars Hand #238053586828:  Hold'em No Limit ($0.02/$0.05 USD) - 2022/08/17 14:51:29 PT [2022/08/17 17:51:29 ET]
Table 'Alphard IV' 9-max Seat #7 is the button
Seat 2: Andresinho46 ($7.42 in chips) 
Seat 3: Dorex2007 ($7.98 in chips) 
Seat 5: onlyfoolsguy ($4.32 in chips) 
Seat 6: lindlife ($5 in chips) 
Seat 7: navazm ($6.63 in chips) 
Seat 8: metinski_d ($5.95 in chips) 
Seat 9: gambitl1 ($5.13 in chips) 
metinski_d: posts small blind $0.02
gambitl1: posts big blind $0.05
*** HOLE CARDS ***
Dealt to Dorex2007 [4h Js]
Gomez224 joins the table at seat #1 
Andresinho46: folds 
Dorex2007: folds 
EaBoblucifer joins the table at seat #4 
onlyfoolsguy has timed out
onlyfoolsguy: folds 
lindlife: folds 
navazm: folds 
metinski_d: folds 
Uncalled bet ($0.03) returned to gambitl1
gambitl1 collected $0.04 from pot
*** SUMMARY ***
Total pot $0.04 | Rake $0 
Seat 2: Andresinho46 folded before Flop (didn't bet)
Seat 3: Dorex2007 folded before Flop (didn't bet)
Seat 5: onlyfoolsguy folded before Flop (didn't bet)
Seat 6: lindlife folded before Flop (didn't bet)
Seat 7: navazm (button) folded before Flop (didn't bet)
Seat 8: metinski_d (small blind) folded before Flop
Seat 9: gambitl1 (big blind) collected ($0.04)



PokerStars Hand #238053600858:  Hold'em No Limit ($0.02/$0.05 USD) - 2022/08/17 14:52:10 PT [2022/08/17 17:52:10 ET]
Table 'Alphard IV' 9-max Seat #8 is the button
Seat 1: Gomez224 ($2 in chips) 
Seat 2: Andresinho46 ($7.42 in chips) 
Seat 3: Dorex2007 ($7.98 in chips) 
Seat 6: lindlife ($5 in chips) 
Seat 7: navazm ($6.63 in chips) 
Seat 8: metinski_d ($5.93 in chips) 
Seat 9: gambitl1 ($5.15 in chips) 
gambitl1: posts small blind $0.02
Gomez224: posts big blind $0.05
EaBoblucifer is connected 
EaBoblucifer: sits out 
*** HOLE CARDS ***
Dealt to Dorex2007 [Qh Qd]
Andresinho46: folds 
Dorex2007: raises $0.10 to $0.15
lindlife: folds 
navazm: folds 
metinski_d: folds 
gambitl1: calls $0.13
Gomez224: raises $1.85 to $2 and is all-in
Dorex2007: folds 
gambitl1: folds 
Uncalled bet ($1.85) returned to Gomez224
Gomez224 collected $0.45 from pot
Gomez224: doesn't show hand 
*** SUMMARY ***
Total pot $0.45 | Rake $0 
Seat 1: Gomez224 (big blind) collected ($0.45)
Seat 2: Andresinho46 folded before Flop (didn't bet)
Seat 3: Dorex2007 folded before Flop
Seat 6: lindlife folded before Flop (didn't bet)
Seat 7: navazm folded before Flop (didn't bet)
Seat 8: metinski_d (button) folded before Flop (didn't bet)
Seat 9: gambitl1 (small blind) folded before Flop



PokerStars Hand #238053615539:  Hold'em No Limit ($0.02/$0.05 USD) - 2022/08/17 14:52:53 PT [2022/08/17 17:52:53 ET]
Table 'Alphard IV' 9-max Seat #9 is the button
Seat 1: Gomez224 ($2.30 in chips) 
Seat 2: Andresinho46 ($7.42 in chips) 
Seat 3: Dorex2007 ($7.83 in chips) 
Seat 4: EaBoblucifer ($4 in chips) 
Seat 5: onlyfoolsguy ($4.32 in chips) 
Seat 6: lindlife ($5 in chips) 
Seat 7: navazm ($6.63 in chips) 
Seat 8: metinski_d ($5.93 in chips) 
Seat 9: gambitl1 ($5 in chips) 
Gomez224: posts small blind $0.02
Andresinho46: posts big blind $0.05
EaBoblucifer: posts big blind $0.05
*** HOLE CARDS ***
Dealt to Dorex2007 [Qc 5d]
Dorex2007: folds 
EaBoblucifer: checks 
onlyfoolsguy: folds 
lindlife: folds 
navazm: folds 
metinski_d: folds 
gambitl1: raises $0.15 to $0.20
Gomez224: folds 
Andresinho46: folds 
EaBoblucifer: folds 
Uncalled bet ($0.15) returned to gambitl1
gambitl1 collected $0.17 from pot
*** SUMMARY ***
Total pot $0.17 | Rake $0 
Seat 1: Gomez224 (small blind) folded before Flop
Seat 2: Andresinho46 (big blind) folded before Flop
Seat 3: Dorex2007 folded before Flop (didn't bet)
Seat 4: EaBoblucifer folded before Flop (didn't bet)
Seat 5: onlyfoolsguy folded before Flop (didn't bet)
Seat 6: lindlife folded before Flop (didn't bet)
Seat 7: navazm folded before Flop (didn't bet)
Seat 8: metinski_d folded before Flop (didn't bet)
Seat 9: gambitl1 (button) collected ($0.17)



PokerStars Hand #238053624524:  Hold'em No Limit ($0.02/$0.05 USD) - 2022/08/17 14:53:20 PT [2022/08/17 17:53:20 ET]
Table 'Alphard IV' 9-max Seat #1 is the button
Seat 1: Gomez224 ($2.28 in chips) 
Seat 2: Andresinho46 ($7.37 in chips) 
Seat 3: Dorex2007 ($7.83 in chips) 
Seat 4: EaBoblucifer ($3.95 in chips) 
Seat 6: lindlife ($5 in chips) 
Seat 7: navazm ($6.63 in chips) 
Seat 8: metinski_d ($5.93 in chips) 
Seat 9: gambitl1 ($5.12 in chips) 
Andresinho46: posts small blind $0.02
Dorex2007: posts big blind $0.05
*** HOLE CARDS ***
Dealt to Dorex2007 [6h 2h]
EaBoblucifer: calls $0.05
lindlife: folds 
navazm: calls $0.05
metinski_d: folds 
gambitl1: folds 
Gomez224: folds 
Andresinho46: folds 
Dorex2007: checks 
*** FLOP *** [Ah 5d Qc]
Dorex2007: checks 
EaBoblucifer: checks 
navazm: bets $0.08
Dorex2007: folds 
EaBoblucifer: folds 
Uncalled bet ($0.08) returned to navazm
navazm collected $0.16 from pot
navazm: doesn't show hand 
*** SUMMARY ***
Total pot $0.17 | Rake $0.01 
Board [Ah 5d Qc]
Seat 1: Gomez224 (button) folded before Flop (didn't bet)
Seat 2: Andresinho46 (small blind) folded before Flop
Seat 3: Dorex2007 (big blind) folded on the Flop
Seat 4: EaBoblucifer folded on the Flop
Seat 6: lindlife folded before Flop (didn't bet)
Seat 7: navazm collected ($0.16)
Seat 8: metinski_d folded before Flop (didn't bet)
Seat 9: gambitl1 folded before Flop (didn't bet)



PokerStars Hand #238053640315:  Hold'em No Limit ($0.02/$0.05 USD) - 2022/08/17 14:54:07 PT [2022/08/17 17:54:07 ET]
Table 'Alphard IV' 9-max Seat #2 is the button
Seat 1: Gomez224 ($2.28 in chips) 
Seat 2: Andresinho46 ($7.35 in chips) 
Seat 3: Dorex2007 ($7.78 in chips) 
Seat 4: EaBoblucifer ($3.90 in chips) 
Seat 6: lindlife ($5 in chips) 
Seat 7: navazm ($6.74 in chips) 
Seat 8: metinski_d ($5.93 in chips) 
Seat 9: gambitl1 ($5.12 in chips) 
Dorex2007: posts small blind $0.02
EaBoblucifer: posts big blind $0.05
*** HOLE CARDS ***
Dealt to Dorex2007 [8c Kd]
lindlife: folds 
navazm: folds 
metinski_d: folds 
gambitl1: folds 
Gomez224: folds 
Andresinho46: folds 
Dorex2007: folds 
Uncalled bet ($0.03) returned to EaBoblucifer
EaBoblucifer collected $0.04 from pot
EaBoblucifer: doesn't show hand 
*** SUMMARY ***
Total pot $0.04 | Rake $0 
Seat 1: Gomez224 folded before Flop (didn't bet)
Seat 2: Andresinho46 (button) folded before Flop (didn't bet)
Seat 3: Dorex2007 (small blind) folded before Flop
Seat 4: EaBoblucifer (big blind) collected ($0.04)
Seat 6: lindlife folded before Flop (didn't bet)
Seat 7: navazm folded before Flop (didn't bet)
Seat 8: metinski_d folded before Flop (didn't bet)
Seat 9: gambitl1 folded before Flop (didn't bet)



PokerStars Hand #238053645312:  Hold'em No Limit ($0.02/$0.05 USD) - 2022/08/17 14:54:22 PT [2022/08/17 17:54:22 ET]
Table 'Alphard IV' 9-max Seat #3 is the button
Seat 1: Gomez224 ($2.28 in chips) 
Seat 2: Andresinho46 ($7.35 in chips) 
Seat 3: Dorex2007 ($7.76 in chips) 
Seat 4: EaBoblucifer ($3.92 in chips) 
Seat 6: lindlife ($5 in chips) 
Seat 7: navazm ($6.74 in chips) 
Seat 8: metinski_d ($5.93 in chips) 
Seat 9: gambitl1 ($5.12 in chips) 
EaBoblucifer: posts small blind $0.02
lindlife: posts big blind $0.05
*** HOLE CARDS ***
Dealt to Dorex2007 [Ks 4h]
navazm: calls $0.05
metinski_d: folds 
gambitl1: folds 
Gomez224: raises $0.15 to $0.20
Andresinho46: folds 
Dorex2007: folds 
EaBoblucifer: folds 
lindlife: folds 
navazm: calls $0.15
*** FLOP *** [Ts 7s 9d]
navazm: checks 
Gomez224: checks 
*** TURN *** [Ts 7s 9d] [Ac]
navazm: checks 
Gomez224: bets $0.25
navazm: folds 
Uncalled bet ($0.25) returned to Gomez224
Gomez224 collected $0.45 from pot
Gomez224: doesn't show hand 
*** SUMMARY ***
Total pot $0.47 | Rake $0.02 
Board [Ts 7s 9d Ac]
Seat 1: Gomez224 collected ($0.45)
Seat 2: Andresinho46 folded before Flop (didn't bet)
Seat 3: Dorex2007 (button) folded before Flop (didn't bet)
Seat 4: EaBoblucifer (small blind) folded before Flop
Seat 6: lindlife (big blind) folded before Flop
Seat 7: navazm folded on the Turn
Seat 8: metinski_d folded before Flop (didn't bet)
Seat 9: gambitl1 folded before Flop (didn't bet)



PokerStars Hand #238053661302:  Hold'em No Limit ($0.02/$0.05 USD) - 2022/08/17 14:55:12 PT [2022/08/17 17:55:12 ET]
Table 'Alphard IV' 9-max Seat #4 is the button
Seat 1: Gomez224 ($2.53 in chips) 
Seat 2: Andresinho46 ($7.35 in chips) 
Seat 3: Dorex2007 ($7.76 in chips) 
Seat 4: EaBoblucifer ($3.90 in chips) 
Seat 6: lindlife ($5 in chips) 
Seat 7: navazm ($6.54 in chips) 
Seat 8: metinski_d ($5.93 in chips) 
Seat 9: gambitl1 ($5.12 in chips) 
lindlife: posts small blind $0.02
navazm: posts big blind $0.05
*** HOLE CARDS ***
Dealt to Dorex2007 [4h As]
metinski_d: folds 
gambitl1: folds 
Gomez224: folds 
Andresinho46: folds 
Dorex2007: folds 
EaBoblucifer: calls $0.05
lindlife: folds 
navazm: checks 
*** FLOP *** [Ad Kh Ts]
navazm: checks 
EaBoblucifer: checks 
*** TURN *** [Ad Kh Ts] [Td]
navazm: checks 
EaBoblucifer: checks 
*** RIVER *** [Ad Kh Ts Td] [Ah]
navazm: checks 
EaBoblucifer: checks 
*** SHOW DOWN ***
navazm: shows [6d Qd] (two pair, Aces and Tens)
EaBoblucifer: shows [7c 8c] (two pair, Aces and Tens)
navazm collected $0.06 from pot
EaBoblucifer collected $0.06 from pot
*** SUMMARY ***
Total pot $0.12 | Rake $0 
Board [Ad Kh Ts Td Ah]
Seat 1: Gomez224 folded before Flop (didn't bet)
Seat 2: Andresinho46 folded before Flop (didn't bet)
Seat 3: Dorex2007 folded before Flop (didn't bet)
Seat 4: EaBoblucifer (button) showed [7c 8c] and won ($0.06) with two pair, Aces and Tens
Seat 6: lindlife (small blind) folded before Flop
Seat 7: navazm (big blind) showed [6d Qd] and won ($0.06) with two pair, Aces and Tens
Seat 8: metinski_d folded before Flop (didn't bet)
Seat 9: gambitl1 folded before Flop (didn't bet)



PokerStars Hand #238053679095:  Hold'em No Limit ($0.02/$0.05 USD) - 2022/08/17 14:56:18 PT [2022/08/17 17:56:18 ET]
Table 'Alphard IV' 9-max Seat #6 is the button
Seat 1: Gomez224 ($2.53 in chips) 
Seat 2: Andresinho46 ($7.35 in chips) 
Seat 3: Dorex2007 ($7.76 in chips) 
Seat 4: EaBoblucifer ($3.91 in chips) 
Seat 6: lindlife ($5 in chips) 
Seat 7: navazm ($6.55 in chips) 
Seat 8: metinski_d ($5.93 in chips) 
Seat 9: gambitl1 ($5.12 in chips) 
navazm: posts small blind $0.02
metinski_d: posts big blind $0.05
onlyfoolsguy: sits out 
*** HOLE CARDS ***
Dealt to Dorex2007 [3s 2d]
gambitl1 has timed out
gambitl1: folds 
Gomez224: folds 
Andresinho46: raises $0.10 to $0.15
Dorex2007: folds 
EaBoblucifer: calls $0.15
lindlife: folds 
navazm: calls $0.13
metinski_d: calls $0.10
*** FLOP *** [Js 3c 8c]
navazm: checks 
metinski_d: checks 
Andresinho46: checks 
EaBoblucifer: checks 
*** TURN *** [Js 3c 8c] [8s]
navazm: checks 
metinski_d: checks 
Andresinho46: checks 
EaBoblucifer: checks 
*** RIVER *** [Js 3c 8c 8s] [6s]
navazm: checks 
metinski_d: checks 
Andresinho46: checks 
EaBoblucifer: bets $0.05
navazm: folds 
metinski_d: folds 
Andresinho46: folds 
Uncalled bet ($0.05) returned to EaBoblucifer
EaBoblucifer collected $0.58 from pot
EaBoblucifer: doesn't show hand 
*** SUMMARY ***
Total pot $0.60 | Rake $0.02 
Board [Js 3c 8c 8s 6s]
Seat 1: Gomez224 folded before Flop (didn't bet)
Seat 2: Andresinho46 folded on the River
Seat 3: Dorex2007 folded before Flop (didn't bet)
Seat 4: EaBoblucifer collected ($0.58)
Seat 6: lindlife (button) folded before Flop (didn't bet)
Seat 7: navazm (small blind) folded on the River
Seat 8: metinski_d (big blind) folded on the River
Seat 9: gambitl1 folded before Flop (didn't bet)



PokerStars Hand #238053708259:  Hold'em No Limit ($0.02/$0.05 USD) - 2022/08/17 14:57:50 PT [2022/08/17 17:57:50 ET]
Table 'Alphard IV' 9-max Seat #7 is the button
Seat 1: Gomez224 ($2.53 in chips) 
Seat 2: Andresinho46 ($7.20 in chips) 
Seat 3: Dorex2007 ($7.76 in chips) 
Seat 4: EaBoblucifer ($4.34 in chips) 
Seat 6: lindlife ($5 in chips) 
Seat 7: navazm ($6.40 in chips) 
Seat 8: metinski_d ($5.78 in chips) 
Seat 9: gambitl1 ($5.12 in chips) 
metinski_d: posts small blind $0.02
gambitl1: posts big blind $0.05
onlyfoolsguy: sits out 
*** HOLE CARDS ***
Dealt to Dorex2007 [9s 9h]
Gomez224: folds 
Andresinho46: folds 
Dorex2007: raises $0.05 to $0.10
EaBoblucifer: calls $0.10
lindlife: raises $0.20 to $0.30
navazm: folds 
metinski_d: folds 
gambitl1: folds 
Dorex2007: folds 
EaBoblucifer: calls $0.20
*** FLOP *** [Th Ah 2h]
EaBoblucifer: bets $0.10
lindlife: calls $0.10
*** TURN *** [Th Ah 2h] [8c]
EaBoblucifer: bets $0.05
lindlife: calls $0.05
*** RIVER *** [Th Ah 2h 8c] [5c]
EaBoblucifer: bets $0.05
lindlife: folds 
Uncalled bet ($0.05) returned to EaBoblucifer
EaBoblucifer collected $1.03 from pot
EaBoblucifer: doesn't show hand 
*** SUMMARY ***
Total pot $1.07 | Rake $0.04 
Board [Th Ah 2h 8c 5c]
Seat 1: Gomez224 folded before Flop (didn't bet)
Seat 2: Andresinho46 folded before Flop (didn't bet)
Seat 3: Dorex2007 folded before Flop
Seat 4: EaBoblucifer collected ($1.03)
Seat 6: lindlife folded on the River
Seat 7: navazm (button) folded before Flop (didn't bet)
Seat 8: metinski_d (small blind) folded before Flop
Seat 9: gambitl1 (big blind) folded before Flop



PokerStars Hand #238053724778:  Hold'em No Limit ($0.02/$0.05 USD) - 2022/08/17 14:58:51 PT [2022/08/17 17:58:51 ET]
Table 'Alphard IV' 9-max Seat #8 is the button
Seat 2: Andresinho46 ($7.20 in chips) 
Seat 3: Dorex2007 ($7.66 in chips) 
Seat 4: EaBoblucifer ($4.92 in chips) 
Seat 6: lindlife ($5 in chips) 
Seat 7: navazm ($6.40 in chips) 
Seat 8: metinski_d ($5.76 in chips) 
Seat 9: gambitl1 ($5.07 in chips) 
gambitl1: posts small blind $0.02
Gomez224: is sitting out 
Andresinho46: posts big blind $0.05
onlyfoolsguy: sits out 
*** HOLE CARDS ***
Dealt to Dorex2007 [8d 3d]
Dorex2007: folds 
EaBoblucifer: calls $0.05
lindlife: folds 
Gomez224 leaves the table
navazm: raises $0.05 to $0.10
metinski_d: calls $0.10
gambitl1: folds 
Andresinho46: folds 
EaBoblucifer: calls $0.05
*** FLOP *** [Tc 4s 7h]
EaBoblucifer: checks 
navazm: bets $0.17
metinski_d: calls $0.17
EaBoblucifer: folds 
*** TURN *** [Tc 4s 7h] [9d]
navazm: bets $0.15
metinski_d: calls $0.15
*** RIVER *** [Tc 4s 7h 9d] [7s]
aidosken joins the table at seat #1 
navazm: bets $0.15
metinski_d: calls $0.15
*** SHOW DOWN ***
navazm: shows [9c Ac] (two pair, Nines and Sevens)
metinski_d: shows [Th Jh] (two pair, Tens and Sevens)
metinski_d collected $1.26 from pot
*** SUMMARY ***
Total pot $1.31 | Rake $0.05 
Board [Tc 4s 7h 9d 7s]
Seat 2: Andresinho46 (big blind) folded before Flop
Seat 3: Dorex2007 folded before Flop (didn't bet)
Seat 4: EaBoblucifer folded on the Flop
Seat 6: lindlife folded before Flop (didn't bet)
Seat 7: navazm showed [9c Ac] and lost with two pair, Nines and Sevens
Seat 8: metinski_d (button) showed [Th Jh] and won ($1.26) with two pair, Tens and Sevens
Seat 9: gambitl1 (small blind) folded before Flop



PokerStars Hand #238053745012:  Hold'em No Limit ($0.02/$0.05 USD) - 2022/08/17 15:00:06 PT [2022/08/17 18:00:06 ET]
Table 'Alphard IV' 9-max Seat #9 is the button
Seat 2: Andresinho46 ($7.15 in chips) 
Seat 3: Dorex2007 ($7.66 in chips) 
Seat 4: EaBoblucifer ($4.82 in chips) 
Seat 6: lindlife ($5 in chips) 
Seat 7: navazm ($5.83 in chips) 
Seat 8: metinski_d ($6.45 in chips) 
Seat 9: gambitl1 ($5.05 in chips) 
Andresinho46: posts small blind $0.02
Dorex2007: posts big blind $0.05
onlyfoolsguy: sits out 
*** HOLE CARDS ***
Dealt to Dorex2007 [2d 2h]
EaBoblucifer: folds 
lindlife: folds 
navazm: calls $0.05
metinski_d: raises $0.15 to $0.20
gambitl1: folds 
Andresinho46: folds 
Dorex2007: folds 
navazm: folds 
Uncalled bet ($0.15) returned to metinski_d
metinski_d collected $0.17 from pot
metinski_d: doesn't show hand 
*** SUMMARY ***
Total pot $0.17 | Rake $0 
Seat 2: Andresinho46 (small blind) folded before Flop
Seat 3: Dorex2007 (big blind) folded before Flop
Seat 4: EaBoblucifer folded before Flop (didn't bet)
Seat 6: lindlife folded before Flop (didn't bet)
Seat 7: navazm folded before Flop
Seat 8: metinski_d collected ($0.17)
Seat 9: gambitl1 (button) folded before Flop (didn't bet)



PokerStars Hand #238053753063:  Hold'em No Limit ($0.02/$0.05 USD) - 2022/08/17 15:00:35 PT [2022/08/17 18:00:35 ET]
Table 'Alphard IV' 9-max Seat #2 is the button
Seat 1: aidosken ($4 in chips) 
Seat 2: Andresinho46 ($7.13 in chips) 
Seat 3: Dorex2007 ($7.61 in chips) 
Seat 4: EaBoblucifer ($4.82 in chips) 
Seat 5: onlyfoolsguy ($4.32 in chips) 
Seat 6: lindlife ($5 in chips) 
Seat 7: navazm ($5.78 in chips) 
Seat 8: metinski_d ($6.57 in chips) 
Seat 9: gambitl1 ($5.05 in chips) 
Dorex2007: posts small blind $0.02
EaBoblucifer: posts big blind $0.05
onlyfoolsguy: posts small & big blinds $0.07
aidosken: posts big blind $0.05
*** HOLE CARDS ***
Dealt to Dorex2007 [Jh As]
onlyfoolsguy has timed out
onlyfoolsguy: checks 
lindlife: folds 
navazm: folds 
metinski_d: folds 
gambitl1: folds 
aidosken: checks 
Andresinho46: folds 
Dorex2007: calls $0.03
EaBoblucifer: checks 
*** FLOP *** [Qc 2h 7h]
Dorex2007: checks 
EaBoblucifer: checks 
onlyfoolsguy: checks 
aidosken: checks 
*** TURN *** [Qc 2h 7h] [Kc]
Dorex2007: checks 
EaBoblucifer: checks 
onlyfoolsguy: checks 
aidosken: checks 
*** RIVER *** [Qc 2h 7h Kc] [6d]
Dorex2007: checks 
EaBoblucifer: bets $0.05
onlyfoolsguy: folds 
aidosken: folds 
Dorex2007: folds 
Uncalled bet ($0.05) returned to EaBoblucifer
EaBoblucifer collected $0.21 from pot
EaBoblucifer: doesn't show hand 
*** SUMMARY ***
Total pot $0.22 | Rake $0.01 
Board [Qc 2h 7h Kc 6d]
Seat 1: aidosken folded on the River (didn't bet)
Seat 2: Andresinho46 (button) folded before Flop (didn't bet)
Seat 3: Dorex2007 (small blind) folded on the River
Seat 4: EaBoblucifer (big blind) collected ($0.21)
Seat 5: onlyfoolsguy folded on the River (didn't bet)
Seat 6: lindlife folded before Flop (didn't bet)
Seat 7: navazm folded before Flop (didn't bet)
Seat 8: metinski_d folded before Flop (didn't bet)
Seat 9: gambitl1 folded before Flop (didn't bet)



PokerStars Hand #238053783019:  Hold'em No Limit ($0.02/$0.05 USD) - 2022/08/17 15:02:10 PT [2022/08/17 18:02:10 ET]
Table 'Alphard IV' 9-max Seat #3 is the button
Seat 1: aidosken ($3.95 in chips) 
Seat 2: Andresinho46 ($7.13 in chips) 
Seat 3: Dorex2007 ($7.56 in chips) 
Seat 4: EaBoblucifer ($4.98 in chips) 
Seat 5: onlyfoolsguy ($4.25 in chips) 
Seat 6: lindlife ($5 in chips) 
Seat 7: navazm ($5.78 in chips) 
Seat 8: metinski_d ($6.57 in chips) 
Seat 9: gambitl1 ($5.05 in chips) 
EaBoblucifer: posts small blind $0.02
onlyfoolsguy: posts big blind $0.05
*** HOLE CARDS ***
Dealt to Dorex2007 [2h 8c]
lindlife: folds 
navazm: calls $0.05
metinski_d: folds 
gambitl1: folds 
aidosken: folds 
Andresinho46: folds 
Dorex2007: folds 
EaBoblucifer: calls $0.03
onlyfoolsguy: checks 
*** FLOP *** [Kh Qd 9s]
EaBoblucifer: checks 
onlyfoolsguy: checks 
navazm: checks 
*** TURN *** [Kh Qd 9s] [Js]
EaBoblucifer: checks 
onlyfoolsguy: checks 
navazm: checks 
*** RIVER *** [Kh Qd 9s Js] [6c]
EaBoblucifer: bets $0.10
onlyfoolsguy: folds 
navazm: folds 
Uncalled bet ($0.10) returned to EaBoblucifer
EaBoblucifer collected $0.14 from pot
EaBoblucifer: doesn't show hand 
*** SUMMARY ***
Total pot $0.15 | Rake $0.01 
Board [Kh Qd 9s Js 6c]
Seat 1: aidosken folded before Flop (didn't bet)
Seat 2: Andresinho46 folded before Flop (didn't bet)
Seat 3: Dorex2007 (button) folded before Flop (didn't bet)
Seat 4: EaBoblucifer (small blind) collected ($0.14)
Seat 5: onlyfoolsguy (big blind) folded on the River
Seat 6: lindlife folded before Flop (didn't bet)
Seat 7: navazm folded on the River
Seat 8: metinski_d folded before Flop (didn't bet)
Seat 9: gambitl1 folded before Flop (didn't bet)



PokerStars Hand #238053815770:  Hold'em No Limit ($0.02/$0.05 USD) - 2022/08/17 15:03:47 PT [2022/08/17 18:03:47 ET]
Table 'Alphard IV' 9-max Seat #4 is the button
Seat 1: aidosken ($3.95 in chips) 
Seat 2: Andresinho46 ($7.13 in chips) 
Seat 3: Dorex2007 ($7.56 in chips) 
Seat 4: EaBoblucifer ($5.07 in chips) 
Seat 5: onlyfoolsguy ($4.20 in chips) 
Seat 6: lindlife ($5 in chips) 
Seat 7: navazm ($5.73 in chips) 
Seat 8: metinski_d ($6.57 in chips) 
Seat 9: gambitl1 ($5.05 in chips) 
onlyfoolsguy: posts small blind $0.02
lindlife: posts big blind $0.05
*** HOLE CARDS ***
Dealt to Dorex2007 [3c 9d]
navazm: folds 
metinski_d: raises $0.10 to $0.15
gambitl1: folds 
aidosken: calls $0.15
Andresinho46: folds 
Dorex2007: folds 
EaBoblucifer: folds 
EaBoblucifer leaves the table
onlyfoolsguy: calls $0.13
lindlife: folds 
*** FLOP *** [3s 6h 4d]
onlyfoolsguy: checks 
metinski_d: bets $0.24
aidosken: calls $0.24
onlyfoolsguy: folds 
*** TURN *** [3s 6h 4d] [Kd]
metinski_d: bets $0.34
aidosken: raises $0.34 to $0.68
metinski_d: calls $0.34
*** RIVER *** [3s 6h 4d Kd] [7c]
metinski_d: checks 
aidosken: bets $2.88 and is all-in
metinski_d: calls $2.88
*** SHOW DOWN ***
aidosken: shows [5h 6s] (a straight, Three to Seven)
metinski_d: shows [Kc Qc] (a pair of Kings)
aidosken collected $7.76 from pot
*** SUMMARY ***
Total pot $8.10 | Rake $0.34 
Board [3s 6h 4d Kd 7c]
Seat 1: aidosken showed [5h 6s] and won ($7.76) with a straight, Three to Seven
Seat 2: Andresinho46 folded before Flop (didn't bet)
Seat 3: Dorex2007 folded before Flop (didn't bet)
Seat 4: EaBoblucifer (button) folded before Flop (didn't bet)
Seat 5: onlyfoolsguy (small blind) folded on the Flop
Seat 6: lindlife (big blind) folded before Flop
Seat 7: navazm folded before Flop (didn't bet)
Seat 8: metinski_d showed [Kc Qc] and lost with a pair of Kings
Seat 9: gambitl1 folded before Flop (didn't bet)



PokerStars Hand #238053847385:  Hold'em No Limit ($0.02/$0.05 USD) - 2022/08/17 15:05:20 PT [2022/08/17 18:05:20 ET]
Table 'Alphard IV' 9-max Seat #5 is the button
Seat 1: aidosken ($7.76 in chips) 
Seat 2: Andresinho46 ($7.13 in chips) 
Seat 3: Dorex2007 ($7.56 in chips) 
Seat 5: onlyfoolsguy ($4.05 in chips) 
Seat 6: lindlife ($5 in chips) 
Seat 7: navazm ($5.73 in chips) 
Seat 8: metinski_d ($2.62 in chips) 
Seat 9: gambitl1 ($5.05 in chips) 
lindlife: posts small blind $0.02
navazm: posts big blind $0.05
*** HOLE CARDS ***
Dealt to Dorex2007 [Kd Qs]
metinski_d: folds 
gambitl1: folds 
aidosken: folds 
Andresinho46: folds 
Dorex2007: raises $0.05 to $0.10
onlyfoolsguy: folds 
lindlife: folds 
navazm: calls $0.05
*** FLOP *** [7c Tc 4s]
zatim joins the table at seat #4 
navazm: checks 
Dorex2007: checks 
*** TURN *** [7c Tc 4s] [Ts]
navazm: checks 
Dorex2007: checks 
*** RIVER *** [7c Tc 4s Ts] [Kc]
navazm: checks 
Dorex2007: checks 
*** SHOW DOWN ***
navazm: shows [Ad 3s] (a pair of Tens)
Dorex2007: shows [Kd Qs] (two pair, Kings and Tens)
Dorex2007 collected $0.21 from pot
*** SUMMARY ***
Total pot $0.22 | Rake $0.01 
Board [7c Tc 4s Ts Kc]
Seat 1: aidosken folded before Flop (didn't bet)
Seat 2: Andresinho46 folded before Flop (didn't bet)
Seat 3: Dorex2007 showed [Kd Qs] and won ($0.21) with two pair, Kings and Tens
Seat 5: onlyfoolsguy (button) folded before Flop (didn't bet)
Seat 6: lindlife (small blind) folded before Flop
Seat 7: navazm (big blind) showed [Ad 3s] and lost with a pair of Tens
Seat 8: metinski_d folded before Flop (didn't bet)
Seat 9: gambitl1 folded before Flop (didn't bet)



PokerStars Hand #238053864682:  Hold'em No Limit ($0.02/$0.05 USD) - 2022/08/17 15:06:11 PT [2022/08/17 18:06:11 ET]
Table 'Alphard IV' 9-max Seat #6 is the button
Seat 1: aidosken ($7.76 in chips) 
Seat 2: Andresinho46 ($7.13 in chips) 
Seat 3: Dorex2007 ($7.67 in chips) 
Seat 4: zatim ($2 in chips) 
Seat 5: onlyfoolsguy ($4.05 in chips) 
Seat 6: lindlife ($5 in chips) 
Seat 7: navazm ($5.63 in chips) 
Seat 8: metinski_d ($5 in chips) 
Seat 9: gambitl1 ($5.05 in chips) 
navazm: posts small blind $0.02
metinski_d: posts big blind $0.05
zatim: posts big blind $0.05
*** HOLE CARDS ***
Dealt to Dorex2007 [7s 7c]
gambitl1: folds 
aidosken: raises $0.10 to $0.15
Andresinho46: folds 
Dorex2007: calls $0.15
zatim: calls $0.10
onlyfoolsguy: folds 
lindlife: folds 
navazm: calls $0.13
metinski_d: folds 
*** FLOP *** [Ac 9h 6d]
navazm: checks 
aidosken: bets $0.16
Dorex2007: folds 
zatim: folds 
navazm: calls $0.16
*** TURN *** [Ac 9h 6d] [Kd]
navazm: checks 
aidosken: bets $0.23
navazm: calls $0.23
*** RIVER *** [Ac 9h 6d Kd] [4h]
navazm: checks 
aidosken: checks 
*** SHOW DOWN ***
navazm: shows [Td 8d] (high card Ace)
aidosken: shows [Js Kh] (a pair of Kings)
aidosken collected $1.37 from pot
*** SUMMARY ***
Total pot $1.43 | Rake $0.06 
Board [Ac 9h 6d Kd 4h]
Seat 1: aidosken showed [Js Kh] and won ($1.37) with a pair of Kings
Seat 2: Andresinho46 folded before Flop (didn't bet)
Seat 3: Dorex2007 folded on the Flop
Seat 4: zatim folded on the Flop
Seat 5: onlyfoolsguy folded before Flop (didn't bet)
Seat 6: lindlife (button) folded before Flop (didn't bet)
Seat 7: navazm (small blind) showed [Td 8d] and lost with high card Ace
Seat 8: metinski_d (big blind) folded before Flop
Seat 9: gambitl1 folded before Flop (didn't bet)



PokerStars Hand #238053892429:  Hold'em No Limit ($0.02/$0.05 USD) - 2022/08/17 15:07:34 PT [2022/08/17 18:07:34 ET]
Table 'Alphard IV' 9-max Seat #7 is the button
Seat 1: aidosken ($8.59 in chips) 
Seat 2: Andresinho46 ($7.13 in chips) 
Seat 3: Dorex2007 ($7.52 in chips) 
Seat 4: zatim ($1.85 in chips) 
Seat 5: onlyfoolsguy ($4.05 in chips) 
Seat 6: lindlife ($5 in chips) 
Seat 7: navazm ($5.09 in chips) 
Seat 8: metinski_d ($4.95 in chips) 
Seat 9: gambitl1 ($5.05 in chips) 
metinski_d: posts small blind $0.02
gambitl1: posts big blind $0.05
*** HOLE CARDS ***
Dealt to Dorex2007 [9d 6d]
aidosken: calls $0.05
Andresinho46: folds 
Dorex2007: folds 
zatim: calls $0.05
onlyfoolsguy: folds 
lindlife: folds 
navazm: folds 
metinski_d: raises $0.15 to $0.20
gambitl1: folds 
aidosken: calls $0.15
zatim: calls $0.15
*** FLOP *** [9c 3d 4s]
metinski_d: bets $0.31
aidosken: folds 
zatim: calls $0.31
*** TURN *** [9c 3d 4s] [2c]
metinski_d: bets $0.61
zatim: calls $0.61
*** RIVER *** [9c 3d 4s 2c] [Kh]
aidosken leaves the table
metinski_d: bets $0.90
zatim: calls $0.73 and is all-in
Uncalled bet ($0.17) returned to metinski_d
*** SHOW DOWN ***
metinski_d: shows [Ah Th] (high card Ace)
zatim: shows [4c 6c] (a pair of Fours)
zatim collected $3.79 from pot
*** SUMMARY ***
Total pot $3.95 | Rake $0.16 
Board [9c 3d 4s 2c Kh]
Seat 1: aidosken folded on the Flop
Seat 2: Andresinho46 folded before Flop (didn't bet)
Seat 3: Dorex2007 folded before Flop (didn't bet)
Seat 4: zatim showed [4c 6c] and won ($3.79) with a pair of Fours
Seat 5: onlyfoolsguy folded before Flop (didn't bet)
Seat 6: lindlife folded before Flop (didn't bet)
Seat 7: navazm (button) folded before Flop (didn't bet)
Seat 8: metinski_d (small blind) showed [Ah Th] and lost with high card Ace
Seat 9: gambitl1 (big blind) folded before Flop



PokerStars Hand #238053916737:  Hold'em No Limit ($0.02/$0.05 USD) - 2022/08/17 15:08:48 PT [2022/08/17 18:08:48 ET]
Table 'Alphard IV' 9-max Seat #8 is the button
Seat 2: Andresinho46 ($7.13 in chips) 
Seat 3: Dorex2007 ($7.52 in chips) 
Seat 4: zatim ($3.79 in chips) 
Seat 5: onlyfoolsguy ($4.05 in chips) 
Seat 6: lindlife ($5 in chips) 
Seat 7: navazm ($5.09 in chips) 
Seat 8: metinski_d ($3.10 in chips) 
Seat 9: gambitl1 ($5 in chips) 
gambitl1: posts small blind $0.02
Andresinho46: posts big blind $0.05
*** HOLE CARDS ***
Dealt to Dorex2007 [Ks Jd]
Dorex2007: folds 
zatim: calls $0.05
onlyfoolsguy: folds 
lindlife: raises $0.13 to $0.18
navazm: calls $0.18
metinski_d: folds 
gambitl1: folds 
Andresinho46: folds 
zatim: calls $0.13
*** FLOP *** [6h 4c Kh]
zatim: checks 
lindlife: bets $0.19
navazm: calls $0.19
zatim: calls $0.19
*** TURN *** [6h 4c Kh] [As]
zatim: checks 
lindlife: bets $0.37
nogood1227 joins the table at seat #1 
metinski_d leaves the table
navazm: calls $0.37
zatim: calls $0.37
*** RIVER *** [6h 4c Kh As] [9c]
zatim: checks 
lindlife: bets $0.72
navazm: folds 
zatim: folds 
Uncalled bet ($0.72) returned to lindlife
lindlife collected $2.19 from pot
lindlife: doesn't show hand 
*** SUMMARY ***
Total pot $2.29 | Rake $0.10 
Board [6h 4c Kh As 9c]
Seat 2: Andresinho46 (big blind) folded before Flop
Seat 3: Dorex2007 folded before Flop (didn't bet)
Seat 4: zatim folded on the River
Seat 5: onlyfoolsguy folded before Flop (didn't bet)
Seat 6: lindlife collected ($2.19)
Seat 7: navazm folded on the River
Seat 8: metinski_d (button) folded before Flop (didn't bet)
Seat 9: gambitl1 (small blind) folded before Flop



PokerStars Hand #238053941102:  Hold'em No Limit ($0.02/$0.05 USD) - 2022/08/17 15:09:57 PT [2022/08/17 18:09:57 ET]
Table 'Alphard IV' 9-max Seat #9 is the button
Seat 2: Andresinho46 ($7.08 in chips) 
Seat 3: Dorex2007 ($7.52 in chips) 
Seat 4: zatim ($3.05 in chips) 
Seat 5: onlyfoolsguy ($4.05 in chips) 
Seat 6: lindlife ($6.45 in chips) 
Seat 7: navazm ($4.35 in chips) 
Seat 9: gambitl1 ($4.98 in chips) 
Andresinho46: posts small blind $0.02
Dorex2007: posts big blind $0.05
*** HOLE CARDS ***
Dealt to Dorex2007 [Th 2d]
zatim: calls $0.05
onlyfoolsguy has timed out
onlyfoolsguy: folds 
lindlife: folds 
navazm: calls $0.05
gambitl1: folds 
Andresinho46: folds 
Dorex2007: checks 
*** FLOP *** [Td 7d Tc]
Dorex2007: checks 
zatim: checks 
navazm: bets $0.15
Dorex2007: raises $7.32 to $7.47 and is all-in
zatim: folds 
navazm: folds 
Uncalled bet ($7.32) returned to Dorex2007
Dorex2007 collected $0.45 from pot
Dorex2007: doesn't show hand 
*** SUMMARY ***
Total pot $0.47 | Rake $0.02 
Board [Td 7d Tc]
Seat 2: Andresinho46 (small blind) folded before Flop
Seat 3: Dorex2007 (big blind) collected ($0.45)
Seat 4: zatim folded on the Flop
Seat 5: onlyfoolsguy folded before Flop (didn't bet)
Seat 6: lindlife folded before Flop (didn't bet)
Seat 7: navazm folded on the Flop
Seat 9: gambitl1 (button) folded before Flop (didn't bet)



PokerStars Hand #238053966819:  Hold'em No Limit ($0.02/$0.05 USD) - 2022/08/17 15:11:02 PT [2022/08/17 18:11:02 ET]
Table 'Alphard IV' 9-max Seat #2 is the button
Seat 1: nogood1227 ($3.08 in chips) 
Seat 2: Andresinho46 ($7.06 in chips) 
Seat 3: Dorex2007 ($7.77 in chips) 
Seat 4: zatim ($3 in chips) 
Seat 5: onlyfoolsguy ($4.05 in chips) 
Seat 6: lindlife ($6.45 in chips) 
Seat 7: navazm ($4.15 in chips) 
Seat 9: gambitl1 ($4.98 in chips) 
Dorex2007: posts small blind $0.02
zatim: posts big blind $0.05
nogood1227: posts big blind $0.05
*** HOLE CARDS ***
Dealt to Dorex2007 [4h 7h]
onlyfoolsguy: folds 
lindlife: folds 
navazm: calls $0.05
gambitl1: folds 
nogood1227: raises $0.08 to $0.13
Andresinho46: folds 
Dorex2007: folds 
zatim: calls $0.08
navazm: calls $0.08
*** FLOP *** [Jh 7c 2c]
zatim: checks 
navazm: checks 
nogood1227: bets $0.13
zatim: calls $0.13
navazm: raises $0.39 to $0.52
nogood1227: calls $0.39
zatim: calls $0.39
*** TURN *** [Jh 7c 2c] [3d]
zatim: checks 
navazm: bets $0.94
nogood1227: raises $1.49 to $2.43 and is all-in
zatim: folds 
navazm: calls $1.49
*** RIVER *** [Jh 7c 2c 3d] [Qs]
*** SHOW DOWN ***
navazm: shows [Th Jd] (a pair of Jacks)
nogood1227: shows [3s 2d] (two pair, Threes and Deuces)
nogood1227 collected $6.55 from pot
navazm cashed out the hand for $1.19 | Cash Out Fee $0.01
*** SUMMARY ***
Total pot $6.83 | Rake $0.28 
Board [Jh 7c 2c 3d Qs]
Seat 1: nogood1227 showed [3s 2d] and won ($6.55) with two pair, Threes and Deuces
Seat 2: Andresinho46 (button) folded before Flop (didn't bet)
Seat 3: Dorex2007 (small blind) folded before Flop
Seat 4: zatim (big blind) folded on the Turn
Seat 5: onlyfoolsguy folded before Flop (didn't bet)
Seat 6: lindlife folded before Flop (didn't bet)
Seat 7: navazm showed [Th Jd] and lost with a pair of Jacks (cashed out).
Seat 9: gambitl1 folded before Flop (didn't bet)



PokerStars Hand #238053991516:  Hold'em No Limit ($0.02/$0.05 USD) - 2022/08/17 15:12:18 PT [2022/08/17 18:12:18 ET]
Table 'Alphard IV' 9-max Seat #3 is the button
Seat 1: nogood1227 ($6.55 in chips) 
Seat 2: Andresinho46 ($7.06 in chips) 
Seat 3: Dorex2007 ($7.75 in chips) 
Seat 4: zatim ($2.35 in chips) 
Seat 5: onlyfoolsguy ($4.05 in chips) 
Seat 6: lindlife ($6.45 in chips) 
Seat 7: navazm ($2.26 in chips) 
Seat 9: gambitl1 ($4.98 in chips) 
zatim: posts small blind $0.02
onlyfoolsguy: posts big blind $0.05
*** HOLE CARDS ***
Dealt to Dorex2007 [Js 4c]
lindlife: folds 
navazm: folds 
gambitl1: folds 
nogood1227: folds 
Andresinho46: folds 
Dorex2007: folds 
zatim: calls $0.03
onlyfoolsguy: checks 
*** FLOP *** [3s As Th]
zatim: checks 
onlyfoolsguy: checks 
*** TURN *** [3s As Th] [7c]
zatim: bets $0.10
eskaeliey joins the table at seat #8 
onlyfoolsguy: folds 
Uncalled bet ($0.10) returned to zatim
zatim collected $0.10 from pot
*** SUMMARY ***
Total pot $0.10 | Rake $0 
Board [3s As Th 7c]
Seat 1: nogood1227 folded before Flop (didn't bet)
Seat 2: Andresinho46 folded before Flop (didn't bet)
Seat 3: Dorex2007 (button) folded before Flop (didn't bet)
Seat 4: zatim (small blind) collected ($0.10)
Seat 5: onlyfoolsguy (big blind) folded on the Turn
Seat 6: lindlife folded before Flop (didn't bet)
Seat 7: navazm folded before Flop (didn't bet)
Seat 9: gambitl1 folded before Flop (didn't bet)



PokerStars Hand #238054005071:  Hold'em No Limit ($0.02/$0.05 USD) - 2022/08/17 15:12:59 PT [2022/08/17 18:12:59 ET]
Table 'Alphard IV' 9-max Seat #4 is the button
Seat 1: nogood1227 ($6.55 in chips) 
Seat 2: Andresinho46 ($7.06 in chips) 
Seat 3: Dorex2007 ($7.75 in chips) 
Seat 4: zatim ($2.40 in chips) 
Seat 5: onlyfoolsguy ($4 in chips) 
Seat 6: lindlife ($6.45 in chips) 
Seat 7: navazm ($2.26 in chips) 
Seat 9: gambitl1 ($4.98 in chips) 
onlyfoolsguy: posts small blind $0.02
lindlife: posts big blind $0.05
eskaeliey: sits out 
*** HOLE CARDS ***
Dealt to Dorex2007 [Qc 7s]
navazm: folds 
gambitl1: folds 
nogood1227: raises $0.05 to $0.10
Andresinho46: folds 
Dorex2007: folds 
zatim has timed out
zatim: folds 
onlyfoolsguy: raises $0.42 to $0.52
lindlife: folds 
nogood1227: folds [As]
Uncalled bet ($0.42) returned to onlyfoolsguy
onlyfoolsguy collected $0.25 from pot
onlyfoolsguy: doesn't show hand 
*** SUMMARY ***
Total pot $0.25 | Rake $0 
Seat 1: nogood1227 folded before Flop
Seat 2: Andresinho46 folded before Flop (didn't bet)
Seat 3: Dorex2007 folded before Flop (didn't bet)
Seat 4: zatim (button) folded before Flop (didn't bet)
Seat 5: onlyfoolsguy (small blind) collected ($0.25)
Seat 6: lindlife (big blind) folded before Flop
Seat 7: navazm folded before Flop (didn't bet)
Seat 9: gambitl1 folded before Flop (didn't bet)



PokerStars Hand #238054023463:  Hold'em No Limit ($0.02/$0.05 USD) - 2022/08/17 15:13:55 PT [2022/08/17 18:13:55 ET]
Table 'Alphard IV' 9-max Seat #5 is the button
Seat 1: nogood1227 ($6.45 in chips) 
Seat 2: Andresinho46 ($7.06 in chips) 
Seat 3: Dorex2007 ($7.75 in chips) 
Seat 4: zatim ($2.40 in chips) 
Seat 5: onlyfoolsguy ($4.15 in chips) 
Seat 6: lindlife ($6.40 in chips) 
Seat 7: navazm ($2.26 in chips) 
Seat 9: gambitl1 ($4.98 in chips) 
lindlife: posts small blind $0.02
navazm: posts big blind $0.05
eskaeliey: sits out 
*** HOLE CARDS ***
Dealt to Dorex2007 [4c 8h]
gambitl1: folds 
nogood1227: folds 
Andresinho46: folds 
Dorex2007: folds 
zatim: calls $0.05
onlyfoolsguy: folds 
lindlife: folds 
navazm: checks 
*** FLOP *** [Kd 7s 3d]
navazm: bets $0.15
zatim: folds 
Uncalled bet ($0.15) returned to navazm
navazm collected $0.12 from pot
navazm: doesn't show hand 
*** SUMMARY ***
Total pot $0.12 | Rake $0 
Board [Kd 7s 3d]
Seat 1: nogood1227 folded before Flop (didn't bet)
Seat 2: Andresinho46 folded before Flop (didn't bet)
Seat 3: Dorex2007 folded before Flop (didn't bet)
Seat 4: zatim folded on the Flop
Seat 5: onlyfoolsguy (button) folded before Flop (didn't bet)
Seat 6: lindlife (small blind) folded before Flop
Seat 7: navazm (big blind) collected ($0.12)
Seat 9: gambitl1 folded before Flop (didn't bet)



PokerStars Hand #238054039431:  Hold'em No Limit ($0.02/$0.05 USD) - 2022/08/17 15:14:43 PT [2022/08/17 18:14:43 ET]
Table 'Alphard IV' 9-max Seat #6 is the button
Seat 1: nogood1227 ($6.45 in chips) 
Seat 2: Andresinho46 ($7.06 in chips) 
Seat 3: Dorex2007 ($7.75 in chips) 
Seat 4: zatim ($2.35 in chips) 
Seat 5: onlyfoolsguy ($4.15 in chips) 
Seat 6: lindlife ($6.38 in chips) 
Seat 7: navazm ($2.33 in chips) 
Seat 8: eskaeliey ($5 in chips) 
Seat 9: gambitl1 ($4.98 in chips) 
navazm: posts small blind $0.02
eskaeliey: posts big blind $0.05
*** HOLE CARDS ***
Dealt to Dorex2007 [9d 3h]
gambitl1: folds 
nogood1227: raises $0.05 to $0.10
Andresinho46: folds 
Dorex2007: folds 
zatim: calls $0.10
onlyfoolsguy: folds 
lindlife: folds 
navazm: calls $0.08
eskaeliey: calls $0.05
*** FLOP *** [5h Qh Jd]
navazm: checks 
eskaeliey: checks 
nogood1227: checks 
zatim: checks 
*** TURN *** [5h Qh Jd] [4h]
navazm: checks 
eskaeliey: bets $0.20
nogood1227: calls $0.20
zatim: folds 
navazm: folds 
*** RIVER *** [5h Qh Jd 4h] [4c]
eskaeliey: bets $0.85
nogood1227: folds 
Uncalled bet ($0.85) returned to eskaeliey
eskaeliey collected $0.77 from pot
*** SUMMARY ***
Total pot $0.80 | Rake $0.03 
Board [5h Qh Jd 4h 4c]
Seat 1: nogood1227 folded on the River
Seat 2: Andresinho46 folded before Flop (didn't bet)
Seat 3: Dorex2007 folded before Flop (didn't bet)
Seat 4: zatim folded on the Turn
Seat 5: onlyfoolsguy folded before Flop (didn't bet)
Seat 6: lindlife (button) folded before Flop (didn't bet)
Seat 7: navazm (small blind) folded on the Turn
Seat 8: eskaeliey (big blind) collected ($0.77)
Seat 9: gambitl1 folded before Flop (didn't bet)



PokerStars Hand #238054072136:  Hold'em No Limit ($0.02/$0.05 USD) - 2022/08/17 15:16:07 PT [2022/08/17 18:16:07 ET]
Table 'Alphard IV' 9-max Seat #7 is the button
Seat 1: nogood1227 ($6.15 in chips) 
Seat 2: Andresinho46 ($7.06 in chips) 
Seat 3: Dorex2007 ($7.75 in chips) 
Seat 4: zatim ($2.25 in chips) 
Seat 5: onlyfoolsguy ($4.15 in chips) 
Seat 6: lindlife ($6.38 in chips) 
Seat 7: navazm ($2.23 in chips) 
Seat 8: eskaeliey ($5.47 in chips) 
Seat 9: gambitl1 ($4.98 in chips) 
eskaeliey: posts small blind $0.02
gambitl1: posts big blind $0.05
*** HOLE CARDS ***
Dealt to Dorex2007 [Js Td]
nogood1227: calls $0.05
Andresinho46: folds 
Dorex2007: folds 
zatim: calls $0.05
onlyfoolsguy: folds 
lindlife: folds 
navazm: folds 
eskaeliey: calls $0.03
gambitl1: checks 
*** FLOP *** [Qc 9d 2s]
eskaeliey: checks 
gambitl1: checks 
nogood1227: checks 
zatim: checks 
*** TURN *** [Qc 9d 2s] [5h]
eskaeliey: bets $0.07
gambitl1: folds 
nogood1227: calls $0.07
zatim: folds 
*** RIVER *** [Qc 9d 2s 5h] [3s]
eskaeliey: checks 
nogood1227: bets $0.33
eskaeliey: folds 
Uncalled bet ($0.33) returned to nogood1227
nogood1227 collected $0.33 from pot
*** SUMMARY ***
Total pot $0.34 | Rake $0.01 
Board [Qc 9d 2s 5h 3s]
Seat 1: nogood1227 collected ($0.33)
Seat 2: Andresinho46 folded before Flop (didn't bet)
Seat 3: Dorex2007 folded before Flop (didn't bet)
Seat 4: zatim folded on the Turn
Seat 5: onlyfoolsguy folded before Flop (didn't bet)
Seat 6: lindlife folded before Flop (didn't bet)
Seat 7: navazm (button) folded before Flop (didn't bet)
Seat 8: eskaeliey (small blind) folded on the River
Seat 9: gambitl1 (big blind) folded on the Turn



PokerStars Hand #238054105140:  Hold'em No Limit ($0.02/$0.05 USD) - 2022/08/17 15:17:47 PT [2022/08/17 18:17:47 ET]
Table 'Alphard IV' 9-max Seat #8 is the button
Seat 1: nogood1227 ($6.36 in chips) 
Seat 2: Andresinho46 ($7.06 in chips) 
Seat 3: Dorex2007 ($7.75 in chips) 
Seat 4: zatim ($2.20 in chips) 
Seat 5: onlyfoolsguy ($4.15 in chips) 
Seat 6: lindlife ($6.38 in chips) 
Seat 7: navazm ($2.23 in chips) 
Seat 8: eskaeliey ($5.35 in chips) 
Seat 9: gambitl1 ($4.93 in chips) 
gambitl1: posts small blind $0.02
nogood1227: posts big blind $0.05
*** HOLE CARDS ***
Dealt to Dorex2007 [Ad Kc]
Andresinho46: folds 
Dorex2007: calls $0.05
zatim has timed out
zatim: folds 
onlyfoolsguy: raises $0.22 to $0.27
lindlife: folds 
navazm: folds 
eskaeliey: folds 
gambitl1: folds 
nogood1227: folds 
Dorex2007: calls $0.22
*** FLOP *** [4c 3h 2s]
Dorex2007: checks 
onlyfoolsguy: bets $0.32
Dorex2007: calls $0.32
*** TURN *** [4c 3h 2s] [As]
Dorex2007: bets $7.16 and is all-in
onlyfoolsguy: folds 
Uncalled bet ($7.16) returned to Dorex2007
Dorex2007 collected $1.20 from pot
Dorex2007: doesn't show hand 
*** SUMMARY ***
Total pot $1.25 | Rake $0.05 
Board [4c 3h 2s As]
Seat 1: nogood1227 (big blind) folded before Flop
Seat 2: Andresinho46 folded before Flop (didn't bet)
Seat 3: Dorex2007 collected ($1.20)
Seat 4: zatim folded before Flop (didn't bet)
Seat 5: onlyfoolsguy folded on the Turn
Seat 6: lindlife folded before Flop (didn't bet)
Seat 7: navazm folded before Flop (didn't bet)
Seat 8: eskaeliey (button) folded before Flop (didn't bet)
Seat 9: gambitl1 (small blind) folded before Flop



PokerStars Hand #238054131722:  Hold'em No Limit ($0.02/$0.05 USD) - 2022/08/17 15:19:01 PT [2022/08/17 18:19:01 ET]
Table 'Alphard IV' 9-max Seat #9 is the button
Seat 1: nogood1227 ($6.31 in chips) 
Seat 2: Andresinho46 ($7.06 in chips) 
Seat 3: Dorex2007 ($8.36 in chips) 
Seat 4: zatim ($2.20 in chips) 
Seat 5: onlyfoolsguy ($5 in chips) 
Seat 6: lindlife ($6.38 in chips) 
Seat 7: navazm ($2.23 in chips) 
Seat 8: eskaeliey ($5.35 in chips) 
Seat 9: gambitl1 ($4.91 in chips) 
nogood1227: posts small blind $0.02
Andresinho46: posts big blind $0.05
*** HOLE CARDS ***
Dealt to Dorex2007 [Qd 2c]
Dorex2007: folds 
zatim: folds 
onlyfoolsguy: folds 
lindlife: folds 
navazm: folds 
eskaeliey: folds 
gambitl1 has timed out
gambitl1: folds 
nogood1227: calls $0.03
Andresinho46: checks 
*** FLOP *** [3c Ad 8s]
nogood1227: bets $0.05
Andresinho46: folds 
Uncalled bet ($0.05) returned to nogood1227
nogood1227 collected $0.10 from pot
*** SUMMARY ***
Total pot $0.10 | Rake $0 
Board [3c Ad 8s]
Seat 1: nogood1227 (small blind) collected ($0.10)
Seat 2: Andresinho46 (big blind) folded on the Flop
Seat 3: Dorex2007 folded before Flop (didn't bet)
Seat 4: zatim folded before Flop (didn't bet)
Seat 5: onlyfoolsguy folded before Flop (didn't bet)
Seat 6: lindlife folded before Flop (didn't bet)
Seat 7: navazm folded before Flop (didn't bet)
Seat 8: eskaeliey folded before Flop (didn't bet)
Seat 9: gambitl1 (button) folded before Flop (didn't bet)



PokerStars Hand #238054148826:  Hold'em No Limit ($0.02/$0.05 USD) - 2022/08/17 15:19:55 PT [2022/08/17 18:19:55 ET]
Table 'Alphard IV' 9-max Seat #1 is the button
Seat 1: nogood1227 ($6.36 in chips) 
Seat 2: Andresinho46 ($7.01 in chips) 
Seat 3: Dorex2007 ($8.36 in chips) 
Seat 4: zatim ($2.20 in chips) 
Seat 5: onlyfoolsguy ($5 in chips) 
Seat 6: lindlife ($6.38 in chips) 
Seat 7: navazm ($2.23 in chips) 
Seat 8: eskaeliey ($5.35 in chips) 
Seat 9: gambitl1 ($4.91 in chips) 
Andresinho46: posts small blind $0.02
Dorex2007: posts big blind $0.05
*** HOLE CARDS ***
Dealt to Dorex2007 [8h 9h]
zatim: calls $0.05
onlyfoolsguy: folds 
lindlife: folds 
navazm: raises $0.17 to $0.22
eskaeliey: folds 
gambitl1: folds 
nogood1227: folds 
Andresinho46: folds 
Dorex2007: folds 
zatim: calls $0.17
*** FLOP *** [Jc 7c Ks]
zatim: checks 
navazm: bets $0.24
zatim: folds 
Uncalled bet ($0.24) returned to navazm
navazm collected $0.49 from pot
navazm: doesn't show hand 
*** SUMMARY ***
Total pot $0.51 | Rake $0.02 
Board [Jc 7c Ks]
Seat 1: nogood1227 (button) folded before Flop (didn't bet)
Seat 2: Andresinho46 (small blind) folded before Flop
Seat 3: Dorex2007 (big blind) folded before Flop
Seat 4: zatim folded on the Flop
Seat 5: onlyfoolsguy folded before Flop (didn't bet)
Seat 6: lindlife folded before Flop (didn't bet)
Seat 7: navazm collected ($0.49)
Seat 8: eskaeliey folded before Flop (didn't bet)
Seat 9: gambitl1 folded before Flop (didn't bet)



PokerStars Hand #238054164896:  Hold'em No Limit ($0.02/$0.05 USD) - 2022/08/17 15:20:45 PT [2022/08/17 18:20:45 ET]
Table 'Alphard IV' 9-max Seat #2 is the button
Seat 1: nogood1227 ($6.36 in chips) 
Seat 2: Andresinho46 ($6.99 in chips) 
Seat 3: Dorex2007 ($8.31 in chips) 
Seat 4: zatim ($1.98 in chips) 
Seat 5: onlyfoolsguy ($5 in chips) 
Seat 6: lindlife ($6.38 in chips) 
Seat 7: navazm ($2.50 in chips) 
Seat 8: eskaeliey ($5.35 in chips) 
Seat 9: gambitl1 ($4.91 in chips) 
Dorex2007: posts small blind $0.02
zatim: posts big blind $0.05
*** HOLE CARDS ***
Dealt to Dorex2007 [6h 6d]
onlyfoolsguy has timed out
onlyfoolsguy: folds 
lindlife: folds 
navazm: folds 
eskaeliey: folds 
gambitl1: raises $0.10 to $0.15
nogood1227: folds 
Andresinho46: folds 
Dorex2007: calls $0.13
zatim: calls $0.10
*** FLOP *** [Ac Qc Jh]
Dorex2007: checks 
zatim: checks 
gambitl1: bets $0.17
Dorex2007: folds 
zatim: folds 
Uncalled bet ($0.17) returned to gambitl1
gambitl1 collected $0.43 from pot
*** SUMMARY ***
Total pot $0.45 | Rake $0.02 
Board [Ac Qc Jh]
Seat 1: nogood1227 folded before Flop (didn't bet)
Seat 2: Andresinho46 (button) folded before Flop (didn't bet)
Seat 3: Dorex2007 (small blind) folded on the Flop
Seat 4: zatim (big blind) folded on the Flop
Seat 5: onlyfoolsguy folded before Flop (didn't bet)
Seat 6: lindlife folded before Flop (didn't bet)
Seat 7: navazm folded before Flop (didn't bet)
Seat 8: eskaeliey folded before Flop (didn't bet)
Seat 9: gambitl1 collected ($0.43)



PokerStars Hand #238054181779:  Hold'em No Limit ($0.02/$0.05 USD) - 2022/08/17 15:21:38 PT [2022/08/17 18:21:38 ET]
Table 'Alphard IV' 9-max Seat #3 is the button
Seat 1: nogood1227 ($6.36 in chips) 
Seat 2: Andresinho46 ($6.99 in chips) 
Seat 3: Dorex2007 ($8.16 in chips) 
Seat 4: zatim ($1.83 in chips) 
Seat 5: onlyfoolsguy ($5 in chips) 
Seat 6: lindlife ($6.38 in chips) 
Seat 7: navazm ($2.50 in chips) 
Seat 8: eskaeliey ($5.35 in chips) 
Seat 9: gambitl1 ($5.19 in chips) 
zatim: posts small blind $0.02
onlyfoolsguy: posts big blind $0.05
*** HOLE CARDS ***
Dealt to Dorex2007 [Js 5d]
lindlife: folds 
navazm: calls $0.05
eskaeliey: folds 
gambitl1: folds 
nogood1227: folds 
Andresinho46: folds 
Dorex2007: folds 
zatim: calls $0.03
onlyfoolsguy: checks 
*** FLOP *** [3h 9c Tc]
zatim: bets $0.14
onlyfoolsguy: raises $0.17 to $0.31
navazm: folds 
zatim: calls $0.17
*** TURN *** [3h 9c Tc] [Th]
zatim: checks 
onlyfoolsguy: bets $0.41
zatim: calls $0.41
*** RIVER *** [3h 9c Tc Th] [Ks]
zatim: checks 
onlyfoolsguy has timed out
onlyfoolsguy: checks 
*** SHOW DOWN ***
zatim: shows [Qh Qs] (two pair, Queens and Tens)
onlyfoolsguy: mucks hand 
zatim collected $1.52 from pot
*** SUMMARY ***
Total pot $1.59 | Rake $0.07 
Board [3h 9c Tc Th Ks]
Seat 1: nogood1227 folded before Flop (didn't bet)
Seat 2: Andresinho46 folded before Flop (didn't bet)
Seat 3: Dorex2007 (button) folded before Flop (didn't bet)
Seat 4: zatim (small blind) showed [Qh Qs] and won ($1.52) with two pair, Queens and Tens
Seat 5: onlyfoolsguy (big blind) mucked [8c 7c]
Seat 6: lindlife folded before Flop (didn't bet)
Seat 7: navazm folded on the Flop
Seat 8: eskaeliey folded before Flop (didn't bet)
Seat 9: gambitl1 folded before Flop (didn't bet)



PokerStars Hand #238054214381:  Hold'em No Limit ($0.02/$0.05 USD) - 2022/08/17 15:23:05 PT [2022/08/17 18:23:05 ET]
Table 'Alphard IV' 9-max Seat #4 is the button
Seat 1: nogood1227 ($6.36 in chips) 
Seat 2: Andresinho46 ($6.99 in chips) 
Seat 3: Dorex2007 ($8.16 in chips) 
Seat 4: zatim ($2.58 in chips) 
Seat 5: onlyfoolsguy ($4.23 in chips) 
Seat 6: lindlife ($6.38 in chips) 
Seat 7: navazm ($2.45 in chips) 
Seat 8: eskaeliey ($5.35 in chips) 
Seat 9: gambitl1 ($5.19 in chips) 
onlyfoolsguy: posts small blind $0.02
lindlife: posts big blind $0.05
*** HOLE CARDS ***
Dealt to Dorex2007 [8c 7c]
navazm: folds 
navazm leaves the table
eskaeliey: calls $0.05
gambitl1: folds 
nogood1227: raises $0.10 to $0.15
Andresinho46: folds 
shtshot250 joins the table at seat #7 
Dorex2007: folds 
zatim: calls $0.15
onlyfoolsguy: folds 
lindlife: folds 
eskaeliey: calls $0.10
*** FLOP *** [6d 5s 3h]
eskaeliey: checks 
nogood1227: bets $0.25
zatim: calls $0.25
eskaeliey: calls $0.25
*** TURN *** [6d 5s 3h] [9c]
eskaeliey: checks 
nogood1227: checks 
zatim: checks 
*** RIVER *** [6d 5s 3h 9c] [As]
eskaeliey: checks 
nogood1227: checks 
zatim: bets $1.22
eskaeliey: folds 
nogood1227: folds 
Uncalled bet ($1.22) returned to zatim
zatim collected $1.22 from pot
*** SUMMARY ***
Total pot $1.27 | Rake $0.05 
Board [6d 5s 3h 9c As]
Seat 1: nogood1227 folded on the River
Seat 2: Andresinho46 folded before Flop (didn't bet)
Seat 3: Dorex2007 folded before Flop (didn't bet)
Seat 4: zatim (button) collected ($1.22)
Seat 5: onlyfoolsguy (small blind) folded before Flop
Seat 6: lindlife (big blind) folded before Flop
Seat 7: navazm folded before Flop (didn't bet)
Seat 8: eskaeliey folded on the River
Seat 9: gambitl1 folded before Flop (didn't bet)



PokerStars Hand #238054242654:  Hold'em No Limit ($0.02/$0.05 USD) - 2022/08/17 15:24:34 PT [2022/08/17 18:24:34 ET]
Table 'Alphard IV' 9-max Seat #5 is the button
Seat 1: nogood1227 ($5.96 in chips) 
Seat 2: Andresinho46 ($6.99 in chips) 
Seat 3: Dorex2007 ($8.16 in chips) 
Seat 4: zatim ($3.40 in chips) 
Seat 5: onlyfoolsguy ($4.21 in chips) 
Seat 6: lindlife ($6.33 in chips) 
Seat 7: shtshot250 ($4 in chips) 
Seat 8: eskaeliey ($4.95 in chips) 
Seat 9: gambitl1 ($5.19 in chips) 
lindlife: posts small blind $0.02
shtshot250: posts big blind $0.05
*** HOLE CARDS ***
Dealt to Dorex2007 [5c Js]
eskaeliey: folds 
gambitl1: folds 
nogood1227: folds 
Andresinho46: folds 
Dorex2007: folds 
zatim: calls $0.05
onlyfoolsguy: folds 
lindlife: folds 
shtshot250: checks 
*** FLOP *** [Jc 5s 3c]
shtshot250: checks 
zatim: checks 
*** TURN *** [Jc 5s 3c] [Tc]
shtshot250: checks 
zatim: checks 
*** RIVER *** [Jc 5s 3c Tc] [3d]
shtshot250: checks 
zatim: checks 
*** SHOW DOWN ***
shtshot250: shows [Ks 8d] (a pair of Threes)
zatim: shows [Qd Kd] (a pair of Threes - King+Queen kicker)
zatim collected $0.12 from pot
*** SUMMARY ***
Total pot $0.12 | Rake $0 
Board [Jc 5s 3c Tc 3d]
Seat 1: nogood1227 folded before Flop (didn't bet)
Seat 2: Andresinho46 folded before Flop (didn't bet)
Seat 3: Dorex2007 folded before Flop (didn't bet)
Seat 4: zatim showed [Qd Kd] and won ($0.12) with a pair of Threes
Seat 5: onlyfoolsguy (button) folded before Flop (didn't bet)
Seat 6: lindlife (small blind) folded before Flop
Seat 7: shtshot250 (big blind) showed [Ks 8d] and lost with a pair of Threes
Seat 8: eskaeliey folded before Flop (didn't bet)
Seat 9: gambitl1 folded before Flop (didn't bet)



PokerStars Hand #238054253906:  Hold'em No Limit ($0.02/$0.05 USD) - 2022/08/17 15:25:09 PT [2022/08/17 18:25:09 ET]
Table 'Alphard IV' 9-max Seat #6 is the button
Seat 1: nogood1227 ($5.96 in chips) 
Seat 2: Andresinho46 ($6.99 in chips) 
Seat 3: Dorex2007 ($8.16 in chips) 
Seat 4: zatim ($3.47 in chips) 
Seat 5: onlyfoolsguy ($4.21 in chips) 
Seat 6: lindlife ($6.31 in chips) 
Seat 7: shtshot250 ($3.95 in chips) 
Seat 8: eskaeliey ($4.95 in chips) 
Seat 9: gambitl1 ($5.19 in chips) 
shtshot250: posts small blind $0.02
eskaeliey: posts big blind $0.05
*** HOLE CARDS ***
Dealt to Dorex2007 [Qc 9h]
gambitl1: folds 
nogood1227: folds 
Andresinho46: folds 
Dorex2007: folds 
zatim has timed out
zatim: folds 
onlyfoolsguy: raises $0.10 to $0.15
lindlife: folds 
shtshot250: raises $0.35 to $0.50
eskaeliey: folds 
onlyfoolsguy: folds 
Uncalled bet ($0.35) returned to shtshot250
shtshot250 collected $0.35 from pot
shtshot250: doesn't show hand 
*** SUMMARY ***
Total pot $0.35 | Rake $0 
Seat 1: nogood1227 folded before Flop (didn't bet)
Seat 2: Andresinho46 folded before Flop (didn't bet)
Seat 3: Dorex2007 folded before Flop (didn't bet)
Seat 4: zatim folded before Flop (didn't bet)
Seat 5: onlyfoolsguy folded before Flop
Seat 6: lindlife (button) folded before Flop (didn't bet)
Seat 7: shtshot250 (small blind) collected ($0.35)
Seat 8: eskaeliey (big blind) folded before Flop
Seat 9: gambitl1 folded before Flop (didn't bet)



PokerStars Hand #238054265490:  Hold'em No Limit ($0.02/$0.05 USD) - 2022/08/17 15:25:46 PT [2022/08/17 18:25:46 ET]
Table 'Alphard IV' 9-max Seat #7 is the button
Seat 1: nogood1227 ($5.96 in chips) 
Seat 2: Andresinho46 ($6.99 in chips) 
Seat 3: Dorex2007 ($8.16 in chips) 
Seat 4: zatim ($3.47 in chips) 
Seat 5: onlyfoolsguy ($4.06 in chips) 
Seat 6: lindlife ($6.31 in chips) 
Seat 7: shtshot250 ($4.15 in chips) 
Seat 8: eskaeliey ($4.90 in chips) 
Seat 9: gambitl1 ($5.19 in chips) 
eskaeliey: posts small blind $0.02
gambitl1: posts big blind $0.05
*** HOLE CARDS ***
Dealt to Dorex2007 [9c Jh]
nogood1227: raises $0.08 to $0.13
Andresinho46: folds 
Dorex2007: folds 
zatim: calls $0.13
onlyfoolsguy has timed out
onlyfoolsguy: folds 
lindlife: folds 
shtshot250: calls $0.13
eskaeliey: folds 
gambitl1: folds 
*** FLOP *** [2h Ad 7c]
nogood1227: checks 
zatim: checks 
shtshot250: bets $0.44
nogood1227: folds 
zatim: folds 
Uncalled bet ($0.44) returned to shtshot250
shtshot250 collected $0.44 from pot
shtshot250: doesn't show hand 
*** SUMMARY ***
Total pot $0.46 | Rake $0.02 
Board [2h Ad 7c]
Seat 1: nogood1227 folded on the Flop
Seat 2: Andresinho46 folded before Flop (didn't bet)
Seat 3: Dorex2007 folded before Flop (didn't bet)
Seat 4: zatim folded on the Flop
Seat 5: onlyfoolsguy folded before Flop (didn't bet)
Seat 6: lindlife folded before Flop (didn't bet)
Seat 7: shtshot250 (button) collected ($0.44)
Seat 8: eskaeliey (small blind) folded before Flop
Seat 9: gambitl1 (big blind) folded before Flop



PokerStars Hand #238054285152:  Hold'em No Limit ($0.02/$0.05 USD) - 2022/08/17 15:26:49 PT [2022/08/17 18:26:49 ET]
Table 'Alphard IV' 9-max Seat #8 is the button
Seat 1: nogood1227 ($5.83 in chips) 
Seat 2: Andresinho46 ($6.99 in chips) 
Seat 3: Dorex2007 ($8.16 in chips) 
Seat 4: zatim ($3.34 in chips) 
Seat 5: onlyfoolsguy ($4.06 in chips) 
Seat 6: lindlife ($6.31 in chips) 
Seat 7: shtshot250 ($4.46 in chips) 
Seat 8: eskaeliey ($4.88 in chips) 
Seat 9: gambitl1 ($5.14 in chips) 
gambitl1: posts small blind $0.02
nogood1227: posts big blind $0.05
*** HOLE CARDS ***
Dealt to Dorex2007 [6s 2h]
Andresinho46: folds 
Andresinho46 leaves the table
Dorex2007: folds 
zatim: calls $0.05
onlyfoolsguy: raises $0.22 to $0.27
lindlife: folds 
shtshot250: calls $0.27
the pirate39 joins the table at seat #2 
eskaeliey: raises $0.28 to $0.55
gambitl1: folds 
nogood1227: folds 
zatim: folds 
onlyfoolsguy: calls $0.28
shtshot250: calls $0.28
*** FLOP *** [9c Kh Qs]
onlyfoolsguy: checks 
shtshot250: checks 
eskaeliey: bets $1.83
onlyfoolsguy: folds 
shtshot250: folds 
Uncalled bet ($1.83) returned to eskaeliey
eskaeliey collected $1.70 from pot
*** SUMMARY ***
Total pot $1.77 | Rake $0.07 
Board [9c Kh Qs]
Seat 1: nogood1227 (big blind) folded before Flop
Seat 2: Andresinho46 folded before Flop (didn't bet)
Seat 3: Dorex2007 folded before Flop (didn't bet)
Seat 4: zatim folded before Flop
Seat 5: onlyfoolsguy folded on the Flop
Seat 6: lindlife folded before Flop (didn't bet)
Seat 7: shtshot250 folded on the Flop
Seat 8: eskaeliey (button) collected ($1.70)
Seat 9: gambitl1 (small blind) folded before Flop



PokerStars Hand #238054305111:  Hold'em No Limit ($0.02/$0.05 USD) - 2022/08/17 15:27:54 PT [2022/08/17 18:27:54 ET]
Table 'Alphard IV' 9-max Seat #9 is the button
Seat 1: nogood1227 ($5.78 in chips) 
Seat 2: the pirate39 ($5 in chips) 
Seat 3: Dorex2007 ($8.16 in chips) 
Seat 4: zatim ($3.29 in chips) 
Seat 5: onlyfoolsguy ($5 in chips) 
Seat 6: lindlife ($6.31 in chips) 
Seat 7: shtshot250 ($3.91 in chips) 
Seat 8: eskaeliey ($6.03 in chips) 
Seat 9: gambitl1 ($5.12 in chips) 
nogood1227: posts small blind $0.02
the pirate39: posts big blind $0.05
*** HOLE CARDS ***
Dealt to Dorex2007 [Ah 4d]
Dorex2007: folds 
zatim: calls $0.05
onlyfoolsguy: folds 
lindlife: folds 
shtshot250: folds 
eskaeliey: calls $0.05
gambitl1: raises $0.22 to $0.27
nogood1227: calls $0.25
the pirate39: folds 
zatim: calls $0.22
eskaeliey: folds 
*** FLOP *** [Jh 3d 5d]
nogood1227: checks 
zatim: checks 
gambitl1: bets $0.32
nogood1227: raises $0.32 to $0.64
zatim: calls $0.64
gambitl1: calls $0.32
*** TURN *** [Jh 3d 5d] [4c]
nogood1227: checks 
zatim: checks 
gambitl1: checks 
*** RIVER *** [Jh 3d 5d 4c] [Ad]
nogood1227: checks 
zatim: checks 
gambitl1: checks 
*** SHOW DOWN ***
nogood1227: shows [5c 6c] (a pair of Fives)
zatim: mucks hand 
gambitl1: shows [Js Ac] (two pair, Aces and Jacks)
gambitl1 collected $2.71 from pot
*** SUMMARY ***
Total pot $2.83 | Rake $0.12 
Board [Jh 3d 5d 4c Ad]
Seat 1: nogood1227 (small blind) showed [5c 6c] and lost with a pair of Fives
Seat 2: the pirate39 (big blind) folded before Flop
Seat 3: Dorex2007 folded before Flop (didn't bet)
Seat 4: zatim mucked [6d 4h]
Seat 5: onlyfoolsguy folded before Flop (didn't bet)
Seat 6: lindlife folded before Flop (didn't bet)
Seat 7: shtshot250 folded before Flop (didn't bet)
Seat 8: eskaeliey folded before Flop
Seat 9: gambitl1 (button) showed [Js Ac] and won ($2.71) with two pair, Aces and Jacks



PokerStars Hand #238054333288:  Hold'em No Limit ($0.02/$0.05 USD) - 2022/08/17 15:29:25 PT [2022/08/17 18:29:25 ET]
Table 'Alphard IV' 9-max Seat #1 is the button
Seat 1: nogood1227 ($4.87 in chips) 
Seat 2: the pirate39 ($5 in chips) 
Seat 3: Dorex2007 ($8.16 in chips) 
Seat 4: zatim ($2.38 in chips) 
Seat 5: onlyfoolsguy ($5 in chips) 
Seat 6: lindlife ($6.31 in chips) 
Seat 7: shtshot250 ($3.91 in chips) 
Seat 8: eskaeliey ($5.98 in chips) 
Seat 9: gambitl1 ($6.92 in chips) 
the pirate39: posts small blind $0.02
Dorex2007: posts big blind $0.05
*** HOLE CARDS ***
Dealt to Dorex2007 [9h 3s]
zatim: folds 
onlyfoolsguy: folds 
lindlife: folds 
shtshot250: folds 
eskaeliey: calls $0.05
gambitl1: folds 
nogood1227: calls $0.05
the pirate39: folds 
Dorex2007: checks 
*** FLOP *** [9s Qs 3c]
Dorex2007: bets $0.08
eskaeliey: folds 
nogood1227: folds 
Uncalled bet ($0.08) returned to Dorex2007
Dorex2007 collected $0.16 from pot
Dorex2007: doesn't show hand 
*** SUMMARY ***
Total pot $0.17 | Rake $0.01 
Board [9s Qs 3c]
Seat 1: nogood1227 (button) folded on the Flop
Seat 2: the pirate39 (small blind) folded before Flop
Seat 3: Dorex2007 (big blind) collected ($0.16)
Seat 4: zatim folded before Flop (didn't bet)
Seat 5: onlyfoolsguy folded before Flop (didn't bet)
Seat 6: lindlife folded before Flop (didn't bet)
Seat 7: shtshot250 folded before Flop (didn't bet)
Seat 8: eskaeliey folded on the Flop
Seat 9: gambitl1 folded before Flop (didn't bet)



PokerStars Hand #238054349104:  Hold'em No Limit ($0.02/$0.05 USD) - 2022/08/17 15:30:17 PT [2022/08/17 18:30:17 ET]
Table 'Alphard IV' 9-max Seat #2 is the button
Seat 1: nogood1227 ($4.82 in chips) 
Seat 2: the pirate39 ($5 in chips) 
Seat 3: Dorex2007 ($8.27 in chips) 
Seat 4: zatim ($2.38 in chips) 
Seat 6: lindlife ($6.31 in chips) 
Seat 7: shtshot250 ($3.91 in chips) 
Seat 8: eskaeliey ($5.93 in chips) 
Seat 9: gambitl1 ($6.92 in chips) 
Dorex2007: posts small blind $0.02
zatim: posts big blind $0.05
*** HOLE CARDS ***
Dealt to Dorex2007 [5d Qs]
lindlife: folds 
shtshot250: calls $0.05
eskaeliey: calls $0.05
gambitl1: folds 
nogood1227: folds 
the pirate39: folds 
Dorex2007: folds 
zatim: checks 
*** FLOP *** [4c As 8d]
zatim: checks 
shtshot250: bets $0.16
eskaeliey: folds 
zatim: calls $0.16
*** TURN *** [4c As 8d] [Qd]
zatim: checks 
shtshot250: bets $0.30
zatim: folds 
Uncalled bet ($0.30) returned to shtshot250
shtshot250 collected $0.47 from pot
shtshot250: doesn't show hand 
*** SUMMARY ***
Total pot $0.49 | Rake $0.02 
Board [4c As 8d Qd]
Seat 1: nogood1227 folded before Flop (didn't bet)
Seat 2: the pirate39 (button) folded before Flop (didn't bet)
Seat 3: Dorex2007 (small blind) folded before Flop
Seat 4: zatim (big blind) folded on the Turn
Seat 6: lindlife folded before Flop (didn't bet)
Seat 7: shtshot250 collected ($0.47)
Seat 8: eskaeliey folded on the Flop
Seat 9: gambitl1 folded before Flop (didn't bet)



PokerStars Hand #238054361929:  Hold'em No Limit ($0.02/$0.05 USD) - 2022/08/17 15:30:58 PT [2022/08/17 18:30:58 ET]
Table 'Alphard IV' 9-max Seat #3 is the button
Seat 1: nogood1227 ($4.82 in chips) 
Seat 2: the pirate39 ($5 in chips) 
Seat 3: Dorex2007 ($8.25 in chips) 
Seat 4: zatim ($2.17 in chips) 
Seat 6: lindlife ($6.31 in chips) 
Seat 7: shtshot250 ($4.17 in chips) 
Seat 8: eskaeliey ($5.88 in chips) 
Seat 9: gambitl1 ($6.92 in chips) 
zatim: posts small blind $0.02
lindlife: posts big blind $0.05
*** HOLE CARDS ***
Dealt to Dorex2007 [Ac 4c]
shtshot250: folds 
eskaeliey: folds 
gambitl1: folds 
nogood1227: folds 
the pirate39: folds 
Dorex2007: raises $0.05 to $0.10
zatim: calls $0.08
lindlife: raises $0.30 to $0.40
Dorex2007: folds 
zatim: folds 
Uncalled bet ($0.30) returned to lindlife
lindlife collected $0.30 from pot
lindlife: doesn't show hand 
*** SUMMARY ***
Total pot $0.30 | Rake $0 
Seat 1: nogood1227 folded before Flop (didn't bet)
Seat 2: the pirate39 folded before Flop (didn't bet)
Seat 3: Dorex2007 (button) folded before Flop
Seat 4: zatim (small blind) folded before Flop
Seat 6: lindlife (big blind) collected ($0.30)
Seat 7: shtshot250 folded before Flop (didn't bet)
Seat 8: eskaeliey folded before Flop (didn't bet)
Seat 9: gambitl1 folded before Flop (didn't bet)



PokerStars Hand #238054370282:  Hold'em No Limit ($0.02/$0.05 USD) - 2022/08/17 15:31:25 PT [2022/08/17 18:31:25 ET]
Table 'Alphard IV' 9-max Seat #4 is the button
Seat 1: nogood1227 ($4.82 in chips) 
Seat 2: the pirate39 ($5 in chips) 
Seat 3: Dorex2007 ($8.15 in chips) 
Seat 4: zatim ($2.07 in chips) 
Seat 6: lindlife ($6.51 in chips) 
Seat 7: shtshot250 ($4.17 in chips) 
Seat 8: eskaeliey ($5.88 in chips) 
Seat 9: gambitl1 ($6.92 in chips) 
lindlife: posts small blind $0.02
shtshot250: posts big blind $0.05
*** HOLE CARDS ***
Dealt to Dorex2007 [6h 5d]
eskaeliey: folds 
gambitl1: folds 
nogood1227: calls $0.05
the pirate39: folds 
Dorex2007: folds 
zatim: calls $0.05
lindlife: folds 
shtshot250: checks 
*** FLOP *** [7c Kd 3d]
shtshot250: checks 
nogood1227: checks 
zatim: checks 
*** TURN *** [7c Kd 3d] [6d]
shtshot250: checks 
nogood1227: bets $0.05
zatim: folds 
shtshot250: folds 
Uncalled bet ($0.05) returned to nogood1227
nogood1227 collected $0.16 from pot
*** SUMMARY ***
Total pot $0.17 | Rake $0.01 
Board [7c Kd 3d 6d]
Seat 1: nogood1227 collected ($0.16)
Seat 2: the pirate39 folded before Flop (didn't bet)
Seat 3: Dorex2007 folded before Flop (didn't bet)
Seat 4: zatim (button) folded on the Turn
Seat 6: lindlife (small blind) folded before Flop
Seat 7: shtshot250 (big blind) folded on the Turn
Seat 8: eskaeliey folded before Flop (didn't bet)
Seat 9: gambitl1 folded before Flop (didn't bet)



PokerStars Hand #238054382507:  Hold'em No Limit ($0.02/$0.05 USD) - 2022/08/17 15:32:04 PT [2022/08/17 18:32:04 ET]
Table 'Alphard IV' 9-max Seat #6 is the button
Seat 1: nogood1227 ($4.93 in chips) 
Seat 2: the pirate39 ($5 in chips) 
Seat 3: Dorex2007 ($8.15 in chips) 
Seat 4: zatim ($2.02 in chips) 
Seat 5: onlyfoolsguy ($5 in chips) 
Seat 6: lindlife ($6.49 in chips) 
Seat 7: shtshot250 ($4.12 in chips) 
Seat 9: gambitl1 ($6.92 in chips) 
shtshot250: posts small blind $0.02
eskaeliey: is sitting out 
gambitl1: posts big blind $0.05
onlyfoolsguy: posts small & big blinds $0.07
*** HOLE CARDS ***
Dealt to Dorex2007 [9d Ks]
nogood1227: folds 
the pirate39: folds 
Dorex2007: folds 
eskaeliey leaves the table
zatim: folds 
onlyfoolsguy: checks 
lindlife: raises $0.13 to $0.18
shtshot250: calls $0.16
gambitl1: folds 
AleMagno25 joins the table at seat #8 
onlyfoolsguy: folds 
*** FLOP *** [9h 6d 3h]
shtshot250: checks 
lindlife: bets $0.16
shtshot250: folds 
Uncalled bet ($0.16) returned to lindlife
lindlife collected $0.46 from pot
lindlife: doesn't show hand 
*** SUMMARY ***
Total pot $0.48 | Rake $0.02 
Board [9h 6d 3h]
Seat 1: nogood1227 folded before Flop (didn't bet)
Seat 2: the pirate39 folded before Flop (didn't bet)
Seat 3: Dorex2007 folded before Flop (didn't bet)
Seat 4: zatim folded before Flop (didn't bet)
Seat 5: onlyfoolsguy folded before Flop (didn't bet)
Seat 6: lindlife (button) collected ($0.46)
Seat 7: shtshot250 (small blind) folded on the Flop
Seat 9: gambitl1 (big blind) folded before Flop



PokerStars Hand #238054397940:  Hold'em No Limit ($0.02/$0.05 USD) - 2022/08/17 15:32:54 PT [2022/08/17 18:32:54 ET]
Table 'Alphard IV' 9-max Seat #7 is the button
Seat 1: nogood1227 ($4.93 in chips) 
Seat 2: the pirate39 ($5 in chips) 
Seat 3: Dorex2007 ($8.15 in chips) 
Seat 4: zatim ($2.02 in chips) 
Seat 5: onlyfoolsguy ($4.93 in chips) 
Seat 6: lindlife ($6.77 in chips) 
Seat 7: shtshot250 ($3.94 in chips) 
Seat 9: gambitl1 ($6.87 in chips) 
gambitl1: posts small blind $0.02
nogood1227: posts big blind $0.05
*** HOLE CARDS ***
Dealt to Dorex2007 [Qh 4d]
the pirate39: folds 
Dorex2007: folds 
zatim: folds 
onlyfoolsguy: raises $0.10 to $0.15
lindlife: folds 
shtshot250: folds 
gambitl1: folds 
nogood1227: raises $0.32 to $0.47
onlyfoolsguy: folds 
Uncalled bet ($0.32) returned to nogood1227
nogood1227 collected $0.32 from pot
*** SUMMARY ***
Total pot $0.32 | Rake $0 
Seat 1: nogood1227 (big blind) collected ($0.32)
Seat 2: the pirate39 folded before Flop (didn't bet)
Seat 3: Dorex2007 folded before Flop (didn't bet)
Seat 4: zatim folded before Flop (didn't bet)
Seat 5: onlyfoolsguy folded before Flop
Seat 6: lindlife folded before Flop (didn't bet)
Seat 7: shtshot250 (button) folded before Flop (didn't bet)
Seat 9: gambitl1 (small blind) folded before Flop



PokerStars Hand #238054410291:  Hold'em No Limit ($0.02/$0.05 USD) - 2022/08/17 15:33:33 PT [2022/08/17 18:33:33 ET]
Table 'Alphard IV' 9-max Seat #9 is the button
Seat 1: nogood1227 ($5.10 in chips) 
Seat 2: the pirate39 ($5 in chips) 
Seat 3: Dorex2007 ($8.15 in chips) 
Seat 4: zatim ($2.02 in chips) 
Seat 5: onlyfoolsguy ($4.78 in chips) 
Seat 6: lindlife ($6.77 in chips) 
Seat 7: shtshot250 ($3.94 in chips) 
Seat 9: gambitl1 ($6.85 in chips) 
nogood1227: posts small blind $0.02
the pirate39: posts big blind $0.05
AleMagno25: sits out 
*** HOLE CARDS ***
Dealt to Dorex2007 [Kd 8s]
Dorex2007: folds 
zatim: calls $0.05
onlyfoolsguy: folds 
lindlife: folds 
shtshot250: calls $0.05
gambitl1 has timed out
gambitl1: folds 
nogood1227: raises $0.30 to $0.35
the pirate39: folds 
zatim: calls $0.30
shtshot250: calls $0.30
*** FLOP *** [4h 7h Qd]
nogood1227: checks 
zatim: checks 
shtshot250: checks 
*** TURN *** [4h 7h Qd] [9c]
nogood1227: checks 
zatim: checks 
shtshot250: checks 
*** RIVER *** [4h 7h Qd 9c] [Ts]
nogood1227: checks 
zatim: bets $1.05
shtshot250: folds 
nogood1227: folds 
Uncalled bet ($1.05) returned to zatim
zatim collected $1.05 from pot
*** SUMMARY ***
Total pot $1.10 | Rake $0.05 
Board [4h 7h Qd 9c Ts]
Seat 1: nogood1227 (small blind) folded on the River
Seat 2: the pirate39 (big blind) folded before Flop
Seat 3: Dorex2007 folded before Flop (didn't bet)
Seat 4: zatim collected ($1.05)
Seat 5: onlyfoolsguy folded before Flop (didn't bet)
Seat 6: lindlife folded before Flop (didn't bet)
Seat 7: shtshot250 folded on the River
Seat 9: gambitl1 (button) folded before Flop (didn't bet)



PokerStars Hand #238054440609:  Hold'em No Limit ($0.02/$0.05 USD) - 2022/08/17 15:35:11 PT [2022/08/17 18:35:11 ET]
Table 'Alphard IV' 9-max Seat #1 is the button
Seat 1: nogood1227 ($4.75 in chips) 
Seat 2: the pirate39 ($5 in chips) 
Seat 3: Dorex2007 ($8.15 in chips) 
Seat 4: zatim ($2.72 in chips) 
Seat 5: onlyfoolsguy ($4.78 in chips) 
Seat 6: lindlife ($6.77 in chips) 
Seat 7: shtshot250 ($3.59 in chips) 
Seat 9: gambitl1 ($6.85 in chips) 
the pirate39: posts small blind $0.02
Dorex2007: posts big blind $0.05
AleMagno25: sits out 
*** HOLE CARDS ***
Dealt to Dorex2007 [7d 2s]
zatim has timed out
zatim: folds 
onlyfoolsguy: raises $0.10 to $0.15
lindlife: folds 
shtshot250: folds 
gambitl1: calls $0.15
nogood1227: calls $0.15
the pirate39: folds 
Dorex2007: folds 
*** FLOP *** [Js 3c 2d]
onlyfoolsguy: checks 
gambitl1: checks 
nogood1227: checks 
*** TURN *** [Js 3c 2d] [6d]
onlyfoolsguy: checks 
gambitl1: bets $0.25
nogood1227: folds 
onlyfoolsguy: folds 
Uncalled bet ($0.25) returned to gambitl1
gambitl1 collected $0.50 from pot
*** SUMMARY ***
Total pot $0.52 | Rake $0.02 
Board [Js 3c 2d 6d]
Seat 1: nogood1227 (button) folded on the Turn
Seat 2: the pirate39 (small blind) folded before Flop
Seat 3: Dorex2007 (big blind) folded before Flop
Seat 4: zatim folded before Flop (didn't bet)
Seat 5: onlyfoolsguy folded on the Turn
Seat 6: lindlife folded before Flop (didn't bet)
Seat 7: shtshot250 folded before Flop (didn't bet)
Seat 9: gambitl1 collected ($0.50)



PokerStars Hand #238054471780:  Hold'em No Limit ($0.02/$0.05 USD) - 2022/08/17 15:36:24 PT [2022/08/17 18:36:24 ET]
Table 'Alphard IV' 9-max Seat #2 is the button
Seat 1: nogood1227 ($4.60 in chips) 
Seat 2: the pirate39 ($5 in chips) 
Seat 3: Dorex2007 ($8.10 in chips) 
Seat 4: zatim ($2.72 in chips) 
Seat 5: onlyfoolsguy ($4.63 in chips) 
Seat 6: lindlife ($6.77 in chips) 
Seat 7: shtshot250 ($3.59 in chips) 
Seat 9: gambitl1 ($7.20 in chips) 
Dorex2007: posts small blind $0.02
zatim: posts big blind $0.05
AleMagno25: sits out 
*** HOLE CARDS ***
Dealt to Dorex2007 [7c 8d]
onlyfoolsguy: folds 
lindlife: folds 
shtshot250: raises $0.15 to $0.20
gambitl1: folds 
nogood1227: folds 
the pirate39: raises $0.25 to $0.45
Dorex2007: folds 
zatim: folds 
shtshot250: calls $0.25
*** FLOP *** [Js 9d Ts]
shtshot250: checks 
the pirate39: bets $0.30
shtshot250: calls $0.30
*** TURN *** [Js 9d Ts] [4s]
shtshot250: checks 
the pirate39: bets $1
shtshot250: calls $1
*** RIVER *** [Js 9d Ts 4s] [7s]
shtshot250: checks 
the pirate39: checks 
*** SHOW DOWN ***
shtshot250: shows [Ad Qs] (a flush, Queen high)
the pirate39: mucks hand 
shtshot250 collected $3.42 from pot
*** SUMMARY ***
Total pot $3.57 | Rake $0.15 
Board [Js 9d Ts 4s 7s]
Seat 1: nogood1227 folded before Flop (didn't bet)
Seat 2: the pirate39 (button) mucked [Kh Kd]
Seat 3: Dorex2007 (small blind) folded before Flop
Seat 4: zatim (big blind) folded before Flop
Seat 5: onlyfoolsguy folded before Flop (didn't bet)
Seat 6: lindlife folded before Flop (didn't bet)
Seat 7: shtshot250 showed [Ad Qs] and won ($3.42) with a flush, Queen high
Seat 9: gambitl1 folded before Flop (didn't bet)



PokerStars Hand #238054488547:  Hold'em No Limit ($0.02/$0.05 USD) - 2022/08/17 15:37:17 PT [2022/08/17 18:37:17 ET]
Table 'Alphard IV' 9-max Seat #3 is the button
Seat 1: nogood1227 ($4.60 in chips) 
Seat 2: the pirate39 ($5 in chips) 
Seat 3: Dorex2007 ($8.08 in chips) 
Seat 4: zatim ($2.67 in chips) 
Seat 5: onlyfoolsguy ($4.63 in chips) 
Seat 6: lindlife ($6.77 in chips) 
Seat 7: shtshot250 ($5.26 in chips) 
Seat 9: gambitl1 ($7.20 in chips) 
zatim: posts small blind $0.02
onlyfoolsguy: posts big blind $0.05
AleMagno25: sits out 
*** HOLE CARDS ***
Dealt to Dorex2007 [Jd Ac]
lindlife: folds 
shtshot250: calls $0.05
gambitl1: folds 
nogood1227: calls $0.05
the pirate39: folds 
Dorex2007: calls $0.05
zatim: calls $0.03
onlyfoolsguy: checks 
*** FLOP *** [Ad 6h Td]
zatim: checks 
onlyfoolsguy: checks 
shtshot250: bets $0.24
nogood1227: folds 
Dorex2007: calls $0.24
zatim: calls $0.24
onlyfoolsguy: folds 
*** TURN *** [Ad 6h Td] [4h]
zatim: checks 
shtshot250: bets $0.93
Dorex2007: folds 
zatim: folds 
Uncalled bet ($0.93) returned to shtshot250
shtshot250 collected $0.93 from pot
shtshot250: doesn't show hand 
*** SUMMARY ***
Total pot $0.97 | Rake $0.04 
Board [Ad 6h Td 4h]
Seat 1: nogood1227 folded on the Flop
Seat 2: the pirate39 folded before Flop (didn't bet)
Seat 3: Dorex2007 (button) folded on the Turn
Seat 4: zatim (small blind) folded on the Turn
Seat 5: onlyfoolsguy (big blind) folded on the Flop
Seat 6: lindlife folded before Flop (didn't bet)
Seat 7: shtshot250 collected ($0.93)
Seat 9: gambitl1 folded before Flop (didn't bet)



PokerStars Hand #238054519966:  Hold'em No Limit ($0.02/$0.05 USD) - 2022/08/17 15:38:59 PT [2022/08/17 18:38:59 ET]
Table 'Alphard IV' 9-max Seat #4 is the button
Seat 1: nogood1227 ($4.55 in chips) 
Seat 2: the pirate39 ($5 in chips) 
Seat 3: Dorex2007 ($7.79 in chips) 
Seat 4: zatim ($2.38 in chips) 
Seat 5: onlyfoolsguy ($4.58 in chips) 
Seat 6: lindlife ($6.77 in chips) 
Seat 7: shtshot250 ($5.90 in chips) 
Seat 9: gambitl1 ($7.20 in chips) 
onlyfoolsguy: posts small blind $0.02
lindlife: posts big blind $0.05
AleMagno25: sits out 
*** HOLE CARDS ***
Dealt to Dorex2007 [8h 8c]
shtshot250: calls $0.05
gambitl1: folds 
nogood1227: raises $0.10 to $0.15
the pirate39: folds 
Dorex2007: calls $0.15
zatim: calls $0.15
onlyfoolsguy: folds 
lindlife: folds 
shtshot250: calls $0.10
*** FLOP *** [Qd 3d 8s]
shtshot250: checks 
nogood1227: checks 
Dorex2007: bets $0.80
zatim: folds 
shtshot250: folds 
nogood1227: folds 
Uncalled bet ($0.80) returned to Dorex2007
Dorex2007 collected $0.64 from pot
Dorex2007: doesn't show hand 
*** SUMMARY ***
Total pot $0.67 | Rake $0.03 
Board [Qd 3d 8s]
Seat 1: nogood1227 folded on the Flop
Seat 2: the pirate39 folded before Flop (didn't bet)
Seat 3: Dorex2007 collected ($0.64)
Seat 4: zatim (button) folded on the Flop
Seat 5: onlyfoolsguy (small blind) folded before Flop
Seat 6: lindlife (big blind) folded before Flop
Seat 7: shtshot250 folded on the Flop
Seat 9: gambitl1 folded before Flop (didn't bet)



PokerStars Hand #238054543127:  Hold'em No Limit ($0.02/$0.05 USD) - 2022/08/17 15:40:01 PT [2022/08/17 18:40:01 ET]
Table 'Alphard IV' 9-max Seat #5 is the button
Seat 1: nogood1227 ($4.40 in chips) 
Seat 2: the pirate39 ($5 in chips) 
Seat 3: Dorex2007 ($8.28 in chips) 
Seat 4: zatim ($2.23 in chips) 
Seat 5: onlyfoolsguy ($4.56 in chips) 
Seat 6: lindlife ($6.72 in chips) 
Seat 7: shtshot250 ($5.75 in chips) 
Seat 9: gambitl1 ($7.20 in chips) 
lindlife: posts small blind $0.02
shtshot250: posts big blind $0.05
AleMagno25: sits out 
*** HOLE CARDS ***
Dealt to Dorex2007 [3d Js]
gambitl1: folds 
nogood1227: raises $0.10 to $0.15
the pirate39: folds 
Dorex2007: folds 
zatim: folds 
onlyfoolsguy: calls $0.15
lindlife: folds 
shtshot250: calls $0.10
*** FLOP *** [2h 2d 5c]
shtshot250: checks 
nogood1227: checks 
onlyfoolsguy: checks 
*** TURN *** [2h 2d 5c] [Ac]
shtshot250: checks 
nogood1227: bets $0.15
onlyfoolsguy: folds 
shtshot250: folds 
Uncalled bet ($0.15) returned to nogood1227
nogood1227 collected $0.45 from pot
*** SUMMARY ***
Total pot $0.47 | Rake $0.02 
Board [2h 2d 5c Ac]
Seat 1: nogood1227 collected ($0.45)
Seat 2: the pirate39 folded before Flop (didn't bet)
Seat 3: Dorex2007 folded before Flop (didn't bet)
Seat 4: zatim folded before Flop (didn't bet)
Seat 5: onlyfoolsguy (button) folded on the Turn
Seat 6: lindlife (small blind) folded before Flop
Seat 7: shtshot250 (big blind) folded on the Turn
Seat 9: gambitl1 folded before Flop (didn't bet)



PokerStars Hand #238054555776:  Hold'em No Limit ($0.02/$0.05 USD) - 2022/08/17 15:40:42 PT [2022/08/17 18:40:42 ET]
Table 'Alphard IV' 9-max Seat #6 is the button
Seat 1: nogood1227 ($4.70 in chips) 
Seat 2: the pirate39 ($5 in chips) 
Seat 3: Dorex2007 ($8.28 in chips) 
Seat 4: zatim ($2.23 in chips) 
Seat 5: onlyfoolsguy ($4.41 in chips) 
Seat 6: lindlife ($6.70 in chips) 
Seat 7: shtshot250 ($5.60 in chips) 
Seat 8: AleMagno25 ($5 in chips) 
Seat 9: gambitl1 ($7.20 in chips) 
shtshot250: posts small blind $0.02
AleMagno25: posts big blind $0.05
*** HOLE CARDS ***
Dealt to Dorex2007 [Ac 4d]
gambitl1: folds 
nogood1227: folds 
the pirate39: folds 
Dorex2007: folds 
zatim: calls $0.05
onlyfoolsguy: folds 
lindlife: raises $0.13 to $0.18
shtshot250: calls $0.16
AleMagno25: folds 
zatim: calls $0.13
*** FLOP *** [Ks 5h 8d]
shtshot250: checks 
zatim: checks 
lindlife: checks 
*** TURN *** [Ks 5h 8d] [Ad]
shtshot250: checks 
zatim: checks 
lindlife: bets $0.19
shtshot250: calls $0.19
zatim: calls $0.19
*** RIVER *** [Ks 5h 8d Ad] [Ah]
shtshot250: checks 
zatim: checks 
lindlife: checks 
*** SHOW DOWN ***
shtshot250: shows [2c 8c] (two pair, Aces and Eights)
zatim: shows [Qd Qc] (two pair, Aces and Queens)
lindlife: mucks hand 
zatim collected $1.11 from pot
*** SUMMARY ***
Total pot $1.16 | Rake $0.05 
Board [Ks 5h 8d Ad Ah]
Seat 1: nogood1227 folded before Flop (didn't bet)
Seat 2: the pirate39 folded before Flop (didn't bet)
Seat 3: Dorex2007 folded before Flop (didn't bet)
Seat 4: zatim showed [Qd Qc] and won ($1.11) with two pair, Aces and Queens
Seat 5: onlyfoolsguy folded before Flop (didn't bet)
Seat 6: lindlife (button) mucked [Qh Tc]
Seat 7: shtshot250 (small blind) showed [2c 8c] and lost with two pair, Aces and Eights
Seat 8: AleMagno25 (big blind) folded before Flop
Seat 9: gambitl1 folded before Flop (didn't bet)



PokerStars Hand #238054591158:  Hold'em No Limit ($0.02/$0.05 USD) - 2022/08/17 15:42:10 PT [2022/08/17 18:42:10 ET]
Table 'Alphard IV' 9-max Seat #7 is the button
Seat 1: nogood1227 ($4.70 in chips) 
Seat 2: the pirate39 ($5 in chips) 
Seat 3: Dorex2007 ($8.28 in chips) 
Seat 4: zatim ($2.97 in chips) 
Seat 5: onlyfoolsguy ($4.41 in chips) 
Seat 6: lindlife ($6.33 in chips) 
Seat 7: shtshot250 ($5.23 in chips) 
Seat 8: AleMagno25 ($4.95 in chips) 
Seat 9: gambitl1 ($7.20 in chips) 
AleMagno25: posts small blind $0.02
gambitl1: posts big blind $0.05
*** HOLE CARDS ***
Dealt to Dorex2007 [4s 8h]
nogood1227: raises $0.10 to $0.15
the pirate39: folds 
Dorex2007: folds 
zatim: calls $0.15
onlyfoolsguy: folds 
lindlife: folds 
shtshot250: calls $0.15
AleMagno25: folds 
gambitl1: folds 
*** FLOP *** [9h 3c Ks]
nogood1227: checks 
zatim: checks 
shtshot250: checks 
*** TURN *** [9h 3c Ks] [7h]
nogood1227: checks 
zatim: checks 
shtshot250: checks 
*** RIVER *** [9h 3c Ks 7h] [2d]
nogood1227: checks 
zatim: checks 
shtshot250: checks 
*** SHOW DOWN ***
nogood1227: shows [Qd Td] (high card King)
zatim: mucks hand 
shtshot250: shows [8d 8c] (a pair of Eights)
shtshot250 collected $0.50 from pot
*** SUMMARY ***
Total pot $0.52 | Rake $0.02 
Board [9h 3c Ks 7h 2d]
Seat 1: nogood1227 showed [Qd Td] and lost with high card King
Seat 2: the pirate39 folded before Flop (didn't bet)
Seat 3: Dorex2007 folded before Flop (didn't bet)
Seat 4: zatim mucked [5d 6d]
Seat 5: onlyfoolsguy folded before Flop (didn't bet)
Seat 6: lindlife folded before Flop (didn't bet)
Seat 7: shtshot250 (button) showed [8d 8c] and won ($0.50) with a pair of Eights
Seat 8: AleMagno25 (small blind) folded before Flop
Seat 9: gambitl1 (big blind) folded before Flop



PokerStars Hand #238054607256:  Hold'em No Limit ($0.02/$0.05 USD) - 2022/08/17 15:43:03 PT [2022/08/17 18:43:03 ET]
Table 'Alphard IV' 9-max Seat #8 is the button
Seat 1: nogood1227 ($4.55 in chips) 
Seat 2: the pirate39 ($5 in chips) 
Seat 3: Dorex2007 ($8.28 in chips) 
Seat 4: zatim ($2.82 in chips) 
Seat 5: onlyfoolsguy ($4.41 in chips) 
Seat 6: lindlife ($6.33 in chips) 
Seat 7: shtshot250 ($5.58 in chips) 
Seat 8: AleMagno25 ($4.93 in chips) 
Seat 9: gambitl1 ($7.15 in chips) 
gambitl1: posts small blind $0.02
nogood1227: posts big blind $0.05
*** HOLE CARDS ***
Dealt to Dorex2007 [Ks Ad]
the pirate39: folds 
Dorex2007: raises $0.15 to $0.20
zatim: folds 
onlyfoolsguy: folds 
lindlife: calls $0.20
shtshot250: folds 
AleMagno25: folds 
gambitl1: folds 
nogood1227: calls $0.15
*** FLOP *** [5c 6c Kd]
nogood1227: checks 
Dorex2007: bets $0.39
lindlife: folds 
nogood1227: calls $0.39
*** TURN *** [5c 6c Kd] [9d]
nogood1227: checks 
Dorex2007: bets $0.67
nogood1227: calls $0.67
*** RIVER *** [5c 6c Kd 9d] [9h]
nogood1227: checks 
Dorex2007: bets $2.63
nogood1227: folds 
Uncalled bet ($2.63) returned to Dorex2007
Dorex2007 collected $2.63 from pot
Dorex2007: doesn't show hand 
*** SUMMARY ***
Total pot $2.74 | Rake $0.11 
Board [5c 6c Kd 9d 9h]
Seat 1: nogood1227 (big blind) folded on the River
Seat 2: the pirate39 folded before Flop (didn't bet)
Seat 3: Dorex2007 collected ($2.63)
Seat 4: zatim folded before Flop (didn't bet)
Seat 5: onlyfoolsguy folded before Flop (didn't bet)
Seat 6: lindlife folded on the Flop
Seat 7: shtshot250 folded before Flop (didn't bet)
Seat 8: AleMagno25 (button) folded before Flop (didn't bet)
Seat 9: gambitl1 (small blind) folded before Flop



PokerStars Hand #238054627370:  Hold'em No Limit ($0.02/$0.05 USD) - 2022/08/17 15:44:10 PT [2022/08/17 18:44:10 ET]
Table 'Alphard IV' 9-max Seat #9 is the button
Seat 1: nogood1227 ($3.29 in chips) 
Seat 2: the pirate39 ($5 in chips) 
Seat 3: Dorex2007 ($9.65 in chips) 
Seat 4: zatim ($2.82 in chips) 
Seat 5: onlyfoolsguy ($4.41 in chips) 
Seat 6: lindlife ($6.13 in chips) 
Seat 7: shtshot250 ($5.58 in chips) 
Seat 8: AleMagno25 ($4.93 in chips) 
Seat 9: gambitl1 ($7.13 in chips) 
nogood1227: posts small blind $0.02
the pirate39: posts big blind $0.05
*** HOLE CARDS ***
Dealt to Dorex2007 [Th 5c]
Dorex2007: folds 
zatim: calls $0.05
onlyfoolsguy: folds 
lindlife: folds 
shtshot250: folds 
AleMagno25: folds 
gambitl1: folds 
nogood1227: raises $0.15 to $0.20
the pirate39: folds 
zatim: calls $0.15
*** FLOP *** [Ks 8d 4h]
nogood1227: checks 
zatim: checks 
*** TURN *** [Ks 8d 4h] [2c]
nogood1227: bets $0.33
zatim: folds 
Uncalled bet ($0.33) returned to nogood1227
nogood1227 collected $0.43 from pot
*** SUMMARY ***
Total pot $0.45 | Rake $0.02 
Board [Ks 8d 4h 2c]
Seat 1: nogood1227 (small blind) collected ($0.43)
Seat 2: the pirate39 (big blind) folded before Flop
Seat 3: Dorex2007 folded before Flop (didn't bet)
Seat 4: zatim folded on the Turn
Seat 5: onlyfoolsguy folded before Flop (didn't bet)
Seat 6: lindlife folded before Flop (didn't bet)
Seat 7: shtshot250 folded before Flop (didn't bet)
Seat 8: AleMagno25 folded before Flop (didn't bet)
Seat 9: gambitl1 (button) folded before Flop (didn't bet)



PokerStars Hand #238054641273:  Hold'em No Limit ($0.02/$0.05 USD) - 2022/08/17 15:44:57 PT [2022/08/17 18:44:57 ET]
Table 'Alphard IV' 9-max Seat #1 is the button
Seat 1: nogood1227 ($3.52 in chips) 
Seat 2: the pirate39 ($5 in chips) 
Seat 3: Dorex2007 ($9.65 in chips) 
Seat 4: zatim ($2.62 in chips) 
Seat 5: onlyfoolsguy ($4.41 in chips) 
Seat 6: lindlife ($6.13 in chips) 
Seat 7: shtshot250 ($5.58 in chips) 
Seat 8: AleMagno25 ($4.93 in chips) 
Seat 9: gambitl1 ($7.13 in chips) 
the pirate39: posts small blind $0.02
Dorex2007: posts big blind $0.05
*** HOLE CARDS ***
Dealt to Dorex2007 [6h 7s]
zatim has timed out
zatim: folds 
onlyfoolsguy: folds 
lindlife: folds 
shtshot250: folds 
AleMagno25: folds 
gambitl1: raises $0.10 to $0.15
nogood1227: calls $0.15
the pirate39: folds 
Dorex2007: folds 
*** FLOP *** [Qs 7d 2s]
gambitl1: checks 
nogood1227: bets $0.22
gambitl1: folds 
Uncalled bet ($0.22) returned to nogood1227
nogood1227 collected $0.35 from pot
*** SUMMARY ***
Total pot $0.37 | Rake $0.02 
Board [Qs 7d 2s]
Seat 1: nogood1227 (button) collected ($0.35)
Seat 2: the pirate39 (small blind) folded before Flop
Seat 3: Dorex2007 (big blind) folded before Flop
Seat 4: zatim folded before Flop (didn't bet)
Seat 5: onlyfoolsguy folded before Flop (didn't bet)
Seat 6: lindlife folded before Flop (didn't bet)
Seat 7: shtshot250 folded before Flop (didn't bet)
Seat 8: AleMagno25 folded before Flop (didn't bet)
Seat 9: gambitl1 folded on the Flop



PokerStars Hand #238054657185:  Hold'em No Limit ($0.02/$0.05 USD) - 2022/08/17 15:45:50 PT [2022/08/17 18:45:50 ET]
Table 'Alphard IV' 9-max Seat #2 is the button
Seat 1: nogood1227 ($3.72 in chips) 
Seat 2: the pirate39 ($5 in chips) 
Seat 3: Dorex2007 ($9.60 in chips) 
Seat 4: zatim ($2.62 in chips) 
Seat 5: onlyfoolsguy ($4.41 in chips) 
Seat 6: lindlife ($6.13 in chips) 
Seat 7: shtshot250 ($5.58 in chips) 
Seat 8: AleMagno25 ($4.93 in chips) 
Seat 9: gambitl1 ($6.98 in chips) 
Dorex2007: posts small blind $0.02
zatim: posts big blind $0.05
*** HOLE CARDS ***
Dealt to Dorex2007 [4h Ac]
onlyfoolsguy: folds 
lindlife: folds 
shtshot250: folds 
AleMagno25: folds 
gambitl1: folds 
nogood1227: calls $0.05
the pirate39: folds 
Dorex2007: calls $0.03
zatim: checks 
*** FLOP *** [Js 7d 3c]
Dorex2007: checks 
zatim: checks 
nogood1227: bets $0.10
Dorex2007: folds 
zatim: calls $0.10
*** TURN *** [Js 7d 3c] [3h]
zatim: checks 
nogood1227: bets $0.20
zatim: calls $0.20
*** RIVER *** [Js 7d 3c 3h] [9s]
zatim: checks 
nogood1227: bets $0.72
zatim: folds 
Uncalled bet ($0.72) returned to nogood1227
nogood1227 collected $0.72 from pot
*** SUMMARY ***
Total pot $0.75 | Rake $0.03 
Board [Js 7d 3c 3h 9s]
Seat 1: nogood1227 collected ($0.72)
Seat 2: the pirate39 (button) folded before Flop (didn't bet)
Seat 3: Dorex2007 (small blind) folded on the Flop
Seat 4: zatim (big blind) folded on the River
Seat 5: onlyfoolsguy folded before Flop (didn't bet)
Seat 6: lindlife folded before Flop (didn't bet)
Seat 7: shtshot250 folded before Flop (didn't bet)
Seat 8: AleMagno25 folded before Flop (didn't bet)
Seat 9: gambitl1 folded before Flop (didn't bet)



