PokerStars Hand #238803260864:  Hold'em No Limit ($0.02/$0.05 USD) - 2022/09/22 17:59:29 PT [2022/09/22 20:59:29 ET]
Table 'Iphiklos III' 9-max Seat #6 is the button
Seat 1: Almanza63 ($4.80 in chips) 
Seat 2: In-Solem ($4.76 in chips) 
Seat 3: zonajes17 ($5.07 in chips) 
Seat 4: Motta0197 ($3.80 in chips) 
Seat 5: 1956mitchx ($1.87 in chips) 
Seat 6: Filipimmp ($4.98 in chips) 
Seat 7: SuperPoker728 ($3.66 in chips) 
Seat 8: Dorex2007 ($5 in chips) 
Seat 9: 6tee ($4.81 in chips) 
SuperPoker728: posts small blind $0.02
Dorex2007: posts big blind $0.05
*** HOLE CARDS ***
Dealt to Dorex2007 [Ad 8d]
6tee: folds 
Almanza63: folds 
In-Solem: folds 
zonajes17: folds 
Motta0197: folds 
1956mitchx: folds 
Filipimmp: raises $0.10 to $0.15
SuperPoker728: calls $0.13
Dorex2007: calls $0.10
*** FLOP *** [3c 5c Qd]
SuperPoker728: checks 
Dorex2007: checks 
Filipimmp: bets $0.30
SuperPoker728: calls $0.30
Dorex2007: folds 
*** TURN *** [3c 5c Qd] [5h]
SuperPoker728: checks 
Filipimmp: checks 
*** RIVER *** [3c 5c Qd 5h] [4h]
SuperPoker728: bets $0.50
Filipimmp: calls $0.50
*** SHOW DOWN ***
SuperPoker728: shows [Js Jc] (two pair, Jacks and Fives)
Filipimmp: shows [Qs As] (two pair, Queens and Fives)
Filipimmp collected $1.96 from pot
*** SUMMARY ***
Total pot $2.05 | Rake $0.09 
Board [3c 5c Qd 5h 4h]
Seat 1: Almanza63 folded before Flop (didn't bet)
Seat 2: In-Solem folded before Flop (didn't bet)
Seat 3: zonajes17 folded before Flop (didn't bet)
Seat 4: Motta0197 folded before Flop (didn't bet)
Seat 5: 1956mitchx folded before Flop (didn't bet)
Seat 6: Filipimmp (button) showed [Qs As] and won ($1.96) with two pair, Queens and Fives
Seat 7: SuperPoker728 (small blind) showed [Js Jc] and lost with two pair, Jacks and Fives
Seat 8: Dorex2007 (big blind) folded on the Flop
Seat 9: 6tee folded before Flop (didn't bet)



PokerStars Hand #238803273287:  Hold'em No Limit ($0.02/$0.05 USD) - 2022/09/22 18:00:37 PT [2022/09/22 21:00:37 ET]
Table 'Iphiklos III' 9-max Seat #7 is the button
Seat 1: Almanza63 ($4.80 in chips) 
Seat 2: In-Solem ($4.76 in chips) 
Seat 3: zonajes17 ($5.07 in chips) 
Seat 4: Motta0197 ($3.80 in chips) 
Seat 5: 1956mitchx ($1.87 in chips) 
Seat 6: Filipimmp ($5.99 in chips) 
Seat 7: SuperPoker728 ($2.71 in chips) 
Seat 8: Dorex2007 ($5 in chips) 
Dorex2007: posts small blind $0.02
Almanza63: posts big blind $0.05
*** HOLE CARDS ***
Dealt to Dorex2007 [8s 9h]
In-Solem: folds 
In-Solem leaves the table
zonajes17: folds 
Motta0197: folds 
1956mitchx: calls $0.05
Filipimmp: raises $0.15 to $0.20
SuperPoker728: folds 
Dorex2007: folds 
Almanza63: folds 
1956mitchx: calls $0.15
*** FLOP *** [3c 6d 5d]
1956mitchx: checks 
Karri_Kurko joins the table at seat #2 
Filipimmp: bets $0.25
1956mitchx: calls $0.25
*** TURN *** [3c 6d 5d] [Ac]
1956mitchx: checks 
Filipimmp: bets $0.35
1956mitchx: folds 
Uncalled bet ($0.35) returned to Filipimmp
Filipimmp collected $0.93 from pot
Filipimmp: doesn't show hand 
*** SUMMARY ***
Total pot $0.97 | Rake $0.04 
Board [3c 6d 5d Ac]
Seat 1: Almanza63 (big blind) folded before Flop
Seat 2: In-Solem folded before Flop (didn't bet)
Seat 3: zonajes17 folded before Flop (didn't bet)
Seat 4: Motta0197 folded before Flop (didn't bet)
Seat 5: 1956mitchx folded on the Turn
Seat 6: Filipimmp collected ($0.93)
Seat 7: SuperPoker728 (button) folded before Flop (didn't bet)
Seat 8: Dorex2007 (small blind) folded before Flop



PokerStars Hand #238803283607:  Hold'em No Limit ($0.02/$0.05 USD) - 2022/09/22 18:01:29 PT [2022/09/22 21:01:29 ET]
Table 'Iphiklos III' 9-max Seat #8 is the button
Seat 1: Almanza63 ($4.75 in chips) 
Seat 2: Karri_Kurko ($5 in chips) 
Seat 3: zonajes17 ($5.07 in chips) 
Seat 4: Motta0197 ($3.80 in chips) 
Seat 5: 1956mitchx ($1.42 in chips) 
Seat 6: Filipimmp ($6.47 in chips) 
Seat 7: SuperPoker728 ($2.71 in chips) 
Seat 8: Dorex2007 ($5 in chips) 
Almanza63: posts small blind $0.02
Karri_Kurko: posts big blind $0.05
*** HOLE CARDS ***
Dealt to Dorex2007 [Jh 4h]
zonajes17: folds 
Motta0197: folds 
1956mitchx: calls $0.05
Filipimmp: folds 
SuperPoker728: folds 
Dorex2007: folds 
Almanza63: calls $0.03
Karri_Kurko: raises $0.10 to $0.15
1956mitchx: calls $0.10
Almanza63: folds 
*** FLOP *** [8d Ks 6s]
Karri_Kurko: checks 
1956mitchx: checks 
*** TURN *** [8d Ks 6s] [6c]
Karri_Kurko: bets $0.25
1956mitchx: calls $0.25
*** RIVER *** [8d Ks 6s 6c] [Kh]
Karri_Kurko: checks 
1956mitchx: checks 
*** SHOW DOWN ***
Karri_Kurko: shows [2c Jc] (two pair, Kings and Sixes)
1956mitchx: shows [7h As] (two pair, Kings and Sixes - Ace kicker)
1956mitchx collected $0.81 from pot
*** SUMMARY ***
Total pot $0.85 | Rake $0.04 
Board [8d Ks 6s 6c Kh]
Seat 1: Almanza63 (small blind) folded before Flop
Seat 2: Karri_Kurko (big blind) showed [2c Jc] and lost with two pair, Kings and Sixes
Seat 3: zonajes17 folded before Flop (didn't bet)
Seat 4: Motta0197 folded before Flop (didn't bet)
Seat 5: 1956mitchx showed [7h As] and won ($0.81) with two pair, Kings and Sixes
Seat 6: Filipimmp folded before Flop (didn't bet)
Seat 7: SuperPoker728 folded before Flop (didn't bet)
Seat 8: Dorex2007 (button) folded before Flop (didn't bet)



PokerStars Hand #238803292137:  Hold'em No Limit ($0.02/$0.05 USD) - 2022/09/22 18:02:11 PT [2022/09/22 21:02:11 ET]
Table 'Iphiklos III' 9-max Seat #1 is the button
Seat 1: Almanza63 ($4.70 in chips) 
Seat 2: Karri_Kurko ($4.60 in chips) 
Seat 3: zonajes17 ($5.07 in chips) 
Seat 4: Motta0197 ($3.80 in chips) 
Seat 5: 1956mitchx ($1.83 in chips) 
Seat 6: Filipimmp ($6.47 in chips) 
Seat 7: SuperPoker728 ($2.71 in chips) 
Seat 8: Dorex2007 ($5 in chips) 
Karri_Kurko: posts small blind $0.02
zonajes17: posts big blind $0.05
*** HOLE CARDS ***
Dealt to Dorex2007 [5h 9s]
Motta0197: folds 
1956mitchx: folds 
Filipimmp: folds 
1956mitchx leaves the table
SuperPoker728: calls $0.05
Dorex2007: folds 
Almanza63: raises $0.08 to $0.13
Karri_Kurko: folds 
zonajes17: folds 
SuperPoker728: calls $0.08
*** FLOP *** [4c Kc 6d]
SuperPoker728: bets $0.10
Almanza63: folds 
Uncalled bet ($0.10) returned to SuperPoker728
SuperPoker728 collected $0.32 from pot
SuperPoker728: doesn't show hand 
*** SUMMARY ***
Total pot $0.33 | Rake $0.01 
Board [4c Kc 6d]
Seat 1: Almanza63 (button) folded on the Flop
Seat 2: Karri_Kurko (small blind) folded before Flop
Seat 3: zonajes17 (big blind) folded before Flop
Seat 4: Motta0197 folded before Flop (didn't bet)
Seat 5: 1956mitchx folded before Flop (didn't bet)
Seat 6: Filipimmp folded before Flop (didn't bet)
Seat 7: SuperPoker728 collected ($0.32)
Seat 8: Dorex2007 folded before Flop (didn't bet)



PokerStars Hand #238803302755:  Hold'em No Limit ($0.02/$0.05 USD) - 2022/09/22 18:03:02 PT [2022/09/22 21:03:02 ET]
Table 'Iphiklos III' 9-max Seat #2 is the button
Seat 1: Almanza63 ($4.57 in chips) 
Seat 2: Karri_Kurko ($4.58 in chips) 
Seat 3: zonajes17 ($5.02 in chips) 
Seat 4: Motta0197 ($3.80 in chips) 
Seat 6: Filipimmp ($6.47 in chips) 
Seat 7: SuperPoker728 ($2.90 in chips) 
Seat 8: Dorex2007 ($5 in chips) 
zonajes17: posts small blind $0.02
Motta0197: posts big blind $0.05
*** HOLE CARDS ***
Dealt to Dorex2007 [Jc Ah]
Filipimmp: folds 
SuperPoker728: raises $0.12 to $0.17
Dorex2007: calls $0.17
Almanza63: folds 
Karri_Kurko: folds 
zonajes17: folds 
Motta0197: folds 
*** FLOP *** [Kh Js 6h]
SuperPoker728: checks 
Dorex2007: bets $0.39
SuperPoker728: calls $0.39
*** TURN *** [Kh Js 6h] [2d]
SuperPoker728: checks 
Dorex2007: checks 
*** RIVER *** [Kh Js 6h 2d] [3h]
SuperPoker728: checks 
Dorex2007: checks 
*** SHOW DOWN ***
SuperPoker728: shows [Ad Qs] (high card Ace)
Dorex2007: shows [Jc Ah] (a pair of Jacks)
Dorex2007 collected $1.14 from pot
*** SUMMARY ***
Total pot $1.19 | Rake $0.05 
Board [Kh Js 6h 2d 3h]
Seat 1: Almanza63 folded before Flop (didn't bet)
Seat 2: Karri_Kurko (button) folded before Flop (didn't bet)
Seat 3: zonajes17 (small blind) folded before Flop
Seat 4: Motta0197 (big blind) folded before Flop
Seat 6: Filipimmp folded before Flop (didn't bet)
Seat 7: SuperPoker728 showed [Ad Qs] and lost with high card Ace
Seat 8: Dorex2007 showed [Jc Ah] and won ($1.14) with a pair of Jacks



PokerStars Hand #238803313160:  Hold'em No Limit ($0.02/$0.05 USD) - 2022/09/22 18:03:52 PT [2022/09/22 21:03:52 ET]
Table 'Iphiklos III' 9-max Seat #3 is the button
Seat 1: Almanza63 ($5 in chips) 
Seat 2: Karri_Kurko ($4.58 in chips) 
Seat 3: zonajes17 ($5 in chips) 
Seat 4: Motta0197 ($3.75 in chips) 
Seat 7: SuperPoker728 ($2.34 in chips) 
Seat 8: Dorex2007 ($5.58 in chips) 
Motta0197: posts small blind $0.02
Filipimmp: is sitting out 
SuperPoker728: posts big blind $0.05
*** HOLE CARDS ***
Dealt to Dorex2007 [6s 4d]
Dorex2007: folds 
Almanza63: raises $0.10 to $0.15
Karri_Kurko: folds 
zonajes17: folds 
Motta0197: folds 
SuperPoker728: folds 
Uncalled bet ($0.10) returned to Almanza63
Almanza63 collected $0.12 from pot
Almanza63: doesn't show hand 
*** SUMMARY ***
Total pot $0.12 | Rake $0 
Seat 1: Almanza63 collected ($0.12)
Seat 2: Karri_Kurko folded before Flop (didn't bet)
Seat 3: zonajes17 (button) folded before Flop (didn't bet)
Seat 4: Motta0197 (small blind) folded before Flop
Seat 7: SuperPoker728 (big blind) folded before Flop
Seat 8: Dorex2007 folded before Flop (didn't bet)



PokerStars Hand #238803318544:  Hold'em No Limit ($0.02/$0.05 USD) - 2022/09/22 18:04:18 PT [2022/09/22 21:04:18 ET]
Table 'Iphiklos III' 9-max Seat #4 is the button
Seat 1: Almanza63 ($5.07 in chips) 
Seat 2: Karri_Kurko ($4.58 in chips) 
Seat 3: zonajes17 ($5 in chips) 
Seat 4: Motta0197 ($3.73 in chips) 
Seat 7: SuperPoker728 ($2.29 in chips) 
Seat 8: Dorex2007 ($5.58 in chips) 
SuperPoker728: posts small blind $0.02
Dorex2007: posts big blind $0.05
*** HOLE CARDS ***
Dealt to Dorex2007 [Js 2h]
Almanza63: folds 
Karri_Kurko: folds 
zonajes17: folds 
Motta0197: folds 
SuperPoker728: calls $0.03
Dorex2007: checks 
*** FLOP *** [2c 7c Qd]
SuperPoker728: checks 
Dorex2007: checks 
*** TURN *** [2c 7c Qd] [Ah]
SuperPoker728: checks 
Dorex2007: checks 
*** RIVER *** [2c 7c Qd Ah] [6d]
SuperPoker728: checks 
Dorex2007: checks 
*** SHOW DOWN ***
SuperPoker728: shows [9c 9s] (a pair of Nines)
Dorex2007: mucks hand 
SuperPoker728 collected $0.10 from pot
*** SUMMARY ***
Total pot $0.10 | Rake $0 
Board [2c 7c Qd Ah 6d]
Seat 1: Almanza63 folded before Flop (didn't bet)
Seat 2: Karri_Kurko folded before Flop (didn't bet)
Seat 3: zonajes17 folded before Flop (didn't bet)
Seat 4: Motta0197 (button) folded before Flop (didn't bet)
Seat 7: SuperPoker728 (small blind) showed [9c 9s] and won ($0.10) with a pair of Nines
Seat 8: Dorex2007 (big blind) mucked [Js 2h]



PokerStars Hand #238803325721:  Hold'em No Limit ($0.02/$0.05 USD) - 2022/09/22 18:04:52 PT [2022/09/22 21:04:52 ET]
Table 'Iphiklos III' 9-max Seat #7 is the button
Seat 1: Almanza63 ($5.07 in chips) 
Seat 2: Karri_Kurko ($4.58 in chips) 
Seat 3: zonajes17 ($5 in chips) 
Seat 4: Motta0197 ($3.73 in chips) 
Seat 7: SuperPoker728 ($2.34 in chips) 
Seat 8: Dorex2007 ($5.53 in chips) 
Dorex2007: posts small blind $0.02
Almanza63: posts big blind $0.05
*** HOLE CARDS ***
Dealt to Dorex2007 [2d Td]
Karri_Kurko: raises $0.10 to $0.15
zonajes17: folds 
Motta0197: folds 
SuperPoker728: folds 
Dorex2007: folds 
Almanza63: calls $0.10
*** FLOP *** [6c 9d 6h]
Almanza63: checks 
Karri_Kurko: bets $0.20
kirtis2013 joins the table at seat #5 
Almanza63: folds 
Uncalled bet ($0.20) returned to Karri_Kurko
Karri_Kurko collected $0.31 from pot
Karri_Kurko: doesn't show hand 
*** SUMMARY ***
Total pot $0.32 | Rake $0.01 
Board [6c 9d 6h]
Seat 1: Almanza63 (big blind) folded on the Flop
Seat 2: Karri_Kurko collected ($0.31)
Seat 3: zonajes17 folded before Flop (didn't bet)
Seat 4: Motta0197 folded before Flop (didn't bet)
Seat 7: SuperPoker728 (button) folded before Flop (didn't bet)
Seat 8: Dorex2007 (small blind) folded before Flop



PokerStars Hand #238803334148:  Hold'em No Limit ($0.02/$0.05 USD) - 2022/09/22 18:05:32 PT [2022/09/22 21:05:32 ET]
Table 'Iphiklos III' 9-max Seat #8 is the button
Seat 1: Almanza63 ($4.92 in chips) 
Seat 2: Karri_Kurko ($4.74 in chips) 
Seat 3: zonajes17 ($5 in chips) 
Seat 4: Motta0197 ($3.73 in chips) 
Seat 7: SuperPoker728 ($2.34 in chips) 
Seat 8: Dorex2007 ($5.51 in chips) 
Almanza63: posts small blind $0.02
Karri_Kurko: posts big blind $0.05
kirtis2013: sits out 
*** HOLE CARDS ***
Dealt to Dorex2007 [Kd 3d]
zonajes17: folds 
Motta0197: raises $0.10 to $0.15
SuperPoker728: calls $0.15
Dorex2007: folds 
Almanza63: raises $0.34 to $0.49
Karri_Kurko: raises $1.76 to $2.25
Motta0197: folds 
SuperPoker728: folds 
Almanza63: folds 
Uncalled bet ($1.76) returned to Karri_Kurko
Karri_Kurko collected $1.28 from pot
Karri_Kurko: doesn't show hand 
*** SUMMARY ***
Total pot $1.28 | Rake $0 
Seat 1: Almanza63 (small blind) folded before Flop
Seat 2: Karri_Kurko (big blind) collected ($1.28)
Seat 3: zonajes17 folded before Flop (didn't bet)
Seat 4: Motta0197 folded before Flop
Seat 7: SuperPoker728 folded before Flop
Seat 8: Dorex2007 (button) folded before Flop (didn't bet)



PokerStars Hand #238803345127:  Hold'em No Limit ($0.02/$0.05 USD) - 2022/09/22 18:06:24 PT [2022/09/22 21:06:24 ET]
Table 'Iphiklos III' 9-max Seat #1 is the button
Seat 1: Almanza63 ($5 in chips) 
Seat 2: Karri_Kurko ($5.53 in chips) 
Seat 3: zonajes17 ($5 in chips) 
Seat 4: Motta0197 ($3.58 in chips) 
Seat 7: SuperPoker728 ($2.19 in chips) 
Seat 8: Dorex2007 ($5.51 in chips) 
Karri_Kurko: posts small blind $0.02
zonajes17: posts big blind $0.05
kirtis2013: sits out 
*** HOLE CARDS ***
Dealt to Dorex2007 [Kc Kh]
Motta0197: folds 
SuperPoker728: folds 
Dorex2007: raises $0.12 to $0.17
Almanza63: calls $0.17
Karri_Kurko: folds 
zonajes17: folds 
*** FLOP *** [5c 7h 9s]
Dorex2007: bets $0.39
Almanza63: folds 
Uncalled bet ($0.39) returned to Dorex2007
Dorex2007 collected $0.39 from pot
Dorex2007: doesn't show hand 
*** SUMMARY ***
Total pot $0.41 | Rake $0.02 
Board [5c 7h 9s]
Seat 1: Almanza63 (button) folded on the Flop
Seat 2: Karri_Kurko (small blind) folded before Flop
Seat 3: zonajes17 (big blind) folded before Flop
Seat 4: Motta0197 folded before Flop (didn't bet)
Seat 7: SuperPoker728 folded before Flop (didn't bet)
Seat 8: Dorex2007 collected ($0.39)



PokerStars Hand #238803352503:  Hold'em No Limit ($0.02/$0.05 USD) - 2022/09/22 18:06:59 PT [2022/09/22 21:06:59 ET]
Table 'Iphiklos III' 9-max Seat #2 is the button
Seat 1: Almanza63 ($4.83 in chips) 
Seat 2: Karri_Kurko ($5.51 in chips) 
Seat 3: zonajes17 ($5 in chips) 
Seat 4: Motta0197 ($3.58 in chips) 
Seat 7: SuperPoker728 ($2.19 in chips) 
Seat 8: Dorex2007 ($5.73 in chips) 
zonajes17: posts small blind $0.02
Motta0197: posts big blind $0.05
kirtis2013: sits out 
*** HOLE CARDS ***
Dealt to Dorex2007 [5c 7c]
SuperPoker728 has timed out
SuperPoker728: folds 
Dorex2007: folds 
Almanza63: folds 
Karri_Kurko: raises $0.10 to $0.15
zonajes17: folds 
Motta0197: folds 
Uncalled bet ($0.10) returned to Karri_Kurko
Karri_Kurko collected $0.12 from pot
Karri_Kurko: doesn't show hand 
*** SUMMARY ***
Total pot $0.12 | Rake $0 
Seat 1: Almanza63 folded before Flop (didn't bet)
Seat 2: Karri_Kurko (button) collected ($0.12)
Seat 3: zonajes17 (small blind) folded before Flop
Seat 4: Motta0197 (big blind) folded before Flop
Seat 7: SuperPoker728 folded before Flop (didn't bet)
Seat 8: Dorex2007 folded before Flop (didn't bet)



PokerStars Hand #238803358101:  Hold'em No Limit ($0.02/$0.05 USD) - 2022/09/22 18:07:27 PT [2022/09/22 21:07:27 ET]
Table 'Iphiklos III' 9-max Seat #3 is the button
Seat 1: Almanza63 ($4.83 in chips) 
Seat 2: Karri_Kurko ($5.58 in chips) 
Seat 3: zonajes17 ($5 in chips) 
Seat 4: Motta0197 ($3.53 in chips) 
Seat 5: kirtis2013 ($4 in chips) 
Seat 8: Dorex2007 ($5.73 in chips) 
Motta0197: posts small blind $0.02
kirtis2013: posts big blind $0.05
*** HOLE CARDS ***
Dealt to Dorex2007 [6s 4d]
Dorex2007: folds 
Almanza63: raises $0.10 to $0.15
Karri_Kurko: raises $0.30 to $0.45
zonajes17: folds 
Motta0197: folds 
kirtis2013: calls $0.40
Almanza63: raises $1.11 to $1.56
Karri_Kurko: raises $4.02 to $5.58 and is all-in
kirtis2013: folds 
Almanza63: calls $3.27 and is all-in
Uncalled bet ($0.75) returned to Karri_Kurko
*** FLOP *** [7c As Qh]
*** TURN *** [7c As Qh] [Ts]
*** RIVER *** [7c As Qh Ts] [Kd]
*** SHOW DOWN ***
Almanza63: shows [Kc Kh] (three of a kind, Kings)
Karri_Kurko: shows [Tc 8d] (a pair of Tens)
Almanza63 collected $9.71 from pot
*** SUMMARY ***
Total pot $10.13 | Rake $0.42 
Board [7c As Qh Ts Kd]
Seat 1: Almanza63 showed [Kc Kh] and won ($9.71) with three of a kind, Kings
Seat 2: Karri_Kurko showed [Tc 8d] and lost with a pair of Tens
Seat 3: zonajes17 (button) folded before Flop (didn't bet)
Seat 4: Motta0197 (small blind) folded before Flop
Seat 5: kirtis2013 (big blind) folded before Flop
Seat 8: Dorex2007 folded before Flop (didn't bet)



PokerStars Hand #238803369858:  Hold'em No Limit ($0.02/$0.05 USD) - 2022/09/22 18:08:23 PT [2022/09/22 21:08:23 ET]
Table 'Iphiklos III' 9-max Seat #4 is the button
Seat 1: Almanza63 ($9.71 in chips) 
Seat 2: Karri_Kurko ($0.75 in chips) 
Seat 3: zonajes17 ($5 in chips) 
Seat 4: Motta0197 ($3.51 in chips) 
Seat 5: kirtis2013 ($3.55 in chips) 
Seat 7: SuperPoker728 ($2.19 in chips) 
Seat 8: Dorex2007 ($5.73 in chips) 
kirtis2013: posts small blind $0.02
SuperPoker728: posts big blind $0.05
*** HOLE CARDS ***
Dealt to Dorex2007 [Ts Kh]
Dorex2007: folds 
Almanza63: raises $0.10 to $0.15
Karri_Kurko: raises $0.60 to $0.75 and is all-in
zonajes17: folds 
Motta0197: folds 
kirtis2013: raises $0.60 to $1.35
SuperPoker728: folds 
Almanza63: folds 
Uncalled bet ($0.60) returned to kirtis2013
*** FLOP *** [Td 5h 3d]
*** TURN *** [Td 5h 3d] [3c]
*** RIVER *** [Td 5h 3d 3c] [Jc]
*** SHOW DOWN ***
kirtis2013: shows [Ks Kd] (two pair, Kings and Threes)
Karri_Kurko: shows [Ac 5s] (two pair, Fives and Threes)
kirtis2013 collected $1.63 from pot
*** SUMMARY ***
Total pot $1.70 | Rake $0.07 
Board [Td 5h 3d 3c Jc]
Seat 1: Almanza63 folded before Flop
Seat 2: Karri_Kurko showed [Ac 5s] and lost with two pair, Fives and Threes
Seat 3: zonajes17 folded before Flop (didn't bet)
Seat 4: Motta0197 (button) folded before Flop (didn't bet)
Seat 5: kirtis2013 (small blind) showed [Ks Kd] and won ($1.63) with two pair, Kings and Threes
Seat 7: SuperPoker728 (big blind) folded before Flop
Seat 8: Dorex2007 folded before Flop (didn't bet)



PokerStars Hand #238803376446:  Hold'em No Limit ($0.02/$0.05 USD) - 2022/09/22 18:08:55 PT [2022/09/22 21:08:55 ET]
Table 'Iphiklos III' 9-max Seat #5 is the button
Seat 1: Almanza63 ($9.56 in chips) 
Seat 3: zonajes17 ($5 in chips) 
Seat 4: Motta0197 ($3.51 in chips) 
Seat 5: kirtis2013 ($4.43 in chips) 
Seat 7: SuperPoker728 ($2.14 in chips) 
Seat 8: Dorex2007 ($5.73 in chips) 
SuperPoker728: posts small blind $0.02
Dorex2007: posts big blind $0.05
*** HOLE CARDS ***
Dealt to Dorex2007 [Ts Js]
Karri_Kurko leaves the table
Almanza63: folds 
zonajes17: folds 
Motta0197: calls $0.05
kirtis2013: calls $0.05
SuperPoker728: folds 
Dorex2007: checks 
*** FLOP *** [Jd Qh Ad]
Dorex2007: checks 
Motta0197: checks 
kirtis2013: checks 
*** TURN *** [Jd Qh Ad] [3s]
Dorex2007: checks 
Motta0197: checks 
kirtis2013: checks 
*** RIVER *** [Jd Qh Ad 3s] [Qd]
Dorex2007: checks 
Motta0197: bets $0.05
Crystaljade123 joins the table at seat #2 
kirtis2013: folds 
Dorex2007: calls $0.05
*** SHOW DOWN ***
Motta0197: shows [2h Kh] (a pair of Queens)
Dorex2007: shows [Ts Js] (two pair, Queens and Jacks)
Dorex2007 collected $0.26 from pot
*** SUMMARY ***
Total pot $0.27 | Rake $0.01 
Board [Jd Qh Ad 3s Qd]
Seat 1: Almanza63 folded before Flop (didn't bet)
Seat 3: zonajes17 folded before Flop (didn't bet)
Seat 4: Motta0197 showed [2h Kh] and lost with a pair of Queens
Seat 5: kirtis2013 (button) folded on the River
Seat 7: SuperPoker728 (small blind) folded before Flop
Seat 8: Dorex2007 (big blind) showed [Ts Js] and won ($0.26) with two pair, Queens and Jacks



PokerStars Hand #238803386814:  Hold'em No Limit ($0.02/$0.05 USD) - 2022/09/22 18:09:45 PT [2022/09/22 21:09:45 ET]
Table 'Iphiklos III' 9-max Seat #7 is the button
Seat 1: Almanza63 ($9.56 in chips) 
Seat 2: Crystaljade123 ($3.50 in chips) 
Seat 3: zonajes17 ($5 in chips) 
Seat 4: Motta0197 ($3.41 in chips) 
Seat 5: kirtis2013 ($4.38 in chips) 
Seat 7: SuperPoker728 ($2.12 in chips) 
Seat 8: Dorex2007 ($5.89 in chips) 
Dorex2007: posts small blind $0.02
Almanza63: posts big blind $0.05
Crystaljade123: posts big blind $0.05
*** HOLE CARDS ***
Dealt to Dorex2007 [7d 5h]
Crystaljade123: checks 
zonajes17: folds 
Motta0197: calls $0.05
kirtis2013: folds 
SuperPoker728: folds 
Dorex2007: folds 
Almanza63: raises $0.10 to $0.15
Crystaljade123: calls $0.10
Motta0197: folds 
*** FLOP *** [2c 3h 8c]
Almanza63: checks 
Crystaljade123: bets $0.35
Almanza63: calls $0.35
*** TURN *** [2c 3h 8c] [Ac]
Almanza63: checks 
Crystaljade123: bets $0.51
Almanza63: raises $0.71 to $1.22
Crystaljade123: calls $0.71
*** RIVER *** [2c 3h 8c Ac] [5d]
Almanza63: bets $1.88
Crystaljade123: folds 
Uncalled bet ($1.88) returned to Almanza63
Almanza63 collected $3.36 from pot
Almanza63: doesn't show hand 
*** SUMMARY ***
Total pot $3.51 | Rake $0.15 
Board [2c 3h 8c Ac 5d]
Seat 1: Almanza63 (big blind) collected ($3.36)
Seat 2: Crystaljade123 folded on the River
Seat 3: zonajes17 folded before Flop (didn't bet)
Seat 4: Motta0197 folded before Flop
Seat 5: kirtis2013 folded before Flop (didn't bet)
Seat 7: SuperPoker728 (button) folded before Flop (didn't bet)
Seat 8: Dorex2007 (small blind) folded before Flop



PokerStars Hand #238803402706:  Hold'em No Limit ($0.02/$0.05 USD) - 2022/09/22 18:11:02 PT [2022/09/22 21:11:02 ET]
Table 'Iphiklos III' 9-max Seat #8 is the button
Seat 1: Almanza63 ($11.20 in chips) 
Seat 2: Crystaljade123 ($1.78 in chips) 
Seat 3: zonajes17 ($5 in chips) 
Seat 4: Motta0197 ($3.36 in chips) 
Seat 5: kirtis2013 ($4.38 in chips) 
Seat 7: SuperPoker728 ($2.12 in chips) 
Seat 8: Dorex2007 ($5.87 in chips) 
Almanza63: posts small blind $0.02
Crystaljade123: posts big blind $0.05
Filipimmp: sits out 
*** HOLE CARDS ***
Dealt to Dorex2007 [Ac Ks]
zonajes17: folds 
Motta0197: raises $0.10 to $0.15
kirtis2013: folds 
SuperPoker728: folds 
Dorex2007: raises $0.37 to $0.52
Almanza63: folds 
Crystaljade123: calls $0.47
Motta0197: folds 
*** FLOP *** [5s As 8c]
Crystaljade123: bets $1.26 and is all-in
Dorex2007: calls $1.26
*** TURN *** [5s As 8c] [6c]
*** RIVER *** [5s As 8c 6c] [9s]
*** SHOW DOWN ***
Crystaljade123: shows [6h 7c] (a straight, Five to Nine)
Dorex2007: shows [Ac Ks] (a pair of Aces)
Crystaljade123 collected $3.58 from pot
Dorex2007 cashed out the hand for $2.39 | Cash Out Fee $0.02
*** SUMMARY ***
Total pot $3.73 | Rake $0.15 
Board [5s As 8c 6c 9s]
Seat 1: Almanza63 (small blind) folded before Flop
Seat 2: Crystaljade123 (big blind) showed [6h 7c] and won ($3.58) with a straight, Five to Nine
Seat 3: zonajes17 folded before Flop (didn't bet)
Seat 4: Motta0197 folded before Flop
Seat 5: kirtis2013 folded before Flop (didn't bet)
Seat 7: SuperPoker728 folded before Flop (didn't bet)
Seat 8: Dorex2007 (button) showed [Ac Ks] and lost with a pair of Aces (cashed out).



PokerStars Hand #238803412803:  Hold'em No Limit ($0.02/$0.05 USD) - 2022/09/22 18:11:51 PT [2022/09/22 21:11:51 ET]
Table 'Iphiklos III' 9-max Seat #1 is the button
Seat 1: Almanza63 ($11.18 in chips) 
Seat 2: Crystaljade123 ($3.58 in chips) 
Seat 3: zonajes17 ($5 in chips) 
Seat 4: Motta0197 ($3.21 in chips) 
Seat 5: kirtis2013 ($4.38 in chips) 
Seat 7: SuperPoker728 ($2.12 in chips) 
Seat 8: Dorex2007 ($6.48 in chips) 
Crystaljade123: posts small blind $0.02
zonajes17: posts big blind $0.05
Filipimmp: sits out 
*** HOLE CARDS ***
Dealt to Dorex2007 [3h Kc]
Motta0197: raises $0.10 to $0.15
kirtis2013: calls $0.15
SuperPoker728: folds 
Dorex2007: folds 
Almanza63: folds 
Crystaljade123: folds 
zonajes17: calls $0.10
*** FLOP *** [Ah 7s Ts]
zonajes17: checks 
Motta0197: bets $0.22
kirtis2013: folds 
zonajes17: calls $0.22
*** TURN *** [Ah 7s Ts] [7d]
zonajes17: checks 
Motta0197: bets $0.43
zonajes17: calls $0.43
*** RIVER *** [Ah 7s Ts 7d] [Jc]
zonajes17: checks 
Motta0197: bets $0.85
zonajes17: folds 
Uncalled bet ($0.85) returned to Motta0197
Motta0197 collected $1.70 from pot
Motta0197: doesn't show hand 
*** SUMMARY ***
Total pot $1.77 | Rake $0.07 
Board [Ah 7s Ts 7d Jc]
Seat 1: Almanza63 (button) folded before Flop (didn't bet)
Seat 2: Crystaljade123 (small blind) folded before Flop
Seat 3: zonajes17 (big blind) folded on the River
Seat 4: Motta0197 collected ($1.70)
Seat 5: kirtis2013 folded on the Flop
Seat 7: SuperPoker728 folded before Flop (didn't bet)
Seat 8: Dorex2007 folded before Flop (didn't bet)



PokerStars Hand #238803431325:  Hold'em No Limit ($0.02/$0.05 USD) - 2022/09/22 18:13:20 PT [2022/09/22 21:13:20 ET]
Table 'Iphiklos III' 9-max Seat #2 is the button
Seat 1: Almanza63 ($11.18 in chips) 
Seat 2: Crystaljade123 ($3.56 in chips) 
Seat 3: zonajes17 ($5 in chips) 
Seat 4: Motta0197 ($4.11 in chips) 
Seat 5: kirtis2013 ($4.23 in chips) 
Seat 7: SuperPoker728 ($2.12 in chips) 
Seat 8: Dorex2007 ($6.48 in chips) 
zonajes17: posts small blind $0.02
Motta0197: posts big blind $0.05
Filipimmp: sits out 
*** HOLE CARDS ***
Dealt to Dorex2007 [Ah Jc]
kirtis2013: calls $0.05
SuperPoker728: folds 
Dorex2007: raises $0.05 to $0.10
Almanza63: folds 
Crystaljade123: calls $0.10
zonajes17: folds 
Motta0197: folds 
kirtis2013: calls $0.05
*** FLOP *** [2s 6d 8s]
kirtis2013: checks 
Dorex2007: checks 
Crystaljade123: bets $0.17
kirtis2013: folds 
Dorex2007: folds 
Uncalled bet ($0.17) returned to Crystaljade123
Crystaljade123 collected $0.35 from pot
*** SUMMARY ***
Total pot $0.37 | Rake $0.02 
Board [2s 6d 8s]
Seat 1: Almanza63 folded before Flop (didn't bet)
Seat 2: Crystaljade123 (button) collected ($0.35)
Seat 3: zonajes17 (small blind) folded before Flop
Seat 4: Motta0197 (big blind) folded before Flop
Seat 5: kirtis2013 folded on the Flop
Seat 7: SuperPoker728 folded before Flop (didn't bet)
Seat 8: Dorex2007 folded on the Flop



PokerStars Hand #238803440125:  Hold'em No Limit ($0.02/$0.05 USD) - 2022/09/22 18:14:03 PT [2022/09/22 21:14:03 ET]
Table 'Iphiklos III' 9-max Seat #3 is the button
Seat 1: Almanza63 ($11.18 in chips) 
Seat 2: Crystaljade123 ($3.81 in chips) 
Seat 3: zonajes17 ($5 in chips) 
Seat 4: Motta0197 ($4.06 in chips) 
Seat 5: kirtis2013 ($4.13 in chips) 
Seat 7: SuperPoker728 ($2.12 in chips) 
Seat 8: Dorex2007 ($6.38 in chips) 
Motta0197: posts small blind $0.02
kirtis2013: posts big blind $0.05
Filipimmp: sits out 
*** HOLE CARDS ***
Dealt to Dorex2007 [2s Ts]
SuperPoker728: folds 
Dorex2007: folds 
Almanza63: folds 
Crystaljade123: calls $0.05
zonajes17: folds 
Motta0197: raises $0.05 to $0.10
kirtis2013: folds 
Crystaljade123: calls $0.05
*** FLOP *** [3d 6c Ac]
Motta0197: bets $0.24
Crystaljade123: folds 
Uncalled bet ($0.24) returned to Motta0197
Motta0197 collected $0.24 from pot
Motta0197: doesn't show hand 
*** SUMMARY ***
Total pot $0.25 | Rake $0.01 
Board [3d 6c Ac]
Seat 1: Almanza63 folded before Flop (didn't bet)
Seat 2: Crystaljade123 folded on the Flop
Seat 3: zonajes17 (button) folded before Flop (didn't bet)
Seat 4: Motta0197 (small blind) collected ($0.24)
Seat 5: kirtis2013 (big blind) folded before Flop
Seat 7: SuperPoker728 folded before Flop (didn't bet)
Seat 8: Dorex2007 folded before Flop (didn't bet)



PokerStars Hand #238803446299:  Hold'em No Limit ($0.02/$0.05 USD) - 2022/09/22 18:14:33 PT [2022/09/22 21:14:33 ET]
Table 'Iphiklos III' 9-max Seat #4 is the button
Seat 1: Almanza63 ($11.18 in chips) 
Seat 2: Crystaljade123 ($3.71 in chips) 
Seat 3: zonajes17 ($5 in chips) 
Seat 4: Motta0197 ($4.20 in chips) 
Seat 5: kirtis2013 ($4.08 in chips) 
Seat 6: Filipimmp ($6.47 in chips) 
Seat 7: SuperPoker728 ($2.12 in chips) 
Seat 8: Dorex2007 ($6.38 in chips) 
kirtis2013: posts small blind $0.02
Filipimmp: posts big blind $0.05
*** HOLE CARDS ***
Dealt to Dorex2007 [8h Th]
SuperPoker728: calls $0.05
Dorex2007: folds 
Almanza63: folds 
Crystaljade123: raises $0.17 to $0.22
zonajes17: folds 
Motta0197: folds 
kirtis2013: folds 
Filipimmp: folds 
SuperPoker728: calls $0.17
*** FLOP *** [Kd 5h 7d]
SuperPoker728: checks 
Crystaljade123: bets $0.24
SuperPoker728: calls $0.24
*** TURN *** [Kd 5h 7d] [As]
SuperPoker728: checks 
Crystaljade123: checks 
*** RIVER *** [Kd 5h 7d As] [9s]
SuperPoker728: bets $0.47
Crystaljade123: folds 
Uncalled bet ($0.47) returned to SuperPoker728
SuperPoker728 collected $0.95 from pot
SuperPoker728: doesn't show hand 
*** SUMMARY ***
Total pot $0.99 | Rake $0.04 
Board [Kd 5h 7d As 9s]
Seat 1: Almanza63 folded before Flop (didn't bet)
Seat 2: Crystaljade123 folded on the River
Seat 3: zonajes17 folded before Flop (didn't bet)
Seat 4: Motta0197 (button) folded before Flop (didn't bet)
Seat 5: kirtis2013 (small blind) folded before Flop
Seat 6: Filipimmp (big blind) folded before Flop
Seat 7: SuperPoker728 collected ($0.95)
Seat 8: Dorex2007 folded before Flop (didn't bet)



PokerStars Hand #238803456775:  Hold'em No Limit ($0.02/$0.05 USD) - 2022/09/22 18:15:25 PT [2022/09/22 21:15:25 ET]
Table 'Iphiklos III' 9-max Seat #5 is the button
Seat 1: Almanza63 ($11.18 in chips) 
Seat 2: Crystaljade123 ($3.25 in chips) 
Seat 3: zonajes17 ($5 in chips) 
Seat 4: Motta0197 ($4.20 in chips) 
Seat 5: kirtis2013 ($4.06 in chips) 
Seat 6: Filipimmp ($6.42 in chips) 
Seat 7: SuperPoker728 ($2.61 in chips) 
Seat 8: Dorex2007 ($6.38 in chips) 
Filipimmp: posts small blind $0.02
SuperPoker728: posts big blind $0.05
*** HOLE CARDS ***
Dealt to Dorex2007 [As 9c]
Dorex2007: folds 
Almanza63: folds 
Crystaljade123: calls $0.05
zonajes17: folds 
Motta0197: folds 
kirtis2013: folds 
Filipimmp: calls $0.03
SuperPoker728: checks 
*** FLOP *** [5s 3d 6c]
Filipimmp: checks 
SuperPoker728: checks 
Crystaljade123: bets $0.14
Filipimmp: folds 
SuperPoker728: calls $0.14
*** TURN *** [5s 3d 6c] [Ac]
SuperPoker728: checks 
Crystaljade123: bets $0.20
SuperPoker728: calls $0.20
*** RIVER *** [5s 3d 6c Ac] [7h]
SuperPoker728: bets $0.40
Crystaljade123: calls $0.40
*** SHOW DOWN ***
SuperPoker728: shows [7d 6h] (two pair, Sevens and Sixes)
Crystaljade123: mucks hand 
SuperPoker728 collected $1.56 from pot
*** SUMMARY ***
Total pot $1.63 | Rake $0.07 
Board [5s 3d 6c Ac 7h]
Seat 1: Almanza63 folded before Flop (didn't bet)
Seat 2: Crystaljade123 mucked [5d 6s]
Seat 3: zonajes17 folded before Flop (didn't bet)
Seat 4: Motta0197 folded before Flop (didn't bet)
Seat 5: kirtis2013 (button) folded before Flop (didn't bet)
Seat 6: Filipimmp (small blind) folded on the Flop
Seat 7: SuperPoker728 (big blind) showed [7d 6h] and won ($1.56) with two pair, Sevens and Sixes
Seat 8: Dorex2007 folded before Flop (didn't bet)



PokerStars Hand #238803467092:  Hold'em No Limit ($0.02/$0.05 USD) - 2022/09/22 18:16:16 PT [2022/09/22 21:16:16 ET]
Table 'Iphiklos III' 9-max Seat #6 is the button
Seat 1: Almanza63 ($11.18 in chips) 
Seat 2: Crystaljade123 ($2.46 in chips) 
Seat 3: zonajes17 ($5 in chips) 
Seat 4: Motta0197 ($4.20 in chips) 
Seat 5: kirtis2013 ($4.06 in chips) 
Seat 6: Filipimmp ($6.37 in chips) 
Seat 7: SuperPoker728 ($3.38 in chips) 
Seat 8: Dorex2007 ($6.38 in chips) 
Seat 9: 6tee ($4.81 in chips) 
SuperPoker728: posts small blind $0.02
Dorex2007: posts big blind $0.05
6tee: posts small & big blinds $0.07
*** HOLE CARDS ***
Dealt to Dorex2007 [4s 3c]
6tee: checks 
Almanza63: folds 
Crystaljade123: calls $0.05
zonajes17: folds 
Motta0197: raises $0.24 to $0.29
kirtis2013: folds 
Filipimmp: folds 
SuperPoker728: folds 
Dorex2007: folds 
6tee: folds 
Crystaljade123: raises $0.24 to $0.53
Motta0197: raises $3.67 to $4.20 and is all-in
Crystaljade123: calls $1.93 and is all-in
Uncalled bet ($1.74) returned to Motta0197
*** FLOP *** [7h 5d 9s]
*** TURN *** [7h 5d 9s] [3s]
*** RIVER *** [7h 5d 9s 3s] [2c]
*** SHOW DOWN ***
Crystaljade123: shows [Ah As] (a pair of Aces)
Motta0197: shows [Kd Kc] (a pair of Kings)
Crystaljade123 collected $4.85 from pot
*** SUMMARY ***
Total pot $5.06 | Rake $0.21 
Board [7h 5d 9s 3s 2c]
Seat 1: Almanza63 folded before Flop (didn't bet)
Seat 2: Crystaljade123 showed [Ah As] and won ($4.85) with a pair of Aces
Seat 3: zonajes17 folded before Flop (didn't bet)
Seat 4: Motta0197 showed [Kd Kc] and lost with a pair of Kings
Seat 5: kirtis2013 folded before Flop (didn't bet)
Seat 6: Filipimmp (button) folded before Flop (didn't bet)
Seat 7: SuperPoker728 (small blind) folded before Flop
Seat 8: Dorex2007 (big blind) folded before Flop
Seat 9: 6tee folded before Flop (didn't bet)



PokerStars Hand #238803474949:  Hold'em No Limit ($0.02/$0.05 USD) - 2022/09/22 18:16:54 PT [2022/09/22 21:16:54 ET]
Table 'Iphiklos III' 9-max Seat #7 is the button
Seat 1: Almanza63 ($11.18 in chips) 
Seat 2: Crystaljade123 ($4.85 in chips) 
Seat 3: zonajes17 ($5 in chips) 
Seat 4: Motta0197 ($1.74 in chips) 
Seat 5: kirtis2013 ($4.06 in chips) 
Seat 6: Filipimmp ($6.37 in chips) 
Seat 7: SuperPoker728 ($3.36 in chips) 
Seat 8: Dorex2007 ($6.33 in chips) 
Seat 9: 6tee ($4.74 in chips) 
Dorex2007: posts small blind $0.02
6tee: posts big blind $0.05
*** HOLE CARDS ***
Dealt to Dorex2007 [Qd 8h]
Almanza63 has timed out
Almanza63: folds 
Crystaljade123: calls $0.05
zonajes17: folds 
Motta0197: folds 
kirtis2013: calls $0.05
Filipimmp: folds 
SuperPoker728: raises $0.22 to $0.27
Dorex2007: folds 
6tee: folds 
Crystaljade123: raises $0.66 to $0.93
kirtis2013: folds 
SuperPoker728: calls $0.66
*** FLOP *** [2h 4h 9h]
Crystaljade123: bets $3.92 and is all-in
SuperPoker728: calls $2.43 and is all-in
Uncalled bet ($1.49) returned to Crystaljade123
*** TURN *** [2h 4h 9h] [8c]
*** RIVER *** [2h 4h 9h 8c] [3h]
*** SHOW DOWN ***
Crystaljade123: shows [Jc Jh] (a flush, Jack high)
SuperPoker728: shows [Js Ah] (a flush, Ace high)
SuperPoker728 collected $6.56 from pot
*** SUMMARY ***
Total pot $6.84 | Rake $0.28 
Board [2h 4h 9h 8c 3h]
Seat 1: Almanza63 folded before Flop (didn't bet)
Seat 2: Crystaljade123 showed [Jc Jh] and lost with a flush, Jack high
Seat 3: zonajes17 folded before Flop (didn't bet)
Seat 4: Motta0197 folded before Flop (didn't bet)
Seat 5: kirtis2013 folded before Flop
Seat 6: Filipimmp folded before Flop (didn't bet)
Seat 7: SuperPoker728 (button) showed [Js Ah] and won ($6.56) with a flush, Ace high
Seat 8: Dorex2007 (small blind) folded before Flop
Seat 9: 6tee (big blind) folded before Flop



PokerStars Hand #238803488874:  Hold'em No Limit ($0.02/$0.05 USD) - 2022/09/22 18:18:03 PT [2022/09/22 21:18:03 ET]
Table 'Iphiklos III' 9-max Seat #8 is the button
Seat 1: Almanza63 ($11.18 in chips) 
Seat 2: Crystaljade123 ($1.49 in chips) 
Seat 3: zonajes17 ($5 in chips) 
Seat 4: Motta0197 ($1.74 in chips) 
Seat 5: kirtis2013 ($4.01 in chips) 
Seat 6: Filipimmp ($6.37 in chips) 
Seat 7: SuperPoker728 ($6.56 in chips) 
Seat 8: Dorex2007 ($6.31 in chips) 
Seat 9: 6tee ($4.69 in chips) 
6tee: posts small blind $0.02
Almanza63: posts big blind $0.05
*** HOLE CARDS ***
Dealt to Dorex2007 [9d 2h]
Crystaljade123: raises $1.44 to $1.49 and is all-in
zonajes17: raises $3.51 to $5 and is all-in
Motta0197: folds 
kirtis2013: folds 
Filipimmp: folds 
SuperPoker728: folds 
Dorex2007: folds 
6tee: folds 
Almanza63: folds 
Uncalled bet ($3.51) returned to zonajes17
*** FLOP *** [2s 3c 6d]
*** TURN *** [2s 3c 6d] [6c]
*** RIVER *** [2s 3c 6d 6c] [5h]
*** SHOW DOWN ***
Crystaljade123: shows [Qc Kc] (a pair of Sixes)
zonajes17: shows [Qh Qs] (two pair, Queens and Sixes)
zonajes17 collected $2.92 from pot
*** SUMMARY ***
Total pot $3.05 | Rake $0.13 
Board [2s 3c 6d 6c 5h]
Seat 1: Almanza63 (big blind) folded before Flop
Seat 2: Crystaljade123 showed [Qc Kc] and lost with a pair of Sixes
Seat 3: zonajes17 showed [Qh Qs] and won ($2.92) with two pair, Queens and Sixes
Seat 4: Motta0197 folded before Flop (didn't bet)
Seat 5: kirtis2013 folded before Flop (didn't bet)
Seat 6: Filipimmp folded before Flop (didn't bet)
Seat 7: SuperPoker728 folded before Flop (didn't bet)
Seat 8: Dorex2007 (button) folded before Flop (didn't bet)
Seat 9: 6tee (small blind) folded before Flop



PokerStars Hand #238803500319:  Hold'em No Limit ($0.02/$0.05 USD) - 2022/09/22 18:18:59 PT [2022/09/22 21:18:59 ET]
Table 'Iphiklos III' 9-max Seat #9 is the button
Seat 1: Almanza63 ($11.13 in chips) 
Seat 3: zonajes17 ($6.43 in chips) 
Seat 4: Motta0197 ($1.74 in chips) 
Seat 5: kirtis2013 ($4.01 in chips) 
Seat 6: Filipimmp ($6.37 in chips) 
Seat 7: SuperPoker728 ($6.56 in chips) 
Seat 8: Dorex2007 ($6.31 in chips) 
Seat 9: 6tee ($4.67 in chips) 
Almanza63: posts small blind $0.02
zonajes17: posts big blind $0.05
*** HOLE CARDS ***
Dealt to Dorex2007 [9c 5h]
Motta0197: calls $0.05
kirtis2013: calls $0.05
Filipimmp: folds 
SuperPoker728: folds 
Dorex2007: folds 
6tee: calls $0.05
Almanza63: folds 
zonajes17: checks 
*** FLOP *** [2d 6d 9s]
zonajes17: checks 
Motta0197: bets $0.21
kirtis2013: folds 
6tee: folds 
zonajes17: folds 
Uncalled bet ($0.21) returned to Motta0197
Motta0197 collected $0.21 from pot
Motta0197: doesn't show hand 
*** SUMMARY ***
Total pot $0.22 | Rake $0.01 
Board [2d 6d 9s]
Seat 1: Almanza63 (small blind) folded before Flop
Seat 3: zonajes17 (big blind) folded on the Flop
Seat 4: Motta0197 collected ($0.21)
Seat 5: kirtis2013 folded on the Flop
Seat 6: Filipimmp folded before Flop (didn't bet)
Seat 7: SuperPoker728 folded before Flop (didn't bet)
Seat 8: Dorex2007 folded before Flop (didn't bet)
Seat 9: 6tee (button) folded on the Flop



PokerStars Hand #238803509089:  Hold'em No Limit ($0.02/$0.05 USD) - 2022/09/22 18:19:42 PT [2022/09/22 21:19:42 ET]
Table 'Iphiklos III' 9-max Seat #1 is the button
Seat 1: Almanza63 ($11.11 in chips) 
Seat 3: zonajes17 ($6.38 in chips) 
Seat 4: Motta0197 ($1.90 in chips) 
Seat 5: kirtis2013 ($3.96 in chips) 
Seat 6: Filipimmp ($6.37 in chips) 
Seat 7: SuperPoker728 ($6.56 in chips) 
Seat 8: Dorex2007 ($6.31 in chips) 
Seat 9: 6tee ($4.62 in chips) 
zonajes17: posts small blind $0.02
Motta0197: posts big blind $0.05
*** HOLE CARDS ***
Dealt to Dorex2007 [2c As]
kirtis2013: folds 
Filipimmp: folds 
SuperPoker728: folds 
Dorex2007: folds 
6tee: folds 
Almanza63: raises $0.10 to $0.15
zonajes17: folds 
Motta0197: calls $0.10
*** FLOP *** [Js Qh Ac]
Motta0197: checks 
Almanza63: bets $0.15
Motta0197: calls $0.15
*** TURN *** [Js Qh Ac] [7d]
Motta0197: checks 
Almanza63: bets $0.36
Motta0197: calls $0.36
*** RIVER *** [Js Qh Ac 7d] [7h]
Motta0197: checks 
Almanza63: checks 
*** SHOW DOWN ***
Motta0197: shows [7c Tc] (three of a kind, Sevens)
Almanza63: mucks hand 
Motta0197 collected $1.28 from pot
*** SUMMARY ***
Total pot $1.34 | Rake $0.06 
Board [Js Qh Ac 7d 7h]
Seat 1: Almanza63 (button) mucked [Ah 9h]
Seat 3: zonajes17 (small blind) folded before Flop
Seat 4: Motta0197 (big blind) showed [7c Tc] and won ($1.28) with three of a kind, Sevens
Seat 5: kirtis2013 folded before Flop (didn't bet)
Seat 6: Filipimmp folded before Flop (didn't bet)
Seat 7: SuperPoker728 folded before Flop (didn't bet)
Seat 8: Dorex2007 folded before Flop (didn't bet)
Seat 9: 6tee folded before Flop (didn't bet)



PokerStars Hand #238803523851:  Hold'em No Limit ($0.02/$0.05 USD) - 2022/09/22 18:20:55 PT [2022/09/22 21:20:55 ET]
Table 'Iphiklos III' 9-max Seat #3 is the button
Seat 1: Almanza63 ($10.45 in chips) 
Seat 2: Crystaljade123 ($3.97 in chips) 
Seat 3: zonajes17 ($6.36 in chips) 
Seat 4: Motta0197 ($2.52 in chips) 
Seat 5: kirtis2013 ($3.96 in chips) 
Seat 6: Filipimmp ($6.37 in chips) 
Seat 7: SuperPoker728 ($6.56 in chips) 
Seat 8: Dorex2007 ($6.31 in chips) 
Seat 9: 6tee ($4.62 in chips) 
Motta0197: posts small blind $0.02
kirtis2013: posts big blind $0.05
Crystaljade123: posts small & big blinds $0.07
*** HOLE CARDS ***
Dealt to Dorex2007 [7d Qc]
Filipimmp: folds 
SuperPoker728: folds 
Dorex2007: folds 
6tee: folds 
Almanza63: folds 
Crystaljade123: checks 
zonajes17: folds 
Motta0197: folds 
kirtis2013: checks 
*** FLOP *** [Qd 4c 4d]
kirtis2013: bets $0.05
Crystaljade123: calls $0.05
*** TURN *** [Qd 4c 4d] [8h]
kirtis2013: bets $0.10
Crystaljade123: folds 
Uncalled bet ($0.10) returned to kirtis2013
kirtis2013 collected $0.23 from pot
*** SUMMARY ***
Total pot $0.24 | Rake $0.01 
Board [Qd 4c 4d 8h]
Seat 1: Almanza63 folded before Flop (didn't bet)
Seat 2: Crystaljade123 folded on the Turn
Seat 3: zonajes17 (button) folded before Flop (didn't bet)
Seat 4: Motta0197 (small blind) folded before Flop
Seat 5: kirtis2013 (big blind) collected ($0.23)
Seat 6: Filipimmp folded before Flop (didn't bet)
Seat 7: SuperPoker728 folded before Flop (didn't bet)
Seat 8: Dorex2007 folded before Flop (didn't bet)
Seat 9: 6tee folded before Flop (didn't bet)



PokerStars Hand #238803532760:  Hold'em No Limit ($0.02/$0.05 USD) - 2022/09/22 18:21:39 PT [2022/09/22 21:21:39 ET]
Table 'Iphiklos III' 9-max Seat #4 is the button
Seat 1: Almanza63 ($10.45 in chips) 
Seat 2: Crystaljade123 ($3.85 in chips) 
Seat 3: zonajes17 ($6.36 in chips) 
Seat 4: Motta0197 ($2.50 in chips) 
Seat 5: kirtis2013 ($4.09 in chips) 
Seat 6: Filipimmp ($6.37 in chips) 
Seat 7: SuperPoker728 ($6.56 in chips) 
Seat 8: Dorex2007 ($6.31 in chips) 
Seat 9: 6tee ($4.62 in chips) 
kirtis2013: posts small blind $0.02
Filipimmp: posts big blind $0.05
*** HOLE CARDS ***
Dealt to Dorex2007 [6d Qc]
SuperPoker728: folds 
Dorex2007: folds 
6tee: folds 
Almanza63: folds 
Crystaljade123: calls $0.05
zonajes17: raises $0.20 to $0.25
Motta0197: folds 
kirtis2013: folds 
Filipimmp: folds 
Crystaljade123: calls $0.20
*** FLOP *** [3d 9c Td]
Crystaljade123: bets $0.55
zonajes17: folds 
Uncalled bet ($0.55) returned to Crystaljade123
Crystaljade123 collected $0.55 from pot
*** SUMMARY ***
Total pot $0.57 | Rake $0.02 
Board [3d 9c Td]
Seat 1: Almanza63 folded before Flop (didn't bet)
Seat 2: Crystaljade123 collected ($0.55)
Seat 3: zonajes17 folded on the Flop
Seat 4: Motta0197 (button) folded before Flop (didn't bet)
Seat 5: kirtis2013 (small blind) folded before Flop
Seat 6: Filipimmp (big blind) folded before Flop
Seat 7: SuperPoker728 folded before Flop (didn't bet)
Seat 8: Dorex2007 folded before Flop (didn't bet)
Seat 9: 6tee folded before Flop (didn't bet)



PokerStars Hand #238803540020:  Hold'em No Limit ($0.02/$0.05 USD) - 2022/09/22 18:22:15 PT [2022/09/22 21:22:15 ET]
Table 'Iphiklos III' 9-max Seat #5 is the button
Seat 1: Almanza63 ($10.45 in chips) 
Seat 2: Crystaljade123 ($4.15 in chips) 
Seat 3: zonajes17 ($6.11 in chips) 
Seat 4: Motta0197 ($2.50 in chips) 
Seat 5: kirtis2013 ($4.07 in chips) 
Seat 6: Filipimmp ($6.32 in chips) 
Seat 7: SuperPoker728 ($6.56 in chips) 
Seat 8: Dorex2007 ($6.31 in chips) 
Seat 9: 6tee ($4.62 in chips) 
Filipimmp: posts small blind $0.02
SuperPoker728: posts big blind $0.05
*** HOLE CARDS ***
Dealt to Dorex2007 [7d Qc]
Dorex2007: folds 
6tee: folds 
Almanza63: folds 
Crystaljade123: calls $0.05
zonajes17: folds 
Motta0197: folds 
kirtis2013: calls $0.05
Filipimmp: raises $0.15 to $0.20
SuperPoker728: folds 
Crystaljade123: calls $0.15
kirtis2013: calls $0.15
*** FLOP *** [Js 9h Ah]
Filipimmp: bets $0.30
Crystaljade123: raises $0.30 to $0.60
kirtis2013: calls $0.60
Filipimmp: calls $0.30
*** TURN *** [Js 9h Ah] [4s]
Filipimmp: bets $0.50
Crystaljade123: raises $2.85 to $3.35 and is all-in
kirtis2013: folds 
Filipimmp: folds 
Uncalled bet ($2.85) returned to Crystaljade123
Crystaljade123 collected $3.31 from pot
Crystaljade123: shows [9s Jd] (two pair, Jacks and Nines)
*** SUMMARY ***
Total pot $3.45 | Rake $0.14 
Board [Js 9h Ah 4s]
Seat 1: Almanza63 folded before Flop (didn't bet)
Seat 2: Crystaljade123 collected ($3.31)
Seat 3: zonajes17 folded before Flop (didn't bet)
Seat 4: Motta0197 folded before Flop (didn't bet)
Seat 5: kirtis2013 (button) folded on the Turn
Seat 6: Filipimmp (small blind) folded on the Turn
Seat 7: SuperPoker728 (big blind) folded before Flop
Seat 8: Dorex2007 folded before Flop (didn't bet)
Seat 9: 6tee folded before Flop (didn't bet)



PokerStars Hand #238803557073:  Hold'em No Limit ($0.02/$0.05 USD) - 2022/09/22 18:23:40 PT [2022/09/22 21:23:40 ET]
Table 'Iphiklos III' 9-max Seat #6 is the button
Seat 1: Almanza63 ($10.45 in chips) 
Seat 2: Crystaljade123 ($6.16 in chips) 
Seat 3: zonajes17 ($6.11 in chips) 
Seat 4: Motta0197 ($2.50 in chips) 
Seat 5: kirtis2013 ($3.27 in chips) 
Seat 6: Filipimmp ($5.02 in chips) 
Seat 7: SuperPoker728 ($6.51 in chips) 
Seat 8: Dorex2007 ($6.31 in chips) 
Seat 9: 6tee ($4.62 in chips) 
SuperPoker728: posts small blind $0.02
Dorex2007: posts big blind $0.05
*** HOLE CARDS ***
Dealt to Dorex2007 [5h 2s]
6tee: folds 
Almanza63: folds 
Crystaljade123: folds 
zonajes17: raises $0.10 to $0.15
Motta0197: folds 
kirtis2013: calls $0.15
Filipimmp: folds 
SuperPoker728: folds 
Dorex2007: folds 
*** FLOP *** [9d 5c Ts]
zonajes17: bets $0.12
kirtis2013: calls $0.12
*** TURN *** [9d 5c Ts] [8s]
zonajes17: bets $0.30
kirtis2013: calls $0.30
*** RIVER *** [9d 5c Ts 8s] [Jh]
zonajes17: checks 
kirtis2013: checks 
*** SHOW DOWN ***
zonajes17: shows [Ah Jc] (a pair of Jacks)
kirtis2013: shows [8c Jd] (two pair, Jacks and Eights)
kirtis2013 collected $1.16 from pot
*** SUMMARY ***
Total pot $1.21 | Rake $0.05 
Board [9d 5c Ts 8s Jh]
Seat 1: Almanza63 folded before Flop (didn't bet)
Seat 2: Crystaljade123 folded before Flop (didn't bet)
Seat 3: zonajes17 showed [Ah Jc] and lost with a pair of Jacks
Seat 4: Motta0197 folded before Flop (didn't bet)
Seat 5: kirtis2013 showed [8c Jd] and won ($1.16) with two pair, Jacks and Eights
Seat 6: Filipimmp (button) folded before Flop (didn't bet)
Seat 7: SuperPoker728 (small blind) folded before Flop
Seat 8: Dorex2007 (big blind) folded before Flop
Seat 9: 6tee folded before Flop (didn't bet)



PokerStars Hand #238803572981:  Hold'em No Limit ($0.02/$0.05 USD) - 2022/09/22 18:24:59 PT [2022/09/22 21:24:59 ET]
Table 'Iphiklos III' 9-max Seat #7 is the button
Seat 1: Almanza63 ($10.45 in chips) 
Seat 2: Crystaljade123 ($6.16 in chips) 
Seat 3: zonajes17 ($5.54 in chips) 
Seat 4: Motta0197 ($2.50 in chips) 
Seat 5: kirtis2013 ($3.86 in chips) 
Seat 6: Filipimmp ($5.02 in chips) 
Seat 7: SuperPoker728 ($6.49 in chips) 
Seat 8: Dorex2007 ($6.26 in chips) 
Seat 9: 6tee ($4.62 in chips) 
Dorex2007: posts small blind $0.02
6tee: posts big blind $0.05
*** HOLE CARDS ***
Dealt to Dorex2007 [9h Ah]
Almanza63: folds 
Crystaljade123: calls $0.05
zonajes17: folds 
Motta0197: raises $0.10 to $0.15
kirtis2013: calls $0.15
Filipimmp: folds 
SuperPoker728: folds 
Dorex2007: folds 
6tee: folds 
Crystaljade123: calls $0.10
*** FLOP *** [Qh Jd Ac]
Crystaljade123: checks 
Motta0197: bets $0.25
kirtis2013: folds 
Crystaljade123: folds 
Uncalled bet ($0.25) returned to Motta0197
Motta0197 collected $0.50 from pot
Motta0197: doesn't show hand 
*** SUMMARY ***
Total pot $0.52 | Rake $0.02 
Board [Qh Jd Ac]
Seat 1: Almanza63 folded before Flop (didn't bet)
Seat 2: Crystaljade123 folded on the Flop
Seat 3: zonajes17 folded before Flop (didn't bet)
Seat 4: Motta0197 collected ($0.50)
Seat 5: kirtis2013 folded on the Flop
Seat 6: Filipimmp folded before Flop (didn't bet)
Seat 7: SuperPoker728 (button) folded before Flop (didn't bet)
Seat 8: Dorex2007 (small blind) folded before Flop
Seat 9: 6tee (big blind) folded before Flop



PokerStars Hand #238803578685:  Hold'em No Limit ($0.02/$0.05 USD) - 2022/09/22 18:25:27 PT [2022/09/22 21:25:27 ET]
Table 'Iphiklos III' 9-max Seat #8 is the button
Seat 1: Almanza63 ($10.45 in chips) 
Seat 2: Crystaljade123 ($6.01 in chips) 
Seat 3: zonajes17 ($5.54 in chips) 
Seat 4: Motta0197 ($2.85 in chips) 
Seat 5: kirtis2013 ($3.71 in chips) 
Seat 6: Filipimmp ($5.02 in chips) 
Seat 7: SuperPoker728 ($6.49 in chips) 
Seat 8: Dorex2007 ($6.24 in chips) 
Seat 9: 6tee ($4.57 in chips) 
6tee: posts small blind $0.02
Almanza63: posts big blind $0.05
*** HOLE CARDS ***
Dealt to Dorex2007 [Ad Jh]
Crystaljade123: calls $0.05
zonajes17: folds 
Motta0197: raises $0.10 to $0.15
kirtis2013: calls $0.15
Filipimmp: folds 
SuperPoker728: folds 
Dorex2007: calls $0.15
6tee: folds 
Almanza63: calls $0.10
Crystaljade123: calls $0.10
*** FLOP *** [6s 5c Jc]
Almanza63: checks 
Crystaljade123: checks 
Motta0197: checks 
kirtis2013: checks 
Dorex2007: bets $6.09 and is all-in
Almanza63: folds 
Crystaljade123: folds 
Motta0197: folds 
kirtis2013: folds 
Uncalled bet ($6.09) returned to Dorex2007
Dorex2007 collected $0.74 from pot
Dorex2007: doesn't show hand 
*** SUMMARY ***
Total pot $0.77 | Rake $0.03 
Board [6s 5c Jc]
Seat 1: Almanza63 (big blind) folded on the Flop
Seat 2: Crystaljade123 folded on the Flop
Seat 3: zonajes17 folded before Flop (didn't bet)
Seat 4: Motta0197 folded on the Flop
Seat 5: kirtis2013 folded on the Flop
Seat 6: Filipimmp folded before Flop (didn't bet)
Seat 7: SuperPoker728 folded before Flop (didn't bet)
Seat 8: Dorex2007 (button) collected ($0.74)
Seat 9: 6tee (small blind) folded before Flop



PokerStars Hand #238803588026:  Hold'em No Limit ($0.02/$0.05 USD) - 2022/09/22 18:26:14 PT [2022/09/22 21:26:14 ET]
Table 'Iphiklos III' 9-max Seat #9 is the button
Seat 1: Almanza63 ($10.30 in chips) 
Seat 2: Crystaljade123 ($5.86 in chips) 
Seat 3: zonajes17 ($5.54 in chips) 
Seat 4: Motta0197 ($2.70 in chips) 
Seat 5: kirtis2013 ($3.56 in chips) 
Seat 6: Filipimmp ($5.02 in chips) 
Seat 7: SuperPoker728 ($6.49 in chips) 
Seat 8: Dorex2007 ($6.83 in chips) 
Seat 9: 6tee ($4.55 in chips) 
Almanza63: posts small blind $0.02
Crystaljade123: posts big blind $0.05
*** HOLE CARDS ***
Dealt to Dorex2007 [Qh Kh]
zonajes17: folds 
Motta0197: folds 
kirtis2013: folds 
Filipimmp: folds 
SuperPoker728: folds 
Dorex2007: raises $0.10 to $0.15
6tee: calls $0.15
Almanza63: folds 
Crystaljade123: calls $0.10
*** FLOP *** [8d Th 4s]
Crystaljade123: bets $0.22
Dorex2007: folds 
6tee: calls $0.22
*** TURN *** [8d Th 4s] [Tc]
Crystaljade123: bets $0.87
6tee: folds 
Uncalled bet ($0.87) returned to Crystaljade123
Crystaljade123 collected $0.87 from pot
*** SUMMARY ***
Total pot $0.91 | Rake $0.04 
Board [8d Th 4s Tc]
Seat 1: Almanza63 (small blind) folded before Flop
Seat 2: Crystaljade123 (big blind) collected ($0.87)
Seat 3: zonajes17 folded before Flop (didn't bet)
Seat 4: Motta0197 folded before Flop (didn't bet)
Seat 5: kirtis2013 folded before Flop (didn't bet)
Seat 6: Filipimmp folded before Flop (didn't bet)
Seat 7: SuperPoker728 folded before Flop (didn't bet)
Seat 8: Dorex2007 folded on the Flop
Seat 9: 6tee (button) folded on the Turn



PokerStars Hand #238803594077:  Hold'em No Limit ($0.02/$0.05 USD) - 2022/09/22 18:26:44 PT [2022/09/22 21:26:44 ET]
Table 'Iphiklos III' 9-max Seat #1 is the button
Seat 1: Almanza63 ($10.28 in chips) 
Seat 2: Crystaljade123 ($6.36 in chips) 
Seat 3: zonajes17 ($5.54 in chips) 
Seat 4: Motta0197 ($2.70 in chips) 
Seat 5: kirtis2013 ($3.56 in chips) 
Seat 6: Filipimmp ($5.02 in chips) 
Seat 7: SuperPoker728 ($6.49 in chips) 
Seat 8: Dorex2007 ($6.68 in chips) 
Seat 9: 6tee ($4.18 in chips) 
Crystaljade123: posts small blind $0.02
zonajes17: posts big blind $0.05
*** HOLE CARDS ***
Dealt to Dorex2007 [Ts 2s]
Motta0197: folds 
kirtis2013: folds 
Filipimmp: raises $0.15 to $0.20
SuperPoker728: folds 
Dorex2007: folds 
6tee: folds 
Almanza63: folds 
Crystaljade123: calls $0.18
zonajes17: folds 
*** FLOP *** [Jc 2d Qs]
Crystaljade123: checks 
Filipimmp: bets $0.15
Crystaljade123: folds 
Uncalled bet ($0.15) returned to Filipimmp
Filipimmp collected $0.43 from pot
Filipimmp: doesn't show hand 
*** SUMMARY ***
Total pot $0.45 | Rake $0.02 
Board [Jc 2d Qs]
Seat 1: Almanza63 (button) folded before Flop (didn't bet)
Seat 2: Crystaljade123 (small blind) folded on the Flop
Seat 3: zonajes17 (big blind) folded before Flop
Seat 4: Motta0197 folded before Flop (didn't bet)
Seat 5: kirtis2013 folded before Flop (didn't bet)
Seat 6: Filipimmp collected ($0.43)
Seat 7: SuperPoker728 folded before Flop (didn't bet)
Seat 8: Dorex2007 folded before Flop (didn't bet)
Seat 9: 6tee folded before Flop (didn't bet)



PokerStars Hand #238803600327:  Hold'em No Limit ($0.02/$0.05 USD) - 2022/09/22 18:27:15 PT [2022/09/22 21:27:15 ET]
Table 'Iphiklos III' 9-max Seat #2 is the button
Seat 1: Almanza63 ($10.28 in chips) 
Seat 2: Crystaljade123 ($6.16 in chips) 
Seat 3: zonajes17 ($5.49 in chips) 
Seat 4: Motta0197 ($2.70 in chips) 
Seat 5: kirtis2013 ($3.56 in chips) 
Seat 6: Filipimmp ($5.25 in chips) 
Seat 7: SuperPoker728 ($6.49 in chips) 
Seat 8: Dorex2007 ($6.68 in chips) 
Seat 9: 6tee ($4.18 in chips) 
zonajes17: posts small blind $0.02
Motta0197: posts big blind $0.05
*** HOLE CARDS ***
Dealt to Dorex2007 [Qh 7c]
kirtis2013: folds 
Filipimmp: folds 
SuperPoker728: calls $0.05
Dorex2007: folds 
6tee: folds 
Almanza63: raises $0.10 to $0.15
Crystaljade123: folds 
zonajes17: folds 
Motta0197: calls $0.10
SuperPoker728: calls $0.10
*** FLOP *** [Kh 2s Tc]
Motta0197: checks 
SuperPoker728: checks 
Almanza63: bets $0.26
Motta0197: folds 
SuperPoker728: calls $0.26
*** TURN *** [Kh 2s Tc] [3h]
SuperPoker728: checks 
Almanza63: bets $0.77
SuperPoker728: calls $0.77
*** RIVER *** [Kh 2s Tc 3h] [As]
SuperPoker728: checks 
Almanza63: checks 
*** SHOW DOWN ***
SuperPoker728: shows [Kd Jd] (a pair of Kings)
Almanza63: mucks hand 
SuperPoker728 collected $2.43 from pot
*** SUMMARY ***
Total pot $2.53 | Rake $0.10 
Board [Kh 2s Tc 3h As]
Seat 1: Almanza63 mucked [8d 8s]
Seat 2: Crystaljade123 (button) folded before Flop (didn't bet)
Seat 3: zonajes17 (small blind) folded before Flop
Seat 4: Motta0197 (big blind) folded on the Flop
Seat 5: kirtis2013 folded before Flop (didn't bet)
Seat 6: Filipimmp folded before Flop (didn't bet)
Seat 7: SuperPoker728 showed [Kd Jd] and won ($2.43) with a pair of Kings
Seat 8: Dorex2007 folded before Flop (didn't bet)
Seat 9: 6tee folded before Flop (didn't bet)



PokerStars Hand #238803615802:  Hold'em No Limit ($0.02/$0.05 USD) - 2022/09/22 18:28:34 PT [2022/09/22 21:28:34 ET]
Table 'Iphiklos III' 9-max Seat #3 is the button
Seat 1: Almanza63 ($9.10 in chips) 
Seat 2: Crystaljade123 ($6.16 in chips) 
Seat 3: zonajes17 ($5.47 in chips) 
Seat 4: Motta0197 ($2.55 in chips) 
Seat 5: kirtis2013 ($3.56 in chips) 
Seat 6: Filipimmp ($5.25 in chips) 
Seat 7: SuperPoker728 ($7.74 in chips) 
Seat 8: Dorex2007 ($6.68 in chips) 
Seat 9: 6tee ($4.18 in chips) 
Motta0197: posts small blind $0.02
kirtis2013: posts big blind $0.05
*** HOLE CARDS ***
Dealt to Dorex2007 [6s Ts]
Filipimmp: raises $0.15 to $0.20
SuperPoker728: folds 
Dorex2007: folds 
6tee: folds 
Almanza63: folds 
Crystaljade123: calls $0.20
zonajes17: folds 
Motta0197: folds 
kirtis2013: folds 
*** FLOP *** [7s 2h 9h]
Filipimmp: bets $0.20
Crystaljade123: calls $0.20
*** TURN *** [7s 2h 9h] [6c]
Filipimmp: bets $0.30
Crystaljade123: calls $0.30
*** RIVER *** [7s 2h 9h 6c] [Kd]
Filipimmp: checks 
Crystaljade123: bets $0.70
Filipimmp: folds 
Uncalled bet ($0.70) returned to Crystaljade123
Crystaljade123 collected $1.41 from pot
*** SUMMARY ***
Total pot $1.47 | Rake $0.06 
Board [7s 2h 9h 6c Kd]
Seat 1: Almanza63 folded before Flop (didn't bet)
Seat 2: Crystaljade123 collected ($1.41)
Seat 3: zonajes17 (button) folded before Flop (didn't bet)
Seat 4: Motta0197 (small blind) folded before Flop
Seat 5: kirtis2013 (big blind) folded before Flop
Seat 6: Filipimmp folded on the River
Seat 7: SuperPoker728 folded before Flop (didn't bet)
Seat 8: Dorex2007 folded before Flop (didn't bet)
Seat 9: 6tee folded before Flop (didn't bet)



PokerStars Hand #238803626235:  Hold'em No Limit ($0.02/$0.05 USD) - 2022/09/22 18:29:26 PT [2022/09/22 21:29:26 ET]
Table 'Iphiklos III' 9-max Seat #4 is the button
Seat 1: Almanza63 ($9.10 in chips) 
Seat 2: Crystaljade123 ($6.87 in chips) 
Seat 3: zonajes17 ($5.47 in chips) 
Seat 4: Motta0197 ($2.53 in chips) 
Seat 5: kirtis2013 ($3.51 in chips) 
Seat 6: Filipimmp ($4.55 in chips) 
Seat 7: SuperPoker728 ($7.74 in chips) 
Seat 8: Dorex2007 ($6.68 in chips) 
Seat 9: 6tee ($4.18 in chips) 
kirtis2013: posts small blind $0.02
Filipimmp: posts big blind $0.05
*** HOLE CARDS ***
Dealt to Dorex2007 [6h 8d]
SuperPoker728: folds 
Dorex2007: folds 
6tee: folds 
Almanza63: folds 
Crystaljade123: calls $0.05
zonajes17: raises $0.20 to $0.25
Motta0197: folds 
kirtis2013: folds 
Filipimmp: folds 
Crystaljade123: calls $0.20
*** FLOP *** [Ts Tc 3d]
Crystaljade123: checks 
zonajes17: bets $0.18
Crystaljade123: folds 
Uncalled bet ($0.18) returned to zonajes17
zonajes17 collected $0.55 from pot
*** SUMMARY ***
Total pot $0.57 | Rake $0.02 
Board [Ts Tc 3d]
Seat 1: Almanza63 folded before Flop (didn't bet)
Seat 2: Crystaljade123 folded on the Flop
Seat 3: zonajes17 collected ($0.55)
Seat 4: Motta0197 (button) folded before Flop (didn't bet)
Seat 5: kirtis2013 (small blind) folded before Flop
Seat 6: Filipimmp (big blind) folded before Flop
Seat 7: SuperPoker728 folded before Flop (didn't bet)
Seat 8: Dorex2007 folded before Flop (didn't bet)
Seat 9: 6tee folded before Flop (didn't bet)



PokerStars Hand #238803632695:  Hold'em No Limit ($0.02/$0.05 USD) - 2022/09/22 18:29:59 PT [2022/09/22 21:29:59 ET]
Table 'Iphiklos III' 9-max Seat #5 is the button
Seat 1: Almanza63 ($9.10 in chips) 
Seat 2: Crystaljade123 ($6.62 in chips) 
Seat 3: zonajes17 ($5.77 in chips) 
Seat 4: Motta0197 ($2.53 in chips) 
Seat 5: kirtis2013 ($3.49 in chips) 
Seat 6: Filipimmp ($4.50 in chips) 
Seat 7: SuperPoker728 ($7.74 in chips) 
Seat 8: Dorex2007 ($6.68 in chips) 
Seat 9: 6tee ($4.18 in chips) 
Filipimmp: posts small blind $0.02
SuperPoker728: posts big blind $0.05
*** HOLE CARDS ***
Dealt to Dorex2007 [Tc 7h]
Dorex2007: folds 
6tee: folds 
Almanza63: folds 
Crystaljade123: raises $0.12 to $0.17
zonajes17: folds 
Motta0197: folds 
kirtis2013: folds 
Filipimmp: folds 
SuperPoker728: folds 
Uncalled bet ($0.12) returned to Crystaljade123
Crystaljade123 collected $0.12 from pot
Crystaljade123: shows [2d 2s] (a pair of Deuces)
*** SUMMARY ***
Total pot $0.12 | Rake $0 
Seat 1: Almanza63 folded before Flop (didn't bet)
Seat 2: Crystaljade123 collected ($0.12)
Seat 3: zonajes17 folded before Flop (didn't bet)
Seat 4: Motta0197 folded before Flop (didn't bet)
Seat 5: kirtis2013 (button) folded before Flop (didn't bet)
Seat 6: Filipimmp (small blind) folded before Flop
Seat 7: SuperPoker728 (big blind) folded before Flop
Seat 8: Dorex2007 folded before Flop (didn't bet)
Seat 9: 6tee folded before Flop (didn't bet)



PokerStars Hand #238803637564:  Hold'em No Limit ($0.02/$0.05 USD) - 2022/09/22 18:30:23 PT [2022/09/22 21:30:23 ET]
Table 'Iphiklos III' 9-max Seat #6 is the button
Seat 1: Almanza63 ($9.10 in chips) 
Seat 2: Crystaljade123 ($6.69 in chips) 
Seat 3: zonajes17 ($5.77 in chips) 
Seat 4: Motta0197 ($2.53 in chips) 
Seat 5: kirtis2013 ($3.49 in chips) 
Seat 6: Filipimmp ($5 in chips) 
Seat 7: SuperPoker728 ($7.69 in chips) 
Seat 8: Dorex2007 ($6.68 in chips) 
Seat 9: 6tee ($4.18 in chips) 
SuperPoker728: posts small blind $0.02
Dorex2007: posts big blind $0.05
*** HOLE CARDS ***
Dealt to Dorex2007 [6c 7h]
6tee: folds 
Almanza63: folds 
Crystaljade123: raises $0.10 to $0.15
zonajes17: folds 
Motta0197: folds 
kirtis2013: folds 
Filipimmp: folds 
SuperPoker728: folds 
Dorex2007: folds 
Uncalled bet ($0.10) returned to Crystaljade123
Crystaljade123 collected $0.12 from pot
*** SUMMARY ***
Total pot $0.12 | Rake $0 
Seat 1: Almanza63 folded before Flop (didn't bet)
Seat 2: Crystaljade123 collected ($0.12)
Seat 3: zonajes17 folded before Flop (didn't bet)
Seat 4: Motta0197 folded before Flop (didn't bet)
Seat 5: kirtis2013 folded before Flop (didn't bet)
Seat 6: Filipimmp (button) folded before Flop (didn't bet)
Seat 7: SuperPoker728 (small blind) folded before Flop
Seat 8: Dorex2007 (big blind) folded before Flop
Seat 9: 6tee folded before Flop (didn't bet)



PokerStars Hand #238803642592:  Hold'em No Limit ($0.02/$0.05 USD) - 2022/09/22 18:30:49 PT [2022/09/22 21:30:49 ET]
Table 'Iphiklos III' 9-max Seat #7 is the button
Seat 1: Almanza63 ($9.10 in chips) 
Seat 2: Crystaljade123 ($6.76 in chips) 
Seat 3: zonajes17 ($5.77 in chips) 
Seat 4: Motta0197 ($2.53 in chips) 
Seat 5: kirtis2013 ($3.49 in chips) 
Seat 6: Filipimmp ($5 in chips) 
Seat 7: SuperPoker728 ($7.67 in chips) 
Seat 8: Dorex2007 ($6.63 in chips) 
Seat 9: 6tee ($4.18 in chips) 
Dorex2007: posts small blind $0.02
6tee: posts big blind $0.05
*** HOLE CARDS ***
Dealt to Dorex2007 [As 2c]
Almanza63: folds 
Crystaljade123: calls $0.05
zonajes17: folds 
Motta0197: calls $0.05
kirtis2013: folds 
Filipimmp: folds 
SuperPoker728: folds 
Dorex2007: folds 
6tee: checks 
*** FLOP *** [Qc Js 5d]
6tee: checks 
Crystaljade123: bets $0.16
Motta0197: calls $0.16
6tee: folds 
*** TURN *** [Qc Js 5d] [Td]
Crystaljade123: bets $0.10
Motta0197: calls $0.10
*** RIVER *** [Qc Js 5d Td] [2s]
Crystaljade123: bets $0.10
Motta0197: raises $0.43 to $0.53
Crystaljade123: calls $0.43
*** SHOW DOWN ***
Motta0197: shows [5h Ad] (a pair of Fives)
Crystaljade123: shows [Qh 3h] (a pair of Queens)
Crystaljade123 collected $1.68 from pot
*** SUMMARY ***
Total pot $1.75 | Rake $0.07 
Board [Qc Js 5d Td 2s]
Seat 1: Almanza63 folded before Flop (didn't bet)
Seat 2: Crystaljade123 showed [Qh 3h] and won ($1.68) with a pair of Queens
Seat 3: zonajes17 folded before Flop (didn't bet)
Seat 4: Motta0197 showed [5h Ad] and lost with a pair of Fives
Seat 5: kirtis2013 folded before Flop (didn't bet)
Seat 6: Filipimmp folded before Flop (didn't bet)
Seat 7: SuperPoker728 (button) folded before Flop (didn't bet)
Seat 8: Dorex2007 (small blind) folded before Flop
Seat 9: 6tee (big blind) folded on the Flop



PokerStars Hand #238803654546:  Hold'em No Limit ($0.02/$0.05 USD) - 2022/09/22 18:31:49 PT [2022/09/22 21:31:49 ET]
Table 'Iphiklos III' 9-max Seat #8 is the button
Seat 1: Almanza63 ($9.10 in chips) 
Seat 2: Crystaljade123 ($7.60 in chips) 
Seat 3: zonajes17 ($5.77 in chips) 
Seat 4: Motta0197 ($1.69 in chips) 
Seat 5: kirtis2013 ($3.49 in chips) 
Seat 6: Filipimmp ($5 in chips) 
Seat 7: SuperPoker728 ($7.67 in chips) 
Seat 8: Dorex2007 ($6.61 in chips) 
Seat 9: 6tee ($4.13 in chips) 
6tee: posts small blind $0.02
Almanza63: posts big blind $0.05
*** HOLE CARDS ***
Dealt to Dorex2007 [2c Ac]
Crystaljade123: folds 
zonajes17: raises $0.10 to $0.15
Motta0197: raises $0.37 to $0.52
kirtis2013: folds 
Filipimmp: folds 
SuperPoker728: folds 
Dorex2007: folds 
6tee: folds 
Almanza63: folds 
zonajes17: raises $5.25 to $5.77 and is all-in
Motta0197: calls $1.17 and is all-in
Uncalled bet ($4.08) returned to zonajes17
*** FLOP *** [Th Kc Td]
*** TURN *** [Th Kc Td] [Ks]
*** RIVER *** [Th Kc Td Ks] [7c]
*** SHOW DOWN ***
zonajes17: shows [Ad Kh] (a full house, Kings full of Tens)
Motta0197: shows [7d 6d] (two pair, Kings and Tens)
zonajes17 collected $3.31 from pot
*** SUMMARY ***
Total pot $3.45 | Rake $0.14 
Board [Th Kc Td Ks 7c]
Seat 1: Almanza63 (big blind) folded before Flop
Seat 2: Crystaljade123 folded before Flop (didn't bet)
Seat 3: zonajes17 showed [Ad Kh] and won ($3.31) with a full house, Kings full of Tens
Seat 4: Motta0197 showed [7d 6d] and lost with two pair, Kings and Tens
Seat 5: kirtis2013 folded before Flop (didn't bet)
Seat 6: Filipimmp folded before Flop (didn't bet)
Seat 7: SuperPoker728 folded before Flop (didn't bet)
Seat 8: Dorex2007 (button) folded before Flop (didn't bet)
Seat 9: 6tee (small blind) folded before Flop



PokerStars Hand #238803663055:  Hold'em No Limit ($0.02/$0.05 USD) - 2022/09/22 18:32:33 PT [2022/09/22 21:32:33 ET]
Table 'Iphiklos III' 9-max Seat #9 is the button
Seat 1: Almanza63 ($9.05 in chips) 
Seat 2: Crystaljade123 ($7.60 in chips) 
Seat 3: zonajes17 ($7.39 in chips) 
Seat 5: kirtis2013 ($3.49 in chips) 
Seat 6: Filipimmp ($5 in chips) 
Seat 7: SuperPoker728 ($7.67 in chips) 
Seat 8: Dorex2007 ($6.61 in chips) 
Seat 9: 6tee ($4.11 in chips) 
Motta0197 leaves the table
Almanza63: posts small blind $0.02
Crystaljade123: posts big blind $0.05
*** HOLE CARDS ***
Dealt to Dorex2007 [7d 4s]
zonajes17: folds 
kirtis2013: folds 
Filipimmp: folds 
renansuguino1 joins the table at seat #4 
SuperPoker728: calls $0.05
Dorex2007: folds 
6tee: folds 
Almanza63: folds 
Crystaljade123: checks 
*** FLOP *** [Qc 9c 7h]
Crystaljade123: bets $0.12
SuperPoker728: calls $0.12
*** TURN *** [Qc 9c 7h] [Th]
Crystaljade123: bets $0.35
SuperPoker728: folds 
Uncalled bet ($0.35) returned to Crystaljade123
Crystaljade123 collected $0.35 from pot
Crystaljade123: shows [7s Td] (two pair, Tens and Sevens)
*** SUMMARY ***
Total pot $0.36 | Rake $0.01 
Board [Qc 9c 7h Th]
Seat 1: Almanza63 (small blind) folded before Flop
Seat 2: Crystaljade123 (big blind) collected ($0.35)
Seat 3: zonajes17 folded before Flop (didn't bet)
Seat 5: kirtis2013 folded before Flop (didn't bet)
Seat 6: Filipimmp folded before Flop (didn't bet)
Seat 7: SuperPoker728 folded on the Turn
Seat 8: Dorex2007 folded before Flop (didn't bet)
Seat 9: 6tee (button) folded before Flop (didn't bet)



PokerStars Hand #238803668281:  Hold'em No Limit ($0.02/$0.05 USD) - 2022/09/22 18:33:00 PT [2022/09/22 21:33:00 ET]
Table 'Iphiklos III' 9-max Seat #1 is the button
Seat 1: Almanza63 ($9.03 in chips) 
Seat 2: Crystaljade123 ($7.78 in chips) 
Seat 3: zonajes17 ($7.39 in chips) 
Seat 5: kirtis2013 ($3.49 in chips) 
Seat 6: Filipimmp ($5 in chips) 
Seat 7: SuperPoker728 ($7.50 in chips) 
Seat 8: Dorex2007 ($6.61 in chips) 
Seat 9: 6tee ($4.11 in chips) 
Crystaljade123: posts small blind $0.02
zonajes17: posts big blind $0.05
renansuguino1: sits out 
*** HOLE CARDS ***
Dealt to Dorex2007 [3h 5d]
kirtis2013: calls $0.05
Filipimmp: raises $0.15 to $0.20
SuperPoker728: folds 
Dorex2007: folds 
6tee: folds 
Almanza63: folds 
Crystaljade123: folds 
zonajes17: folds 
kirtis2013: calls $0.15
*** FLOP *** [6c 7d 8c]
kirtis2013: checks 
Filipimmp: checks 
*** TURN *** [6c 7d 8c] [2s]
kirtis2013: checks 
Filipimmp: checks 
*** RIVER *** [6c 7d 8c 2s] [9d]
kirtis2013: checks 
Filipimmp: bets $0.22
kirtis2013: folds 
Uncalled bet ($0.22) returned to Filipimmp
Filipimmp collected $0.45 from pot
Filipimmp: doesn't show hand 
*** SUMMARY ***
Total pot $0.47 | Rake $0.02 
Board [6c 7d 8c 2s 9d]
Seat 1: Almanza63 (button) folded before Flop (didn't bet)
Seat 2: Crystaljade123 (small blind) folded before Flop
Seat 3: zonajes17 (big blind) folded before Flop
Seat 5: kirtis2013 folded on the River
Seat 6: Filipimmp collected ($0.45)
Seat 7: SuperPoker728 folded before Flop (didn't bet)
Seat 8: Dorex2007 folded before Flop (didn't bet)
Seat 9: 6tee folded before Flop (didn't bet)



PokerStars Hand #238803683095:  Hold'em No Limit ($0.02/$0.05 USD) - 2022/09/22 18:34:16 PT [2022/09/22 21:34:16 ET]
Table 'Iphiklos III' 9-max Seat #2 is the button
Seat 1: Almanza63 ($9.03 in chips) 
Seat 2: Crystaljade123 ($7.76 in chips) 
Seat 3: zonajes17 ($7.34 in chips) 
Seat 4: renansuguino1 ($5 in chips) 
Seat 5: kirtis2013 ($3.29 in chips) 
Seat 6: Filipimmp ($5.25 in chips) 
Seat 7: SuperPoker728 ($7.50 in chips) 
Seat 8: Dorex2007 ($6.61 in chips) 
Seat 9: 6tee ($4.11 in chips) 
zonajes17: posts small blind $0.02
renansuguino1: posts big blind $0.05
*** HOLE CARDS ***
Dealt to Dorex2007 [3h Ac]
kirtis2013: calls $0.05
Filipimmp: folds 
SuperPoker728: calls $0.05
Dorex2007: folds 
6tee: folds 
Almanza63: folds 
Crystaljade123: calls $0.05
zonajes17: folds 
renansuguino1: checks 
*** FLOP *** [2h Qh 4h]
renansuguino1: checks 
kirtis2013: checks 
SuperPoker728: checks 
Crystaljade123: bets $0.21
renansuguino1: folds 
kirtis2013: calls $0.21
SuperPoker728: folds 
*** TURN *** [2h Qh 4h] [6s]
kirtis2013: checks 
Crystaljade123: bets $0.61
kirtis2013: raises $0.61 to $1.22
Crystaljade123: folds 
Uncalled bet ($0.61) returned to kirtis2013
kirtis2013 collected $1.78 from pot
*** SUMMARY ***
Total pot $1.86 | Rake $0.08 
Board [2h Qh 4h 6s]
Seat 1: Almanza63 folded before Flop (didn't bet)
Seat 2: Crystaljade123 (button) folded on the Turn
Seat 3: zonajes17 (small blind) folded before Flop
Seat 4: renansuguino1 (big blind) folded on the Flop
Seat 5: kirtis2013 collected ($1.78)
Seat 6: Filipimmp folded before Flop (didn't bet)
Seat 7: SuperPoker728 folded on the Flop
Seat 8: Dorex2007 folded before Flop (didn't bet)
Seat 9: 6tee folded before Flop (didn't bet)



PokerStars Hand #238803693754:  Hold'em No Limit ($0.02/$0.05 USD) - 2022/09/22 18:35:09 PT [2022/09/22 21:35:09 ET]
Table 'Iphiklos III' 9-max Seat #3 is the button
Seat 1: Almanza63 ($9.03 in chips) 
Seat 2: Crystaljade123 ($6.89 in chips) 
Seat 3: zonajes17 ($7.32 in chips) 
Seat 4: renansuguino1 ($5 in chips) 
Seat 5: kirtis2013 ($4.20 in chips) 
Seat 6: Filipimmp ($5.25 in chips) 
Seat 7: SuperPoker728 ($7.45 in chips) 
Seat 8: Dorex2007 ($6.61 in chips) 
Seat 9: 6tee ($4.11 in chips) 
renansuguino1: posts small blind $0.02
kirtis2013: posts big blind $0.05
*** HOLE CARDS ***
Dealt to Dorex2007 [2c 2d]
Filipimmp: folds 
SuperPoker728: folds 
Dorex2007: raises $0.05 to $0.10
6tee: folds 
Almanza63: folds 
Crystaljade123: calls $0.10
zonajes17: folds 
renansuguino1: calls $0.08
kirtis2013: calls $0.05
*** FLOP *** [8d Qs Ks]
renansuguino1: checks 
kirtis2013: checks 
Dorex2007: checks 
Crystaljade123: bets $0.19
renansuguino1: calls $0.19
kirtis2013: folds 
Dorex2007: folds 
*** TURN *** [8d Qs Ks] [5h]
renansuguino1: checks 
Crystaljade123: bets $0.15
renansuguino1: calls $0.15
*** RIVER *** [8d Qs Ks 5h] [4h]
renansuguino1: checks 
Crystaljade123: bets $1.04
renansuguino1: calls $1.04
*** SHOW DOWN ***
Crystaljade123: shows [4c Kc] (two pair, Kings and Fours)
renansuguino1: mucks hand 
Crystaljade123 collected $3.03 from pot
*** SUMMARY ***
Total pot $3.16 | Rake $0.13 
Board [8d Qs Ks 5h 4h]
Seat 1: Almanza63 folded before Flop (didn't bet)
Seat 2: Crystaljade123 showed [4c Kc] and won ($3.03) with two pair, Kings and Fours
Seat 3: zonajes17 (button) folded before Flop (didn't bet)
Seat 4: renansuguino1 (small blind) mucked [Kh 2h]
Seat 5: kirtis2013 (big blind) folded on the Flop
Seat 6: Filipimmp folded before Flop (didn't bet)
Seat 7: SuperPoker728 folded before Flop (didn't bet)
Seat 8: Dorex2007 folded on the Flop
Seat 9: 6tee folded before Flop (didn't bet)



PokerStars Hand #238803707131:  Hold'em No Limit ($0.02/$0.05 USD) - 2022/09/22 18:36:16 PT [2022/09/22 21:36:16 ET]
Table 'Iphiklos III' 9-max Seat #4 is the button
Seat 1: Almanza63 ($9.03 in chips) 
Seat 2: Crystaljade123 ($8.44 in chips) 
Seat 3: zonajes17 ($7.32 in chips) 
Seat 4: renansuguino1 ($5 in chips) 
Seat 5: kirtis2013 ($4.10 in chips) 
Seat 6: Filipimmp ($5.25 in chips) 
Seat 7: SuperPoker728 ($7.45 in chips) 
Seat 8: Dorex2007 ($6.51 in chips) 
Seat 9: 6tee ($4.11 in chips) 
kirtis2013: posts small blind $0.02
Filipimmp: posts big blind $0.05
*** HOLE CARDS ***
Dealt to Dorex2007 [3d 6h]
SuperPoker728: raises $0.10 to $0.15
Dorex2007: folds 
6tee: folds 
Almanza63: folds 
Crystaljade123: folds 
zonajes17: folds 
renansuguino1: calls $0.15
kirtis2013: folds 
Filipimmp: folds 
*** FLOP *** [3s 9d 3h]
SuperPoker728: checks 
renansuguino1: checks 
*** TURN *** [3s 9d 3h] [5h]
SuperPoker728: checks 
renansuguino1: bets $0.20
SuperPoker728: calls $0.20
*** RIVER *** [3s 9d 3h 5h] [Ah]
SuperPoker728: checks 
renansuguino1: checks 
*** SHOW DOWN ***
SuperPoker728: shows [Qc Kc] (a pair of Threes)
renansuguino1: shows [4s 5s] (two pair, Fives and Threes)
renansuguino1 collected $0.74 from pot
*** SUMMARY ***
Total pot $0.77 | Rake $0.03 
Board [3s 9d 3h 5h Ah]
Seat 1: Almanza63 folded before Flop (didn't bet)
Seat 2: Crystaljade123 folded before Flop (didn't bet)
Seat 3: zonajes17 folded before Flop (didn't bet)
Seat 4: renansuguino1 (button) showed [4s 5s] and won ($0.74) with two pair, Fives and Threes
Seat 5: kirtis2013 (small blind) folded before Flop
Seat 6: Filipimmp (big blind) folded before Flop
Seat 7: SuperPoker728 showed [Qc Kc] and lost with a pair of Threes
Seat 8: Dorex2007 folded before Flop (didn't bet)
Seat 9: 6tee folded before Flop (didn't bet)



PokerStars Hand #238803716494:  Hold'em No Limit ($0.02/$0.05 USD) - 2022/09/22 18:37:02 PT [2022/09/22 21:37:02 ET]
Table 'Iphiklos III' 9-max Seat #5 is the button
Seat 1: Almanza63 ($9.03 in chips) 
Seat 2: Crystaljade123 ($8.44 in chips) 
Seat 3: zonajes17 ($7.32 in chips) 
Seat 4: renansuguino1 ($5.39 in chips) 
Seat 5: kirtis2013 ($4.08 in chips) 
Seat 6: Filipimmp ($5.20 in chips) 
Seat 7: SuperPoker728 ($7.10 in chips) 
Seat 8: Dorex2007 ($6.51 in chips) 
Seat 9: 6tee ($4.11 in chips) 
Filipimmp: posts small blind $0.02
SuperPoker728: posts big blind $0.05
*** HOLE CARDS ***
Dealt to Dorex2007 [2d Jd]
Dorex2007: folds 
6tee: folds 
Almanza63: raises $0.10 to $0.15
Crystaljade123: calls $0.15
zonajes17: folds 
renansuguino1: folds 
kirtis2013: calls $0.15
Filipimmp: folds 
SuperPoker728: calls $0.10
*** FLOP *** [Qh 3h As]
SuperPoker728: checks 
Almanza63: checks 
Crystaljade123: bets $0.59
kirtis2013: folds 
SuperPoker728: folds 
Almanza63: calls $0.59
*** TURN *** [Qh 3h As] [Ac]
Almanza63: checks 
Crystaljade123: bets $1.73
Almanza63: calls $1.73
*** RIVER *** [Qh 3h As Ac] [4s]
Almanza63: checks 
Crystaljade123: checks 
*** SHOW DOWN ***
Almanza63: shows [Kh Ad] (three of a kind, Aces)
Crystaljade123: mucks hand 
Almanza63 collected $5.04 from pot
*** SUMMARY ***
Total pot $5.26 | Rake $0.22 
Board [Qh 3h As Ac 4s]
Seat 1: Almanza63 showed [Kh Ad] and won ($5.04) with three of a kind, Aces
Seat 2: Crystaljade123 mucked [9c 8c]
Seat 3: zonajes17 folded before Flop (didn't bet)
Seat 4: renansuguino1 folded before Flop (didn't bet)
Seat 5: kirtis2013 (button) folded on the Flop
Seat 6: Filipimmp (small blind) folded before Flop
Seat 7: SuperPoker728 (big blind) folded on the Flop
Seat 8: Dorex2007 folded before Flop (didn't bet)
Seat 9: 6tee folded before Flop (didn't bet)



PokerStars Hand #238803730849:  Hold'em No Limit ($0.02/$0.05 USD) - 2022/09/22 18:38:14 PT [2022/09/22 21:38:14 ET]
Table 'Iphiklos III' 9-max Seat #6 is the button
Seat 1: Almanza63 ($11.60 in chips) 
Seat 2: Crystaljade123 ($5.97 in chips) 
Seat 3: zonajes17 ($7.32 in chips) 
Seat 4: renansuguino1 ($5.39 in chips) 
Seat 5: kirtis2013 ($3.93 in chips) 
Seat 6: Filipimmp ($5.18 in chips) 
Seat 7: SuperPoker728 ($6.95 in chips) 
Seat 8: Dorex2007 ($6.51 in chips) 
Seat 9: 6tee ($4.11 in chips) 
SuperPoker728: posts small blind $0.02
Dorex2007: posts big blind $0.05
*** HOLE CARDS ***
Dealt to Dorex2007 [2h 2s]
6tee: folds 
Almanza63: folds 
Crystaljade123: calls $0.05
zonajes17: folds 
renansuguino1: folds 
kirtis2013: calls $0.05
Filipimmp: raises $0.20 to $0.25
SuperPoker728: folds 
Dorex2007: folds 
Crystaljade123: calls $0.20
kirtis2013: calls $0.20
*** FLOP *** [5c Ts Kd]
Crystaljade123: checks 
kirtis2013: checks 
Filipimmp: checks 
*** TURN *** [5c Ts Kd] [3c]
Crystaljade123: bets $0.79
kirtis2013: folds 
Filipimmp: calls $0.79
*** RIVER *** [5c Ts Kd 3c] [4d]
Crystaljade123: checks 
Filipimmp: bets $0.81
Crystaljade123: folds 
Uncalled bet ($0.81) returned to Filipimmp
Filipimmp collected $2.30 from pot
Filipimmp: doesn't show hand 
*** SUMMARY ***
Total pot $2.40 | Rake $0.10 
Board [5c Ts Kd 3c 4d]
Seat 1: Almanza63 folded before Flop (didn't bet)
Seat 2: Crystaljade123 folded on the River
Seat 3: zonajes17 folded before Flop (didn't bet)
Seat 4: renansuguino1 folded before Flop (didn't bet)
Seat 5: kirtis2013 folded on the Turn
Seat 6: Filipimmp (button) collected ($2.30)
Seat 7: SuperPoker728 (small blind) folded before Flop
Seat 8: Dorex2007 (big blind) folded before Flop
Seat 9: 6tee folded before Flop (didn't bet)



PokerStars Hand #238803744268:  Hold'em No Limit ($0.02/$0.05 USD) - 2022/09/22 18:39:20 PT [2022/09/22 21:39:20 ET]
Table 'Iphiklos III' 9-max Seat #7 is the button
Seat 1: Almanza63 ($11.60 in chips) 
Seat 2: Crystaljade123 ($4.93 in chips) 
Seat 3: zonajes17 ($7.32 in chips) 
Seat 4: renansuguino1 ($5.39 in chips) 
Seat 5: kirtis2013 ($3.68 in chips) 
Seat 6: Filipimmp ($6.44 in chips) 
Seat 7: SuperPoker728 ($6.93 in chips) 
Seat 8: Dorex2007 ($6.46 in chips) 
Seat 9: 6tee ($4.11 in chips) 
Dorex2007: posts small blind $0.02
6tee: posts big blind $0.05
*** HOLE CARDS ***
Dealt to Dorex2007 [Ks 8h]
Almanza63: folds 
Crystaljade123: raises $0.12 to $0.17
zonajes17: folds 
renansuguino1: folds 
kirtis2013: calls $0.17
Filipimmp: calls $0.17
SuperPoker728: folds 
Dorex2007: folds 
6tee: folds 
*** FLOP *** [3s Qh Kh]
Crystaljade123: bets $0.56
kirtis2013: folds 
Filipimmp: folds 
Uncalled bet ($0.56) returned to Crystaljade123
Crystaljade123 collected $0.56 from pot
*** SUMMARY ***
Total pot $0.58 | Rake $0.02 
Board [3s Qh Kh]
Seat 1: Almanza63 folded before Flop (didn't bet)
Seat 2: Crystaljade123 collected ($0.56)
Seat 3: zonajes17 folded before Flop (didn't bet)
Seat 4: renansuguino1 folded before Flop (didn't bet)
Seat 5: kirtis2013 folded on the Flop
Seat 6: Filipimmp folded on the Flop
Seat 7: SuperPoker728 (button) folded before Flop (didn't bet)
Seat 8: Dorex2007 (small blind) folded before Flop
Seat 9: 6tee (big blind) folded before Flop



PokerStars Hand #238803753539:  Hold'em No Limit ($0.02/$0.05 USD) - 2022/09/22 18:40:07 PT [2022/09/22 21:40:07 ET]
Table 'Iphiklos III' 9-max Seat #8 is the button
Seat 1: Almanza63 ($11.60 in chips) 
Seat 2: Crystaljade123 ($5.32 in chips) 
Seat 3: zonajes17 ($7.32 in chips) 
Seat 4: renansuguino1 ($5.39 in chips) 
Seat 5: kirtis2013 ($3.51 in chips) 
Seat 6: Filipimmp ($6.27 in chips) 
Seat 7: SuperPoker728 ($6.93 in chips) 
Seat 8: Dorex2007 ($6.44 in chips) 
Seat 9: 6tee ($4.06 in chips) 
6tee: posts small blind $0.02
Almanza63: posts big blind $0.05
*** HOLE CARDS ***
Dealt to Dorex2007 [6d 4d]
Crystaljade123: calls $0.05
zonajes17: folds 
renansuguino1: folds 
kirtis2013: calls $0.05
Filipimmp: folds 
SuperPoker728: folds 
Dorex2007: folds 
6tee: folds 
Almanza63: checks 
*** FLOP *** [5c 6c Jh]
Almanza63: checks 
Crystaljade123: bets $0.10
kirtis2013: calls $0.10
Almanza63: folds 
*** TURN *** [5c 6c Jh] [Td]
Crystaljade123: checks 
kirtis2013: checks 
*** RIVER *** [5c 6c Jh Td] [Ks]
Crystaljade123: bets $0.35
kirtis2013: folds 
Uncalled bet ($0.35) returned to Crystaljade123
Crystaljade123 collected $0.35 from pot
*** SUMMARY ***
Total pot $0.37 | Rake $0.02 
Board [5c 6c Jh Td Ks]
Seat 1: Almanza63 (big blind) folded on the Flop
Seat 2: Crystaljade123 collected ($0.35)
Seat 3: zonajes17 folded before Flop (didn't bet)
Seat 4: renansuguino1 folded before Flop (didn't bet)
Seat 5: kirtis2013 folded on the River
Seat 6: Filipimmp folded before Flop (didn't bet)
Seat 7: SuperPoker728 folded before Flop (didn't bet)
Seat 8: Dorex2007 (button) folded before Flop (didn't bet)
Seat 9: 6tee (small blind) folded before Flop



PokerStars Hand #238803762870:  Hold'em No Limit ($0.02/$0.05 USD) - 2022/09/22 18:40:53 PT [2022/09/22 21:40:53 ET]
Table 'Iphiklos III' 9-max Seat #9 is the button
Seat 1: Almanza63 ($11.55 in chips) 
Seat 2: Crystaljade123 ($5.52 in chips) 
Seat 3: zonajes17 ($7.32 in chips) 
Seat 4: renansuguino1 ($5.39 in chips) 
Seat 5: kirtis2013 ($3.36 in chips) 
Seat 6: Filipimmp ($6.27 in chips) 
Seat 7: SuperPoker728 ($6.93 in chips) 
Seat 8: Dorex2007 ($6.44 in chips) 
Seat 9: 6tee ($4.04 in chips) 
Almanza63: posts small blind $0.02
Crystaljade123: posts big blind $0.05
*** HOLE CARDS ***
Dealt to Dorex2007 [8s 4d]
zonajes17: folds 
renansuguino1: folds 
kirtis2013: folds 
Filipimmp: folds 
SuperPoker728: folds 
Dorex2007: folds 
6tee: folds 
Almanza63: raises $0.10 to $0.15
Crystaljade123: calls $0.10
*** FLOP *** [8c 3h 5h]
Almanza63: checks 
Crystaljade123: bets $0.14
Almanza63: calls $0.14
*** TURN *** [8c 3h 5h] [5d]
Almanza63: checks 
Crystaljade123: bets $0.56
Almanza63: folds 
Uncalled bet ($0.56) returned to Crystaljade123
Crystaljade123 collected $0.56 from pot
*** SUMMARY ***
Total pot $0.58 | Rake $0.02 
Board [8c 3h 5h 5d]
Seat 1: Almanza63 (small blind) folded on the Turn
Seat 2: Crystaljade123 (big blind) collected ($0.56)
Seat 3: zonajes17 folded before Flop (didn't bet)
Seat 4: renansuguino1 folded before Flop (didn't bet)
Seat 5: kirtis2013 folded before Flop (didn't bet)
Seat 6: Filipimmp folded before Flop (didn't bet)
Seat 7: SuperPoker728 folded before Flop (didn't bet)
Seat 8: Dorex2007 folded before Flop (didn't bet)
Seat 9: 6tee (button) folded before Flop (didn't bet)



PokerStars Hand #238803773174:  Hold'em No Limit ($0.02/$0.05 USD) - 2022/09/22 18:41:45 PT [2022/09/22 21:41:45 ET]
Table 'Iphiklos III' 9-max Seat #1 is the button
Seat 1: Almanza63 ($11.26 in chips) 
Seat 2: Crystaljade123 ($5.79 in chips) 
Seat 3: zonajes17 ($7.32 in chips) 
Seat 4: renansuguino1 ($5.39 in chips) 
Seat 5: kirtis2013 ($3.36 in chips) 
Seat 6: Filipimmp ($6.27 in chips) 
Seat 7: SuperPoker728 ($6.93 in chips) 
Seat 8: Dorex2007 ($6.44 in chips) 
Seat 9: 6tee ($4.04 in chips) 
Crystaljade123: posts small blind $0.02
zonajes17: posts big blind $0.05
*** HOLE CARDS ***
Dealt to Dorex2007 [Tc Qs]
renansuguino1: folds 
kirtis2013: calls $0.05
Filipimmp: folds 
SuperPoker728: calls $0.05
Dorex2007: folds 
6tee: folds 
Almanza63: folds 
Crystaljade123: calls $0.03
zonajes17: checks 
*** FLOP *** [Ts 6h 4s]
Crystaljade123: checks 
zonajes17: checks 
kirtis2013: checks 
SuperPoker728: checks 
*** TURN *** [Ts 6h 4s] [As]
Crystaljade123: bets $0.09
zonajes17: folds 
kirtis2013: calls $0.09
SuperPoker728: folds 
*** RIVER *** [Ts 6h 4s As] [5d]
Crystaljade123: checks 
kirtis2013: bets $0.20
Crystaljade123: calls $0.20
*** SHOW DOWN ***
kirtis2013: shows [6s Ad] (two pair, Aces and Sixes)
Crystaljade123: mucks hand 
kirtis2013 collected $0.75 from pot
*** SUMMARY ***
Total pot $0.78 | Rake $0.03 
Board [Ts 6h 4s As 5d]
Seat 1: Almanza63 (button) folded before Flop (didn't bet)
Seat 2: Crystaljade123 (small blind) mucked [2s 2c]
Seat 3: zonajes17 (big blind) folded on the Turn
Seat 4: renansuguino1 folded before Flop (didn't bet)
Seat 5: kirtis2013 showed [6s Ad] and won ($0.75) with two pair, Aces and Sixes
Seat 6: Filipimmp folded before Flop (didn't bet)
Seat 7: SuperPoker728 folded on the Turn
Seat 8: Dorex2007 folded before Flop (didn't bet)
Seat 9: 6tee folded before Flop (didn't bet)



PokerStars Hand #238803784691:  Hold'em No Limit ($0.02/$0.05 USD) - 2022/09/22 18:42:43 PT [2022/09/22 21:42:43 ET]
Table 'Iphiklos III' 9-max Seat #2 is the button
Seat 1: Almanza63 ($11.26 in chips) 
Seat 2: Crystaljade123 ($5.45 in chips) 
Seat 3: zonajes17 ($7.27 in chips) 
Seat 4: renansuguino1 ($5.39 in chips) 
Seat 5: kirtis2013 ($3.77 in chips) 
Seat 6: Filipimmp ($6.27 in chips) 
Seat 7: SuperPoker728 ($6.88 in chips) 
Seat 8: Dorex2007 ($6.44 in chips) 
Seat 9: 6tee ($4.04 in chips) 
zonajes17: posts small blind $0.02
renansuguino1: posts big blind $0.05
*** HOLE CARDS ***
Dealt to Dorex2007 [Qh 8c]
kirtis2013: folds 
Filipimmp: folds 
SuperPoker728: folds 
Dorex2007: folds 
6tee: folds 
Almanza63: raises $0.08 to $0.13
Crystaljade123: calls $0.13
zonajes17: folds 
renansuguino1: folds 
*** FLOP *** [5d 3d 9h]
Almanza63: checks 
Crystaljade123: bets $0.32
Almanza63: folds 
Uncalled bet ($0.32) returned to Crystaljade123
Crystaljade123 collected $0.32 from pot
*** SUMMARY ***
Total pot $0.33 | Rake $0.01 
Board [5d 3d 9h]
Seat 1: Almanza63 folded on the Flop
Seat 2: Crystaljade123 (button) collected ($0.32)
Seat 3: zonajes17 (small blind) folded before Flop
Seat 4: renansuguino1 (big blind) folded before Flop
Seat 5: kirtis2013 folded before Flop (didn't bet)
Seat 6: Filipimmp folded before Flop (didn't bet)
Seat 7: SuperPoker728 folded before Flop (didn't bet)
Seat 8: Dorex2007 folded before Flop (didn't bet)
Seat 9: 6tee folded before Flop (didn't bet)



PokerStars Hand #238803792485:  Hold'em No Limit ($0.02/$0.05 USD) - 2022/09/22 18:43:23 PT [2022/09/22 21:43:23 ET]
Table 'Iphiklos III' 9-max Seat #3 is the button
Seat 1: Almanza63 ($11.13 in chips) 
Seat 2: Crystaljade123 ($5.64 in chips) 
Seat 3: zonajes17 ($7.25 in chips) 
Seat 4: renansuguino1 ($5.34 in chips) 
Seat 5: kirtis2013 ($3.77 in chips) 
Seat 6: Filipimmp ($6.27 in chips) 
Seat 7: SuperPoker728 ($6.88 in chips) 
Seat 8: Dorex2007 ($6.44 in chips) 
Seat 9: 6tee ($4.04 in chips) 
renansuguino1: posts small blind $0.02
kirtis2013: posts big blind $0.05
*** HOLE CARDS ***
Dealt to Dorex2007 [5s Tc]
Filipimmp: folds 
SuperPoker728: folds 
Dorex2007: folds 
6tee: folds 
Almanza63: folds 
Crystaljade123: raises $0.05 to $0.10
zonajes17: folds 
renansuguino1: folds 
kirtis2013: calls $0.05
*** FLOP *** [Qc 6c 9c]
kirtis2013: checks 
Crystaljade123: bets $0.21
kirtis2013: calls $0.21
*** TURN *** [Qc 6c 9c] [2h]
kirtis2013: checks 
Crystaljade123: bets $0.61
kirtis2013: calls $0.61
*** RIVER *** [Qc 6c 9c 2h] [3d]
kirtis2013: checks 
Crystaljade123: bets $0.89
kirtis2013: folds 
Uncalled bet ($0.89) returned to Crystaljade123
Crystaljade123 collected $1.78 from pot
Crystaljade123: shows [Kh Ks] (a pair of Kings)
*** SUMMARY ***
Total pot $1.86 | Rake $0.08 
Board [Qc 6c 9c 2h 3d]
Seat 1: Almanza63 folded before Flop (didn't bet)
Seat 2: Crystaljade123 collected ($1.78)
Seat 3: zonajes17 (button) folded before Flop (didn't bet)
Seat 4: renansuguino1 (small blind) folded before Flop
Seat 5: kirtis2013 (big blind) folded on the River
Seat 6: Filipimmp folded before Flop (didn't bet)
Seat 7: SuperPoker728 folded before Flop (didn't bet)
Seat 8: Dorex2007 folded before Flop (didn't bet)
Seat 9: 6tee folded before Flop (didn't bet)



PokerStars Hand #238803811055:  Hold'em No Limit ($0.02/$0.05 USD) - 2022/09/22 18:44:56 PT [2022/09/22 21:44:56 ET]
Table 'Iphiklos III' 9-max Seat #4 is the button
Seat 1: Almanza63 ($11.13 in chips) 
Seat 2: Crystaljade123 ($6.50 in chips) 
Seat 3: zonajes17 ($7.25 in chips) 
Seat 4: renansuguino1 ($5.32 in chips) 
Seat 5: kirtis2013 ($2.85 in chips) 
Seat 7: SuperPoker728 ($6.88 in chips) 
Seat 8: Dorex2007 ($6.44 in chips) 
Seat 9: 6tee ($4.04 in chips) 
kirtis2013: posts small blind $0.02
Filipimmp: is sitting out 
SuperPoker728: posts big blind $0.05
*** HOLE CARDS ***
Dealt to Dorex2007 [Ts Th]
Filipimmp leaves the table
Dorex2007: raises $0.05 to $0.10
6tee: folds 
Almanza63: folds 
Crystaljade123: calls $0.10
zonajes17: raises $0.40 to $0.50
renansuguino1: folds 
kirtis2013: folds 
SuperPoker728: folds 
Dorex2007: folds 
Crystaljade123: calls $0.40
*** FLOP *** [As 2h 7s]
Crystaljade123: bets $1.12
zonajes17: calls $1.12
*** TURN *** [As 2h 7s] [Jh]
Crystaljade123: bets $4.88 and is all-in
zonajes17: calls $4.88
*** RIVER *** [As 2h 7s Jh] [4s]
*** SHOW DOWN ***
Crystaljade123: shows [9s Ac] (a pair of Aces)
zonajes17: shows [Qd Ah] (a pair of Aces - Queen kicker)
zonajes17 collected $12.62 from pot
*** SUMMARY ***
Total pot $13.17 | Rake $0.55 
Board [As 2h 7s Jh 4s]
Seat 1: Almanza63 folded before Flop (didn't bet)
Seat 2: Crystaljade123 showed [9s Ac] and lost with a pair of Aces
Seat 3: zonajes17 showed [Qd Ah] and won ($12.62) with a pair of Aces
Seat 4: renansuguino1 (button) folded before Flop (didn't bet)
Seat 5: kirtis2013 (small blind) folded before Flop
Seat 7: SuperPoker728 (big blind) folded before Flop
Seat 8: Dorex2007 folded before Flop
Seat 9: 6tee folded before Flop (didn't bet)



PokerStars Hand #238803819427:  Hold'em No Limit ($0.02/$0.05 USD) - 2022/09/22 18:45:39 PT [2022/09/22 21:45:39 ET]
Table 'Iphiklos III' 9-max Seat #5 is the button
Seat 1: Almanza63 ($11.13 in chips) 
Seat 3: zonajes17 ($13.37 in chips) 
Seat 4: renansuguino1 ($5.32 in chips) 
Seat 5: kirtis2013 ($2.83 in chips) 
Seat 7: SuperPoker728 ($6.83 in chips) 
Seat 8: Dorex2007 ($6.34 in chips) 
Seat 9: 6tee ($4.04 in chips) 
SuperPoker728: posts small blind $0.02
Dorex2007: posts big blind $0.05
*** HOLE CARDS ***
Dealt to Dorex2007 [8d Th]
6tee: folds 
Almanza63: folds 
zonajes17: raises $0.10 to $0.15
renansuguino1: calls $0.15
kirtis2013: calls $0.15
SuperPoker728: folds 
Dorex2007: folds 
*** FLOP *** [Tc Jd Ac]
zonajes17: bets $0.12
renansuguino1: raises $0.23 to $0.35
kirtis2013: calls $0.35
zonajes17: folds 
*** TURN *** [Tc Jd Ac] [Kd]
renansuguino1: checks 
kirtis2013: bets $1.28
renansuguino1: calls $1.28
*** RIVER *** [Tc Jd Ac Kd] [Qc]
renansuguino1: bets $3.54 and is all-in
kirtis2013: calls $1.05 and is all-in
Uncalled bet ($2.49) returned to renansuguino1
*** SHOW DOWN ***
renansuguino1: shows [Kc 8c] (a flush, Ace high)
kirtis2013: shows [4c Qh] (a straight, Ten to Ace)
renansuguino1 collected $5.75 from pot
*** SUMMARY ***
Total pot $6 | Rake $0.25 
Board [Tc Jd Ac Kd Qc]
Seat 1: Almanza63 folded before Flop (didn't bet)
Seat 3: zonajes17 folded on the Flop
Seat 4: renansuguino1 showed [Kc 8c] and won ($5.75) with a flush, Ace high
Seat 5: kirtis2013 (button) showed [4c Qh] and lost with a straight, Ten to Ace
Seat 7: SuperPoker728 (small blind) folded before Flop
Seat 8: Dorex2007 (big blind) folded before Flop
Seat 9: 6tee folded before Flop (didn't bet)



PokerStars Hand #238803830726:  Hold'em No Limit ($0.02/$0.05 USD) - 2022/09/22 18:46:36 PT [2022/09/22 21:46:36 ET]
Table 'Iphiklos III' 9-max Seat #7 is the button
Seat 1: Almanza63 ($11.13 in chips) 
Seat 2: Crystaljade123 ($5 in chips) 
Seat 3: zonajes17 ($13.10 in chips) 
Seat 4: renansuguino1 ($8.24 in chips) 
Seat 7: SuperPoker728 ($6.81 in chips) 
Seat 8: Dorex2007 ($6.29 in chips) 
Seat 9: 6tee ($4.04 in chips) 
Dorex2007: posts small blind $0.02
6tee: posts big blind $0.05
*** HOLE CARDS ***
Dealt to Dorex2007 [3s Qd]
Almanza63: folds 
Crystaljade123: folds 
zonajes17: folds 
Crystaljade123 leaves the table
kirtis2013 leaves the table
renansuguino1: folds 
SuperPoker728: folds 
Dorex2007: folds 
Uncalled bet ($0.03) returned to 6tee
6tee collected $0.04 from pot
*** SUMMARY ***
Total pot $0.04 | Rake $0 
Seat 1: Almanza63 folded before Flop (didn't bet)
Seat 2: Crystaljade123 folded before Flop (didn't bet)
Seat 3: zonajes17 folded before Flop (didn't bet)
Seat 4: renansuguino1 folded before Flop (didn't bet)
Seat 7: SuperPoker728 (button) folded before Flop (didn't bet)
Seat 8: Dorex2007 (small blind) folded before Flop
Seat 9: 6tee (big blind) collected ($0.04)



PokerStars Hand #238803833831:  Hold'em No Limit ($0.02/$0.05 USD) - 2022/09/22 18:46:52 PT [2022/09/22 21:46:52 ET]
Table 'Iphiklos III' 9-max Seat #8 is the button
Seat 1: Almanza63 ($11.13 in chips) 
Seat 3: zonajes17 ($13.10 in chips) 
Seat 4: renansuguino1 ($8.24 in chips) 
Seat 7: SuperPoker728 ($6.81 in chips) 
Seat 8: Dorex2007 ($6.27 in chips) 
Seat 9: 6tee ($4.06 in chips) 
6tee: posts small blind $0.02
Almanza63: posts big blind $0.05
*** HOLE CARDS ***
Dealt to Dorex2007 [9h 8h]
zonajes17: raises $0.10 to $0.15
renansuguino1: calls $0.15
SuperPoker728: calls $0.15
Dorex2007: folds 
6tee: folds 
Almanza63: calls $0.10
*** FLOP *** [8d 3c Jh]
Almanza63: checks 
zonajes17: checks 
renansuguino1: checks 
SuperPoker728: checks 
*** TURN *** [8d 3c Jh] [2h]
Almanza63: bets $0.39
zonajes17: folds 
renansuguino1: folds 
SuperPoker728: folds 
Uncalled bet ($0.39) returned to Almanza63
Almanza63 collected $0.59 from pot
Almanza63: doesn't show hand 
*** SUMMARY ***
Total pot $0.62 | Rake $0.03 
Board [8d 3c Jh 2h]
Seat 1: Almanza63 (big blind) collected ($0.59)
Seat 3: zonajes17 folded on the Turn
Seat 4: renansuguino1 folded on the Turn
Seat 7: SuperPoker728 folded on the Turn
Seat 8: Dorex2007 (button) folded before Flop (didn't bet)
Seat 9: 6tee (small blind) folded before Flop



PokerStars Hand #238803844963:  Hold'em No Limit ($0.02/$0.05 USD) - 2022/09/22 18:47:49 PT [2022/09/22 21:47:49 ET]
Table 'Iphiklos III' 9-max Seat #9 is the button
Seat 1: Almanza63 ($11.57 in chips) 
Seat 3: zonajes17 ($12.95 in chips) 
Seat 4: renansuguino1 ($8.09 in chips) 
Seat 7: SuperPoker728 ($6.66 in chips) 
Seat 8: Dorex2007 ($6.27 in chips) 
Seat 9: 6tee ($4.04 in chips) 
Almanza63: posts small blind $0.02
zonajes17: posts big blind $0.05
*** HOLE CARDS ***
Dealt to Dorex2007 [Qd Ah]
renansuguino1: calls $0.05
SuperPoker728: folds 
Dorex2007: raises $0.10 to $0.15
6tee: calls $0.15
Almanza63: folds 
zonajes17: folds 
renansuguino1: calls $0.10
*** FLOP *** [7d Kd Js]
renansuguino1: checks 
Dorex2007: checks 
6tee: bets $0.50
renansuguino1: folds 
Dorex2007: folds 
Uncalled bet ($0.50) returned to 6tee
6tee collected $0.50 from pot
*** SUMMARY ***
Total pot $0.52 | Rake $0.02 
Board [7d Kd Js]
Seat 1: Almanza63 (small blind) folded before Flop
Seat 3: zonajes17 (big blind) folded before Flop
Seat 4: renansuguino1 folded on the Flop
Seat 7: SuperPoker728 folded before Flop (didn't bet)
Seat 8: Dorex2007 folded on the Flop
Seat 9: 6tee (button) collected ($0.50)



PokerStars Hand #238803850859:  Hold'em No Limit ($0.02/$0.05 USD) - 2022/09/22 18:48:20 PT [2022/09/22 21:48:20 ET]
Table 'Iphiklos III' 9-max Seat #1 is the button
Seat 1: Almanza63 ($11.55 in chips) 
Seat 3: zonajes17 ($12.90 in chips) 
Seat 4: renansuguino1 ($7.94 in chips) 
Seat 7: SuperPoker728 ($6.66 in chips) 
Seat 8: Dorex2007 ($6.12 in chips) 
Seat 9: 6tee ($4.39 in chips) 
zonajes17: posts small blind $0.02
renansuguino1: posts big blind $0.05
*** HOLE CARDS ***
Dealt to Dorex2007 [4d 7s]
SuperPoker728: folds 
Dorex2007: folds 
6tee: folds 
6tee leaves the table
Almanza63: folds 
zonajes17: folds 
Uncalled bet ($0.03) returned to renansuguino1
renansuguino1 collected $0.04 from pot
*** SUMMARY ***
Total pot $0.04 | Rake $0 
Seat 1: Almanza63 (button) folded before Flop (didn't bet)
Seat 3: zonajes17 (small blind) folded before Flop
Seat 4: renansuguino1 (big blind) collected ($0.04)
Seat 7: SuperPoker728 folded before Flop (didn't bet)
Seat 8: Dorex2007 folded before Flop (didn't bet)
Seat 9: 6tee folded before Flop (didn't bet)



