PokerStars Hand #237367303828:  Hold'em No Limit ($0.01/$0.02 USD) - 2022/07/14 22:21:37 PT [2022/07/15 1:21:37 ET]
Table 'Eurynome III' 9-max Seat #4 is the button
Seat 1: goalie39 ($1.58 in chips) 
Seat 2: Dorex2007 ($2 in chips) 
Seat 3: Hoobs 23 ($3.02 in chips) 
Seat 4: *VM*727 ($2 in chips) 
Seat 5: mfcrvmnz ($2.04 in chips) 
Seat 6: bojnice21 ($2.21 in chips) 
Seat 7: Aldopkr89 ($1.10 in chips) 
Seat 9: kio_kkk ($2.01 in chips) 
mfcrvmnz: posts small blind $0.01
bojnice21: posts big blind $0.02
Dorex2007: posts big blind $0.02
*** HOLE CARDS ***
Dealt to Dorex2007 [8h 9c]
Aldopkr89: folds 
kio_kkk: folds 
goalie39: folds 
Dorex2007: checks 
Hoobs 23: folds 
*VM*727: calls $0.02
mfcrvmnz: folds 
bojnice21: checks 
*** FLOP *** [Jh 4c 7c]
bojnice21: checks 
Dorex2007: checks 
*VM*727: checks 
*** TURN *** [Jh 4c 7c] [Ks]
bojnice21: checks 
Dorex2007: checks 
*VM*727: checks 
*** RIVER *** [Jh 4c 7c Ks] [5s]
bojnice21: checks 
Dorex2007: checks 
*VM*727: checks 
*** SHOW DOWN ***
bojnice21: shows [3c Kh] (a pair of Kings)
Dorex2007: mucks hand 
*VM*727: mucks hand 
bojnice21 collected $0.07 from pot
*** SUMMARY ***
Total pot $0.07 | Rake $0 
Board [Jh 4c 7c Ks 5s]
Seat 1: goalie39 folded before Flop (didn't bet)
Seat 2: Dorex2007 mucked [8h 9c]
Seat 3: Hoobs 23 folded before Flop (didn't bet)
Seat 4: *VM*727 (button) mucked [9h 9d]
Seat 5: mfcrvmnz (small blind) folded before Flop
Seat 6: bojnice21 (big blind) showed [3c Kh] and won ($0.07) with a pair of Kings
Seat 7: Aldopkr89 folded before Flop (didn't bet)
Seat 9: kio_kkk folded before Flop (didn't bet)



PokerStars Hand #237367311232:  Hold'em No Limit ($0.01/$0.02 USD) - 2022/07/14 22:22:43 PT [2022/07/15 1:22:43 ET]
Table 'Eurynome III' 9-max Seat #5 is the button
Seat 1: goalie39 ($1.58 in chips) 
Seat 2: Dorex2007 ($2 in chips) 
Seat 3: Hoobs 23 ($3.02 in chips) 
Seat 4: *VM*727 ($1.98 in chips) 
Seat 5: mfcrvmnz ($2.03 in chips) 
Seat 6: bojnice21 ($2.26 in chips) 
Seat 7: Aldopkr89 ($1.10 in chips) 
Seat 9: kio_kkk ($2.01 in chips) 
bojnice21: posts small blind $0.01
Aldopkr89: posts big blind $0.02
*** HOLE CARDS ***
Dealt to Dorex2007 [Ts 4h]
kio_kkk: folds 
goalie39: folds 
Dorex2007: folds 
Hoobs 23: folds 
*VM*727: folds 
mfcrvmnz: calls $0.02
bojnice21: calls $0.01
Aldopkr89: checks 
*** FLOP *** [4c Qc Jd]
bojnice21: checks 
Aldopkr89: checks 
mfcrvmnz: checks 
*** TURN *** [4c Qc Jd] [Jh]
bojnice21: checks 
Aldopkr89: checks 
mfcrvmnz: checks 
*** RIVER *** [4c Qc Jd Jh] [Jc]
bojnice21: checks 
Aldopkr89: checks 
mfcrvmnz: bets $0.06
bojnice21: folds 
Aldopkr89: folds 
Uncalled bet ($0.06) returned to mfcrvmnz
mfcrvmnz collected $0.06 from pot
*** SUMMARY ***
Total pot $0.06 | Rake $0 
Board [4c Qc Jd Jh Jc]
Seat 1: goalie39 folded before Flop (didn't bet)
Seat 2: Dorex2007 folded before Flop (didn't bet)
Seat 3: Hoobs 23 folded before Flop (didn't bet)
Seat 4: *VM*727 folded before Flop (didn't bet)
Seat 5: mfcrvmnz (button) collected ($0.06)
Seat 6: bojnice21 (small blind) folded on the River
Seat 7: Aldopkr89 (big blind) folded on the River
Seat 9: kio_kkk folded before Flop (didn't bet)



PokerStars Hand #237367321064:  Hold'em No Limit ($0.01/$0.02 USD) - 2022/07/14 22:23:45 PT [2022/07/15 1:23:45 ET]
Table 'Eurynome III' 9-max Seat #6 is the button
Seat 1: goalie39 ($1.58 in chips) 
Seat 2: Dorex2007 ($2 in chips) 
Seat 3: Hoobs 23 ($3.02 in chips) 
Seat 4: *VM*727 ($1.98 in chips) 
Seat 5: mfcrvmnz ($2.07 in chips) 
Seat 6: bojnice21 ($2.24 in chips) 
Seat 7: Aldopkr89 ($1.08 in chips) 
Seat 9: kio_kkk ($2.01 in chips) 
Aldopkr89: posts small blind $0.01
kio_kkk: posts big blind $0.02
*** HOLE CARDS ***
Dealt to Dorex2007 [Jd 4s]
goalie39: calls $0.02
Dorex2007: folds 
Hoobs 23: folds 
*VM*727: folds 
mfcrvmnz: folds 
bojnice21: folds 
Aldopkr89: folds 
kio_kkk: checks 
*** FLOP *** [3h Ks Kd]
Aldopkr89 leaves the table
kio_kkk: checks 
goalie39: checks 
*** TURN *** [3h Ks Kd] [8s]
erlis82 joins the table at seat #7 
kio_kkk: checks 
goalie39: checks 
*** RIVER *** [3h Ks Kd 8s] [5c]
kio_kkk: checks 
goalie39: bets $0.05
kio_kkk: folds 
Uncalled bet ($0.05) returned to goalie39
goalie39 collected $0.05 from pot
*** SUMMARY ***
Total pot $0.05 | Rake $0 
Board [3h Ks Kd 8s 5c]
Seat 1: goalie39 collected ($0.05)
Seat 2: Dorex2007 folded before Flop (didn't bet)
Seat 3: Hoobs 23 folded before Flop (didn't bet)
Seat 4: *VM*727 folded before Flop (didn't bet)
Seat 5: mfcrvmnz folded before Flop (didn't bet)
Seat 6: bojnice21 (button) folded before Flop (didn't bet)
Seat 7: Aldopkr89 (small blind) folded before Flop
Seat 9: kio_kkk (big blind) folded on the River



PokerStars Hand #237367330629:  Hold'em No Limit ($0.01/$0.02 USD) - 2022/07/14 22:25:10 PT [2022/07/15 1:25:10 ET]
Table 'Eurynome III' 9-max Seat #9 is the button
Seat 1: goalie39 ($1.61 in chips) 
Seat 2: Dorex2007 ($2 in chips) 
Seat 3: Hoobs 23 ($3.02 in chips) 
Seat 4: *VM*727 ($1.98 in chips) 
Seat 5: mfcrvmnz ($2.07 in chips) 
Seat 6: bojnice21 ($2.24 in chips) 
Seat 7: erlis82 ($2 in chips) 
Seat 9: kio_kkk ($2 in chips) 
goalie39: posts small blind $0.01
Dorex2007: posts big blind $0.02
erlis82: posts big blind $0.02
*** HOLE CARDS ***
Dealt to Dorex2007 [9d 6s]
Hoobs 23: folds 
*VM*727: folds 
mfcrvmnz: folds 
bojnice21: folds 
erlis82: checks 
kio_kkk: folds 
goalie39: calls $0.01
Dorex2007: checks 
*** FLOP *** [Th Qd Qh]
goalie39: checks 
Dorex2007: checks 
erlis82: checks 
*** TURN *** [Th Qd Qh] [7c]
goalie39: bets $0.03
Dorex2007: folds 
erlis82: folds 
Uncalled bet ($0.03) returned to goalie39
goalie39 collected $0.06 from pot
*** SUMMARY ***
Total pot $0.06 | Rake $0 
Board [Th Qd Qh 7c]
Seat 1: goalie39 (small blind) collected ($0.06)
Seat 2: Dorex2007 (big blind) folded on the Turn
Seat 3: Hoobs 23 folded before Flop (didn't bet)
Seat 4: *VM*727 folded before Flop (didn't bet)
Seat 5: mfcrvmnz folded before Flop (didn't bet)
Seat 6: bojnice21 folded before Flop (didn't bet)
Seat 7: erlis82 folded on the Turn (didn't bet)
Seat 9: kio_kkk (button) folded before Flop (didn't bet)



PokerStars Hand #237367334396:  Hold'em No Limit ($0.01/$0.02 USD) - 2022/07/14 22:25:44 PT [2022/07/15 1:25:44 ET]
Table 'Eurynome III' 9-max Seat #1 is the button
Seat 1: goalie39 ($1.65 in chips) 
Seat 2: Dorex2007 ($2 in chips) 
Seat 3: Hoobs 23 ($3.02 in chips) 
Seat 4: *VM*727 ($1.98 in chips) 
Seat 5: mfcrvmnz ($2.07 in chips) 
Seat 6: bojnice21 ($2.24 in chips) 
Seat 7: erlis82 ($1.98 in chips) 
Seat 9: kio_kkk ($2 in chips) 
Dorex2007: posts small blind $0.01
Hoobs 23: posts big blind $0.02
*** HOLE CARDS ***
Dealt to Dorex2007 [7s Jh]
*VM*727: folds 
mfcrvmnz: calls $0.02
bojnice21: folds 
erlis82: calls $0.02
kio_kkk: calls $0.02
goalie39: calls $0.02
Dorex2007: folds 
Hoobs 23: checks 
*** FLOP *** [6c 6d 3d]
Hoobs 23: bets $0.11
mfcrvmnz: folds 
erlis82: calls $0.11
kio_kkk: folds 
goalie39: folds 
*** TURN *** [6c 6d 3d] [2d]
Hoobs 23: bets $0.16
erlis82: calls $0.16
*** RIVER *** [6c 6d 3d 2d] [Kc]
Hoobs 23: checks 
erlis82: bets $0.31
Hoobs 23: calls $0.31
*** SHOW DOWN ***
erlis82: shows [6s 9s] (three of a kind, Sixes)
Hoobs 23: shows [6h Qd] (three of a kind, Sixes - King+Queen kicker)
Hoobs 23 collected $1.23 from pot
*** SUMMARY ***
Total pot $1.27 | Rake $0.04 
Board [6c 6d 3d 2d Kc]
Seat 1: goalie39 (button) folded on the Flop
Seat 2: Dorex2007 (small blind) folded before Flop
Seat 3: Hoobs 23 (big blind) showed [6h Qd] and won ($1.23) with three of a kind, Sixes
Seat 4: *VM*727 folded before Flop (didn't bet)
Seat 5: mfcrvmnz folded on the Flop
Seat 6: bojnice21 folded before Flop (didn't bet)
Seat 7: erlis82 showed [6s 9s] and lost with three of a kind, Sixes
Seat 9: kio_kkk folded on the Flop



PokerStars Hand #237367344310:  Hold'em No Limit ($0.01/$0.02 USD) - 2022/07/14 22:27:12 PT [2022/07/15 1:27:12 ET]
Table 'Eurynome III' 9-max Seat #2 is the button
Seat 1: goalie39 ($1.63 in chips) 
Seat 2: Dorex2007 ($2 in chips) 
Seat 3: Hoobs 23 ($3.65 in chips) 
Seat 4: *VM*727 ($1.98 in chips) 
Seat 5: mfcrvmnz ($2.05 in chips) 
Seat 6: bojnice21 ($2.24 in chips) 
Seat 7: erlis82 ($1.38 in chips) 
Seat 9: kio_kkk ($2 in chips) 
Hoobs 23: posts small blind $0.01
*VM*727: posts big blind $0.02
*** HOLE CARDS ***
Dealt to Dorex2007 [5h 3d]
mfcrvmnz: folds 
bojnice21: calls $0.02
erlis82: calls $0.02
kio_kkk: folds 
goalie39: folds 
Dorex2007: folds 
Hoobs 23: folds 
*VM*727: checks 
*** FLOP *** [5s Jd 2s]
*VM*727: checks 
bojnice21: checks 
erlis82: checks 
*** TURN *** [5s Jd 2s] [Jh]
*VM*727: checks 
bojnice21: checks 
erlis82: checks 
*** RIVER *** [5s Jd 2s Jh] [6s]
*VM*727: checks 
bojnice21: checks 
erlis82: checks 
*** SHOW DOWN ***
*VM*727: shows [9h 7c] (a pair of Jacks)
bojnice21: shows [4d 4h] (two pair, Jacks and Fours)
erlis82: mucks hand 
bojnice21 collected $0.07 from pot
*** SUMMARY ***
Total pot $0.07 | Rake $0 
Board [5s Jd 2s Jh 6s]
Seat 1: goalie39 folded before Flop (didn't bet)
Seat 2: Dorex2007 (button) folded before Flop (didn't bet)
Seat 3: Hoobs 23 (small blind) folded before Flop
Seat 4: *VM*727 (big blind) showed [9h 7c] and lost with a pair of Jacks
Seat 5: mfcrvmnz folded before Flop (didn't bet)
Seat 6: bojnice21 showed [4d 4h] and won ($0.07) with two pair, Jacks and Fours
Seat 7: erlis82 mucked [8h As]
Seat 9: kio_kkk folded before Flop (didn't bet)



PokerStars Hand #237367350193:  Hold'em No Limit ($0.01/$0.02 USD) - 2022/07/14 22:28:05 PT [2022/07/15 1:28:05 ET]
Table 'Eurynome III' 9-max Seat #3 is the button
Seat 1: goalie39 ($1.63 in chips) 
Seat 2: Dorex2007 ($2 in chips) 
Seat 3: Hoobs 23 ($3.64 in chips) 
Seat 4: *VM*727 ($1.96 in chips) 
Seat 5: mfcrvmnz ($2.05 in chips) 
Seat 6: bojnice21 ($2.29 in chips) 
Seat 7: erlis82 ($1.36 in chips) 
Seat 9: kio_kkk ($2 in chips) 
*VM*727: posts small blind $0.01
mfcrvmnz: posts big blind $0.02
Tweedy620: sits out 
*** HOLE CARDS ***
Dealt to Dorex2007 [Qd Kd]
bojnice21: folds 
erlis82: folds 
kio_kkk: folds 
goalie39: folds 
Dorex2007: raises $0.04 to $0.06
Hoobs 23: folds 
*VM*727: folds 
mfcrvmnz: calls $0.04
*** FLOP *** [9c 8d Jd]
mfcrvmnz: checks 
Dorex2007: bets $0.13
mfcrvmnz: folds 
Uncalled bet ($0.13) returned to Dorex2007
Dorex2007 collected $0.13 from pot
*** SUMMARY ***
Total pot $0.13 | Rake $0 
Board [9c 8d Jd]
Seat 1: goalie39 folded before Flop (didn't bet)
Seat 2: Dorex2007 collected ($0.13)
Seat 3: Hoobs 23 (button) folded before Flop (didn't bet)
Seat 4: *VM*727 (small blind) folded before Flop
Seat 5: mfcrvmnz (big blind) folded on the Flop
Seat 6: bojnice21 folded before Flop (didn't bet)
Seat 7: erlis82 folded before Flop (didn't bet)
Seat 9: kio_kkk folded before Flop (didn't bet)



PokerStars Hand #237367354836:  Hold'em No Limit ($0.01/$0.02 USD) - 2022/07/14 22:28:46 PT [2022/07/15 1:28:46 ET]
Table 'Eurynome III' 9-max Seat #4 is the button
Seat 1: goalie39 ($1.63 in chips) 
Seat 2: Dorex2007 ($2.07 in chips) 
Seat 3: Hoobs 23 ($3.64 in chips) 
Seat 4: *VM*727 ($1.95 in chips) 
Seat 5: mfcrvmnz ($1.99 in chips) 
Seat 6: bojnice21 ($2.29 in chips) 
Seat 7: erlis82 ($1.36 in chips) 
Seat 9: kio_kkk ($2 in chips) 
mfcrvmnz: posts small blind $0.01
bojnice21: posts big blind $0.02
Tweedy620: sits out 
*** HOLE CARDS ***
Dealt to Dorex2007 [7d Th]
erlis82: folds 
kio_kkk: calls $0.02
goalie39: folds 
Dorex2007: folds 
Hoobs 23: folds 
*VM*727: calls $0.02
mfcrvmnz: calls $0.01
bojnice21: checks 
*** FLOP *** [5d Kh 8s]
mfcrvmnz: checks 
bojnice21: checks 
kio_kkk: checks 
*VM*727: bets $0.08
mfcrvmnz: folds 
bojnice21: folds 
kio_kkk: folds 
Uncalled bet ($0.08) returned to *VM*727
*VM*727 collected $0.08 from pot
*** SUMMARY ***
Total pot $0.08 | Rake $0 
Board [5d Kh 8s]
Seat 1: goalie39 folded before Flop (didn't bet)
Seat 2: Dorex2007 folded before Flop (didn't bet)
Seat 3: Hoobs 23 folded before Flop (didn't bet)
Seat 4: *VM*727 (button) collected ($0.08)
Seat 5: mfcrvmnz (small blind) folded on the Flop
Seat 6: bojnice21 (big blind) folded on the Flop
Seat 7: erlis82 folded before Flop (didn't bet)
Seat 9: kio_kkk folded on the Flop



PokerStars Hand #237367359619:  Hold'em No Limit ($0.01/$0.02 USD) - 2022/07/14 22:29:29 PT [2022/07/15 1:29:29 ET]
Table 'Eurynome III' 9-max Seat #5 is the button
Seat 1: goalie39 ($1.63 in chips) 
Seat 2: Dorex2007 ($2.07 in chips) 
Seat 3: Hoobs 23 ($3.64 in chips) 
Seat 4: *VM*727 ($2.01 in chips) 
Seat 5: mfcrvmnz ($1.97 in chips) 
Seat 6: bojnice21 ($2.27 in chips) 
Seat 7: erlis82 ($1.36 in chips) 
Seat 9: kio_kkk ($2 in chips) 
bojnice21: posts small blind $0.01
erlis82: posts big blind $0.02
Tweedy620: sits out 
*** HOLE CARDS ***
Dealt to Dorex2007 [9c 3c]
kio_kkk: folds 
goalie39: folds 
Dorex2007: folds 
Hoobs 23: folds 
*VM*727: folds 
mfcrvmnz: folds 
bojnice21: raises $0.04 to $0.06
erlis82: folds 
Uncalled bet ($0.04) returned to bojnice21
bojnice21 collected $0.04 from pot
*** SUMMARY ***
Total pot $0.04 | Rake $0 
Seat 1: goalie39 folded before Flop (didn't bet)
Seat 2: Dorex2007 folded before Flop (didn't bet)
Seat 3: Hoobs 23 folded before Flop (didn't bet)
Seat 4: *VM*727 folded before Flop (didn't bet)
Seat 5: mfcrvmnz (button) folded before Flop (didn't bet)
Seat 6: bojnice21 (small blind) collected ($0.04)
Seat 7: erlis82 (big blind) folded before Flop
Seat 9: kio_kkk folded before Flop (didn't bet)



PokerStars Hand #237367361718:  Hold'em No Limit ($0.01/$0.02 USD) - 2022/07/14 22:29:48 PT [2022/07/15 1:29:48 ET]
Table 'Eurynome III' 9-max Seat #6 is the button
Seat 1: goalie39 ($1.63 in chips) 
Seat 2: Dorex2007 ($2.07 in chips) 
Seat 3: Hoobs 23 ($3.64 in chips) 
Seat 4: *VM*727 ($2.01 in chips) 
Seat 5: mfcrvmnz ($1.97 in chips) 
Seat 6: bojnice21 ($2.29 in chips) 
Seat 7: erlis82 ($1.34 in chips) 
Seat 8: Tweedy620 ($2 in chips) 
Seat 9: kio_kkk ($2 in chips) 
erlis82: posts small blind $0.01
Tweedy620: posts big blind $0.02
*** HOLE CARDS ***
Dealt to Dorex2007 [Qc 9s]
kio_kkk: folds 
goalie39: folds 
Dorex2007: folds 
Hoobs 23: folds 
*VM*727: folds 
mfcrvmnz: folds 
bojnice21: folds 
erlis82: folds 
Uncalled bet ($0.01) returned to Tweedy620
Tweedy620 collected $0.02 from pot
*** SUMMARY ***
Total pot $0.02 | Rake $0 
Seat 1: goalie39 folded before Flop (didn't bet)
Seat 2: Dorex2007 folded before Flop (didn't bet)
Seat 3: Hoobs 23 folded before Flop (didn't bet)
Seat 4: *VM*727 folded before Flop (didn't bet)
Seat 5: mfcrvmnz folded before Flop (didn't bet)
Seat 6: bojnice21 (button) folded before Flop (didn't bet)
Seat 7: erlis82 (small blind) folded before Flop
Seat 8: Tweedy620 (big blind) collected ($0.02)
Seat 9: kio_kkk folded before Flop (didn't bet)



PokerStars Hand #237367363327:  Hold'em No Limit ($0.01/$0.02 USD) - 2022/07/14 22:30:02 PT [2022/07/15 1:30:02 ET]
Table 'Eurynome III' 9-max Seat #7 is the button
Seat 1: goalie39 ($1.63 in chips) 
Seat 2: Dorex2007 ($2.07 in chips) 
Seat 3: Hoobs 23 ($3.64 in chips) 
Seat 4: *VM*727 ($2.01 in chips) 
Seat 5: mfcrvmnz ($1.97 in chips) 
Seat 6: bojnice21 ($2.29 in chips) 
Seat 7: erlis82 ($1.33 in chips) 
Seat 8: Tweedy620 ($2.01 in chips) 
Seat 9: kio_kkk ($2 in chips) 
Tweedy620: posts small blind $0.01
kio_kkk: posts big blind $0.02
*** HOLE CARDS ***
Dealt to Dorex2007 [5d 5h]
goalie39: calls $0.02
Dorex2007: calls $0.02
Hoobs 23: raises $0.09 to $0.11
*VM*727: folds 
mfcrvmnz: folds 
bojnice21: calls $0.11
erlis82: folds 
Tweedy620: folds 
kio_kkk: folds 
goalie39: folds 
Dorex2007: folds 
*** FLOP *** [Ks 8s 5c]
Hoobs 23: bets $0.20
erlis82 leaves the table
bojnice21: folds 
Uncalled bet ($0.20) returned to Hoobs 23
Hoobs 23 collected $0.28 from pot
*** SUMMARY ***
Total pot $0.29 | Rake $0.01 
Board [Ks 8s 5c]
Seat 1: goalie39 folded before Flop
Seat 2: Dorex2007 folded before Flop
Seat 3: Hoobs 23 collected ($0.28)
Seat 4: *VM*727 folded before Flop (didn't bet)
Seat 5: mfcrvmnz folded before Flop (didn't bet)
Seat 6: bojnice21 folded on the Flop
Seat 7: erlis82 (button) folded before Flop (didn't bet)
Seat 8: Tweedy620 (small blind) folded before Flop
Seat 9: kio_kkk (big blind) folded before Flop



PokerStars Hand #237367367268:  Hold'em No Limit ($0.01/$0.02 USD) - 2022/07/14 22:30:39 PT [2022/07/15 1:30:39 ET]
Table 'Eurynome III' 9-max Seat #8 is the button
Seat 1: goalie39 ($1.61 in chips) 
Seat 2: Dorex2007 ($2.05 in chips) 
Seat 3: Hoobs 23 ($3.81 in chips) 
Seat 4: *VM*727 ($2.01 in chips) 
Seat 5: mfcrvmnz ($1.97 in chips) 
Seat 6: bojnice21 ($2.18 in chips) 
Seat 8: Tweedy620 ($2 in chips) 
Seat 9: kio_kkk ($2 in chips) 
kio_kkk: posts small blind $0.01
goalie39: posts big blind $0.02
*** HOLE CARDS ***
Dealt to Dorex2007 [Tc 5c]
Dorex2007: folds 
Hoobs 23: folds 
*VM*727: folds 
mfcrvmnz: folds 
bojnice21: folds 
Tweedy620: folds 
kio_kkk: calls $0.01
goalie39: checks 
*** FLOP *** [9d Kc Ac]
kio_kkk: checks 
goalie39: bets $0.02
kio_kkk: folds 
Uncalled bet ($0.02) returned to goalie39
goalie39 collected $0.04 from pot
*** SUMMARY ***
Total pot $0.04 | Rake $0 
Board [9d Kc Ac]
Seat 1: goalie39 (big blind) collected ($0.04)
Seat 2: Dorex2007 folded before Flop (didn't bet)
Seat 3: Hoobs 23 folded before Flop (didn't bet)
Seat 4: *VM*727 folded before Flop (didn't bet)
Seat 5: mfcrvmnz folded before Flop (didn't bet)
Seat 6: bojnice21 folded before Flop (didn't bet)
Seat 8: Tweedy620 (button) folded before Flop (didn't bet)
Seat 9: kio_kkk (small blind) folded on the Flop



PokerStars Hand #237367369650:  Hold'em No Limit ($0.01/$0.02 USD) - 2022/07/14 22:31:00 PT [2022/07/15 1:31:00 ET]
Table 'Eurynome III' 9-max Seat #9 is the button
Seat 1: goalie39 ($1.63 in chips) 
Seat 2: Dorex2007 ($2.05 in chips) 
Seat 3: Hoobs 23 ($3.81 in chips) 
Seat 4: *VM*727 ($2.01 in chips) 
Seat 5: mfcrvmnz ($1.97 in chips) 
Seat 6: bojnice21 ($2.18 in chips) 
Seat 8: Tweedy620 ($2 in chips) 
Seat 9: kio_kkk ($2 in chips) 
goalie39: posts small blind $0.01
Dorex2007: posts big blind $0.02
*** HOLE CARDS ***
Dealt to Dorex2007 [4c Js]
Hoobs 23: folds 
*VM*727: folds 
mfcrvmnz: calls $0.02
bojnice21: calls $0.02
Tweedy620: folds 
kio_kkk: folds 
goalie39: folds 
Dorex2007: checks 
*** FLOP *** [Td Ad 9d]
Dorex2007: checks 
mfcrvmnz: checks 
bojnice21: checks 
*** TURN *** [Td Ad 9d] [Kh]
Dorex2007: checks 
mfcrvmnz: bets $0.07
bojnice21: folds 
Dorex2007: folds 
Uncalled bet ($0.07) returned to mfcrvmnz
mfcrvmnz collected $0.07 from pot
*** SUMMARY ***
Total pot $0.07 | Rake $0 
Board [Td Ad 9d Kh]
Seat 1: goalie39 (small blind) folded before Flop
Seat 2: Dorex2007 (big blind) folded on the Turn
Seat 3: Hoobs 23 folded before Flop (didn't bet)
Seat 4: *VM*727 folded before Flop (didn't bet)
Seat 5: mfcrvmnz collected ($0.07)
Seat 6: bojnice21 folded on the Turn
Seat 8: Tweedy620 folded before Flop (didn't bet)
Seat 9: kio_kkk (button) folded before Flop (didn't bet)



PokerStars Hand #237367373370:  Hold'em No Limit ($0.01/$0.02 USD) - 2022/07/14 22:31:35 PT [2022/07/15 1:31:35 ET]
Table 'Eurynome III' 9-max Seat #1 is the button
Seat 1: goalie39 ($1.62 in chips) 
Seat 2: Dorex2007 ($2.03 in chips) 
Seat 3: Hoobs 23 ($3.81 in chips) 
Seat 4: *VM*727 ($2.01 in chips) 
Seat 5: mfcrvmnz ($2.02 in chips) 
Seat 6: bojnice21 ($2.16 in chips) 
Seat 8: Tweedy620 ($2 in chips) 
Seat 9: kio_kkk ($2 in chips) 
Dorex2007: posts small blind $0.01
Hoobs 23: posts big blind $0.02
*** HOLE CARDS ***
Dealt to Dorex2007 [Qd Kh]
*VM*727: folds 
mfcrvmnz: folds 
bojnice21: folds 
Tweedy620: calls $0.02
kio_kkk: folds 
goalie39: calls $0.02
Dorex2007: calls $0.01
Hoobs 23: checks 
*** FLOP *** [2c 6d 2h]
Dorex2007: checks 
Hoobs 23: checks 
Tweedy620: checks 
goalie39: checks 
*** TURN *** [2c 6d 2h] [3d]
Dorex2007: checks 
Hoobs 23: bets $0.04
Tweedy620: calls $0.04
goalie39: folds 
Dorex2007: folds 
*** RIVER *** [2c 6d 2h 3d] [9d]
Hoobs 23: checks 
Tweedy620: checks 
*** SHOW DOWN ***
Hoobs 23: shows [6h 9s] (two pair, Nines and Sixes)
Tweedy620: mucks hand 
Hoobs 23 collected $0.15 from pot
*** SUMMARY ***
Total pot $0.16 | Rake $0.01 
Board [2c 6d 2h 3d 9d]
Seat 1: goalie39 (button) folded on the Turn
Seat 2: Dorex2007 (small blind) folded on the Turn
Seat 3: Hoobs 23 (big blind) showed [6h 9s] and won ($0.15) with two pair, Nines and Sixes
Seat 4: *VM*727 folded before Flop (didn't bet)
Seat 5: mfcrvmnz folded before Flop (didn't bet)
Seat 6: bojnice21 folded before Flop (didn't bet)
Seat 8: Tweedy620 mucked [4d 4s]
Seat 9: kio_kkk folded before Flop (didn't bet)



PokerStars Hand #237367378502:  Hold'em No Limit ($0.01/$0.02 USD) - 2022/07/14 22:32:22 PT [2022/07/15 1:32:22 ET]
Table 'Eurynome III' 9-max Seat #2 is the button
Seat 1: goalie39 ($1.60 in chips) 
Seat 2: Dorex2007 ($2.01 in chips) 
Seat 3: Hoobs 23 ($3.90 in chips) 
Seat 4: *VM*727 ($2.01 in chips) 
Seat 5: mfcrvmnz ($2.02 in chips) 
Seat 6: bojnice21 ($2.16 in chips) 
Seat 8: Tweedy620 ($1.94 in chips) 
Seat 9: kio_kkk ($2 in chips) 
Hoobs 23: posts small blind $0.01
*VM*727: posts big blind $0.02
*** HOLE CARDS ***
Dealt to Dorex2007 [Ks 9c]
mfcrvmnz: folds 
bojnice21: folds 
Tweedy620: folds 
kio_kkk: folds 
goalie39: folds 
Dorex2007: folds 
Hoobs 23: raises $0.02 to $0.04
*VM*727: calls $0.02
*** FLOP *** [Ad Qd Jd]
Hoobs 23: bets $0.08
*VM*727: folds 
Uncalled bet ($0.08) returned to Hoobs 23
Hoobs 23 collected $0.08 from pot
*** SUMMARY ***
Total pot $0.08 | Rake $0 
Board [Ad Qd Jd]
Seat 1: goalie39 folded before Flop (didn't bet)
Seat 2: Dorex2007 (button) folded before Flop (didn't bet)
Seat 3: Hoobs 23 (small blind) collected ($0.08)
Seat 4: *VM*727 (big blind) folded on the Flop
Seat 5: mfcrvmnz folded before Flop (didn't bet)
Seat 6: bojnice21 folded before Flop (didn't bet)
Seat 8: Tweedy620 folded before Flop (didn't bet)
Seat 9: kio_kkk folded before Flop (didn't bet)



PokerStars Hand #237367381595:  Hold'em No Limit ($0.01/$0.02 USD) - 2022/07/14 22:32:50 PT [2022/07/15 1:32:50 ET]
Table 'Eurynome III' 9-max Seat #3 is the button
Seat 1: goalie39 ($1.60 in chips) 
Seat 2: Dorex2007 ($2.01 in chips) 
Seat 3: Hoobs 23 ($3.94 in chips) 
Seat 4: *VM*727 ($1.97 in chips) 
Seat 5: mfcrvmnz ($2.02 in chips) 
Seat 6: bojnice21 ($2.16 in chips) 
Seat 8: Tweedy620 ($1.94 in chips) 
Seat 9: kio_kkk ($2 in chips) 
*VM*727: posts small blind $0.01
mfcrvmnz: posts big blind $0.02
*** HOLE CARDS ***
Dealt to Dorex2007 [9d Ac]
bojnice21: folds 
Tweedy620: folds 
kio_kkk: folds 
goalie39: raises $0.02 to $0.04
Dorex2007: folds 
Hoobs 23: raises $0.08 to $0.12
*VM*727: folds 
mfcrvmnz: folds 
goalie39: folds 
Uncalled bet ($0.08) returned to Hoobs 23
Hoobs 23 collected $0.11 from pot
*** SUMMARY ***
Total pot $0.11 | Rake $0 
Seat 1: goalie39 folded before Flop
Seat 2: Dorex2007 folded before Flop (didn't bet)
Seat 3: Hoobs 23 (button) collected ($0.11)
Seat 4: *VM*727 (small blind) folded before Flop
Seat 5: mfcrvmnz (big blind) folded before Flop
Seat 6: bojnice21 folded before Flop (didn't bet)
Seat 8: Tweedy620 folded before Flop (didn't bet)
Seat 9: kio_kkk folded before Flop (didn't bet)



PokerStars Hand #237367384079:  Hold'em No Limit ($0.01/$0.02 USD) - 2022/07/14 22:33:13 PT [2022/07/15 1:33:13 ET]
Table 'Eurynome III' 9-max Seat #4 is the button
Seat 1: goalie39 ($1.56 in chips) 
Seat 2: Dorex2007 ($2.01 in chips) 
Seat 3: Hoobs 23 ($4.01 in chips) 
Seat 4: *VM*727 ($1.96 in chips) 
Seat 5: mfcrvmnz ($2 in chips) 
Seat 6: bojnice21 ($2.16 in chips) 
Seat 8: Tweedy620 ($1.94 in chips) 
Seat 9: kio_kkk ($2 in chips) 
mfcrvmnz: posts small blind $0.01
bojnice21: posts big blind $0.02
*** HOLE CARDS ***
Dealt to Dorex2007 [2s 9d]
Tweedy620: calls $0.02
kio_kkk: folds 
goalie39: folds 
Dorex2007: folds 
Hoobs 23: folds 
*VM*727: calls $0.02
mfcrvmnz: calls $0.01
bojnice21: checks 
*** FLOP *** [Js 8d Ad]
mfcrvmnz: checks 
bojnice21: checks 
Tweedy620: checks 
*VM*727: checks 
*** TURN *** [Js 8d Ad] [Ks]
mfcrvmnz: checks 
bojnice21: checks 
Tweedy620: checks 
*VM*727: checks 
*** RIVER *** [Js 8d Ad Ks] [9h]
mfcrvmnz: checks 
bojnice21: checks 
Tweedy620: checks 
Player2969 joins the table at seat #7 
*VM*727: checks 
*** SHOW DOWN ***
mfcrvmnz: shows [6c Jc] (a pair of Jacks)
bojnice21: mucks hand 
Tweedy620: shows [Ts Jh] (a pair of Jacks - Ace+King+Ten kicker)
*VM*727: mucks hand 
Tweedy620 collected $0.08 from pot
*** SUMMARY ***
Total pot $0.08 | Rake $0 
Board [Js 8d Ad Ks 9h]
Seat 1: goalie39 folded before Flop (didn't bet)
Seat 2: Dorex2007 folded before Flop (didn't bet)
Seat 3: Hoobs 23 folded before Flop (didn't bet)
Seat 4: *VM*727 (button) mucked [5s 5c]
Seat 5: mfcrvmnz (small blind) showed [6c Jc] and lost with a pair of Jacks
Seat 6: bojnice21 (big blind) mucked [2h 7s]
Seat 8: Tweedy620 showed [Ts Jh] and won ($0.08) with a pair of Jacks
Seat 9: kio_kkk folded before Flop (didn't bet)



PokerStars Hand #237367389322:  Hold'em No Limit ($0.01/$0.02 USD) - 2022/07/14 22:34:01 PT [2022/07/15 1:34:01 ET]
Table 'Eurynome III' 9-max Seat #5 is the button
Seat 1: goalie39 ($1.56 in chips) 
Seat 2: Dorex2007 ($2.01 in chips) 
Seat 3: Hoobs 23 ($4.01 in chips) 
Seat 4: *VM*727 ($1.94 in chips) 
Seat 5: mfcrvmnz ($1.98 in chips) 
Seat 6: bojnice21 ($2.14 in chips) 
Seat 7: Player2969 ($1.35 in chips) 
Seat 8: Tweedy620 ($2 in chips) 
Seat 9: kio_kkk ($2 in chips) 
bojnice21: posts small blind $0.01
Player2969: posts big blind $0.02
*** HOLE CARDS ***
Dealt to Dorex2007 [As 3c]
Tweedy620: folds 
kio_kkk: folds 
goalie39: folds 
Dorex2007: folds 
Hoobs 23: folds 
*VM*727: folds 
mfcrvmnz: folds 
bojnice21: raises $0.04 to $0.06
Player2969: raises $1.29 to $1.35 and is all-in
bojnice21: folds 
Uncalled bet ($1.29) returned to Player2969
Player2969 collected $0.12 from pot
*** SUMMARY ***
Total pot $0.12 | Rake $0 
Seat 1: goalie39 folded before Flop (didn't bet)
Seat 2: Dorex2007 folded before Flop (didn't bet)
Seat 3: Hoobs 23 folded before Flop (didn't bet)
Seat 4: *VM*727 folded before Flop (didn't bet)
Seat 5: mfcrvmnz (button) folded before Flop (didn't bet)
Seat 6: bojnice21 (small blind) folded before Flop
Seat 7: Player2969 (big blind) collected ($0.12)
Seat 8: Tweedy620 folded before Flop (didn't bet)
Seat 9: kio_kkk folded before Flop (didn't bet)



PokerStars Hand #237367391569:  Hold'em No Limit ($0.01/$0.02 USD) - 2022/07/14 22:34:22 PT [2022/07/15 1:34:22 ET]
Table 'Eurynome III' 9-max Seat #6 is the button
Seat 1: goalie39 ($1.56 in chips) 
Seat 2: Dorex2007 ($2.01 in chips) 
Seat 3: Hoobs 23 ($4.01 in chips) 
Seat 4: *VM*727 ($1.94 in chips) 
Seat 5: mfcrvmnz ($1.98 in chips) 
Seat 6: bojnice21 ($2.08 in chips) 
Seat 7: Player2969 ($1.41 in chips) 
Seat 8: Tweedy620 ($2 in chips) 
Seat 9: kio_kkk ($2 in chips) 
Player2969: posts small blind $0.01
Tweedy620: posts big blind $0.02
*** HOLE CARDS ***
Dealt to Dorex2007 [8s 9d]
kio_kkk: folds 
goalie39: folds 
Dorex2007: folds 
Hoobs 23: folds 
*VM*727: folds 
mfcrvmnz: calls $0.02
bojnice21: folds 
Player2969: folds 
Tweedy620: checks 
*** FLOP *** [9c 3s 6h]
Tweedy620: checks 
mfcrvmnz: checks 
*** TURN *** [9c 3s 6h] [Th]
Tweedy620: checks 
mfcrvmnz: bets $0.05
Tweedy620: calls $0.05
*** RIVER *** [9c 3s 6h Th] [Kc]
Tweedy620: checks 
mfcrvmnz: bets $0.14
Tweedy620: folds 
Uncalled bet ($0.14) returned to mfcrvmnz
mfcrvmnz collected $0.14 from pot
*** SUMMARY ***
Total pot $0.15 | Rake $0.01 
Board [9c 3s 6h Th Kc]
Seat 1: goalie39 folded before Flop (didn't bet)
Seat 2: Dorex2007 folded before Flop (didn't bet)
Seat 3: Hoobs 23 folded before Flop (didn't bet)
Seat 4: *VM*727 folded before Flop (didn't bet)
Seat 5: mfcrvmnz collected ($0.14)
Seat 6: bojnice21 (button) folded before Flop (didn't bet)
Seat 7: Player2969 (small blind) folded before Flop
Seat 8: Tweedy620 (big blind) folded on the River
Seat 9: kio_kkk folded before Flop (didn't bet)



PokerStars Hand #237367395589:  Hold'em No Limit ($0.01/$0.02 USD) - 2022/07/14 22:34:59 PT [2022/07/15 1:34:59 ET]
Table 'Eurynome III' 9-max Seat #7 is the button
Seat 1: goalie39 ($1.56 in chips) 
Seat 2: Dorex2007 ($2.01 in chips) 
Seat 3: Hoobs 23 ($4.01 in chips) 
Seat 4: *VM*727 ($1.94 in chips) 
Seat 5: mfcrvmnz ($2.05 in chips) 
Seat 6: bojnice21 ($2.08 in chips) 
Seat 7: Player2969 ($1.40 in chips) 
Seat 8: Tweedy620 ($1.93 in chips) 
Seat 9: kio_kkk ($2 in chips) 
Tweedy620: posts small blind $0.01
kio_kkk: posts big blind $0.02
*** HOLE CARDS ***
Dealt to Dorex2007 [Ah 9h]
goalie39: calls $0.02
Dorex2007: calls $0.02
Hoobs 23: folds 
*VM*727: folds 
mfcrvmnz: calls $0.02
bojnice21: calls $0.02
Player2969: folds 
Tweedy620: folds 
kio_kkk: checks 
*** FLOP *** [8s 7h Th]
kio_kkk: checks 
goalie39: checks 
Dorex2007: bets $0.11
mfcrvmnz: folds 
bojnice21: folds 
kio_kkk: folds 
goalie39: folds 
Uncalled bet ($0.11) returned to Dorex2007
Dorex2007 collected $0.11 from pot
*** SUMMARY ***
Total pot $0.11 | Rake $0 
Board [8s 7h Th]
Seat 1: goalie39 folded on the Flop
Seat 2: Dorex2007 collected ($0.11)
Seat 3: Hoobs 23 folded before Flop (didn't bet)
Seat 4: *VM*727 folded before Flop (didn't bet)
Seat 5: mfcrvmnz folded on the Flop
Seat 6: bojnice21 folded on the Flop
Seat 7: Player2969 (button) folded before Flop (didn't bet)
Seat 8: Tweedy620 (small blind) folded before Flop
Seat 9: kio_kkk (big blind) folded on the Flop



PokerStars Hand #237367400049:  Hold'em No Limit ($0.01/$0.02 USD) - 2022/07/14 22:35:39 PT [2022/07/15 1:35:39 ET]
Table 'Eurynome III' 9-max Seat #8 is the button
Seat 1: goalie39 ($1.54 in chips) 
Seat 2: Dorex2007 ($2.10 in chips) 
Seat 3: Hoobs 23 ($4.01 in chips) 
Seat 4: *VM*727 ($1.94 in chips) 
Seat 5: mfcrvmnz ($2.03 in chips) 
Seat 6: bojnice21 ($2.06 in chips) 
Seat 7: Player2969 ($1.40 in chips) 
Seat 8: Tweedy620 ($1.92 in chips) 
Seat 9: kio_kkk ($2 in chips) 
kio_kkk: posts small blind $0.01
goalie39: posts big blind $0.02
*** HOLE CARDS ***
Dealt to Dorex2007 [Qc 9c]
Dorex2007: folds 
Hoobs 23: folds 
*VM*727: folds 
mfcrvmnz: folds 
bojnice21: folds 
Player2969: folds 
Tweedy620: calls $0.02
kio_kkk: folds 
goalie39: checks 
*** FLOP *** [4c Td 2c]
goalie39: checks 
Tweedy620: bets $0.06
goalie39: folds 
Uncalled bet ($0.06) returned to Tweedy620
Tweedy620 collected $0.05 from pot
*** SUMMARY ***
Total pot $0.05 | Rake $0 
Board [4c Td 2c]
Seat 1: goalie39 (big blind) folded on the Flop
Seat 2: Dorex2007 folded before Flop (didn't bet)
Seat 3: Hoobs 23 folded before Flop (didn't bet)
Seat 4: *VM*727 folded before Flop (didn't bet)
Seat 5: mfcrvmnz folded before Flop (didn't bet)
Seat 6: bojnice21 folded before Flop (didn't bet)
Seat 7: Player2969 folded before Flop (didn't bet)
Seat 8: Tweedy620 (button) collected ($0.05)
Seat 9: kio_kkk (small blind) folded before Flop



PokerStars Hand #237367403220:  Hold'em No Limit ($0.01/$0.02 USD) - 2022/07/14 22:36:09 PT [2022/07/15 1:36:09 ET]
Table 'Eurynome III' 9-max Seat #9 is the button
Seat 1: goalie39 ($1.52 in chips) 
Seat 2: Dorex2007 ($2.10 in chips) 
Seat 3: Hoobs 23 ($4.01 in chips) 
Seat 4: *VM*727 ($1.94 in chips) 
Seat 5: mfcrvmnz ($2.03 in chips) 
Seat 6: bojnice21 ($2.06 in chips) 
Seat 7: Player2969 ($1.40 in chips) 
Seat 8: Tweedy620 ($1.95 in chips) 
Seat 9: kio_kkk ($2 in chips) 
goalie39: posts small blind $0.01
Dorex2007: posts big blind $0.02
*** HOLE CARDS ***
Dealt to Dorex2007 [Ac 4c]
Hoobs 23: folds 
*VM*727: calls $0.02
mfcrvmnz: raises $0.12 to $0.14
bojnice21: folds 
Player2969: folds 
Tweedy620: folds 
kio_kkk: folds 
goalie39: folds 
Dorex2007: folds 
*VM*727: raises $1.80 to $1.94 and is all-in
mfcrvmnz: calls $1.80
*** FLOP *** [7h 5h 7d]
*** TURN *** [7h 5h 7d] [9d]
*** RIVER *** [7h 5h 7d 9d] [Ad]
*** SHOW DOWN ***
*VM*727: shows [Kh Kd] (two pair, Kings and Sevens)
mfcrvmnz: shows [9h 9s] (a full house, Nines full of Sevens)
mfcrvmnz collected $3.77 from pot
*VM*727 cashed out the hand for $3.02 | Cash Out Fee $0.03
*** SUMMARY ***
Total pot $3.91 | Rake $0.14 
Board [7h 5h 7d 9d Ad]
Seat 1: goalie39 (small blind) folded before Flop
Seat 2: Dorex2007 (big blind) folded before Flop
Seat 3: Hoobs 23 folded before Flop (didn't bet)
Seat 4: *VM*727 showed [Kh Kd] and lost with two pair, Kings and Sevens (cashed out).
Seat 5: mfcrvmnz showed [9h 9s] and won ($3.77) with a full house, Nines full of Sevens
Seat 6: bojnice21 folded before Flop (didn't bet)
Seat 7: Player2969 folded before Flop (didn't bet)
Seat 8: Tweedy620 folded before Flop (didn't bet)
Seat 9: kio_kkk (button) folded before Flop (didn't bet)



PokerStars Hand #237367409241:  Hold'em No Limit ($0.01/$0.02 USD) - 2022/07/14 22:37:04 PT [2022/07/15 1:37:04 ET]
Table 'Eurynome III' 9-max Seat #1 is the button
Seat 1: goalie39 ($1.51 in chips) 
Seat 2: Dorex2007 ($2.08 in chips) 
Seat 3: Hoobs 23 ($4.01 in chips) 
Seat 4: *VM*727 ($3.02 in chips) 
Seat 5: mfcrvmnz ($3.86 in chips) 
Seat 6: bojnice21 ($2.06 in chips) 
Seat 7: Player2969 ($1.40 in chips) 
Seat 8: Tweedy620 ($1.95 in chips) 
Seat 9: kio_kkk ($2 in chips) 
Dorex2007: posts small blind $0.01
Hoobs 23: posts big blind $0.02
*** HOLE CARDS ***
Dealt to Dorex2007 [Kc Ks]
*VM*727: calls $0.02
mfcrvmnz: folds 
bojnice21: folds 
Player2969: folds 
Tweedy620: folds 
kio_kkk: folds 
goalie39: calls $0.02
Dorex2007: raises $0.06 to $0.08
Hoobs 23: calls $0.06
*VM*727: calls $0.06
goalie39: folds 
*** FLOP *** [Td 4d 2h]
Dorex2007: bets $0.25
Hoobs 23: calls $0.25
*VM*727: folds 
*** TURN *** [Td 4d 2h] [Qc]
Dorex2007: bets $1.75 and is all-in
Hoobs 23: folds 
Uncalled bet ($1.75) returned to Dorex2007
Dorex2007 collected $0.73 from pot
*** SUMMARY ***
Total pot $0.76 | Rake $0.03 
Board [Td 4d 2h Qc]
Seat 1: goalie39 (button) folded before Flop
Seat 2: Dorex2007 (small blind) collected ($0.73)
Seat 3: Hoobs 23 (big blind) folded on the Turn
Seat 4: *VM*727 folded on the Flop
Seat 5: mfcrvmnz folded before Flop (didn't bet)
Seat 6: bojnice21 folded before Flop (didn't bet)
Seat 7: Player2969 folded before Flop (didn't bet)
Seat 8: Tweedy620 folded before Flop (didn't bet)
Seat 9: kio_kkk folded before Flop (didn't bet)



PokerStars Hand #237367417180:  Hold'em No Limit ($0.01/$0.02 USD) - 2022/07/14 22:38:19 PT [2022/07/15 1:38:19 ET]
Table 'Eurynome III' 9-max Seat #2 is the button
Seat 1: goalie39 ($1.49 in chips) 
Seat 2: Dorex2007 ($2.48 in chips) 
Seat 3: Hoobs 23 ($3.68 in chips) 
Seat 4: *VM*727 ($2.94 in chips) 
Seat 5: mfcrvmnz ($3.86 in chips) 
Seat 6: bojnice21 ($2.06 in chips) 
Seat 7: Player2969 ($1.40 in chips) 
Seat 8: Tweedy620 ($1.95 in chips) 
Seat 9: kio_kkk ($2 in chips) 
Hoobs 23: posts small blind $0.01
*VM*727: posts big blind $0.02
*** HOLE CARDS ***
Dealt to Dorex2007 [3c Tc]
mfcrvmnz: folds 
bojnice21: folds 
Player2969: folds 
Tweedy620: folds 
kio_kkk: folds 
goalie39: raises $0.04 to $0.06
Dorex2007: folds 
Hoobs 23: folds 
*VM*727: folds 
Uncalled bet ($0.04) returned to goalie39
goalie39 collected $0.05 from pot
*** SUMMARY ***
Total pot $0.05 | Rake $0 
Seat 1: goalie39 collected ($0.05)
Seat 2: Dorex2007 (button) folded before Flop (didn't bet)
Seat 3: Hoobs 23 (small blind) folded before Flop
Seat 4: *VM*727 (big blind) folded before Flop
Seat 5: mfcrvmnz folded before Flop (didn't bet)
Seat 6: bojnice21 folded before Flop (didn't bet)
Seat 7: Player2969 folded before Flop (didn't bet)
Seat 8: Tweedy620 folded before Flop (didn't bet)
Seat 9: kio_kkk folded before Flop (didn't bet)



PokerStars Hand #237367420748:  Hold'em No Limit ($0.01/$0.02 USD) - 2022/07/14 22:38:52 PT [2022/07/15 1:38:52 ET]
Table 'Eurynome III' 9-max Seat #3 is the button
Seat 1: goalie39 ($1.52 in chips) 
Seat 2: Dorex2007 ($2.48 in chips) 
Seat 3: Hoobs 23 ($3.67 in chips) 
Seat 4: *VM*727 ($2.92 in chips) 
Seat 5: mfcrvmnz ($3.86 in chips) 
Seat 6: bojnice21 ($2.06 in chips) 
Seat 7: Player2969 ($1.40 in chips) 
Seat 8: Tweedy620 ($1.95 in chips) 
Seat 9: kio_kkk ($2 in chips) 
*VM*727: posts small blind $0.01
mfcrvmnz: posts big blind $0.02
*** HOLE CARDS ***
Dealt to Dorex2007 [Kd 3s]
bojnice21: folds 
Player2969: folds 
Tweedy620: calls $0.02
kio_kkk: calls $0.02
goalie39: folds 
Dorex2007 has timed out
Dorex2007: folds 
Hoobs 23: folds 
*VM*727: calls $0.01
mfcrvmnz: checks 
*** FLOP *** [Ad Ah Th]
*VM*727: checks 
mfcrvmnz: checks 
Tweedy620: checks 
kio_kkk: bets $0.04
*VM*727: folds 
mfcrvmnz: folds 
Tweedy620: folds 
Uncalled bet ($0.04) returned to kio_kkk
kio_kkk collected $0.08 from pot
*** SUMMARY ***
Total pot $0.08 | Rake $0 
Board [Ad Ah Th]
Seat 1: goalie39 folded before Flop (didn't bet)
Seat 2: Dorex2007 folded before Flop (didn't bet)
Seat 3: Hoobs 23 (button) folded before Flop (didn't bet)
Seat 4: *VM*727 (small blind) folded on the Flop
Seat 5: mfcrvmnz (big blind) folded on the Flop
Seat 6: bojnice21 folded before Flop (didn't bet)
Seat 7: Player2969 folded before Flop (didn't bet)
Seat 8: Tweedy620 folded on the Flop
Seat 9: kio_kkk collected ($0.08)



PokerStars Hand #237367426374:  Hold'em No Limit ($0.01/$0.02 USD) - 2022/07/14 22:39:45 PT [2022/07/15 1:39:45 ET]
Table 'Eurynome III' 9-max Seat #4 is the button
Seat 1: goalie39 ($1.52 in chips) 
Seat 2: Dorex2007 ($2.48 in chips) 
Seat 3: Hoobs 23 ($3.67 in chips) 
Seat 4: *VM*727 ($2.90 in chips) 
Seat 5: mfcrvmnz ($3.84 in chips) 
Seat 6: bojnice21 ($2.06 in chips) 
Seat 7: Player2969 ($1.40 in chips) 
Seat 8: Tweedy620 ($1.93 in chips) 
Seat 9: kio_kkk ($2.06 in chips) 
mfcrvmnz: posts small blind $0.01
bojnice21: posts big blind $0.02
*** HOLE CARDS ***
Dealt to Dorex2007 [7s 7d]
Player2969: folds 
Tweedy620: folds 
kio_kkk: folds 
goalie39: folds 
Dorex2007: raises $0.04 to $0.06
Hoobs 23: folds 
*VM*727: calls $0.06
mfcrvmnz: folds 
bojnice21: calls $0.04
*** FLOP *** [Js Kh Kd]
bojnice21: checks 
Dorex2007: bets $0.09
*VM*727: folds 
bojnice21: folds 
Uncalled bet ($0.09) returned to Dorex2007
Dorex2007 collected $0.18 from pot
*** SUMMARY ***
Total pot $0.19 | Rake $0.01 
Board [Js Kh Kd]
Seat 1: goalie39 folded before Flop (didn't bet)
Seat 2: Dorex2007 collected ($0.18)
Seat 3: Hoobs 23 folded before Flop (didn't bet)
Seat 4: *VM*727 (button) folded on the Flop
Seat 5: mfcrvmnz (small blind) folded before Flop
Seat 6: bojnice21 (big blind) folded on the Flop
Seat 7: Player2969 folded before Flop (didn't bet)
Seat 8: Tweedy620 folded before Flop (didn't bet)
Seat 9: kio_kkk folded before Flop (didn't bet)



PokerStars Hand #237367431004:  Hold'em No Limit ($0.01/$0.02 USD) - 2022/07/14 22:40:28 PT [2022/07/15 1:40:28 ET]
Table 'Eurynome III' 9-max Seat #5 is the button
Seat 1: goalie39 ($1.52 in chips) 
Seat 2: Dorex2007 ($2.60 in chips) 
Seat 3: Hoobs 23 ($3.67 in chips) 
Seat 4: *VM*727 ($2.84 in chips) 
Seat 5: mfcrvmnz ($3.83 in chips) 
Seat 6: bojnice21 ($2 in chips) 
Seat 7: Player2969 ($1.40 in chips) 
Seat 9: kio_kkk ($2.06 in chips) 
bojnice21: posts small blind $0.01
Player2969: posts big blind $0.02
*** HOLE CARDS ***
Dealt to Dorex2007 [2c 2h]
kio_kkk: folds 
goalie39: folds 
Dorex2007: calls $0.02
Hoobs 23: folds 
*VM*727: folds 
mfcrvmnz: folds 
bojnice21: calls $0.01
Player2969: checks 
*** FLOP *** [8c Js Qs]
bojnice21: checks 
Player2969: checks 
Dorex2007: checks 
*** TURN *** [8c Js Qs] [3d]
bojnice21: checks 
Player2969: checks 
Dorex2007: checks 
*** RIVER *** [8c Js Qs 3d] [Th]
bojnice21: checks 
Player2969: checks 
Dorex2007: checks 
*** SHOW DOWN ***
bojnice21: shows [Jc Kh] (a pair of Jacks)
Player2969: mucks hand 
Dorex2007: mucks hand 
bojnice21 collected $0.06 from pot
*** SUMMARY ***
Total pot $0.06 | Rake $0 
Board [8c Js Qs 3d Th]
Seat 1: goalie39 folded before Flop (didn't bet)
Seat 2: Dorex2007 mucked [2c 2h]
Seat 3: Hoobs 23 folded before Flop (didn't bet)
Seat 4: *VM*727 folded before Flop (didn't bet)
Seat 5: mfcrvmnz (button) folded before Flop (didn't bet)
Seat 6: bojnice21 (small blind) showed [Jc Kh] and won ($0.06) with a pair of Jacks
Seat 7: Player2969 (big blind) mucked [3c 5h]
Seat 9: kio_kkk folded before Flop (didn't bet)



PokerStars Hand #237367440687:  Hold'em No Limit ($0.01/$0.02 USD) - 2022/07/14 22:42:00 PT [2022/07/15 1:42:00 ET]
Table 'Eurynome III' 9-max Seat #6 is the button
Seat 1: goalie39 ($1.52 in chips) 
Seat 2: Dorex2007 ($2.58 in chips) 
Seat 3: Hoobs 23 ($3.67 in chips) 
Seat 4: *VM*727 ($2.84 in chips) 
Seat 5: mfcrvmnz ($3.83 in chips) 
Seat 6: bojnice21 ($2.04 in chips) 
Seat 7: Player2969 ($1.38 in chips) 
Seat 9: kio_kkk ($2.06 in chips) 
Player2969: posts small blind $0.01
kio_kkk: posts big blind $0.02
*** HOLE CARDS ***
Dealt to Dorex2007 [6d 4d]
goalie39: folds 
Dorex2007: folds 
Hoobs 23: folds 
*VM*727: folds 
mfcrvmnz: calls $0.02
bojnice21: folds 
Player2969: folds 
kio_kkk: raises $0.08 to $0.10
mfcrvmnz: calls $0.08
*** FLOP *** [Th As 7h]
kio_kkk: bets $0.06
mfcrvmnz: calls $0.06
*** TURN *** [Th As 7h] [2h]
kio_kkk: checks 
mfcrvmnz: checks 
*** RIVER *** [Th As 7h 2h] [Qc]
kio_kkk: bets $0.38
mfcrvmnz: folds 
Uncalled bet ($0.38) returned to kio_kkk
kio_kkk collected $0.32 from pot
*** SUMMARY ***
Total pot $0.33 | Rake $0.01 
Board [Th As 7h 2h Qc]
Seat 1: goalie39 folded before Flop (didn't bet)
Seat 2: Dorex2007 folded before Flop (didn't bet)
Seat 3: Hoobs 23 folded before Flop (didn't bet)
Seat 4: *VM*727 folded before Flop (didn't bet)
Seat 5: mfcrvmnz folded on the River
Seat 6: bojnice21 (button) folded before Flop (didn't bet)
Seat 7: Player2969 (small blind) folded before Flop
Seat 9: kio_kkk (big blind) collected ($0.32)



PokerStars Hand #237367447598:  Hold'em No Limit ($0.01/$0.02 USD) - 2022/07/14 22:43:05 PT [2022/07/15 1:43:05 ET]
Table 'Eurynome III' 9-max Seat #7 is the button
Seat 1: goalie39 ($1.52 in chips) 
Seat 2: Dorex2007 ($2.58 in chips) 
Seat 3: Hoobs 23 ($3.67 in chips) 
Seat 4: *VM*727 ($2.84 in chips) 
Seat 5: mfcrvmnz ($3.67 in chips) 
Seat 6: bojnice21 ($2.04 in chips) 
Seat 7: Player2969 ($1.37 in chips) 
Seat 9: kio_kkk ($2.22 in chips) 
kio_kkk: posts small blind $0.01
goalie39: posts big blind $0.02
*** HOLE CARDS ***
Dealt to Dorex2007 [9h 2h]
Dorex2007: folds 
Hoobs 23: folds 
*VM*727: folds 
mfcrvmnz: calls $0.02
bojnice21: folds 
Player2969: folds 
kio_kkk: calls $0.01
goalie39: checks 
*** FLOP *** [Jh 7h Tc]
kio_kkk: bets $0.03
*VM*727 leaves the table
goalie39: folds 
mfcrvmnz: calls $0.03
*** TURN *** [Jh 7h Tc] [Qd]
kio_kkk: checks 
mfcrvmnz: checks 
*** RIVER *** [Jh 7h Tc Qd] [Js]
kio_kkk: bets $0.14
mfcrvmnz: folds 
Uncalled bet ($0.14) returned to kio_kkk
kio_kkk collected $0.12 from pot
*** SUMMARY ***
Total pot $0.12 | Rake $0 
Board [Jh 7h Tc Qd Js]
Seat 1: goalie39 (big blind) folded on the Flop
Seat 2: Dorex2007 folded before Flop (didn't bet)
Seat 3: Hoobs 23 folded before Flop (didn't bet)
Seat 4: *VM*727 folded before Flop (didn't bet)
Seat 5: mfcrvmnz folded on the River
Seat 6: bojnice21 folded before Flop (didn't bet)
Seat 7: Player2969 (button) folded before Flop (didn't bet)
Seat 9: kio_kkk (small blind) collected ($0.12)



PokerStars Hand #237367455175:  Hold'em No Limit ($0.01/$0.02 USD) - 2022/07/14 22:44:15 PT [2022/07/15 1:44:15 ET]
Table 'Eurynome III' 9-max Seat #9 is the button
Seat 1: goalie39 ($1.50 in chips) 
Seat 2: Dorex2007 ($2.58 in chips) 
Seat 3: Hoobs 23 ($3.67 in chips) 
Seat 5: mfcrvmnz ($3.62 in chips) 
Seat 6: bojnice21 ($2.04 in chips) 
Seat 7: Player2969 ($1.37 in chips) 
Seat 9: kio_kkk ($2.29 in chips) 
goalie39: posts small blind $0.01
Dorex2007: posts big blind $0.02
2johnt2: sits out 
*** HOLE CARDS ***
Dealt to Dorex2007 [9h As]
Hoobs 23: folds 
mfcrvmnz: calls $0.02
bojnice21: folds 
Player2969: folds 
kio_kkk: folds 
goalie39: calls $0.01
Dorex2007: checks 
*** FLOP *** [3s 8h 7h]
goalie39: checks 
Dorex2007: checks 
mfcrvmnz: checks 
*** TURN *** [3s 8h 7h] [9d]
goalie39: checks 
Dorex2007: bets $0.06
mfcrvmnz: calls $0.06
goalie39: folds 
*** RIVER *** [3s 8h 7h 9d] [4d]
Dorex2007: bets $0.08
mfcrvmnz: folds 
Uncalled bet ($0.08) returned to Dorex2007
Dorex2007 collected $0.17 from pot
*** SUMMARY ***
Total pot $0.18 | Rake $0.01 
Board [3s 8h 7h 9d 4d]
Seat 1: goalie39 (small blind) folded on the Turn
Seat 2: Dorex2007 (big blind) collected ($0.17)
Seat 3: Hoobs 23 folded before Flop (didn't bet)
Seat 5: mfcrvmnz folded on the River
Seat 6: bojnice21 folded before Flop (didn't bet)
Seat 7: Player2969 folded before Flop (didn't bet)
Seat 9: kio_kkk (button) folded before Flop (didn't bet)



PokerStars Hand #237367460081:  Hold'em No Limit ($0.01/$0.02 USD) - 2022/07/14 22:45:01 PT [2022/07/15 1:45:01 ET]
Table 'Eurynome III' 9-max Seat #1 is the button
Seat 1: goalie39 ($1.48 in chips) 
Seat 2: Dorex2007 ($2.67 in chips) 
Seat 3: Hoobs 23 ($3.67 in chips) 
Seat 5: mfcrvmnz ($3.54 in chips) 
Seat 6: bojnice21 ($2.04 in chips) 
Seat 7: Player2969 ($1.37 in chips) 
Seat 9: kio_kkk ($2.29 in chips) 
Dorex2007: posts small blind $0.01
Hoobs 23: posts big blind $0.02
2johnt2: sits out 
*** HOLE CARDS ***
Dealt to Dorex2007 [8s Th]
mfcrvmnz: folds 
bojnice21: folds 
Player2969: folds 
kio_kkk: calls $0.02
goalie39: calls $0.02
Dorex2007: folds 
Hoobs 23: checks 
*** FLOP *** [7d Qc 5h]
Hoobs 23: checks 
kio_kkk: checks 
goalie39: bets $0.04
Hoobs 23: folds 
kio_kkk: folds 
Uncalled bet ($0.04) returned to goalie39
goalie39 collected $0.07 from pot
*** SUMMARY ***
Total pot $0.07 | Rake $0 
Board [7d Qc 5h]
Seat 1: goalie39 (button) collected ($0.07)
Seat 2: Dorex2007 (small blind) folded before Flop
Seat 3: Hoobs 23 (big blind) folded on the Flop
Seat 5: mfcrvmnz folded before Flop (didn't bet)
Seat 6: bojnice21 folded before Flop (didn't bet)
Seat 7: Player2969 folded before Flop (didn't bet)
Seat 9: kio_kkk folded on the Flop



PokerStars Hand #237367465461:  Hold'em No Limit ($0.01/$0.02 USD) - 2022/07/14 22:45:51 PT [2022/07/15 1:45:51 ET]
Table 'Eurynome III' 9-max Seat #2 is the button
Seat 1: goalie39 ($1.53 in chips) 
Seat 2: Dorex2007 ($2.66 in chips) 
Seat 3: Hoobs 23 ($3.65 in chips) 
Seat 4: 2johnt2 ($2 in chips) 
Seat 5: mfcrvmnz ($3.54 in chips) 
Seat 6: bojnice21 ($2.04 in chips) 
Seat 7: Player2969 ($1.37 in chips) 
Seat 9: kio_kkk ($2.27 in chips) 
Hoobs 23: posts small blind $0.01
2johnt2: posts big blind $0.02
*** HOLE CARDS ***
Dealt to Dorex2007 [3h 2d]
mfcrvmnz: folds 
bojnice21: folds 
Player2969: folds 
kio_kkk: folds 
goalie39: raises $0.04 to $0.06
Dorex2007: folds 
Hoobs 23: folds 
2johnt2: folds 
Uncalled bet ($0.04) returned to goalie39
goalie39 collected $0.05 from pot
*** SUMMARY ***
Total pot $0.05 | Rake $0 
Seat 1: goalie39 collected ($0.05)
Seat 2: Dorex2007 (button) folded before Flop (didn't bet)
Seat 3: Hoobs 23 (small blind) folded before Flop
Seat 4: 2johnt2 (big blind) folded before Flop
Seat 5: mfcrvmnz folded before Flop (didn't bet)
Seat 6: bojnice21 folded before Flop (didn't bet)
Seat 7: Player2969 folded before Flop (didn't bet)
Seat 9: kio_kkk folded before Flop (didn't bet)



PokerStars Hand #237367468561:  Hold'em No Limit ($0.01/$0.02 USD) - 2022/07/14 22:46:20 PT [2022/07/15 1:46:20 ET]
Table 'Eurynome III' 9-max Seat #3 is the button
Seat 1: goalie39 ($1.56 in chips) 
Seat 2: Dorex2007 ($2.66 in chips) 
Seat 3: Hoobs 23 ($3.64 in chips) 
Seat 4: 2johnt2 ($1.98 in chips) 
Seat 5: mfcrvmnz ($3.54 in chips) 
Seat 6: bojnice21 ($2.04 in chips) 
Seat 7: Player2969 ($1.37 in chips) 
Seat 9: kio_kkk ($2.27 in chips) 
2johnt2: posts small blind $0.01
mfcrvmnz: posts big blind $0.02
*** HOLE CARDS ***
Dealt to Dorex2007 [Ah Ts]
bojnice21: folds 
Player2969 has timed out
Player2969: folds 
kio_kkk: folds 
goalie39: raises $0.04 to $0.06
Dorex2007: calls $0.06
Hoobs 23: folds 
2johnt2: folds 
mfcrvmnz: calls $0.04
*** FLOP *** [Ac 5h 8c]
mfcrvmnz: checks 
goalie39: checks 
Dorex2007: bets $0.12
mfcrvmnz: folds 
goalie39: calls $0.12
*** TURN *** [Ac 5h 8c] [6d]
goalie39: checks 
Dorex2007: checks 
*** RIVER *** [Ac 5h 8c 6d] [8h]
goalie39: bets $0.24
Dorex2007: calls $0.24
*** SHOW DOWN ***
goalie39: shows [As Td] (two pair, Aces and Eights)
Dorex2007: shows [Ah Ts] (two pair, Aces and Eights)
goalie39 collected $0.44 from pot
Dorex2007 collected $0.44 from pot
*** SUMMARY ***
Total pot $0.91 | Rake $0.03 
Board [Ac 5h 8c 6d 8h]
Seat 1: goalie39 showed [As Td] and won ($0.44) with two pair, Aces and Eights
Seat 2: Dorex2007 showed [Ah Ts] and won ($0.44) with two pair, Aces and Eights
Seat 3: Hoobs 23 (button) folded before Flop (didn't bet)
Seat 4: 2johnt2 (small blind) folded before Flop
Seat 5: mfcrvmnz (big blind) folded on the Flop
Seat 6: bojnice21 folded before Flop (didn't bet)
Seat 7: Player2969 folded before Flop (didn't bet)
Seat 9: kio_kkk folded before Flop (didn't bet)



PokerStars Hand #237367476067:  Hold'em No Limit ($0.01/$0.02 USD) - 2022/07/14 22:47:32 PT [2022/07/15 1:47:32 ET]
Table 'Eurynome III' 9-max Seat #4 is the button
Seat 1: goalie39 ($1.58 in chips) 
Seat 2: Dorex2007 ($2.68 in chips) 
Seat 3: Hoobs 23 ($3.64 in chips) 
Seat 4: 2johnt2 ($1.97 in chips) 
Seat 5: mfcrvmnz ($3.48 in chips) 
Seat 6: bojnice21 ($2.04 in chips) 
Seat 7: Player2969 ($1.37 in chips) 
Seat 9: kio_kkk ($2.27 in chips) 
mfcrvmnz: posts small blind $0.01
bojnice21: posts big blind $0.02
Tweedy620: sits out 
*** HOLE CARDS ***
Dealt to Dorex2007 [3h Qh]
Player2969: calls $0.02
kio_kkk: folds 
goalie39: folds 
Dorex2007: folds 
Hoobs 23: folds 
2johnt2: folds 
mfcrvmnz: calls $0.01
bojnice21: checks 
*** FLOP *** [9c Jc Kc]
mfcrvmnz: checks 
bojnice21: checks 
Player2969: bets $0.02
mfcrvmnz: folds 
bojnice21: folds 
Uncalled bet ($0.02) returned to Player2969
Player2969 collected $0.06 from pot
*** SUMMARY ***
Total pot $0.06 | Rake $0 
Board [9c Jc Kc]
Seat 1: goalie39 folded before Flop (didn't bet)
Seat 2: Dorex2007 folded before Flop (didn't bet)
Seat 3: Hoobs 23 folded before Flop (didn't bet)
Seat 4: 2johnt2 (button) folded before Flop (didn't bet)
Seat 5: mfcrvmnz (small blind) folded on the Flop
Seat 6: bojnice21 (big blind) folded on the Flop
Seat 7: Player2969 collected ($0.06)
Seat 9: kio_kkk folded before Flop (didn't bet)



PokerStars Hand #237367481607:  Hold'em No Limit ($0.01/$0.02 USD) - 2022/07/14 22:48:23 PT [2022/07/15 1:48:23 ET]
Table 'Eurynome III' 9-max Seat #5 is the button
Seat 1: goalie39 ($1.58 in chips) 
Seat 2: Dorex2007 ($2.68 in chips) 
Seat 3: Hoobs 23 ($3.64 in chips) 
Seat 4: 2johnt2 ($1.97 in chips) 
Seat 5: mfcrvmnz ($3.46 in chips) 
Seat 6: bojnice21 ($2.02 in chips) 
Seat 7: Player2969 ($1.41 in chips) 
Seat 9: kio_kkk ($2.27 in chips) 
bojnice21: posts small blind $0.01
Player2969: posts big blind $0.02
Tweedy620: sits out 
*** HOLE CARDS ***
Dealt to Dorex2007 [5c 2s]
kio_kkk has timed out
kio_kkk: folds 
goalie39: folds 
Dorex2007: folds 
Hoobs 23: folds 
2johnt2: folds 
mfcrvmnz: calls $0.02
bojnice21: calls $0.01
Player2969: checks 
*** FLOP *** [3d 8c 7s]
bojnice21: checks 
Player2969: checks 
mfcrvmnz: bets $0.06
bojnice21: folds 
Player2969: raises $0.18 to $0.24
mfcrvmnz: folds 
Uncalled bet ($0.18) returned to Player2969
Player2969 collected $0.17 from pot
*** SUMMARY ***
Total pot $0.18 | Rake $0.01 
Board [3d 8c 7s]
Seat 1: goalie39 folded before Flop (didn't bet)
Seat 2: Dorex2007 folded before Flop (didn't bet)
Seat 3: Hoobs 23 folded before Flop (didn't bet)
Seat 4: 2johnt2 folded before Flop (didn't bet)
Seat 5: mfcrvmnz (button) folded on the Flop
Seat 6: bojnice21 (small blind) folded on the Flop
Seat 7: Player2969 (big blind) collected ($0.17)
Seat 9: kio_kkk folded before Flop (didn't bet)



PokerStars Hand #237367490037:  Hold'em No Limit ($0.01/$0.02 USD) - 2022/07/14 22:49:42 PT [2022/07/15 1:49:42 ET]
Table 'Eurynome III' 9-max Seat #6 is the button
Seat 1: goalie39 ($1.58 in chips) 
Seat 2: Dorex2007 ($2.68 in chips) 
Seat 3: Hoobs 23 ($3.64 in chips) 
Seat 4: 2johnt2 ($1.97 in chips) 
Seat 5: mfcrvmnz ($3.38 in chips) 
Seat 6: bojnice21 ($2 in chips) 
Seat 7: Player2969 ($1.50 in chips) 
Seat 8: Tweedy620 ($1.93 in chips) 
Seat 9: kio_kkk ($2.27 in chips) 
Player2969: posts small blind $0.01
Tweedy620: posts big blind $0.02
*** HOLE CARDS ***
Dealt to Dorex2007 [7c Kc]
kio_kkk has timed out
kio_kkk: folds 
goalie39: calls $0.02
Dorex2007: folds 
Hoobs 23: folds 
2johnt2: calls $0.02
mfcrvmnz: raises $0.16 to $0.18
bojnice21: folds 
Player2969: folds 
Tweedy620: folds 
goalie39: folds 
2johnt2: folds 
Uncalled bet ($0.16) returned to mfcrvmnz
mfcrvmnz collected $0.09 from pot
*** SUMMARY ***
Total pot $0.09 | Rake $0 
Seat 1: goalie39 folded before Flop
Seat 2: Dorex2007 folded before Flop (didn't bet)
Seat 3: Hoobs 23 folded before Flop (didn't bet)
Seat 4: 2johnt2 folded before Flop
Seat 5: mfcrvmnz collected ($0.09)
Seat 6: bojnice21 (button) folded before Flop (didn't bet)
Seat 7: Player2969 (small blind) folded before Flop
Seat 8: Tweedy620 (big blind) folded before Flop
Seat 9: kio_kkk folded before Flop (didn't bet)



PokerStars Hand #237367495230:  Hold'em No Limit ($0.01/$0.02 USD) - 2022/07/14 22:50:30 PT [2022/07/15 1:50:30 ET]
Table 'Eurynome III' 9-max Seat #7 is the button
Seat 1: goalie39 ($1.56 in chips) 
Seat 2: Dorex2007 ($2.68 in chips) 
Seat 3: Hoobs 23 ($3.64 in chips) 
Seat 4: 2johnt2 ($1.95 in chips) 
Seat 5: mfcrvmnz ($3.45 in chips) 
Seat 6: bojnice21 ($2 in chips) 
Seat 7: Player2969 ($1.49 in chips) 
Seat 8: Tweedy620 ($1.91 in chips) 
Tweedy620: posts small blind $0.01
goalie39: posts big blind $0.02
*** HOLE CARDS ***
Dealt to Dorex2007 [Qd 8s]
Dorex2007: folds 
Hoobs 23: folds 
2johnt2: raises $0.04 to $0.06
mfcrvmnz: folds 
bojnice21: folds 
Player2969: folds 
Tweedy620: calls $0.05
goalie39: folds 
*** FLOP *** [2c 9c Qs]
Tweedy620: checks 
2johnt2: bets $0.08
Tweedy620: folds 
Uncalled bet ($0.08) returned to 2johnt2
2johnt2 collected $0.14 from pot
*** SUMMARY ***
Total pot $0.14 | Rake $0 
Board [2c 9c Qs]
Seat 1: goalie39 (big blind) folded before Flop
Seat 2: Dorex2007 folded before Flop (didn't bet)
Seat 3: Hoobs 23 folded before Flop (didn't bet)
Seat 4: 2johnt2 collected ($0.14)
Seat 5: mfcrvmnz folded before Flop (didn't bet)
Seat 6: bojnice21 folded before Flop (didn't bet)
Seat 7: Player2969 (button) folded before Flop (didn't bet)
Seat 8: Tweedy620 (small blind) folded on the Flop



PokerStars Hand #237367499370:  Hold'em No Limit ($0.01/$0.02 USD) - 2022/07/14 22:51:09 PT [2022/07/15 1:51:09 ET]
Table 'Eurynome III' 9-max Seat #8 is the button
Seat 1: goalie39 ($1.54 in chips) 
Seat 2: Dorex2007 ($2.68 in chips) 
Seat 3: Hoobs 23 ($3.64 in chips) 
Seat 4: 2johnt2 ($2.03 in chips) 
Seat 5: mfcrvmnz ($3.45 in chips) 
Seat 6: bojnice21 ($2 in chips) 
Seat 7: Player2969 ($1.49 in chips) 
Seat 8: Tweedy620 ($1.85 in chips) 
goalie39: posts small blind $0.01
Dorex2007: posts big blind $0.02
*** HOLE CARDS ***
Dealt to Dorex2007 [Tc 4d]
Hoobs 23: raises $0.04 to $0.06
2johnt2: folds 
mfcrvmnz: folds 
bojnice21: calls $0.06
Player2969 has timed out
Player2969: folds 
Tweedy620: folds 
goalie39: folds 
Dorex2007: folds 
*** FLOP *** [2h Qd 4c]
Hoobs 23: bets $0.02
bojnice21: calls $0.02
*** TURN *** [2h Qd 4c] [8d]
Hoobs 23: checks 
bojnice21: checks 
*** RIVER *** [2h Qd 4c 8d] [8c]
Hoobs 23: checks 
bojnice21: checks 
*** SHOW DOWN ***
Hoobs 23: shows [Jc As] (a pair of Eights)
bojnice21: shows [9d 9c] (two pair, Nines and Eights)
bojnice21 collected $0.18 from pot
*** SUMMARY ***
Total pot $0.19 | Rake $0.01 
Board [2h Qd 4c 8d 8c]
Seat 1: goalie39 (small blind) folded before Flop
Seat 2: Dorex2007 (big blind) folded before Flop
Seat 3: Hoobs 23 showed [Jc As] and lost with a pair of Eights
Seat 4: 2johnt2 folded before Flop (didn't bet)
Seat 5: mfcrvmnz folded before Flop (didn't bet)
Seat 6: bojnice21 showed [9d 9c] and won ($0.18) with two pair, Nines and Eights
Seat 7: Player2969 folded before Flop (didn't bet)
Seat 8: Tweedy620 (button) folded before Flop (didn't bet)



PokerStars Hand #237367504069:  Hold'em No Limit ($0.01/$0.02 USD) - 2022/07/14 22:51:53 PT [2022/07/15 1:51:53 ET]
Table 'Eurynome III' 9-max Seat #1 is the button
Seat 1: goalie39 ($1.53 in chips) 
Seat 2: Dorex2007 ($2.66 in chips) 
Seat 3: Hoobs 23 ($3.56 in chips) 
Seat 4: 2johnt2 ($2.03 in chips) 
Seat 5: mfcrvmnz ($3.45 in chips) 
Seat 6: bojnice21 ($2.10 in chips) 
Seat 8: Tweedy620 ($1.85 in chips) 
Dorex2007: posts small blind $0.01
Hoobs 23: posts big blind $0.02
kio_kkk: sits out 
*** HOLE CARDS ***
Dealt to Dorex2007 [Qd Ad]
2johnt2: raises $0.04 to $0.06
mfcrvmnz: folds 
bojnice21: calls $0.06
Tweedy620: folds 
goalie39: folds 
Dorex2007: calls $0.05
Hoobs 23: calls $0.04
*** FLOP *** [Qh 5d 9d]
Dorex2007: bets $0.15
Hoobs 23: folds 
2johnt2: calls $0.15
bojnice21: folds 
*** TURN *** [Qh 5d 9d] [7c]
Dorex2007: bets $0.26
2johnt2: calls $0.26
*** RIVER *** [Qh 5d 9d 7c] [Jc]
Dorex2007: bets $0.30
2johnt2: raises $1.26 to $1.56 and is all-in
Dorex2007: folds 
Uncalled bet ($1.26) returned to 2johnt2
2johnt2 collected $1.58 from pot
*** SUMMARY ***
Total pot $1.66 | Rake $0.08 
Board [Qh 5d 9d 7c Jc]
Seat 1: goalie39 (button) folded before Flop (didn't bet)
Seat 2: Dorex2007 (small blind) folded on the River
Seat 3: Hoobs 23 (big blind) folded on the Flop
Seat 4: 2johnt2 collected ($1.58)
Seat 5: mfcrvmnz folded before Flop (didn't bet)
Seat 6: bojnice21 folded on the Flop
Seat 8: Tweedy620 folded before Flop (didn't bet)



PokerStars Hand #237367514958:  Hold'em No Limit ($0.01/$0.02 USD) - 2022/07/14 22:53:36 PT [2022/07/15 1:53:36 ET]
Table 'Eurynome III' 9-max Seat #2 is the button
Seat 1: goalie39 ($1.53 in chips) 
Seat 2: Dorex2007 ($2 in chips) 
Seat 3: Hoobs 23 ($3.50 in chips) 
Seat 4: 2johnt2 ($2.84 in chips) 
Seat 5: mfcrvmnz ($3.45 in chips) 
Seat 6: bojnice21 ($2.04 in chips) 
Seat 8: Tweedy620 ($1.85 in chips) 
Seat 9: kio_kkk ($2.27 in chips) 
Hoobs 23: posts small blind $0.01
2johnt2: posts big blind $0.02
kio_kkk: posts small & big blinds $0.03
*** HOLE CARDS ***
Dealt to Dorex2007 [6d 3d]
mfcrvmnz: folds 
bojnice21: folds 
Tweedy620: folds 
kio_kkk: checks 
goalie39: folds 
Dorex2007: folds 
Hoobs 23: folds 
2johnt2: checks 
*** FLOP *** [8d 5c 9c]
2johnt2: checks 
kio_kkk: checks 
*** TURN *** [8d 5c 9c] [Ad]
2johnt2: checks 
kio_kkk: checks 
*** RIVER *** [8d 5c 9c Ad] [2h]
2johnt2: checks 
kio_kkk: checks 
*** SHOW DOWN ***
2johnt2: shows [5s 7s] (a pair of Fives)
kio_kkk: mucks hand 
2johnt2 collected $0.06 from pot
*** SUMMARY ***
Total pot $0.06 | Rake $0 
Board [8d 5c 9c Ad 2h]
Seat 1: goalie39 folded before Flop (didn't bet)
Seat 2: Dorex2007 (button) folded before Flop (didn't bet)
Seat 3: Hoobs 23 (small blind) folded before Flop
Seat 4: 2johnt2 (big blind) showed [5s 7s] and won ($0.06) with a pair of Fives
Seat 5: mfcrvmnz folded before Flop (didn't bet)
Seat 6: bojnice21 folded before Flop (didn't bet)
Seat 8: Tweedy620 folded before Flop (didn't bet)
Seat 9: kio_kkk mucked [Js Tc]



PokerStars Hand #237367519928:  Hold'em No Limit ($0.01/$0.02 USD) - 2022/07/14 22:54:24 PT [2022/07/15 1:54:24 ET]
Table 'Eurynome III' 9-max Seat #3 is the button
Seat 1: goalie39 ($1.53 in chips) 
Seat 2: Dorex2007 ($2 in chips) 
Seat 3: Hoobs 23 ($3.49 in chips) 
Seat 4: 2johnt2 ($2.88 in chips) 
Seat 5: mfcrvmnz ($3.45 in chips) 
Seat 6: bojnice21 ($2.04 in chips) 
Seat 8: Tweedy620 ($1.85 in chips) 
Seat 9: kio_kkk ($2.24 in chips) 
2johnt2: posts small blind $0.01
mfcrvmnz: posts big blind $0.02
*** HOLE CARDS ***
Dealt to Dorex2007 [8s 7d]
bojnice21: folds 
Tweedy620: calls $0.02
kio_kkk: raises $0.03 to $0.05
goalie39: folds 
Dorex2007: folds 
Hoobs 23 has timed out
Hoobs 23: folds 
2johnt2: folds 
mfcrvmnz: folds 
Tweedy620: calls $0.03
*** FLOP *** [7c Jh 2c]
Tweedy620: checks 
kio_kkk: bets $0.06
Tweedy620: calls $0.06
*** TURN *** [7c Jh 2c] [3h]
Tweedy620: checks 
kio_kkk: checks 
*** RIVER *** [7c Jh 2c 3h] [9d]
Tweedy620: checks 
kio_kkk: checks 
*** SHOW DOWN ***
Tweedy620: shows [Kh Ah] (high card Ace)
kio_kkk: mucks hand 
Tweedy620 collected $0.24 from pot
*** SUMMARY ***
Total pot $0.25 | Rake $0.01 
Board [7c Jh 2c 3h 9d]
Seat 1: goalie39 folded before Flop (didn't bet)
Seat 2: Dorex2007 folded before Flop (didn't bet)
Seat 3: Hoobs 23 (button) folded before Flop (didn't bet)
Seat 4: 2johnt2 (small blind) folded before Flop
Seat 5: mfcrvmnz (big blind) folded before Flop
Seat 6: bojnice21 folded before Flop (didn't bet)
Seat 8: Tweedy620 showed [Kh Ah] and won ($0.24) with high card Ace
Seat 9: kio_kkk mucked [Td Ad]



PokerStars Hand #237367526320:  Hold'em No Limit ($0.01/$0.02 USD) - 2022/07/14 22:55:28 PT [2022/07/15 1:55:28 ET]
Table 'Eurynome III' 9-max Seat #4 is the button
Seat 1: goalie39 ($1.53 in chips) 
Seat 2: Dorex2007 ($2 in chips) 
Seat 3: Hoobs 23 ($3.49 in chips) 
Seat 4: 2johnt2 ($2.87 in chips) 
Seat 5: mfcrvmnz ($3.43 in chips) 
Seat 6: bojnice21 ($2.04 in chips) 
Seat 8: Tweedy620 ($1.98 in chips) 
Seat 9: kio_kkk ($2.13 in chips) 
mfcrvmnz: posts small blind $0.01
bojnice21: posts big blind $0.02
*** HOLE CARDS ***
Dealt to Dorex2007 [9d 7d]
Tweedy620: calls $0.02
kio_kkk: calls $0.02
goalie39: calls $0.02
Dorex2007: folds 
Hoobs 23: folds 
2johnt2: folds 
mfcrvmnz: folds 
bojnice21: checks 
*** FLOP *** [4d 8d Qc]
bojnice21: checks 
Tweedy620: checks 
kio_kkk: checks 
goalie39: bets $0.06
bojnice21: calls $0.06
Tweedy620: folds 
kio_kkk: folds 
*** TURN *** [4d 8d Qc] [5h]
bojnice21: checks 
goalie39: checks 
*** RIVER *** [4d 8d Qc 5h] [Qd]
bojnice21: checks 
goalie39: bets $0.18
bojnice21: calls $0.18
*** SHOW DOWN ***
goalie39: shows [Jd Kc] (a pair of Queens)
bojnice21: shows [Qs 4c] (a full house, Queens full of Fours)
bojnice21 collected $0.55 from pot
*** SUMMARY ***
Total pot $0.57 | Rake $0.02 
Board [4d 8d Qc 5h Qd]
Seat 1: goalie39 showed [Jd Kc] and lost with a pair of Queens
Seat 2: Dorex2007 folded before Flop (didn't bet)
Seat 3: Hoobs 23 folded before Flop (didn't bet)
Seat 4: 2johnt2 (button) folded before Flop (didn't bet)
Seat 5: mfcrvmnz (small blind) folded before Flop
Seat 6: bojnice21 (big blind) showed [Qs 4c] and won ($0.55) with a full house, Queens full of Fours
Seat 8: Tweedy620 folded on the Flop
Seat 9: kio_kkk folded on the Flop



PokerStars Hand #237367531918:  Hold'em No Limit ($0.01/$0.02 USD) - 2022/07/14 22:56:28 PT [2022/07/15 1:56:28 ET]
Table 'Eurynome III' 9-max Seat #5 is the button
Seat 1: goalie39 ($1.27 in chips) 
Seat 2: Dorex2007 ($2 in chips) 
Seat 3: Hoobs 23 ($3.49 in chips) 
Seat 4: 2johnt2 ($2.87 in chips) 
Seat 5: mfcrvmnz ($3.42 in chips) 
Seat 6: bojnice21 ($2.33 in chips) 
Seat 8: Tweedy620 ($1.96 in chips) 
Seat 9: kio_kkk ($2.11 in chips) 
bojnice21: posts small blind $0.01
Tweedy620: posts big blind $0.02
*** HOLE CARDS ***
Dealt to Dorex2007 [As Kd]
kio_kkk: folds 
goalie39: folds 
Dorex2007: raises $0.08 to $0.10
Hoobs 23: folds 
2johnt2: folds 
mfcrvmnz: calls $0.10
bojnice21: folds 
Tweedy620: folds 
*** FLOP *** [8c Kh 2h]
Dorex2007: bets $0.22
mfcrvmnz: folds 
Uncalled bet ($0.22) returned to Dorex2007
Dorex2007 collected $0.22 from pot
*** SUMMARY ***
Total pot $0.23 | Rake $0.01 
Board [8c Kh 2h]
Seat 1: goalie39 folded before Flop (didn't bet)
Seat 2: Dorex2007 collected ($0.22)
Seat 3: Hoobs 23 folded before Flop (didn't bet)
Seat 4: 2johnt2 folded before Flop (didn't bet)
Seat 5: mfcrvmnz (button) folded on the Flop
Seat 6: bojnice21 (small blind) folded before Flop
Seat 8: Tweedy620 (big blind) folded before Flop
Seat 9: kio_kkk folded before Flop (didn't bet)



PokerStars Hand #237367535264:  Hold'em No Limit ($0.01/$0.02 USD) - 2022/07/14 22:57:04 PT [2022/07/15 1:57:04 ET]
Table 'Eurynome III' 9-max Seat #6 is the button
Seat 1: goalie39 ($1.27 in chips) 
Seat 2: Dorex2007 ($2.12 in chips) 
Seat 3: Hoobs 23 ($3.49 in chips) 
Seat 4: 2johnt2 ($2.87 in chips) 
Seat 5: mfcrvmnz ($3.32 in chips) 
Seat 6: bojnice21 ($2.32 in chips) 
Seat 8: Tweedy620 ($1.94 in chips) 
Seat 9: kio_kkk ($2.11 in chips) 
Tweedy620: posts small blind $0.01
kio_kkk: posts big blind $0.02
*** HOLE CARDS ***
Dealt to Dorex2007 [5h 7c]
goalie39: folds 
Dorex2007: folds 
Hoobs 23: raises $0.06 to $0.08
2johnt2: folds 
mfcrvmnz: calls $0.08
bojnice21: folds 
Tweedy620: folds 
kio_kkk: folds 
*** FLOP *** [7d 6s 2s]
Hoobs 23: bets $0.09
mfcrvmnz: folds 
Uncalled bet ($0.09) returned to Hoobs 23
Hoobs 23 collected $0.18 from pot
*** SUMMARY ***
Total pot $0.19 | Rake $0.01 
Board [7d 6s 2s]
Seat 1: goalie39 folded before Flop (didn't bet)
Seat 2: Dorex2007 folded before Flop (didn't bet)
Seat 3: Hoobs 23 collected ($0.18)
Seat 4: 2johnt2 folded before Flop (didn't bet)
Seat 5: mfcrvmnz folded on the Flop
Seat 6: bojnice21 (button) folded before Flop (didn't bet)
Seat 8: Tweedy620 (small blind) folded before Flop
Seat 9: kio_kkk (big blind) folded before Flop



PokerStars Hand #237367541110:  Hold'em No Limit ($0.01/$0.02 USD) - 2022/07/14 22:57:31 PT [2022/07/15 1:57:31 ET]
Table 'Eurynome III' 9-max Seat #8 is the button
Seat 1: goalie39 ($1.27 in chips) 
Seat 2: Dorex2007 ($2.12 in chips) 
Seat 3: Hoobs 23 ($3.59 in chips) 
Seat 4: 2johnt2 ($2.87 in chips) 
Seat 5: mfcrvmnz ($3.24 in chips) 
Seat 6: bojnice21 ($2.32 in chips) 
Seat 8: Tweedy620 ($1.93 in chips) 
Seat 9: kio_kkk ($2.09 in chips) 
kio_kkk: posts small blind $0.01
goalie39: posts big blind $0.02
*** HOLE CARDS ***
Dealt to Dorex2007 [3d 4s]
Dorex2007: folds 
Hoobs 23: folds 
2johnt2: folds 
mfcrvmnz: calls $0.02
bojnice21: folds 
Tweedy620: calls $0.02
kio_kkk: calls $0.01
goalie39: checks 
*** FLOP *** [9c 3c 6c]
kio_kkk: checks 
goalie39: checks 
mfcrvmnz: bets $0.14
Tweedy620: folds 
kio_kkk: folds 
goalie39: folds 
Uncalled bet ($0.14) returned to mfcrvmnz
mfcrvmnz collected $0.08 from pot
*** SUMMARY ***
Total pot $0.08 | Rake $0 
Board [9c 3c 6c]
Seat 1: goalie39 (big blind) folded on the Flop
Seat 2: Dorex2007 folded before Flop (didn't bet)
Seat 3: Hoobs 23 folded before Flop (didn't bet)
Seat 4: 2johnt2 folded before Flop (didn't bet)
Seat 5: mfcrvmnz collected ($0.08)
Seat 6: bojnice21 folded before Flop (didn't bet)
Seat 8: Tweedy620 (button) folded on the Flop
Seat 9: kio_kkk (small blind) folded on the Flop



PokerStars Hand #237367550618:  Hold'em No Limit ($0.01/$0.02 USD) - 2022/07/14 22:58:10 PT [2022/07/15 1:58:10 ET]
Table 'Eurynome III' 9-max Seat #9 is the button
Seat 1: goalie39 ($1.25 in chips) 
Seat 2: Dorex2007 ($2.12 in chips) 
Seat 3: Hoobs 23 ($3.59 in chips) 
Seat 4: 2johnt2 ($2.87 in chips) 
Seat 5: mfcrvmnz ($3.30 in chips) 
Seat 6: bojnice21 ($2.32 in chips) 
Seat 8: Tweedy620 ($1.91 in chips) 
Seat 9: kio_kkk ($2.07 in chips) 
goalie39: posts small blind $0.01
Dorex2007: posts big blind $0.02
*** HOLE CARDS ***
Dealt to Dorex2007 [Jd Th]
Hoobs 23: folds 
2johnt2: folds 
mfcrvmnz: folds 
bojnice21: raises $0.04 to $0.06
Tweedy620: folds 
kio_kkk: folds 
goalie39: folds 
Dorex2007: calls $0.04
*** FLOP *** [4h Kc Qd]
Dorex2007: bets $0.06
bojnice21: calls $0.06
*** TURN *** [4h Kc Qd] [2h]
Dorex2007: bets $0.12
bojnice21: folds 
Uncalled bet ($0.12) returned to Dorex2007
Dorex2007 collected $0.24 from pot
*** SUMMARY ***
Total pot $0.25 | Rake $0.01 
Board [4h Kc Qd 2h]
Seat 1: goalie39 (small blind) folded before Flop
Seat 2: Dorex2007 (big blind) collected ($0.24)
Seat 3: Hoobs 23 folded before Flop (didn't bet)
Seat 4: 2johnt2 folded before Flop (didn't bet)
Seat 5: mfcrvmnz folded before Flop (didn't bet)
Seat 6: bojnice21 folded on the Turn
Seat 8: Tweedy620 folded before Flop (didn't bet)
Seat 9: kio_kkk (button) folded before Flop (didn't bet)



PokerStars Hand #237367554119:  Hold'em No Limit ($0.01/$0.02 USD) - 2022/07/14 22:58:48 PT [2022/07/15 1:58:48 ET]
Table 'Eurynome III' 9-max Seat #1 is the button
Seat 1: goalie39 ($1.24 in chips) 
Seat 2: Dorex2007 ($2.24 in chips) 
Seat 3: Hoobs 23 ($3.59 in chips) 
Seat 4: 2johnt2 ($2.87 in chips) 
Seat 5: mfcrvmnz ($3.30 in chips) 
Seat 6: bojnice21 ($2.20 in chips) 
Seat 8: Tweedy620 ($1.91 in chips) 
Seat 9: kio_kkk ($2.07 in chips) 
Dorex2007: posts small blind $0.01
Hoobs 23: posts big blind $0.02
*** HOLE CARDS ***
Dealt to Dorex2007 [7d As]
2johnt2: folds 
mfcrvmnz: calls $0.02
bojnice21: folds 
Tweedy620: folds 
kio_kkk: folds 
goalie39: calls $0.02
Dorex2007: folds 
Hoobs 23: checks 
*** FLOP *** [Jc 9h 8s]
Hoobs 23: checks 
mfcrvmnz: bets $0.14
goalie39: folds 
Hoobs 23: folds 
Uncalled bet ($0.14) returned to mfcrvmnz
mfcrvmnz collected $0.07 from pot
*** SUMMARY ***
Total pot $0.07 | Rake $0 
Board [Jc 9h 8s]
Seat 1: goalie39 (button) folded on the Flop
Seat 2: Dorex2007 (small blind) folded before Flop
Seat 3: Hoobs 23 (big blind) folded on the Flop
Seat 4: 2johnt2 folded before Flop (didn't bet)
Seat 5: mfcrvmnz collected ($0.07)
Seat 6: bojnice21 folded before Flop (didn't bet)
Seat 8: Tweedy620 folded before Flop (didn't bet)
Seat 9: kio_kkk folded before Flop (didn't bet)



PokerStars Hand #237367558308:  Hold'em No Limit ($0.01/$0.02 USD) - 2022/07/14 22:59:33 PT [2022/07/15 1:59:33 ET]
Table 'Eurynome III' 9-max Seat #2 is the button
Seat 1: goalie39 ($1.22 in chips) 
Seat 2: Dorex2007 ($2.23 in chips) 
Seat 3: Hoobs 23 ($3.57 in chips) 
Seat 4: 2johnt2 ($2.87 in chips) 
Seat 5: mfcrvmnz ($3.35 in chips) 
Seat 6: bojnice21 ($2.20 in chips) 
Seat 8: Tweedy620 ($1.91 in chips) 
Seat 9: kio_kkk ($2.07 in chips) 
Hoobs 23: posts small blind $0.01
2johnt2: posts big blind $0.02
*** HOLE CARDS ***
Dealt to Dorex2007 [Qc Ks]
mfcrvmnz: calls $0.02
bojnice21: folds 
Tweedy620: folds 
kio_kkk has timed out
kio_kkk: folds 
goalie39: calls $0.02
Dorex2007: calls $0.02
Hoobs 23: folds 
2johnt2: checks 
*** FLOP *** [Ac Qh 7d]
2johnt2: checks 
mfcrvmnz: checks 
goalie39: checks 
Dorex2007: bets $0.06
2johnt2: calls $0.06
mfcrvmnz: calls $0.06
goalie39: folds 
*** TURN *** [Ac Qh 7d] [6s]
2johnt2: checks 
mfcrvmnz: checks 
Dorex2007: checks 
*** RIVER *** [Ac Qh 7d 6s] [7h]
Hoobs 23 leaves the table
2johnt2: checks 
mfcrvmnz: checks 
Dorex2007: checks 
*** SHOW DOWN ***
2johnt2: shows [Kd Tc] (a pair of Sevens)
mfcrvmnz: shows [8s Qs] (two pair, Queens and Sevens)
Dorex2007: shows [Qc Ks] (two pair, Queens and Sevens)
mfcrvmnz collected $0.13 from pot
Dorex2007 collected $0.13 from pot
*** SUMMARY ***
Total pot $0.27 | Rake $0.01 
Board [Ac Qh 7d 6s 7h]
Seat 1: goalie39 folded on the Flop
Seat 2: Dorex2007 (button) showed [Qc Ks] and won ($0.13) with two pair, Queens and Sevens
Seat 3: Hoobs 23 (small blind) folded before Flop
Seat 4: 2johnt2 (big blind) showed [Kd Tc] and lost with a pair of Sevens
Seat 5: mfcrvmnz showed [8s Qs] and won ($0.13) with two pair, Queens and Sevens
Seat 6: bojnice21 folded before Flop (didn't bet)
Seat 8: Tweedy620 folded before Flop (didn't bet)
Seat 9: kio_kkk folded before Flop (didn't bet)



PokerStars Hand #237367564362:  Hold'em No Limit ($0.01/$0.02 USD) - 2022/07/14 23:00:36 PT [2022/07/15 2:00:36 ET]
Table 'Eurynome III' 9-max Seat #4 is the button
Seat 1: goalie39 ($1.20 in chips) 
Seat 2: Dorex2007 ($2.28 in chips) 
Seat 4: 2johnt2 ($2.79 in chips) 
Seat 5: mfcrvmnz ($3.40 in chips) 
Seat 6: bojnice21 ($2.20 in chips) 
Seat 8: Tweedy620 ($1.91 in chips) 
Seat 9: kio_kkk ($2.07 in chips) 
mfcrvmnz: posts small blind $0.01
bojnice21: posts big blind $0.02
*** HOLE CARDS ***
Dealt to Dorex2007 [7h Th]
Tweedy620: calls $0.02
kio_kkk: folds 
goalie39: folds 
Dorex2007: folds 
2johnt2: calls $0.02
mfcrvmnz: raises $0.08 to $0.10
bojnice21: calls $0.08
Tweedy620: folds 
2johnt2: calls $0.08
*** FLOP *** [Qc Ah 6h]
mfcrvmnz: bets $0.31
pascual ignacio joins the table at seat #3 
bojnice21: folds 
2johnt2: folds 
Uncalled bet ($0.31) returned to mfcrvmnz
mfcrvmnz collected $0.31 from pot
*** SUMMARY ***
Total pot $0.32 | Rake $0.01 
Board [Qc Ah 6h]
Seat 1: goalie39 folded before Flop (didn't bet)
Seat 2: Dorex2007 folded before Flop (didn't bet)
Seat 4: 2johnt2 (button) folded on the Flop
Seat 5: mfcrvmnz (small blind) collected ($0.31)
Seat 6: bojnice21 (big blind) folded on the Flop
Seat 8: Tweedy620 folded before Flop
Seat 9: kio_kkk folded before Flop (didn't bet)



PokerStars Hand #237367567602:  Hold'em No Limit ($0.01/$0.02 USD) - 2022/07/14 23:01:07 PT [2022/07/15 2:01:07 ET]
Table 'Eurynome III' 9-max Seat #5 is the button
Seat 1: goalie39 ($1.20 in chips) 
Seat 2: Dorex2007 ($2.28 in chips) 
Seat 4: 2johnt2 ($2.69 in chips) 
Seat 5: mfcrvmnz ($3.61 in chips) 
Seat 6: bojnice21 ($2.10 in chips) 
Seat 9: kio_kkk ($2.07 in chips) 
bojnice21: posts small blind $0.01
Tweedy620: is sitting out 
kio_kkk: posts big blind $0.02
pascual ignacio: sits out 
*** HOLE CARDS ***
Dealt to Dorex2007 [5s Ah]
goalie39: folds 
Tweedy620 leaves the table
Dorex2007: folds 
2johnt2: folds 
mfcrvmnz: folds 
bojnice21: raises $0.04 to $0.06
kio_kkk: folds 
Uncalled bet ($0.04) returned to bojnice21
bojnice21 collected $0.04 from pot
*** SUMMARY ***
Total pot $0.04 | Rake $0 
Seat 1: goalie39 folded before Flop (didn't bet)
Seat 2: Dorex2007 folded before Flop (didn't bet)
Seat 4: 2johnt2 folded before Flop (didn't bet)
Seat 5: mfcrvmnz (button) folded before Flop (didn't bet)
Seat 6: bojnice21 (small blind) collected ($0.04)
Seat 9: kio_kkk (big blind) folded before Flop



PokerStars Hand #237367569186:  Hold'em No Limit ($0.01/$0.02 USD) - 2022/07/14 23:01:23 PT [2022/07/15 2:01:23 ET]
Table 'Eurynome III' 9-max Seat #6 is the button
Seat 1: goalie39 ($1.20 in chips) 
Seat 2: Dorex2007 ($2.28 in chips) 
Seat 4: 2johnt2 ($2.69 in chips) 
Seat 5: mfcrvmnz ($3.61 in chips) 
Seat 6: bojnice21 ($2.12 in chips) 
Seat 9: kio_kkk ($2.05 in chips) 
kio_kkk: posts small blind $0.01
goalie39: posts big blind $0.02
pascual ignacio: sits out 
*** HOLE CARDS ***
Dealt to Dorex2007 [4h 5c]
Dorex2007: folds 
shakadevirgo90 joins the table at seat #8 
2johnt2: folds 
mfcrvmnz: folds 
bojnice21: folds 
kio_kkk: calls $0.01
goalie39: raises $0.02 to $0.04
kio_kkk: folds 
Uncalled bet ($0.02) returned to goalie39
goalie39 collected $0.04 from pot
*** SUMMARY ***
Total pot $0.04 | Rake $0 
Seat 1: goalie39 (big blind) collected ($0.04)
Seat 2: Dorex2007 folded before Flop (didn't bet)
Seat 4: 2johnt2 folded before Flop (didn't bet)
Seat 5: mfcrvmnz folded before Flop (didn't bet)
Seat 6: bojnice21 (button) folded before Flop (didn't bet)
Seat 9: kio_kkk (small blind) folded before Flop



PokerStars Hand #237367572971:  Hold'em No Limit ($0.01/$0.02 USD) - 2022/07/14 23:01:59 PT [2022/07/15 2:01:59 ET]
Table 'Eurynome III' 9-max Seat #9 is the button
Seat 1: goalie39 ($1.22 in chips) 
Seat 2: Dorex2007 ($2.28 in chips) 
Seat 4: 2johnt2 ($2.69 in chips) 
Seat 5: mfcrvmnz ($3.61 in chips) 
Seat 6: bojnice21 ($2.12 in chips) 
Seat 8: shakadevirgo90 ($1.60 in chips) 
Seat 9: kio_kkk ($2.03 in chips) 
goalie39: posts small blind $0.01
Dorex2007: posts big blind $0.02
pascual ignacio: sits out 
shakadevirgo90: posts big blind $0.02
*** HOLE CARDS ***
Dealt to Dorex2007 [6d 4s]
2johnt2: raises $0.04 to $0.06
mfcrvmnz: folds 
bojnice21: folds 
shakadevirgo90: folds 
kio_kkk: folds 
goalie39: folds 
Dorex2007: folds 
Uncalled bet ($0.04) returned to 2johnt2
2johnt2 collected $0.07 from pot
*** SUMMARY ***
Total pot $0.07 | Rake $0 
Seat 1: goalie39 (small blind) folded before Flop
Seat 2: Dorex2007 (big blind) folded before Flop
Seat 4: 2johnt2 collected ($0.07)
Seat 5: mfcrvmnz folded before Flop (didn't bet)
Seat 6: bojnice21 folded before Flop (didn't bet)
Seat 8: shakadevirgo90 folded before Flop (didn't bet)
Seat 9: kio_kkk (button) folded before Flop (didn't bet)



PokerStars Hand #237367574449:  Hold'em No Limit ($0.01/$0.02 USD) - 2022/07/14 23:02:12 PT [2022/07/15 2:02:12 ET]
Table 'Eurynome III' 9-max Seat #1 is the button
Seat 1: goalie39 ($1.21 in chips) 
Seat 2: Dorex2007 ($2.26 in chips) 
Seat 3: pascual ignacio ($1.60 in chips) 
Seat 4: 2johnt2 ($2.74 in chips) 
Seat 5: mfcrvmnz ($3.61 in chips) 
Seat 6: bojnice21 ($2.12 in chips) 
Seat 8: shakadevirgo90 ($1.58 in chips) 
Seat 9: kio_kkk ($2.03 in chips) 
Dorex2007: posts small blind $0.01
pascual ignacio: posts big blind $0.02
*** HOLE CARDS ***
Dealt to Dorex2007 [Qd 7h]
2johnt2: folds 
mfcrvmnz has timed out
mfcrvmnz: folds 
bojnice21: calls $0.02
shakadevirgo90: folds 
kio_kkk: folds 
goalie39: calls $0.02
Dorex2007: folds 
pascual ignacio: raises $0.06 to $0.08
bojnice21: calls $0.06
goalie39: folds 
*** FLOP *** [2s Jc Ks]
pascual ignacio: bets $0.06
bojnice21: folds 
Uncalled bet ($0.06) returned to pascual ignacio
pascual ignacio collected $0.18 from pot
*** SUMMARY ***
Total pot $0.19 | Rake $0.01 
Board [2s Jc Ks]
Seat 1: goalie39 (button) folded before Flop
Seat 2: Dorex2007 (small blind) folded before Flop
Seat 3: pascual ignacio (big blind) collected ($0.18)
Seat 4: 2johnt2 folded before Flop (didn't bet)
Seat 5: mfcrvmnz folded before Flop (didn't bet)
Seat 6: bojnice21 folded on the Flop
Seat 8: shakadevirgo90 folded before Flop (didn't bet)
Seat 9: kio_kkk folded before Flop (didn't bet)



PokerStars Hand #237367579867:  Hold'em No Limit ($0.01/$0.02 USD) - 2022/07/14 23:03:04 PT [2022/07/15 2:03:04 ET]
Table 'Eurynome III' 9-max Seat #2 is the button
Seat 1: goalie39 ($1.19 in chips) 
Seat 2: Dorex2007 ($2.25 in chips) 
Seat 3: pascual ignacio ($1.70 in chips) 
Seat 4: 2johnt2 ($2.74 in chips) 
Seat 5: mfcrvmnz ($3.61 in chips) 
Seat 6: bojnice21 ($2.04 in chips) 
Seat 8: shakadevirgo90 ($1.58 in chips) 
Seat 9: kio_kkk ($2.03 in chips) 
pascual ignacio: posts small blind $0.01
2johnt2: posts big blind $0.02
*** HOLE CARDS ***
Dealt to Dorex2007 [Ad 8c]
mfcrvmnz: calls $0.02
bojnice21: folds 
shakadevirgo90: raises $0.02 to $0.04
kio_kkk: folds 
goalie39: folds 
Dorex2007: folds 
pascual ignacio: folds 
2johnt2: folds 
mfcrvmnz: calls $0.02
*** FLOP *** [5s 8s 4c]
mfcrvmnz: checks 
shakadevirgo90: bets $0.07
mfcrvmnz: folds 
Uncalled bet ($0.07) returned to shakadevirgo90
shakadevirgo90 collected $0.11 from pot
*** SUMMARY ***
Total pot $0.11 | Rake $0 
Board [5s 8s 4c]
Seat 1: goalie39 folded before Flop (didn't bet)
Seat 2: Dorex2007 (button) folded before Flop (didn't bet)
Seat 3: pascual ignacio (small blind) folded before Flop
Seat 4: 2johnt2 (big blind) folded before Flop
Seat 5: mfcrvmnz folded on the Flop
Seat 6: bojnice21 folded before Flop (didn't bet)
Seat 8: shakadevirgo90 collected ($0.11)
Seat 9: kio_kkk folded before Flop (didn't bet)



PokerStars Hand #237367593367:  Hold'em No Limit ($0.01/$0.02 USD) - 2022/07/14 23:03:39 PT [2022/07/15 2:03:39 ET]
Table 'Eurynome III' 9-max Seat #3 is the button
Seat 1: goalie39 ($1.19 in chips) 
Seat 2: Dorex2007 ($2.25 in chips) 
Seat 3: pascual ignacio ($1.69 in chips) 
Seat 4: 2johnt2 ($2.72 in chips) 
Seat 5: mfcrvmnz ($3.57 in chips) 
Seat 6: bojnice21 ($2.04 in chips) 
Seat 8: shakadevirgo90 ($1.65 in chips) 
Seat 9: kio_kkk ($2.03 in chips) 
2johnt2: posts small blind $0.01
mfcrvmnz: posts big blind $0.02
*** HOLE CARDS ***
Dealt to Dorex2007 [2s 9d]
bojnice21: calls $0.02
shakadevirgo90: folds 
kio_kkk: folds 
goalie39: calls $0.02
Dorex2007: folds 
pascual ignacio: calls $0.02
2johnt2: folds 
mfcrvmnz: checks 
*** FLOP *** [5h Ks Td]
mfcrvmnz: checks 
bojnice21: checks 
goalie39: bets $0.04
pascual ignacio: raises $0.04 to $0.08
mfcrvmnz: folds 
bojnice21: folds 
goalie39: calls $0.04
*** TURN *** [5h Ks Td] [3d]
goalie39: bets $0.12
pascual ignacio: calls $0.12
*** RIVER *** [5h Ks Td 3d] [4d]
goalie39: bets $0.23
pascual ignacio: folds 
Uncalled bet ($0.23) returned to goalie39
goalie39 collected $0.47 from pot
*** SUMMARY ***
Total pot $0.49 | Rake $0.02 
Board [5h Ks Td 3d 4d]
Seat 1: goalie39 collected ($0.47)
Seat 2: Dorex2007 folded before Flop (didn't bet)
Seat 3: pascual ignacio (button) folded on the River
Seat 4: 2johnt2 (small blind) folded before Flop
Seat 5: mfcrvmnz (big blind) folded on the Flop
Seat 6: bojnice21 folded on the Flop
Seat 8: shakadevirgo90 folded before Flop (didn't bet)
Seat 9: kio_kkk folded before Flop (didn't bet)



PokerStars Hand #237367600692:  Hold'em No Limit ($0.01/$0.02 USD) - 2022/07/14 23:04:48 PT [2022/07/15 2:04:48 ET]
Table 'Eurynome III' 9-max Seat #4 is the button
Seat 1: goalie39 ($1.44 in chips) 
Seat 2: Dorex2007 ($2.25 in chips) 
Seat 3: pascual ignacio ($1.47 in chips) 
Seat 4: 2johnt2 ($2.71 in chips) 
Seat 5: mfcrvmnz ($3.55 in chips) 
Seat 6: bojnice21 ($2.02 in chips) 
Seat 8: shakadevirgo90 ($1.65 in chips) 
Seat 9: kio_kkk ($2.03 in chips) 
mfcrvmnz: posts small blind $0.01
bojnice21: posts big blind $0.02
*** HOLE CARDS ***
Dealt to Dorex2007 [5c 2s]
shakadevirgo90: raises $0.02 to $0.04
kio_kkk: folds 
goalie39: folds 
Dorex2007: folds 
pascual ignacio has timed out
pascual ignacio: folds 
2johnt2: folds 
mfcrvmnz: raises $0.10 to $0.14
bojnice21: folds 
shakadevirgo90: calls $0.10
*** FLOP *** [6c 3d Jc]
mfcrvmnz: bets $0.29
shakadevirgo90: folds 
Uncalled bet ($0.29) returned to mfcrvmnz
mfcrvmnz collected $0.29 from pot
*** SUMMARY ***
Total pot $0.30 | Rake $0.01 
Board [6c 3d Jc]
Seat 1: goalie39 folded before Flop (didn't bet)
Seat 2: Dorex2007 folded before Flop (didn't bet)
Seat 3: pascual ignacio folded before Flop (didn't bet)
Seat 4: 2johnt2 (button) folded before Flop (didn't bet)
Seat 5: mfcrvmnz (small blind) collected ($0.29)
Seat 6: bojnice21 (big blind) folded before Flop
Seat 8: shakadevirgo90 folded on the Flop
Seat 9: kio_kkk folded before Flop (didn't bet)



PokerStars Hand #237367608368:  Hold'em No Limit ($0.01/$0.02 USD) - 2022/07/14 23:06:00 PT [2022/07/15 2:06:00 ET]
Table 'Eurynome III' 9-max Seat #5 is the button
Seat 1: goalie39 ($1.44 in chips) 
Seat 2: Dorex2007 ($2.25 in chips) 
Seat 3: pascual ignacio ($1.47 in chips) 
Seat 4: 2johnt2 ($2.71 in chips) 
Seat 5: mfcrvmnz ($3.70 in chips) 
Seat 6: bojnice21 ($2 in chips) 
Seat 8: shakadevirgo90 ($1.51 in chips) 
Seat 9: kio_kkk ($2.03 in chips) 
bojnice21: posts small blind $0.01
shakadevirgo90: posts big blind $0.02
*** HOLE CARDS ***
Dealt to Dorex2007 [Td Tc]
kio_kkk: folds 
goalie39: folds 
Dorex2007: raises $0.02 to $0.04
pascual ignacio: folds 
2johnt2: raises $0.16 to $0.20
mfcrvmnz: folds 
bojnice21: folds 
shakadevirgo90: folds 
Dorex2007: folds 
Uncalled bet ($0.16) returned to 2johnt2
2johnt2 collected $0.11 from pot
*** SUMMARY ***
Total pot $0.11 | Rake $0 
Seat 1: goalie39 folded before Flop (didn't bet)
Seat 2: Dorex2007 folded before Flop
Seat 3: pascual ignacio folded before Flop (didn't bet)
Seat 4: 2johnt2 collected ($0.11)
Seat 5: mfcrvmnz (button) folded before Flop (didn't bet)
Seat 6: bojnice21 (small blind) folded before Flop
Seat 8: shakadevirgo90 (big blind) folded before Flop
Seat 9: kio_kkk folded before Flop (didn't bet)



PokerStars Hand #237367611842:  Hold'em No Limit ($0.01/$0.02 USD) - 2022/07/14 23:06:32 PT [2022/07/15 2:06:32 ET]
Table 'Eurynome III' 9-max Seat #6 is the button
Seat 1: goalie39 ($1.44 in chips) 
Seat 2: Dorex2007 ($2.21 in chips) 
Seat 3: pascual ignacio ($1.47 in chips) 
Seat 4: 2johnt2 ($2.78 in chips) 
Seat 5: mfcrvmnz ($3.70 in chips) 
Seat 6: bojnice21 ($1.99 in chips) 
Seat 8: shakadevirgo90 ($1.49 in chips) 
Seat 9: kio_kkk ($2.03 in chips) 
shakadevirgo90: posts small blind $0.01
kio_kkk: posts big blind $0.02
*** HOLE CARDS ***
Dealt to Dorex2007 [Jh Qh]
goalie39: folds 
Dorex2007: raises $0.04 to $0.06
pascual ignacio: calls $0.06
2johnt2: folds 
mfcrvmnz: folds 
bojnice21: folds 
shakadevirgo90: folds 
kio_kkk: folds 
*** FLOP *** [Th Td 8d]
Dorex2007: bets $0.07
pascual ignacio: raises $0.07 to $0.14
Dorex2007: folds 
Uncalled bet ($0.07) returned to pascual ignacio
pascual ignacio collected $0.28 from pot
*** SUMMARY ***
Total pot $0.29 | Rake $0.01 
Board [Th Td 8d]
Seat 1: goalie39 folded before Flop (didn't bet)
Seat 2: Dorex2007 folded on the Flop
Seat 3: pascual ignacio collected ($0.28)
Seat 4: 2johnt2 folded before Flop (didn't bet)
Seat 5: mfcrvmnz folded before Flop (didn't bet)
Seat 6: bojnice21 (button) folded before Flop (didn't bet)
Seat 8: shakadevirgo90 (small blind) folded before Flop
Seat 9: kio_kkk (big blind) folded before Flop



PokerStars Hand #237367616162:  Hold'em No Limit ($0.01/$0.02 USD) - 2022/07/14 23:07:14 PT [2022/07/15 2:07:14 ET]
Table 'Eurynome III' 9-max Seat #8 is the button
Seat 1: goalie39 ($1.44 in chips) 
Seat 2: Dorex2007 ($2.08 in chips) 
Seat 3: pascual ignacio ($1.62 in chips) 
Seat 4: 2johnt2 ($2.78 in chips) 
Seat 5: mfcrvmnz ($3.70 in chips) 
Seat 6: bojnice21 ($1.99 in chips) 
Seat 8: shakadevirgo90 ($1.48 in chips) 
Seat 9: kio_kkk ($2.01 in chips) 
kio_kkk: posts small blind $0.01
goalie39: posts big blind $0.02
*** HOLE CARDS ***
Dealt to Dorex2007 [Qh Td]
Dorex2007: folds 
pascual ignacio: calls $0.02
2johnt2: folds 
mfcrvmnz: folds 
bojnice21: folds 
shakadevirgo90: folds 
kio_kkk: calls $0.01
goalie39: checks 
*** FLOP *** [Js 6h 4c]
kio_kkk: checks 
goalie39: checks 
pascual ignacio: bets $0.12
kio_kkk: folds 
goalie39: folds 
Uncalled bet ($0.12) returned to pascual ignacio
pascual ignacio collected $0.06 from pot
*** SUMMARY ***
Total pot $0.06 | Rake $0 
Board [Js 6h 4c]
Seat 1: goalie39 (big blind) folded on the Flop
Seat 2: Dorex2007 folded before Flop (didn't bet)
Seat 3: pascual ignacio collected ($0.06)
Seat 4: 2johnt2 folded before Flop (didn't bet)
Seat 5: mfcrvmnz folded before Flop (didn't bet)
Seat 6: bojnice21 folded before Flop (didn't bet)
Seat 8: shakadevirgo90 (button) folded before Flop (didn't bet)
Seat 9: kio_kkk (small blind) folded on the Flop



PokerStars Hand #237367620877:  Hold'em No Limit ($0.01/$0.02 USD) - 2022/07/14 23:07:59 PT [2022/07/15 2:07:59 ET]
Table 'Eurynome III' 9-max Seat #9 is the button
Seat 1: goalie39 ($1.42 in chips) 
Seat 2: Dorex2007 ($2.08 in chips) 
Seat 3: pascual ignacio ($1.66 in chips) 
Seat 4: 2johnt2 ($2.78 in chips) 
Seat 5: mfcrvmnz ($3.70 in chips) 
Seat 6: bojnice21 ($1.99 in chips) 
Seat 8: shakadevirgo90 ($1.48 in chips) 
Seat 9: kio_kkk ($2 in chips) 
goalie39: posts small blind $0.01
Dorex2007: posts big blind $0.02
*** HOLE CARDS ***
Dealt to Dorex2007 [Qh Kd]
pascual ignacio: raises $0.02 to $0.04
2johnt2: raises $0.02 to $0.06
mfcrvmnz: folds 
bojnice21: folds 
shakadevirgo90: folds 
kio_kkk: folds 
goalie39: folds 
Dorex2007: calls $0.04
pascual ignacio: calls $0.02
*** FLOP *** [2h 4s Js]
Dorex2007: checks 
pascual ignacio: bets $0.10
2johnt2: calls $0.10
Dorex2007: folds 
*** TURN *** [2h 4s Js] [4c]
pascual ignacio: bets $0.19
2johnt2: folds 
Uncalled bet ($0.19) returned to pascual ignacio
pascual ignacio collected $0.38 from pot
*** SUMMARY ***
Total pot $0.39 | Rake $0.01 
Board [2h 4s Js 4c]
Seat 1: goalie39 (small blind) folded before Flop
Seat 2: Dorex2007 (big blind) folded on the Flop
Seat 3: pascual ignacio collected ($0.38)
Seat 4: 2johnt2 folded on the Turn
Seat 5: mfcrvmnz folded before Flop (didn't bet)
Seat 6: bojnice21 folded before Flop (didn't bet)
Seat 8: shakadevirgo90 folded before Flop (didn't bet)
Seat 9: kio_kkk (button) folded before Flop (didn't bet)



PokerStars Hand #237367629824:  Hold'em No Limit ($0.01/$0.02 USD) - 2022/07/14 23:09:24 PT [2022/07/15 2:09:24 ET]
Table 'Eurynome III' 9-max Seat #1 is the button
Seat 1: goalie39 ($1.41 in chips) 
Seat 2: Dorex2007 ($2.02 in chips) 
Seat 3: pascual ignacio ($1.88 in chips) 
Seat 4: 2johnt2 ($2.62 in chips) 
Seat 5: mfcrvmnz ($3.70 in chips) 
Seat 6: bojnice21 ($1.99 in chips) 
Seat 8: shakadevirgo90 ($1.48 in chips) 
Seat 9: kio_kkk ($2 in chips) 
Dorex2007: posts small blind $0.01
pascual ignacio: posts big blind $0.02
*** HOLE CARDS ***
Dealt to Dorex2007 [3d 5c]
2johnt2: folds 
mfcrvmnz: raises $0.05 to $0.07
bojnice21: folds 
shakadevirgo90: folds 
kio_kkk: folds 
goalie39: folds 
Dorex2007: folds 
pascual ignacio: calls $0.05
*** FLOP *** [2c Tc Ks]
pascual ignacio: bets $0.04
mfcrvmnz: folds 
Uncalled bet ($0.04) returned to pascual ignacio
pascual ignacio collected $0.14 from pot
*** SUMMARY ***
Total pot $0.15 | Rake $0.01 
Board [2c Tc Ks]
Seat 1: goalie39 (button) folded before Flop (didn't bet)
Seat 2: Dorex2007 (small blind) folded before Flop
Seat 3: pascual ignacio (big blind) collected ($0.14)
Seat 4: 2johnt2 folded before Flop (didn't bet)
Seat 5: mfcrvmnz folded on the Flop
Seat 6: bojnice21 folded before Flop (didn't bet)
Seat 8: shakadevirgo90 folded before Flop (didn't bet)
Seat 9: kio_kkk folded before Flop (didn't bet)



PokerStars Hand #237367635609:  Hold'em No Limit ($0.01/$0.02 USD) - 2022/07/14 23:10:19 PT [2022/07/15 2:10:19 ET]
Table 'Eurynome III' 9-max Seat #2 is the button
Seat 1: goalie39 ($1.41 in chips) 
Seat 2: Dorex2007 ($2.01 in chips) 
Seat 3: pascual ignacio ($1.95 in chips) 
Seat 4: 2johnt2 ($2.62 in chips) 
Seat 5: mfcrvmnz ($3.63 in chips) 
Seat 6: bojnice21 ($1.99 in chips) 
Seat 8: shakadevirgo90 ($1.48 in chips) 
Seat 9: kio_kkk ($2 in chips) 
pascual ignacio: posts small blind $0.01
2johnt2: posts big blind $0.02
*** HOLE CARDS ***
Dealt to Dorex2007 [5s 4c]
mfcrvmnz: calls $0.02
bojnice21: folds 
shakadevirgo90: folds 
kio_kkk: raises $0.03 to $0.05
goalie39: folds 
Dorex2007: folds 
pascual ignacio: folds 
2johnt2: folds 
mfcrvmnz: calls $0.03
*** FLOP *** [6d Ks 5c]
mfcrvmnz: checks 
kio_kkk: checks 
*** TURN *** [6d Ks 5c] [9d]
mfcrvmnz: checks 
kio_kkk: checks 
*** RIVER *** [6d Ks 5c 9d] [2h]
mfcrvmnz: bets $0.06
kio_kkk: folds 
Uncalled bet ($0.06) returned to mfcrvmnz
mfcrvmnz collected $0.13 from pot
*** SUMMARY ***
Total pot $0.13 | Rake $0 
Board [6d Ks 5c 9d 2h]
Seat 1: goalie39 folded before Flop (didn't bet)
Seat 2: Dorex2007 (button) folded before Flop (didn't bet)
Seat 3: pascual ignacio (small blind) folded before Flop
Seat 4: 2johnt2 (big blind) folded before Flop
Seat 5: mfcrvmnz collected ($0.13)
Seat 6: bojnice21 folded before Flop (didn't bet)
Seat 8: shakadevirgo90 folded before Flop (didn't bet)
Seat 9: kio_kkk folded on the River



PokerStars Hand #237367640573:  Hold'em No Limit ($0.01/$0.02 USD) - 2022/07/14 23:11:05 PT [2022/07/15 2:11:05 ET]
Table 'Eurynome III' 9-max Seat #4 is the button
Seat 1: goalie39 ($1.41 in chips) 
Seat 2: Dorex2007 ($2.01 in chips) 
Seat 4: 2johnt2 ($2.60 in chips) 
Seat 5: mfcrvmnz ($3.71 in chips) 
Seat 6: bojnice21 ($1.99 in chips) 
Seat 8: shakadevirgo90 ($1.48 in chips) 
Seat 9: kio_kkk ($2 in chips) 
mfcrvmnz: posts small blind $0.01
bojnice21: posts big blind $0.02
*** HOLE CARDS ***
Dealt to Dorex2007 [Js 6h]
shakadevirgo90: folds 
kio_kkk: folds 
goalie39: raises $0.04 to $0.06
Dorex2007: folds 
2johnt2: calls $0.06
mfcrvmnz: folds 
bojnice21: folds 
*** FLOP *** [Ad 4s Jc]
goalie39: bets $0.07
2johnt2: calls $0.07
*** TURN *** [Ad 4s Jc] [8h]
goalie39: checks 
2johnt2: checks 
*** RIVER *** [Ad 4s Jc 8h] [9h]
goalie39: checks 
2johnt2: checks 
*** SHOW DOWN ***
goalie39: shows [Th 4h] (a pair of Fours)
2johnt2: mucks hand 
goalie39 collected $0.28 from pot
*** SUMMARY ***
Total pot $0.29 | Rake $0.01 
Board [Ad 4s Jc 8h 9h]
Seat 1: goalie39 showed [Th 4h] and won ($0.28) with a pair of Fours
Seat 2: Dorex2007 folded before Flop (didn't bet)
Seat 4: 2johnt2 (button) mucked [Ks Qd]
Seat 5: mfcrvmnz (small blind) folded before Flop
Seat 6: bojnice21 (big blind) folded before Flop
Seat 8: shakadevirgo90 folded before Flop (didn't bet)
Seat 9: kio_kkk folded before Flop (didn't bet)



PokerStars Hand #237367646807:  Hold'em No Limit ($0.01/$0.02 USD) - 2022/07/14 23:12:03 PT [2022/07/15 2:12:03 ET]
Table 'Eurynome III' 9-max Seat #5 is the button
Seat 1: goalie39 ($1.56 in chips) 
Seat 2: Dorex2007 ($2.01 in chips) 
Seat 4: 2johnt2 ($2.47 in chips) 
Seat 5: mfcrvmnz ($3.70 in chips) 
Seat 6: bojnice21 ($1.97 in chips) 
Seat 8: shakadevirgo90 ($1.48 in chips) 
Seat 9: kio_kkk ($2 in chips) 
bojnice21: posts small blind $0.01
shakadevirgo90: posts big blind $0.02
*** HOLE CARDS ***
Dealt to Dorex2007 [3c Ts]
kio_kkk: folds 
goalie39: folds 
Dorex2007: folds 
2johnt2: folds 
mfcrvmnz: raises $0.05 to $0.07
bojnice21: folds 
shakadevirgo90: folds 
Uncalled bet ($0.05) returned to mfcrvmnz
mfcrvmnz collected $0.05 from pot
Player2969 leaves the table
*** SUMMARY ***
Total pot $0.05 | Rake $0 
Seat 1: goalie39 folded before Flop (didn't bet)
Seat 2: Dorex2007 folded before Flop (didn't bet)
Seat 4: 2johnt2 folded before Flop (didn't bet)
Seat 5: mfcrvmnz (button) collected ($0.05)
Seat 6: bojnice21 (small blind) folded before Flop
Seat 8: shakadevirgo90 (big blind) folded before Flop
Seat 9: kio_kkk folded before Flop (didn't bet)



PokerStars Hand #237367648625:  Hold'em No Limit ($0.01/$0.02 USD) - 2022/07/14 23:12:20 PT [2022/07/15 2:12:20 ET]
Table 'Eurynome III' 9-max Seat #6 is the button
Seat 1: goalie39 ($1.56 in chips) 
Seat 2: Dorex2007 ($2.01 in chips) 
Seat 4: 2johnt2 ($2.47 in chips) 
Seat 5: mfcrvmnz ($3.73 in chips) 
Seat 6: bojnice21 ($1.96 in chips) 
Seat 8: shakadevirgo90 ($1.46 in chips) 
Seat 9: kio_kkk ($2 in chips) 
shakadevirgo90: posts small blind $0.01
kio_kkk: posts big blind $0.02
*** HOLE CARDS ***
Dealt to Dorex2007 [7d 2s]
goalie39: folds 
Dorex2007: folds 
2johnt2: folds 
Tobiz89 joins the table at seat #7 
mfcrvmnz: folds 
bojnice21: folds 
shakadevirgo90: raises $0.02 to $0.04
kio_kkk: raises $0.06 to $0.10
shakadevirgo90: calls $0.06
*** FLOP *** [Ah 2h 8d]
shakadevirgo90: checks 
kio_kkk: bets $0.06
shakadevirgo90: calls $0.06
*** TURN *** [Ah 2h 8d] [4d]
shakadevirgo90: checks 
kio_kkk: checks 
*** RIVER *** [Ah 2h 8d 4d] [9d]
shakadevirgo90: bets $0.32
kio_kkk: folds 
Uncalled bet ($0.32) returned to shakadevirgo90
shakadevirgo90 collected $0.31 from pot
*** SUMMARY ***
Total pot $0.32 | Rake $0.01 
Board [Ah 2h 8d 4d 9d]
Seat 1: goalie39 folded before Flop (didn't bet)
Seat 2: Dorex2007 folded before Flop (didn't bet)
Seat 4: 2johnt2 folded before Flop (didn't bet)
Seat 5: mfcrvmnz folded before Flop (didn't bet)
Seat 6: bojnice21 (button) folded before Flop (didn't bet)
Seat 8: shakadevirgo90 (small blind) collected ($0.31)
Seat 9: kio_kkk (big blind) folded on the River



PokerStars Hand #237367658532:  Hold'em No Limit ($0.01/$0.02 USD) - 2022/07/14 23:13:53 PT [2022/07/15 2:13:53 ET]
Table 'Eurynome III' 9-max Seat #8 is the button
Seat 1: goalie39 ($1.56 in chips) 
Seat 2: Dorex2007 ($2.01 in chips) 
Seat 4: 2johnt2 ($2.47 in chips) 
Seat 5: mfcrvmnz ($3.73 in chips) 
Seat 6: bojnice21 ($1.96 in chips) 
Seat 8: shakadevirgo90 ($1.61 in chips) 
Seat 9: kio_kkk ($2 in chips) 
kio_kkk: posts small blind $0.01
goalie39: posts big blind $0.02
Tobiz89: sits out 
*** HOLE CARDS ***
Dealt to Dorex2007 [2s 7h]
Dorex2007: folds 
2johnt2: folds 
mfcrvmnz: raises $0.05 to $0.07
bojnice21: folds 
shakadevirgo90: folds 
kio_kkk: folds 
goalie39: folds 
Uncalled bet ($0.05) returned to mfcrvmnz
mfcrvmnz collected $0.05 from pot
*** SUMMARY ***
Total pot $0.05 | Rake $0 
Seat 1: goalie39 (big blind) folded before Flop
Seat 2: Dorex2007 folded before Flop (didn't bet)
Seat 4: 2johnt2 folded before Flop (didn't bet)
Seat 5: mfcrvmnz collected ($0.05)
Seat 6: bojnice21 folded before Flop (didn't bet)
Seat 8: shakadevirgo90 (button) folded before Flop (didn't bet)
Seat 9: kio_kkk (small blind) folded before Flop



PokerStars Hand #237367660046:  Hold'em No Limit ($0.01/$0.02 USD) - 2022/07/14 23:14:08 PT [2022/07/15 2:14:08 ET]
Table 'Eurynome III' 9-max Seat #9 is the button
Seat 1: goalie39 ($1.54 in chips) 
Seat 2: Dorex2007 ($2.01 in chips) 
Seat 4: 2johnt2 ($2.47 in chips) 
Seat 5: mfcrvmnz ($3.76 in chips) 
Seat 6: bojnice21 ($1.96 in chips) 
Seat 8: shakadevirgo90 ($1.61 in chips) 
Seat 9: kio_kkk ($2 in chips) 
goalie39: posts small blind $0.01
Dorex2007: posts big blind $0.02
Tobiz89: sits out 
*** HOLE CARDS ***
Dealt to Dorex2007 [6d 2d]
2johnt2: folds 
mfcrvmnz: raises $0.08 to $0.10
bojnice21: folds 
shakadevirgo90: folds 
kio_kkk: folds 
goalie39: raises $1.44 to $1.54 and is all-in
Dorex2007: folds 
mfcrvmnz: calls $1.44
*** FLOP *** [7d Ad 2s]
*** TURN *** [7d Ad 2s] [6h]
*** RIVER *** [7d Ad 2s 6h] [Ks]
*** SHOW DOWN ***
goalie39: shows [Ah Kh] (two pair, Aces and Kings)
mfcrvmnz: shows [5h 5c] (a pair of Fives)
goalie39 collected $2.99 from pot
*** SUMMARY ***
Total pot $3.10 | Rake $0.11 
Board [7d Ad 2s 6h Ks]
Seat 1: goalie39 (small blind) showed [Ah Kh] and won ($2.99) with two pair, Aces and Kings
Seat 2: Dorex2007 (big blind) folded before Flop
Seat 4: 2johnt2 folded before Flop (didn't bet)
Seat 5: mfcrvmnz showed [5h 5c] and lost with a pair of Fives
Seat 6: bojnice21 folded before Flop (didn't bet)
Seat 8: shakadevirgo90 folded before Flop (didn't bet)
Seat 9: kio_kkk (button) folded before Flop (didn't bet)



PokerStars Hand #237367664378:  Hold'em No Limit ($0.01/$0.02 USD) - 2022/07/14 23:14:49 PT [2022/07/15 2:14:49 ET]
Table 'Eurynome III' 9-max Seat #1 is the button
Seat 1: goalie39 ($2.99 in chips) 
Seat 2: Dorex2007 ($2 in chips) 
Seat 4: 2johnt2 ($2.47 in chips) 
Seat 5: mfcrvmnz ($2.22 in chips) 
Seat 6: bojnice21 ($1.96 in chips) 
Seat 8: shakadevirgo90 ($1.61 in chips) 
Seat 9: kio_kkk ($2 in chips) 
Dorex2007: posts small blind $0.01
2johnt2: posts big blind $0.02
Tobiz89: sits out 
*** HOLE CARDS ***
Dealt to Dorex2007 [2h 6s]
mfcrvmnz: folds 
bojnice21: folds 
shakadevirgo90: folds 
kio_kkk: folds 
goalie39: calls $0.02
Dorex2007: folds 
2johnt2: raises $0.05 to $0.07
goalie39: folds 
Uncalled bet ($0.05) returned to 2johnt2
2johnt2 collected $0.05 from pot
*** SUMMARY ***
Total pot $0.05 | Rake $0 
Seat 1: goalie39 (button) folded before Flop
Seat 2: Dorex2007 (small blind) folded before Flop
Seat 4: 2johnt2 (big blind) collected ($0.05)
Seat 5: mfcrvmnz folded before Flop (didn't bet)
Seat 6: bojnice21 folded before Flop (didn't bet)
Seat 8: shakadevirgo90 folded before Flop (didn't bet)
Seat 9: kio_kkk folded before Flop (didn't bet)



PokerStars Hand #237367666952:  Hold'em No Limit ($0.01/$0.02 USD) - 2022/07/14 23:15:14 PT [2022/07/15 2:15:14 ET]
Table 'Eurynome III' 9-max Seat #2 is the button
Seat 1: goalie39 ($2.97 in chips) 
Seat 2: Dorex2007 ($2 in chips) 
Seat 4: 2johnt2 ($2.50 in chips) 
Seat 5: mfcrvmnz ($2.22 in chips) 
Seat 6: bojnice21 ($1.96 in chips) 
Seat 8: shakadevirgo90 ($1.61 in chips) 
Seat 9: kio_kkk ($2 in chips) 
2johnt2: posts small blind $0.01
mfcrvmnz: posts big blind $0.02
Tobiz89: sits out 
*** HOLE CARDS ***
Dealt to Dorex2007 [3s Jd]
bojnice21: calls $0.02
shakadevirgo90: folds 
kio_kkk: folds 
goalie39: calls $0.02
Dorex2007: folds 
2johnt2: folds 
mfcrvmnz: checks 
*** FLOP *** [9d 2s Td]
mfcrvmnz: bets $0.03
bojnice21: calls $0.03
goalie39: calls $0.03
*** TURN *** [9d 2s Td] [Ad]
mfcrvmnz: bets $0.07
bojnice21: calls $0.07
goalie39: folds 
*** RIVER *** [9d 2s Td Ad] [Ks]
mfcrvmnz: checks 
bojnice21: bets $0.29
mfcrvmnz: folds 
Uncalled bet ($0.29) returned to bojnice21
bojnice21 collected $0.29 from pot
*** SUMMARY ***
Total pot $0.30 | Rake $0.01 
Board [9d 2s Td Ad Ks]
Seat 1: goalie39 folded on the Turn
Seat 2: Dorex2007 (button) folded before Flop (didn't bet)
Seat 4: 2johnt2 (small blind) folded before Flop
Seat 5: mfcrvmnz (big blind) folded on the River
Seat 6: bojnice21 collected ($0.29)
Seat 8: shakadevirgo90 folded before Flop (didn't bet)
Seat 9: kio_kkk folded before Flop (didn't bet)



PokerStars Hand #237367671068:  Hold'em No Limit ($0.01/$0.02 USD) - 2022/07/14 23:15:53 PT [2022/07/15 2:15:53 ET]
Table 'Eurynome III' 9-max Seat #4 is the button
Seat 1: goalie39 ($2.92 in chips) 
Seat 2: Dorex2007 ($2 in chips) 
Seat 4: 2johnt2 ($2.49 in chips) 
Seat 5: mfcrvmnz ($2.10 in chips) 
Seat 7: Tobiz89 ($2 in chips) 
Seat 8: shakadevirgo90 ($1.61 in chips) 
Seat 9: kio_kkk ($2 in chips) 
mfcrvmnz: posts small blind $0.01
Tobiz89: posts big blind $0.02
*** HOLE CARDS ***
Dealt to Dorex2007 [Jh 9s]
shakadevirgo90: raises $0.02 to $0.04
kio_kkk: folds 
bojnice21 leaves the table
shakhtior joins the table at seat #6 
goalie39: calls $0.04
Dorex2007: folds 
2johnt2: folds 
mfcrvmnz: calls $0.03
Tobiz89: calls $0.02
*** FLOP *** [6d 9c Kd]
mfcrvmnz: checks 
Tobiz89: checks 
shakadevirgo90: checks 
goalie39: bets $0.07
mfcrvmnz: folds 
Tobiz89: folds 
shakadevirgo90: calls $0.07
*** TURN *** [6d 9c Kd] [2d]
shakadevirgo90: checks 
goalie39: bets $0.14
shakadevirgo90: calls $0.14
*** RIVER *** [6d 9c Kd 2d] [6h]
shakadevirgo90: bets $0.54
goalie39: folds 
Uncalled bet ($0.54) returned to shakadevirgo90
shakadevirgo90 collected $0.56 from pot
*** SUMMARY ***
Total pot $0.58 | Rake $0.02 
Board [6d 9c Kd 2d 6h]
Seat 1: goalie39 folded on the River
Seat 2: Dorex2007 folded before Flop (didn't bet)
Seat 4: 2johnt2 (button) folded before Flop (didn't bet)
Seat 5: mfcrvmnz (small blind) folded on the Flop
Seat 7: Tobiz89 (big blind) folded on the Flop
Seat 8: shakadevirgo90 collected ($0.56)
Seat 9: kio_kkk folded before Flop (didn't bet)



