PokerStars Hand #238013888786:  Hold'em No Limit ($0.02/$0.05 USD) - 2022/08/15 15:17:26 PT [2022/08/15 18:17:26 ET]
Table 'Bandusia III' 9-max Seat #6 is the button
Seat 2: Mike Hoshchuk 3 ($4.48 in chips) 
Seat 4: JEANXITER ($2.64 in chips) 
Seat 5: Dorex2007 ($5 in chips) 
Seat 6: kimikiwi87 ($4.93 in chips) 
Seat 7: kAiba109 ($1.88 in chips) 
Seat 8: MiBa83 ($8.83 in chips) 
Seat 9: Jota322322 ($4.75 in chips) 
kAiba109: posts small blind $0.02
MiBa83: posts big blind $0.05
Dorex2007: posts big blind $0.05
*** HOLE CARDS ***
Dealt to Dorex2007 [3d Ad]
Jota322322: folds 
Mike Hoshchuk 3: folds 
JEANXITER: folds 
Dorex2007: checks 
kimikiwi87: folds 
kAiba109: folds 
MiBa83: checks 
*** FLOP *** [Kc 5c 4d]
MiBa83: checks 
Dorex2007: checks 
*** TURN *** [Kc 5c 4d] [Kd]
MiBa83: checks 
Dorex2007: checks 
*** RIVER *** [Kc 5c 4d Kd] [Jh]
MiBa83: checks 
Dorex2007: checks 
*** SHOW DOWN ***
MiBa83: shows [Td 9d] (a pair of Kings)
Dorex2007: shows [3d Ad] (a pair of Kings - Ace kicker)
Dorex2007 collected $0.12 from pot
*** SUMMARY ***
Total pot $0.12 | Rake $0 
Board [Kc 5c 4d Kd Jh]
Seat 2: Mike Hoshchuk 3 folded before Flop (didn't bet)
Seat 4: JEANXITER folded before Flop (didn't bet)
Seat 5: Dorex2007 showed [3d Ad] and won ($0.12) with a pair of Kings
Seat 6: kimikiwi87 (button) folded before Flop (didn't bet)
Seat 7: kAiba109 (small blind) folded before Flop
Seat 8: MiBa83 (big blind) showed [Td 9d] and lost with a pair of Kings
Seat 9: Jota322322 folded before Flop (didn't bet)



PokerStars Hand #238013899319:  Hold'em No Limit ($0.02/$0.05 USD) - 2022/08/15 15:18:00 PT [2022/08/15 18:18:00 ET]
Table 'Bandusia III' 9-max Seat #7 is the button
Seat 2: Mike Hoshchuk 3 ($4.48 in chips) 
Seat 4: JEANXITER ($2.64 in chips) 
Seat 5: Dorex2007 ($5.07 in chips) 
Seat 6: kimikiwi87 ($4.93 in chips) 
Seat 7: kAiba109 ($1.86 in chips) 
Seat 8: MiBa83 ($8.78 in chips) 
Seat 9: Jota322322 ($4.75 in chips) 
MiBa83: posts small blind $0.02
Jota322322: posts big blind $0.05
BluffOnTable: sits out 
*** HOLE CARDS ***
Dealt to Dorex2007 [Qs Js]
Mike Hoshchuk 3: folds 
JEANXITER: folds 
Dorex2007: raises $0.10 to $0.15
kimikiwi87: folds 
kAiba109: folds 
MiBa83: folds 
Jota322322: folds 
Uncalled bet ($0.10) returned to Dorex2007
Dorex2007 collected $0.12 from pot
Dorex2007: doesn't show hand 
*** SUMMARY ***
Total pot $0.12 | Rake $0 
Seat 2: Mike Hoshchuk 3 folded before Flop (didn't bet)
Seat 4: JEANXITER folded before Flop (didn't bet)
Seat 5: Dorex2007 collected ($0.12)
Seat 6: kimikiwi87 folded before Flop (didn't bet)
Seat 7: kAiba109 (button) folded before Flop (didn't bet)
Seat 8: MiBa83 (small blind) folded before Flop
Seat 9: Jota322322 (big blind) folded before Flop



PokerStars Hand #238013905039:  Hold'em No Limit ($0.02/$0.05 USD) - 2022/08/15 15:18:17 PT [2022/08/15 18:18:17 ET]
Table 'Bandusia III' 9-max Seat #8 is the button
Seat 1: BluffOnTable ($5 in chips) 
Seat 2: Mike Hoshchuk 3 ($4.48 in chips) 
Seat 4: JEANXITER ($2.64 in chips) 
Seat 5: Dorex2007 ($5.14 in chips) 
Seat 6: kimikiwi87 ($4.93 in chips) 
Seat 7: kAiba109 ($1.86 in chips) 
Seat 8: MiBa83 ($8.76 in chips) 
Seat 9: Jota322322 ($4.70 in chips) 
Jota322322: posts small blind $0.02
BluffOnTable: posts big blind $0.05
*** HOLE CARDS ***
Dealt to Dorex2007 [Qh 8d]
Mike Hoshchuk 3: folds 
JEANXITER: calls $0.05
Dorex2007: folds 
kimikiwi87: folds 
kAiba109: folds 
MiBa83: folds 
Jota322322: folds 
BluffOnTable: checks 
*** FLOP *** [Kc 7d As]
BluffOnTable: checks 
JEANXITER: checks 
*** TURN *** [Kc 7d As] [5s]
kAiba109 is disconnected 
BluffOnTable has timed out
BluffOnTable: checks 
JEANXITER: bets $0.06
BluffOnTable has timed out
BluffOnTable: folds 
Uncalled bet ($0.06) returned to JEANXITER
JEANXITER collected $0.12 from pot
JEANXITER: doesn't show hand 
*** SUMMARY ***
Total pot $0.12 | Rake $0 
Board [Kc 7d As 5s]
Seat 1: BluffOnTable (big blind) folded on the Turn
Seat 2: Mike Hoshchuk 3 folded before Flop (didn't bet)
Seat 4: JEANXITER collected ($0.12)
Seat 5: Dorex2007 folded before Flop (didn't bet)
Seat 6: kimikiwi87 folded before Flop (didn't bet)
Seat 7: kAiba109 folded before Flop (didn't bet)
Seat 8: MiBa83 (button) folded before Flop (didn't bet)
Seat 9: Jota322322 (small blind) folded before Flop



PokerStars Hand #238013939426:  Hold'em No Limit ($0.02/$0.05 USD) - 2022/08/15 15:20:06 PT [2022/08/15 18:20:06 ET]
Table 'Bandusia III' 9-max Seat #9 is the button
Seat 2: Mike Hoshchuk 3 ($4.48 in chips) 
Seat 4: JEANXITER ($2.71 in chips) 
Seat 5: Dorex2007 ($5.14 in chips) 
Seat 6: kimikiwi87 ($4.93 in chips) 
Seat 7: kAiba109 ($1.86 in chips) 
Seat 8: MiBa83 ($8.76 in chips) 
Seat 9: Jota322322 ($4.68 in chips) 
Mike Hoshchuk 3: posts small blind $0.02
JEANXITER: posts big blind $0.05
*** HOLE CARDS ***
Dealt to Dorex2007 [7d 2s]
Dorex2007 has timed out
Dorex2007: folds 
kimikiwi87: folds 
kAiba109: folds 
MiBa83: raises $0.06 to $0.11
Jota322322: folds 
Mike Hoshchuk 3: calls $0.09
JEANXITER: raises $0.33 to $0.44
MiBa83: calls $0.33
Mike Hoshchuk 3: folds 
*** FLOP *** [Ts Ks 9h]
JEANXITER: bets $0.47
MiBa83: folds 
Uncalled bet ($0.47) returned to JEANXITER
JEANXITER collected $0.95 from pot
JEANXITER: doesn't show hand 
*** SUMMARY ***
Total pot $0.99 | Rake $0.04 
Board [Ts Ks 9h]
Seat 2: Mike Hoshchuk 3 (small blind) folded before Flop
Seat 4: JEANXITER (big blind) collected ($0.95)
Seat 5: Dorex2007 folded before Flop (didn't bet)
Seat 6: kimikiwi87 folded before Flop (didn't bet)
Seat 7: kAiba109 folded before Flop (didn't bet)
Seat 8: MiBa83 folded on the Flop
Seat 9: Jota322322 (button) folded before Flop (didn't bet)



PokerStars Hand #238013960723:  Hold'em No Limit ($0.02/$0.05 USD) - 2022/08/15 15:20:54 PT [2022/08/15 18:20:54 ET]
Table 'Bandusia III' 9-max Seat #2 is the button
Seat 2: Mike Hoshchuk 3 ($4.37 in chips) 
Seat 4: JEANXITER ($3.22 in chips) 
Seat 5: Dorex2007 ($5.14 in chips) 
Seat 6: kimikiwi87 ($4.93 in chips) 
Seat 7: kAiba109 ($1.86 in chips) 
Seat 8: MiBa83 ($8.32 in chips) 
Seat 9: Jota322322 ($4.68 in chips) 
JEANXITER: posts small blind $0.02
Dorex2007: posts big blind $0.05
*** HOLE CARDS ***
Dealt to Dorex2007 [8c Ks]
kimikiwi87: folds 
kAiba109: folds 
MiBa83: raises $0.06 to $0.11
Jota322322: calls $0.11
Mike Hoshchuk 3: calls $0.11
JEANXITER: folds 
Dorex2007: folds 
*** FLOP *** [5h Jd 7d]
MiBa83: checks 
Jota322322: bets $0.15
Mike Hoshchuk 3: folds 
MiBa83: folds 
Uncalled bet ($0.15) returned to Jota322322
Jota322322 collected $0.38 from pot
Jota322322: doesn't show hand 
*** SUMMARY ***
Total pot $0.40 | Rake $0.02 
Board [5h Jd 7d]
Seat 2: Mike Hoshchuk 3 (button) folded on the Flop
Seat 4: JEANXITER (small blind) folded before Flop
Seat 5: Dorex2007 (big blind) folded before Flop
Seat 6: kimikiwi87 folded before Flop (didn't bet)
Seat 7: kAiba109 folded before Flop (didn't bet)
Seat 8: MiBa83 folded on the Flop
Seat 9: Jota322322 collected ($0.38)



PokerStars Hand #238013970287:  Hold'em No Limit ($0.02/$0.05 USD) - 2022/08/15 15:21:25 PT [2022/08/15 18:21:25 ET]
Table 'Bandusia III' 9-max Seat #4 is the button
Seat 2: Mike Hoshchuk 3 ($4.26 in chips) 
Seat 4: JEANXITER ($3.20 in chips) 
Seat 5: Dorex2007 ($5.09 in chips) 
Seat 6: kimikiwi87 ($4.93 in chips) 
Seat 7: kAiba109 ($1.86 in chips) 
Seat 8: MiBa83 ($8.21 in chips) 
Seat 9: Jota322322 ($4.95 in chips) 
Dorex2007: posts small blind $0.02
kimikiwi87: posts big blind $0.05
*** HOLE CARDS ***
Dealt to Dorex2007 [5d Qd]
kAiba109: folds 
MiBa83: folds 
Jota322322: folds 
Mike Hoshchuk 3: calls $0.05
JEANXITER has timed out
JEANXITER: folds 
Dorex2007: calls $0.03
kimikiwi87: checks 
*** FLOP *** [Qs Tc 3s]
Dorex2007: bets $0.14
kimikiwi87: calls $0.14
Mike Hoshchuk 3: calls $0.14
*** TURN *** [Qs Tc 3s] [6d]
Dorex2007: checks 
kimikiwi87: checks 
Mike Hoshchuk 3: checks 
*** RIVER *** [Qs Tc 3s 6d] [5s]
Dorex2007: bets $0.55
kimikiwi87: folds 
Mike Hoshchuk 3: folds 
Uncalled bet ($0.55) returned to Dorex2007
Dorex2007 collected $0.55 from pot
Dorex2007: doesn't show hand 
*** SUMMARY ***
Total pot $0.57 | Rake $0.02 
Board [Qs Tc 3s 6d 5s]
Seat 2: Mike Hoshchuk 3 folded on the River
Seat 4: JEANXITER (button) folded before Flop (didn't bet)
Seat 5: Dorex2007 (small blind) collected ($0.55)
Seat 6: kimikiwi87 (big blind) folded on the River
Seat 7: kAiba109 folded before Flop (didn't bet)
Seat 8: MiBa83 folded before Flop (didn't bet)
Seat 9: Jota322322 folded before Flop (didn't bet)



PokerStars Hand #238013993583:  Hold'em No Limit ($0.02/$0.05 USD) - 2022/08/15 15:22:40 PT [2022/08/15 18:22:40 ET]
Table 'Bandusia III' 9-max Seat #5 is the button
Seat 2: Mike Hoshchuk 3 ($4.07 in chips) 
Seat 5: Dorex2007 ($5.45 in chips) 
Seat 6: kimikiwi87 ($4.74 in chips) 
Seat 7: kAiba109 ($1.86 in chips) 
Seat 8: MiBa83 ($8.21 in chips) 
Seat 9: Jota322322 ($4.95 in chips) 
kimikiwi87: posts small blind $0.02
kAiba109: posts big blind $0.05
*** HOLE CARDS ***
Dealt to Dorex2007 [Ts Tc]
MiBa83: folds 
Jota322322: folds 
Mike Hoshchuk 3: raises $0.05 to $0.10
Dorex2007: calls $0.10
kimikiwi87: folds 
kAiba109: folds 
*** FLOP *** [5c 9s 8h]
Mike Hoshchuk 3: bets $0.10
Dorex2007: raises $0.46 to $0.56
Mike Hoshchuk 3: raises $0.81 to $1.37
Dorex2007: raises $3.98 to $5.35 and is all-in
Mike Hoshchuk 3: calls $2.60 and is all-in
Uncalled bet ($1.38) returned to Dorex2007
Dorex2007 has timed out
*** TURN *** [5c 9s 8h] [Jh]
*** RIVER *** [5c 9s 8h Jh] [Jd]
*** SHOW DOWN ***
Mike Hoshchuk 3: shows [7s 6s] (a straight, Five to Nine)
Dorex2007: shows [Ts Tc] (two pair, Jacks and Tens)
Mike Hoshchuk 3 collected $7.87 from pot
*** SUMMARY ***
Total pot $8.21 | Rake $0.34 
Board [5c 9s 8h Jh Jd]
Seat 2: Mike Hoshchuk 3 showed [7s 6s] and won ($7.87) with a straight, Five to Nine
Seat 5: Dorex2007 (button) showed [Ts Tc] and lost with two pair, Jacks and Tens
Seat 6: kimikiwi87 (small blind) folded before Flop
Seat 7: kAiba109 (big blind) folded before Flop
Seat 8: MiBa83 folded before Flop (didn't bet)
Seat 9: Jota322322 folded before Flop (didn't bet)



PokerStars Hand #238014013906:  Hold'em No Limit ($0.02/$0.05 USD) - 2022/08/15 15:23:44 PT [2022/08/15 18:23:44 ET]
Table 'Bandusia III' 9-max Seat #6 is the button
Seat 2: Mike Hoshchuk 3 ($7.87 in chips) 
Seat 3: shtshot250 ($4.07 in chips) 
Seat 5: Dorex2007 ($5 in chips) 
Seat 6: kimikiwi87 ($4.72 in chips) 
Seat 7: kAiba109 ($1.81 in chips) 
Seat 8: MiBa83 ($8.21 in chips) 
Seat 9: Jota322322 ($4.95 in chips) 
kAiba109: posts small blind $0.02
MiBa83: posts big blind $0.05
shtshot250: posts small & big blinds $0.07
*** HOLE CARDS ***
Dealt to Dorex2007 [Kd 2d]
Jota322322: folds 
Mike Hoshchuk 3: folds 
shtshot250: checks 
Dorex2007: folds 
kimikiwi87: calls $0.05
kAiba109: folds 
MiBa83: checks 
*** FLOP *** [3c 9c Ah]
MiBa83: checks 
shtshot250: checks 
kimikiwi87: checks 
*** TURN *** [3c 9c Ah] [Ts]
MiBa83: checks 
shtshot250: checks 
kimikiwi87: checks 
*** RIVER *** [3c 9c Ah Ts] [Kc]
MiBa83: checks 
shtshot250: checks 
kimikiwi87: bets $0.18
MiBa83: folds 
shtshot250: folds 
Uncalled bet ($0.18) returned to kimikiwi87
kimikiwi87 collected $0.18 from pot
*** SUMMARY ***
Total pot $0.19 | Rake $0.01 
Board [3c 9c Ah Ts Kc]
Seat 2: Mike Hoshchuk 3 folded before Flop (didn't bet)
Seat 3: shtshot250 folded on the River (didn't bet)
Seat 5: Dorex2007 folded before Flop (didn't bet)
Seat 6: kimikiwi87 (button) collected ($0.18)
Seat 7: kAiba109 (small blind) folded before Flop
Seat 8: MiBa83 (big blind) folded on the River
Seat 9: Jota322322 folded before Flop (didn't bet)



PokerStars Hand #238014036262:  Hold'em No Limit ($0.02/$0.05 USD) - 2022/08/15 15:24:41 PT [2022/08/15 18:24:41 ET]
Table 'Bandusia III' 9-max Seat #7 is the button
Seat 2: Mike Hoshchuk 3 ($7.87 in chips) 
Seat 3: shtshot250 ($4 in chips) 
Seat 5: Dorex2007 ($5 in chips) 
Seat 6: kimikiwi87 ($4.85 in chips) 
Seat 7: kAiba109 ($1.79 in chips) 
Seat 8: MiBa83 ($8.16 in chips) 
Seat 9: Jota322322 ($4.95 in chips) 
MiBa83: posts small blind $0.02
Jota322322: posts big blind $0.05
*** HOLE CARDS ***
Dealt to Dorex2007 [Td 4d]
Mike Hoshchuk 3: folds 
shtshot250: folds 
Dorex2007: folds 
kimikiwi87: folds 
kAiba109: folds 
MiBa83: folds 
Uncalled bet ($0.03) returned to Jota322322
Jota322322 collected $0.04 from pot
Jota322322: doesn't show hand 
*** SUMMARY ***
Total pot $0.04 | Rake $0 
Seat 2: Mike Hoshchuk 3 folded before Flop (didn't bet)
Seat 3: shtshot250 folded before Flop (didn't bet)
Seat 5: Dorex2007 folded before Flop (didn't bet)
Seat 6: kimikiwi87 folded before Flop (didn't bet)
Seat 7: kAiba109 (button) folded before Flop (didn't bet)
Seat 8: MiBa83 (small blind) folded before Flop
Seat 9: Jota322322 (big blind) collected ($0.04)



PokerStars Hand #238014040415:  Hold'em No Limit ($0.02/$0.05 USD) - 2022/08/15 15:24:54 PT [2022/08/15 18:24:54 ET]
Table 'Bandusia III' 9-max Seat #8 is the button
Seat 2: Mike Hoshchuk 3 ($7.87 in chips) 
Seat 3: shtshot250 ($4 in chips) 
Seat 5: Dorex2007 ($5 in chips) 
Seat 6: kimikiwi87 ($4.85 in chips) 
Seat 7: kAiba109 ($1.79 in chips) 
Seat 8: MiBa83 ($8.14 in chips) 
Seat 9: Jota322322 ($4.97 in chips) 
Jota322322: posts small blind $0.02
Mike Hoshchuk 3: posts big blind $0.05
*** HOLE CARDS ***
Dealt to Dorex2007 [8h 5h]
shtshot250: calls $0.05
Dorex2007: folds 
kimikiwi87: folds 
kAiba109: folds 
MiBa83: calls $0.05
Jota322322: folds 
Mike Hoshchuk 3: checks 
*** FLOP *** [Ad 8c Tc]
Mike Hoshchuk 3: checks 
shtshot250: checks 
MiBa83: bets $0.05
Mike Hoshchuk 3: folds 
shtshot250: folds 
Uncalled bet ($0.05) returned to MiBa83
MiBa83 collected $0.16 from pot
MiBa83: doesn't show hand 
*** SUMMARY ***
Total pot $0.17 | Rake $0.01 
Board [Ad 8c Tc]
Seat 2: Mike Hoshchuk 3 (big blind) folded on the Flop
Seat 3: shtshot250 folded on the Flop
Seat 5: Dorex2007 folded before Flop (didn't bet)
Seat 6: kimikiwi87 folded before Flop (didn't bet)
Seat 7: kAiba109 folded before Flop (didn't bet)
Seat 8: MiBa83 (button) collected ($0.16)
Seat 9: Jota322322 (small blind) folded before Flop



PokerStars Hand #238014051608:  Hold'em No Limit ($0.02/$0.05 USD) - 2022/08/15 15:25:30 PT [2022/08/15 18:25:30 ET]
Table 'Bandusia III' 9-max Seat #9 is the button
Seat 2: Mike Hoshchuk 3 ($7.82 in chips) 
Seat 3: shtshot250 ($3.95 in chips) 
Seat 5: Dorex2007 ($5 in chips) 
Seat 6: kimikiwi87 ($4.85 in chips) 
Seat 7: kAiba109 ($1.79 in chips) 
Seat 8: MiBa83 ($8.25 in chips) 
Seat 9: Jota322322 ($4.95 in chips) 
Mike Hoshchuk 3: posts small blind $0.02
shtshot250: posts big blind $0.05
*** HOLE CARDS ***
Dealt to Dorex2007 [3h 5d]
Dorex2007 has timed out
Dorex2007: folds 
kimikiwi87: folds 
kAiba109: raises $0.05 to $0.10
MiBa83: folds 
Jota322322: folds 
Mike Hoshchuk 3: folds 
shtshot250: calls $0.05
*** FLOP *** [6s Kd 9c]
shtshot250: bets $0.21
kAiba109: folds 
Uncalled bet ($0.21) returned to shtshot250
shtshot250 collected $0.21 from pot
shtshot250: doesn't show hand 
*** SUMMARY ***
Total pot $0.22 | Rake $0.01 
Board [6s Kd 9c]
Seat 2: Mike Hoshchuk 3 (small blind) folded before Flop
Seat 3: shtshot250 (big blind) collected ($0.21)
Seat 5: Dorex2007 folded before Flop (didn't bet)
Seat 6: kimikiwi87 folded before Flop (didn't bet)
Seat 7: kAiba109 folded on the Flop
Seat 8: MiBa83 folded before Flop (didn't bet)
Seat 9: Jota322322 (button) folded before Flop (didn't bet)



PokerStars Hand #238014060701:  Hold'em No Limit ($0.02/$0.05 USD) - 2022/08/15 15:26:00 PT [2022/08/15 18:26:00 ET]
Table 'Bandusia III' 9-max Seat #2 is the button
Seat 2: Mike Hoshchuk 3 ($7.80 in chips) 
Seat 3: shtshot250 ($4.06 in chips) 
Seat 5: Dorex2007 ($5 in chips) 
Seat 6: kimikiwi87 ($4.85 in chips) 
Seat 7: kAiba109 ($1.69 in chips) 
Seat 8: MiBa83 ($8.25 in chips) 
Seat 9: Jota322322 ($4.95 in chips) 
shtshot250: posts small blind $0.02
Dorex2007: posts big blind $0.05
*** HOLE CARDS ***
Dealt to Dorex2007 [Ac Ah]
kimikiwi87: folds 
kAiba109: folds 
MiBa83: folds 
Jota322322: folds 
Mike Hoshchuk 3: raises $0.10 to $0.15
shtshot250: folds 
Dorex2007: raises $0.20 to $0.35
Mike Hoshchuk 3: calls $0.20
*** FLOP *** [7s 7d 9d]
Dorex2007: bets $0.69
Mike Hoshchuk 3: calls $0.69
*** TURN *** [7s 7d 9d] [Jh]
Dorex2007: bets $3.96 and is all-in
Mike Hoshchuk 3: calls $3.96
*** RIVER *** [7s 7d 9d Jh] [Kd]
*** SHOW DOWN ***
Dorex2007: shows [Ac Ah] (two pair, Aces and Sevens)
Mike Hoshchuk 3: shows [Qd Qc] (two pair, Queens and Sevens)
Dorex2007 cashed out the hand for $9.08 | Cash Out Fee $0.09
*** SUMMARY ***
Total pot $10.02 | Rake $0.42 
Board [7s 7d 9d Jh Kd]
Seat 2: Mike Hoshchuk 3 (button) showed [Qd Qc] and lost with two pair, Queens and Sevens
Seat 3: shtshot250 (small blind) folded before Flop
Seat 5: Dorex2007 (big blind) showed [Ac Ah] and won ($9.60) with two pair, Aces and Sevens (pot not awarded as player cashed out)
Seat 6: kimikiwi87 folded before Flop (didn't bet)
Seat 7: kAiba109 folded before Flop (didn't bet)
Seat 8: MiBa83 folded before Flop (didn't bet)
Seat 9: Jota322322 folded before Flop (didn't bet)



PokerStars Hand #238014076210:  Hold'em No Limit ($0.02/$0.05 USD) - 2022/08/15 15:26:51 PT [2022/08/15 18:26:51 ET]
Table 'Bandusia III' 9-max Seat #3 is the button
Seat 2: Mike Hoshchuk 3 ($2.80 in chips) 
Seat 3: shtshot250 ($4.04 in chips) 
Seat 5: Dorex2007 ($9.08 in chips) 
Seat 6: kimikiwi87 ($4.85 in chips) 
Seat 7: kAiba109 ($1.69 in chips) 
Seat 8: MiBa83 ($8.25 in chips) 
Seat 9: Jota322322 ($4.95 in chips) 
Dorex2007: posts small blind $0.02
kimikiwi87: posts big blind $0.05
*** HOLE CARDS ***
Dealt to Dorex2007 [As 7c]
kAiba109: folds 
MiBa83: folds 
Jota322322: folds 
Mike Hoshchuk 3: folds 
shtshot250: folds 
Dorex2007: folds 
Uncalled bet ($0.03) returned to kimikiwi87
kimikiwi87 collected $0.04 from pot
*** SUMMARY ***
Total pot $0.04 | Rake $0 
Seat 2: Mike Hoshchuk 3 folded before Flop (didn't bet)
Seat 3: shtshot250 (button) folded before Flop (didn't bet)
Seat 5: Dorex2007 (small blind) folded before Flop
Seat 6: kimikiwi87 (big blind) collected ($0.04)
Seat 7: kAiba109 folded before Flop (didn't bet)
Seat 8: MiBa83 folded before Flop (didn't bet)
Seat 9: Jota322322 folded before Flop (didn't bet)



PokerStars Hand #238014082779:  Hold'em No Limit ($0.02/$0.05 USD) - 2022/08/15 15:27:12 PT [2022/08/15 18:27:12 ET]
Table 'Bandusia III' 9-max Seat #5 is the button
Seat 2: Mike Hoshchuk 3 ($2.80 in chips) 
Seat 3: shtshot250 ($4.04 in chips) 
Seat 5: Dorex2007 ($9.06 in chips) 
Seat 6: kimikiwi87 ($4.87 in chips) 
Seat 7: kAiba109 ($1.69 in chips) 
Seat 8: MiBa83 ($8.25 in chips) 
Seat 9: Jota322322 ($4.95 in chips) 
kimikiwi87: posts small blind $0.02
kAiba109: posts big blind $0.05
*** HOLE CARDS ***
Dealt to Dorex2007 [7s Qd]
MiBa83: folds 
Jota322322: folds 
Mike Hoshchuk 3: raises $0.10 to $0.15
shtshot250: folds 
Dorex2007: folds 
kimikiwi87: folds 
kAiba109: folds 
Uncalled bet ($0.10) returned to Mike Hoshchuk 3
Mike Hoshchuk 3 collected $0.12 from pot
*** SUMMARY ***
Total pot $0.12 | Rake $0 
Seat 2: Mike Hoshchuk 3 collected ($0.12)
Seat 3: shtshot250 folded before Flop (didn't bet)
Seat 5: Dorex2007 (button) folded before Flop (didn't bet)
Seat 6: kimikiwi87 (small blind) folded before Flop
Seat 7: kAiba109 (big blind) folded before Flop
Seat 8: MiBa83 folded before Flop (didn't bet)
Seat 9: Jota322322 folded before Flop (didn't bet)



PokerStars Hand #238014090730:  Hold'em No Limit ($0.02/$0.05 USD) - 2022/08/15 15:27:38 PT [2022/08/15 18:27:38 ET]
Table 'Bandusia III' 9-max Seat #6 is the button
Seat 2: Mike Hoshchuk 3 ($2.87 in chips) 
Seat 3: shtshot250 ($4.04 in chips) 
Seat 5: Dorex2007 ($9.06 in chips) 
Seat 6: kimikiwi87 ($4.85 in chips) 
Seat 7: kAiba109 ($1.64 in chips) 
Seat 8: MiBa83 ($8.25 in chips) 
Seat 9: Jota322322 ($4.95 in chips) 
kAiba109: posts small blind $0.02
MiBa83: posts big blind $0.05
*** HOLE CARDS ***
Dealt to Dorex2007 [2h 3s]
Jota322322: folds 
Mike Hoshchuk 3: folds 
shtshot250: calls $0.05
Dorex2007: folds 
kimikiwi87: folds 
kAiba109: calls $0.03
MiBa83: checks 
*** FLOP *** [6d Ac Ah]
kAiba109: checks 
MiBa83: checks 
shtshot250: checks 
*** TURN *** [6d Ac Ah] [Th]
kAiba109: checks 
MiBa83: checks 
shtshot250: bets $0.14
kAiba109: folds 
MiBa83: folds 
Uncalled bet ($0.14) returned to shtshot250
shtshot250 collected $0.14 from pot
shtshot250: doesn't show hand 
*** SUMMARY ***
Total pot $0.15 | Rake $0.01 
Board [6d Ac Ah Th]
Seat 2: Mike Hoshchuk 3 folded before Flop (didn't bet)
Seat 3: shtshot250 collected ($0.14)
Seat 5: Dorex2007 folded before Flop (didn't bet)
Seat 6: kimikiwi87 (button) folded before Flop (didn't bet)
Seat 7: kAiba109 (small blind) folded on the Turn
Seat 8: MiBa83 (big blind) folded on the Turn
Seat 9: Jota322322 folded before Flop (didn't bet)



PokerStars Hand #238014102942:  Hold'em No Limit ($0.02/$0.05 USD) - 2022/08/15 15:28:18 PT [2022/08/15 18:28:18 ET]
Table 'Bandusia III' 9-max Seat #7 is the button
Seat 2: Mike Hoshchuk 3 ($2.87 in chips) 
Seat 3: shtshot250 ($4.13 in chips) 
Seat 5: Dorex2007 ($9.06 in chips) 
Seat 6: kimikiwi87 ($4.85 in chips) 
Seat 7: kAiba109 ($1.59 in chips) 
Seat 8: MiBa83 ($8.20 in chips) 
Seat 9: Jota322322 ($4.95 in chips) 
MiBa83: posts small blind $0.02
Jota322322: posts big blind $0.05
*** HOLE CARDS ***
Dealt to Dorex2007 [8d Kh]
Mike Hoshchuk 3: folds 
shtshot250: folds 
Dorex2007: folds 
kimikiwi87: folds 
kAiba109: folds 
MiBa83: folds 
Uncalled bet ($0.03) returned to Jota322322
Jota322322 collected $0.04 from pot
Jota322322: doesn't show hand 
*** SUMMARY ***
Total pot $0.04 | Rake $0 
Seat 2: Mike Hoshchuk 3 folded before Flop (didn't bet)
Seat 3: shtshot250 folded before Flop (didn't bet)
Seat 5: Dorex2007 folded before Flop (didn't bet)
Seat 6: kimikiwi87 folded before Flop (didn't bet)
Seat 7: kAiba109 (button) folded before Flop (didn't bet)
Seat 8: MiBa83 (small blind) folded before Flop
Seat 9: Jota322322 (big blind) collected ($0.04)



PokerStars Hand #238014107799:  Hold'em No Limit ($0.02/$0.05 USD) - 2022/08/15 15:28:33 PT [2022/08/15 18:28:33 ET]
Table 'Bandusia III' 9-max Seat #8 is the button
Seat 2: Mike Hoshchuk 3 ($2.87 in chips) 
Seat 3: shtshot250 ($4.13 in chips) 
Seat 5: Dorex2007 ($9.06 in chips) 
Seat 6: kimikiwi87 ($4.85 in chips) 
Seat 7: kAiba109 ($1.59 in chips) 
Seat 8: MiBa83 ($8.18 in chips) 
Seat 9: Jota322322 ($4.97 in chips) 
Jota322322: posts small blind $0.02
Mike Hoshchuk 3: posts big blind $0.05
*** HOLE CARDS ***
Dealt to Dorex2007 [Qc Ts]
shtshot250: calls $0.05
Dorex2007: folds 
kimikiwi87: calls $0.05
kAiba109: folds 
MiBa83: folds 
Jota322322: folds 
Mike Hoshchuk 3: raises $0.10 to $0.15
shtshot250: calls $0.10
kimikiwi87: calls $0.10
*** FLOP *** [7c Kh 9h]
Mike Hoshchuk 3: checks 
shtshot250: checks 
kimikiwi87: checks 
*** TURN *** [7c Kh 9h] [6s]
Mike Hoshchuk 3: checks 
shtshot250: checks 
kimikiwi87: checks 
*** RIVER *** [7c Kh 9h 6s] [7h]
Mike Hoshchuk 3: bets $0.22
shtshot250: calls $0.22
kimikiwi87: folds 
*** SHOW DOWN ***
Mike Hoshchuk 3: shows [Js As] (a pair of Sevens)
shtshot250: shows [7s 5s] (three of a kind, Sevens)
shtshot250 collected $0.87 from pot
*** SUMMARY ***
Total pot $0.91 | Rake $0.04 
Board [7c Kh 9h 6s 7h]
Seat 2: Mike Hoshchuk 3 (big blind) showed [Js As] and lost with a pair of Sevens
Seat 3: shtshot250 showed [7s 5s] and won ($0.87) with three of a kind, Sevens
Seat 5: Dorex2007 folded before Flop (didn't bet)
Seat 6: kimikiwi87 folded on the River
Seat 7: kAiba109 folded before Flop (didn't bet)
Seat 8: MiBa83 (button) folded before Flop (didn't bet)
Seat 9: Jota322322 (small blind) folded before Flop



PokerStars Hand #238014129502:  Hold'em No Limit ($0.02/$0.05 USD) - 2022/08/15 15:29:45 PT [2022/08/15 18:29:45 ET]
Table 'Bandusia III' 9-max Seat #9 is the button
Seat 2: Mike Hoshchuk 3 ($2.50 in chips) 
Seat 3: shtshot250 ($4.63 in chips) 
Seat 4: JEANXITER ($3.20 in chips) 
Seat 5: Dorex2007 ($9.06 in chips) 
Seat 6: kimikiwi87 ($4.70 in chips) 
Seat 7: kAiba109 ($1.59 in chips) 
Seat 8: MiBa83 ($8.18 in chips) 
Seat 9: Jota322322 ($4.95 in chips) 
Mike Hoshchuk 3: posts small blind $0.02
shtshot250: posts big blind $0.05
JEANXITER: posts small & big blinds $0.07
*** HOLE CARDS ***
Dealt to Dorex2007 [6c As]
JEANXITER: checks 
Dorex2007: folds 
kimikiwi87: folds 
kAiba109: folds 
MiBa83: folds 
Jota322322: folds 
Mike Hoshchuk 3: calls $0.03
shtshot250: checks 
*** FLOP *** [5d 6s 4c]
Mike Hoshchuk 3: checks 
shtshot250: checks 
JEANXITER: bets $0.16
Mike Hoshchuk 3: folds 
shtshot250: calls $0.16
*** TURN *** [5d 6s 4c] [3s]
shtshot250: checks 
JEANXITER: bets $0.20
shtshot250: folds 
Uncalled bet ($0.20) returned to JEANXITER
JEANXITER collected $0.47 from pot
JEANXITER: doesn't show hand 
*** SUMMARY ***
Total pot $0.49 | Rake $0.02 
Board [5d 6s 4c 3s]
Seat 2: Mike Hoshchuk 3 (small blind) folded on the Flop
Seat 3: shtshot250 (big blind) folded on the Turn
Seat 4: JEANXITER collected ($0.47)
Seat 5: Dorex2007 folded before Flop (didn't bet)
Seat 6: kimikiwi87 folded before Flop (didn't bet)
Seat 7: kAiba109 folded before Flop (didn't bet)
Seat 8: MiBa83 folded before Flop (didn't bet)
Seat 9: Jota322322 (button) folded before Flop (didn't bet)



PokerStars Hand #238014144178:  Hold'em No Limit ($0.02/$0.05 USD) - 2022/08/15 15:30:31 PT [2022/08/15 18:30:31 ET]
Table 'Bandusia III' 9-max Seat #2 is the button
Seat 2: Mike Hoshchuk 3 ($2.45 in chips) 
Seat 3: shtshot250 ($4.42 in chips) 
Seat 4: JEANXITER ($3.44 in chips) 
Seat 5: Dorex2007 ($9.06 in chips) 
Seat 6: kimikiwi87 ($4.70 in chips) 
Seat 7: kAiba109 ($1.59 in chips) 
Seat 8: MiBa83 ($8.18 in chips) 
Seat 9: Jota322322 ($4.95 in chips) 
shtshot250: posts small blind $0.02
JEANXITER: posts big blind $0.05
*** HOLE CARDS ***
Dealt to Dorex2007 [Kc As]
Dorex2007: raises $0.10 to $0.15
kimikiwi87: folds 
kAiba109: folds 
MiBa83: folds 
Jota322322: folds 
Mike Hoshchuk 3: calls $0.15
shtshot250: calls $0.13
JEANXITER: folds 
*** FLOP *** [5s 6c 2s]
shtshot250: bets $0.48
Dorex2007: folds 
Mike Hoshchuk 3: folds 
Uncalled bet ($0.48) returned to shtshot250
shtshot250 collected $0.48 from pot
shtshot250: doesn't show hand 
*** SUMMARY ***
Total pot $0.50 | Rake $0.02 
Board [5s 6c 2s]
Seat 2: Mike Hoshchuk 3 (button) folded on the Flop
Seat 3: shtshot250 (small blind) collected ($0.48)
Seat 4: JEANXITER (big blind) folded before Flop
Seat 5: Dorex2007 folded on the Flop
Seat 6: kimikiwi87 folded before Flop (didn't bet)
Seat 7: kAiba109 folded before Flop (didn't bet)
Seat 8: MiBa83 folded before Flop (didn't bet)
Seat 9: Jota322322 folded before Flop (didn't bet)



PokerStars Hand #238014155176:  Hold'em No Limit ($0.02/$0.05 USD) - 2022/08/15 15:31:06 PT [2022/08/15 18:31:06 ET]
Table 'Bandusia III' 9-max Seat #3 is the button
Seat 2: Mike Hoshchuk 3 ($2.30 in chips) 
Seat 3: shtshot250 ($4.75 in chips) 
Seat 4: JEANXITER ($3.39 in chips) 
Seat 5: Dorex2007 ($8.91 in chips) 
Seat 6: kimikiwi87 ($4.70 in chips) 
Seat 7: kAiba109 ($1.59 in chips) 
Seat 8: MiBa83 ($8.18 in chips) 
Seat 9: Jota322322 ($4.95 in chips) 
JEANXITER: posts small blind $0.02
Dorex2007: posts big blind $0.05
*** HOLE CARDS ***
Dealt to Dorex2007 [Ad 9d]
kimikiwi87: folds 
kAiba109: folds 
MiBa83: folds 
Jota322322: folds 
Mike Hoshchuk 3: folds 
shtshot250: calls $0.05
JEANXITER: folds 
Dorex2007: checks 
*** FLOP *** [6s 9s As]
Dorex2007: bets $0.08
shtshot250: calls $0.08
*** TURN *** [6s 9s As] [4s]
Dorex2007: checks 
shtshot250: checks 
*** RIVER *** [6s 9s As 4s] [Jh]
Dorex2007: checks 
shtshot250: checks 
*** SHOW DOWN ***
Dorex2007: shows [Ad 9d] (two pair, Aces and Nines)
shtshot250: mucks hand 
Dorex2007 collected $0.27 from pot
*** SUMMARY ***
Total pot $0.28 | Rake $0.01 
Board [6s 9s As 4s Jh]
Seat 2: Mike Hoshchuk 3 folded before Flop (didn't bet)
Seat 3: shtshot250 (button) mucked [9h 7h]
Seat 4: JEANXITER (small blind) folded before Flop
Seat 5: Dorex2007 (big blind) showed [Ad 9d] and won ($0.27) with two pair, Aces and Nines
Seat 6: kimikiwi87 folded before Flop (didn't bet)
Seat 7: kAiba109 folded before Flop (didn't bet)
Seat 8: MiBa83 folded before Flop (didn't bet)
Seat 9: Jota322322 folded before Flop (didn't bet)



PokerStars Hand #238014169874:  Hold'em No Limit ($0.02/$0.05 USD) - 2022/08/15 15:31:53 PT [2022/08/15 18:31:53 ET]
Table 'Bandusia III' 9-max Seat #4 is the button
Seat 2: Mike Hoshchuk 3 ($2.30 in chips) 
Seat 3: shtshot250 ($4.62 in chips) 
Seat 4: JEANXITER ($3.37 in chips) 
Seat 5: Dorex2007 ($9.05 in chips) 
Seat 6: kimikiwi87 ($4.70 in chips) 
Seat 7: kAiba109 ($1.59 in chips) 
Seat 8: MiBa83 ($8.18 in chips) 
Seat 9: Jota322322 ($4.95 in chips) 
Dorex2007: posts small blind $0.02
kimikiwi87: posts big blind $0.05
*** HOLE CARDS ***
Dealt to Dorex2007 [2h 9h]
kAiba109: folds 
MiBa83: raises $0.06 to $0.11
Jota322322: calls $0.11
Mike Hoshchuk 3: folds 
shtshot250: folds 
JEANXITER: folds 
Dorex2007: folds 
kimikiwi87: folds 
*** FLOP *** [Ts Kc 5s]
MiBa83: bets $0.09
Jota322322: calls $0.09
*** TURN *** [Ts Kc 5s] [Td]
MiBa83: bets $0.15
Jota322322: folds 
Uncalled bet ($0.15) returned to MiBa83
MiBa83 collected $0.45 from pot
MiBa83: doesn't show hand 
*** SUMMARY ***
Total pot $0.47 | Rake $0.02 
Board [Ts Kc 5s Td]
Seat 2: Mike Hoshchuk 3 folded before Flop (didn't bet)
Seat 3: shtshot250 folded before Flop (didn't bet)
Seat 4: JEANXITER (button) folded before Flop (didn't bet)
Seat 5: Dorex2007 (small blind) folded before Flop
Seat 6: kimikiwi87 (big blind) folded before Flop
Seat 7: kAiba109 folded before Flop (didn't bet)
Seat 8: MiBa83 collected ($0.45)
Seat 9: Jota322322 folded on the Turn



PokerStars Hand #238014182451:  Hold'em No Limit ($0.02/$0.05 USD) - 2022/08/15 15:32:34 PT [2022/08/15 18:32:34 ET]
Table 'Bandusia III' 9-max Seat #5 is the button
Seat 2: Mike Hoshchuk 3 ($2.30 in chips) 
Seat 3: shtshot250 ($4.62 in chips) 
Seat 4: JEANXITER ($3.37 in chips) 
Seat 5: Dorex2007 ($9.03 in chips) 
Seat 6: kimikiwi87 ($4.65 in chips) 
Seat 7: kAiba109 ($1.59 in chips) 
Seat 8: MiBa83 ($8.43 in chips) 
Seat 9: Jota322322 ($4.75 in chips) 
kimikiwi87: posts small blind $0.02
kAiba109: posts big blind $0.05
*** HOLE CARDS ***
Dealt to Dorex2007 [6d 7c]
MiBa83: folds 
Jota322322 has timed out
Jota322322: folds 
Mike Hoshchuk 3: raises $0.05 to $0.10
shtshot250: folds 
JEANXITER: folds 
Dorex2007: folds 
kimikiwi87: folds 
kAiba109: folds 
Uncalled bet ($0.05) returned to Mike Hoshchuk 3
Mike Hoshchuk 3 collected $0.12 from pot
*** SUMMARY ***
Total pot $0.12 | Rake $0 
Seat 2: Mike Hoshchuk 3 collected ($0.12)
Seat 3: shtshot250 folded before Flop (didn't bet)
Seat 4: JEANXITER folded before Flop (didn't bet)
Seat 5: Dorex2007 (button) folded before Flop (didn't bet)
Seat 6: kimikiwi87 (small blind) folded before Flop
Seat 7: kAiba109 (big blind) folded before Flop
Seat 8: MiBa83 folded before Flop (didn't bet)
Seat 9: Jota322322 folded before Flop (didn't bet)



PokerStars Hand #238014189955:  Hold'em No Limit ($0.02/$0.05 USD) - 2022/08/15 15:32:58 PT [2022/08/15 18:32:58 ET]
Table 'Bandusia III' 9-max Seat #6 is the button
Seat 2: Mike Hoshchuk 3 ($2.37 in chips) 
Seat 3: shtshot250 ($4.62 in chips) 
Seat 4: JEANXITER ($3.37 in chips) 
Seat 5: Dorex2007 ($9.03 in chips) 
Seat 6: kimikiwi87 ($4.63 in chips) 
Seat 7: kAiba109 ($1.54 in chips) 
kAiba109: posts small blind $0.02
MiBa83: is sitting out 
Mike Hoshchuk 3: posts big blind $0.05
*** HOLE CARDS ***
Dealt to Dorex2007 [As 3c]
MiBa83 leaves the table
shtshot250: folds 
JEANXITER: folds 
Dorex2007: folds 
kimikiwi87: folds 
kAiba109: raises $0.10 to $0.15
Mike Hoshchuk 3: folds 
Uncalled bet ($0.10) returned to kAiba109
kAiba109 collected $0.10 from pot
BluffOnTable leaves the table
*** SUMMARY ***
Total pot $0.10 | Rake $0 
Seat 2: Mike Hoshchuk 3 (big blind) folded before Flop
Seat 3: shtshot250 folded before Flop (didn't bet)
Seat 4: JEANXITER folded before Flop (didn't bet)
Seat 5: Dorex2007 folded before Flop (didn't bet)
Seat 6: kimikiwi87 (button) folded before Flop (didn't bet)
Seat 7: kAiba109 (small blind) collected ($0.10)



PokerStars Hand #238014196593:  Hold'em No Limit ($0.02/$0.05 USD) - 2022/08/15 15:33:19 PT [2022/08/15 18:33:19 ET]
Table 'Bandusia III' 9-max Seat #7 is the button
Seat 2: Mike Hoshchuk 3 ($2.32 in chips) 
Seat 3: shtshot250 ($4.62 in chips) 
Seat 4: JEANXITER ($3.37 in chips) 
Seat 5: Dorex2007 ($9.03 in chips) 
Seat 6: kimikiwi87 ($4.63 in chips) 
Seat 7: kAiba109 ($1.59 in chips) 
Mike Hoshchuk 3: posts small blind $0.02
shtshot250: posts big blind $0.05
*** HOLE CARDS ***
Dealt to Dorex2007 [9c 3s]
JEANXITER: calls $0.05
Jota322322 leaves the table
Dorex2007: folds 
kimikiwi87: folds 
kAiba109: folds 
Mike Hoshchuk 3: calls $0.03
shtshot250: checks 
*** FLOP *** [7h 2h Qs]
Mike Hoshchuk 3: checks 
shtshot250: checks 
JEANXITER: checks 
*** TURN *** [7h 2h Qs] [8s]
Mike Hoshchuk 3: checks 
shtshot250: checks 
herkks joins the table at seat #9 
JEANXITER: checks 
*** RIVER *** [7h 2h Qs 8s] [7c]
Mike Hoshchuk 3: checks 
shtshot250: checks 
JEANXITER: checks 
*** SHOW DOWN ***
Mike Hoshchuk 3: shows [Js Kh] (a pair of Sevens)
shtshot250: shows [2c 6s] (two pair, Sevens and Deuces)
JEANXITER: mucks hand 
shtshot250 collected $0.14 from pot
*** SUMMARY ***
Total pot $0.15 | Rake $0.01 
Board [7h 2h Qs 8s 7c]
Seat 2: Mike Hoshchuk 3 (small blind) showed [Js Kh] and lost with a pair of Sevens
Seat 3: shtshot250 (big blind) showed [2c 6s] and won ($0.14) with two pair, Sevens and Deuces
Seat 4: JEANXITER mucked [6h Ad]
Seat 5: Dorex2007 folded before Flop (didn't bet)
Seat 6: kimikiwi87 folded before Flop (didn't bet)
Seat 7: kAiba109 (button) folded before Flop (didn't bet)



PokerStars Hand #238014210457:  Hold'em No Limit ($0.02/$0.05 USD) - 2022/08/15 15:34:03 PT [2022/08/15 18:34:03 ET]
Table 'Bandusia III' 9-max Seat #2 is the button
Seat 2: Mike Hoshchuk 3 ($2.27 in chips) 
Seat 3: shtshot250 ($4.71 in chips) 
Seat 4: JEANXITER ($3.32 in chips) 
Seat 5: Dorex2007 ($9.03 in chips) 
Seat 6: kimikiwi87 ($4.63 in chips) 
Seat 7: kAiba109 ($1.59 in chips) 
shtshot250: posts small blind $0.02
JEANXITER: posts big blind $0.05
herkks: sits out 
*** HOLE CARDS ***
Dealt to Dorex2007 [Qc 6d]
Dorex2007: folds 
Jota322322 joins the table at seat #1 
kimikiwi87: folds 
kAiba109: folds 
Mike Hoshchuk 3: folds 
shtshot250: calls $0.03
JEANXITER: checks 
*** FLOP *** [5d Qd 5c]
shtshot250: bets $0.10
JEANXITER: folds 
Uncalled bet ($0.10) returned to shtshot250
shtshot250 collected $0.10 from pot
shtshot250: doesn't show hand 
*** SUMMARY ***
Total pot $0.10 | Rake $0 
Board [5d Qd 5c]
Seat 2: Mike Hoshchuk 3 (button) folded before Flop (didn't bet)
Seat 3: shtshot250 (small blind) collected ($0.10)
Seat 4: JEANXITER (big blind) folded on the Flop
Seat 5: Dorex2007 folded before Flop (didn't bet)
Seat 6: kimikiwi87 folded before Flop (didn't bet)
Seat 7: kAiba109 folded before Flop (didn't bet)



PokerStars Hand #238014216235:  Hold'em No Limit ($0.02/$0.05 USD) - 2022/08/15 15:34:22 PT [2022/08/15 18:34:22 ET]
Table 'Bandusia III' 9-max Seat #3 is the button
Seat 2: Mike Hoshchuk 3 ($2.27 in chips) 
Seat 3: shtshot250 ($4.76 in chips) 
Seat 4: JEANXITER ($3.27 in chips) 
Seat 5: Dorex2007 ($9.03 in chips) 
Seat 6: kimikiwi87 ($4.63 in chips) 
Seat 7: kAiba109 ($1.59 in chips) 
JEANXITER: posts small blind $0.02
Dorex2007: posts big blind $0.05
herkks: sits out 
Jota322322: sits out 
*** HOLE CARDS ***
Dealt to Dorex2007 [4d 2s]
ASpiror joins the table at seat #8 
kimikiwi87: folds 
kAiba109: raises $0.05 to $0.10
Mike Hoshchuk 3: calls $0.10
shtshot250: folds 
JEANXITER: folds 
Dorex2007: folds 
*** FLOP *** [3h 6h 9h]
kAiba109: bets $0.10
Mike Hoshchuk 3: calls $0.10
*** TURN *** [3h 6h 9h] [Jd]
kAiba109: bets $0.10
Mike Hoshchuk 3: folds 
Uncalled bet ($0.10) returned to kAiba109
kAiba109 collected $0.45 from pot
*** SUMMARY ***
Total pot $0.47 | Rake $0.02 
Board [3h 6h 9h Jd]
Seat 2: Mike Hoshchuk 3 folded on the Turn
Seat 3: shtshot250 (button) folded before Flop (didn't bet)
Seat 4: JEANXITER (small blind) folded before Flop
Seat 5: Dorex2007 (big blind) folded before Flop
Seat 6: kimikiwi87 folded before Flop (didn't bet)
Seat 7: kAiba109 collected ($0.45)



PokerStars Hand #238014224195:  Hold'em No Limit ($0.02/$0.05 USD) - 2022/08/15 15:34:47 PT [2022/08/15 18:34:47 ET]
Table 'Bandusia III' 9-max Seat #4 is the button
Seat 2: Mike Hoshchuk 3 ($2.07 in chips) 
Seat 3: shtshot250 ($4.76 in chips) 
Seat 4: JEANXITER ($3.25 in chips) 
Seat 5: Dorex2007 ($8.98 in chips) 
Seat 6: kimikiwi87 ($4.63 in chips) 
Seat 7: kAiba109 ($1.84 in chips) 
Dorex2007: posts small blind $0.02
kimikiwi87: posts big blind $0.05
ASpiror: sits out 
herkks: sits out 
Jota322322: sits out 
*** HOLE CARDS ***
Dealt to Dorex2007 [Jc 3c]
kAiba109: folds 
Mike Hoshchuk 3: folds 
shtshot250: folds 
JEANXITER: raises $0.05 to $0.10
Dorex2007: folds 
kimikiwi87: folds 
Uncalled bet ($0.05) returned to JEANXITER
JEANXITER collected $0.12 from pot
JEANXITER: doesn't show hand 
*** SUMMARY ***
Total pot $0.12 | Rake $0 
Seat 2: Mike Hoshchuk 3 folded before Flop (didn't bet)
Seat 3: shtshot250 folded before Flop (didn't bet)
Seat 4: JEANXITER (button) collected ($0.12)
Seat 5: Dorex2007 (small blind) folded before Flop
Seat 6: kimikiwi87 (big blind) folded before Flop
Seat 7: kAiba109 folded before Flop (didn't bet)



PokerStars Hand #238014232188:  Hold'em No Limit ($0.02/$0.05 USD) - 2022/08/15 15:35:12 PT [2022/08/15 18:35:12 ET]
Table 'Bandusia III' 9-max Seat #5 is the button
Seat 2: Mike Hoshchuk 3 ($2.07 in chips) 
Seat 3: shtshot250 ($4.76 in chips) 
Seat 4: JEANXITER ($3.32 in chips) 
Seat 5: Dorex2007 ($8.96 in chips) 
Seat 6: kimikiwi87 ($4.58 in chips) 
Seat 7: kAiba109 ($1.84 in chips) 
kimikiwi87: posts small blind $0.02
kAiba109: posts big blind $0.05
ASpiror: sits out 
herkks: sits out 
Jota322322: sits out 
*** HOLE CARDS ***
Dealt to Dorex2007 [Ah 2s]
Mike Hoshchuk 3: raises $0.05 to $0.10
shtshot250: calls $0.10
JEANXITER: calls $0.10
Dorex2007: folds 
kimikiwi87: folds 
kAiba109: calls $0.05
*** FLOP *** [Ts 5h Kd]
kAiba109: checks 
Mike Hoshchuk 3: checks 
shtshot250: checks 
JEANXITER: checks 
*** TURN *** [Ts 5h Kd] [7h]
kAiba109: checks 
Mike Hoshchuk 3: checks 
shtshot250: checks 
JEANXITER: checks 
*** RIVER *** [Ts 5h Kd 7h] [6h]
kAiba109: checks 
Mike Hoshchuk 3: checks 
shtshot250: checks 
JEANXITER: bets $0.40
kAiba109: folds 
Mike Hoshchuk 3: folds 
shtshot250: folds 
Uncalled bet ($0.40) returned to JEANXITER
JEANXITER collected $0.40 from pot
JEANXITER: doesn't show hand 
*** SUMMARY ***
Total pot $0.42 | Rake $0.02 
Board [Ts 5h Kd 7h 6h]
Seat 2: Mike Hoshchuk 3 folded on the River
Seat 3: shtshot250 folded on the River
Seat 4: JEANXITER collected ($0.40)
Seat 5: Dorex2007 (button) folded before Flop (didn't bet)
Seat 6: kimikiwi87 (small blind) folded before Flop
Seat 7: kAiba109 (big blind) folded on the River



PokerStars Hand #238014249729:  Hold'em No Limit ($0.02/$0.05 USD) - 2022/08/15 15:36:09 PT [2022/08/15 18:36:09 ET]
Table 'Bandusia III' 9-max Seat #6 is the button
Seat 2: Mike Hoshchuk 3 ($1.97 in chips) 
Seat 3: shtshot250 ($4.66 in chips) 
Seat 4: JEANXITER ($3.62 in chips) 
Seat 5: Dorex2007 ($8.96 in chips) 
Seat 6: kimikiwi87 ($4.56 in chips) 
Seat 7: kAiba109 ($1.74 in chips) 
Seat 8: ASpiror ($5 in chips) 
kAiba109: posts small blind $0.02
ASpiror: posts big blind $0.05
herkks: sits out 
Jota322322: sits out 
*** HOLE CARDS ***
Dealt to Dorex2007 [Kd Kc]
Mike Hoshchuk 3: folds 
shtshot250: raises $0.12 to $0.17
JEANXITER: folds 
Dorex2007: raises $0.23 to $0.40
kimikiwi87: folds 
kAiba109: folds 
ASpiror: folds 
shtshot250: calls $0.23
*** FLOP *** [Ah Kh 4c]
shtshot250: checks 
Dorex2007: bets $8.56 and is all-in
shtshot250: calls $4.26 and is all-in
Uncalled bet ($4.30) returned to Dorex2007
*** TURN *** [Ah Kh 4c] [2d]
*** RIVER *** [Ah Kh 4c 2d] [8d]
*** SHOW DOWN ***
shtshot250: shows [Qc Ad] (a pair of Aces)
Dorex2007: shows [Kd Kc] (three of a kind, Kings)
Dorex2007 cashed out the hand for $8.64 | Cash Out Fee $0.09
*** SUMMARY ***
Total pot $9.39 | Rake $0.39 
Board [Ah Kh 4c 2d 8d]
Seat 2: Mike Hoshchuk 3 folded before Flop (didn't bet)
Seat 3: shtshot250 showed [Qc Ad] and lost with a pair of Aces
Seat 4: JEANXITER folded before Flop (didn't bet)
Seat 5: Dorex2007 showed [Kd Kc] and won ($9) with three of a kind, Kings (pot not awarded as player cashed out)
Seat 6: kimikiwi87 (button) folded before Flop (didn't bet)
Seat 7: kAiba109 (small blind) folded before Flop
Seat 8: ASpiror (big blind) folded before Flop



PokerStars Hand #238014273629:  Hold'em No Limit ($0.02/$0.05 USD) - 2022/08/15 15:37:17 PT [2022/08/15 18:37:17 ET]
Table 'Bandusia III' 9-max Seat #7 is the button
Seat 2: Mike Hoshchuk 3 ($1.97 in chips) 
Seat 5: Dorex2007 ($12.94 in chips) 
Seat 6: kimikiwi87 ($4.56 in chips) 
Seat 7: kAiba109 ($1.72 in chips) 
Seat 8: ASpiror ($4.95 in chips) 
Seat 9: herkks ($5 in chips) 
ASpiror: posts small blind $0.02
herkks: posts big blind $0.05
Jota322322: sits out 
*** HOLE CARDS ***
Dealt to Dorex2007 [6c Ts]
Mike Hoshchuk 3: folds 
Dorex2007: folds 
kimikiwi87: folds 
kAiba109: folds 
ASpiror: folds 
Uncalled bet ($0.03) returned to herkks
herkks collected $0.04 from pot
*** SUMMARY ***
Total pot $0.04 | Rake $0 
Seat 2: Mike Hoshchuk 3 folded before Flop (didn't bet)
Seat 5: Dorex2007 folded before Flop (didn't bet)
Seat 6: kimikiwi87 folded before Flop (didn't bet)
Seat 7: kAiba109 (button) folded before Flop (didn't bet)
Seat 8: ASpiror (small blind) folded before Flop
Seat 9: herkks (big blind) collected ($0.04)



PokerStars Hand #238014280511:  Hold'em No Limit ($0.02/$0.05 USD) - 2022/08/15 15:37:39 PT [2022/08/15 18:37:39 ET]
Table 'Bandusia III' 9-max Seat #8 is the button
Seat 1: Jota322322 ($5 in chips) 
Seat 2: Mike Hoshchuk 3 ($1.97 in chips) 
Seat 3: shtshot250 ($4 in chips) 
Seat 4: JEANXITER ($3.62 in chips) 
Seat 5: Dorex2007 ($12.94 in chips) 
Seat 6: kimikiwi87 ($4.56 in chips) 
Seat 7: kAiba109 ($1.72 in chips) 
Seat 8: ASpiror ($4.93 in chips) 
Seat 9: herkks ($5.02 in chips) 
herkks: posts small blind $0.02
Jota322322: posts big blind $0.05
*** HOLE CARDS ***
Dealt to Dorex2007 [Kc 6s]
Mike Hoshchuk 3: calls $0.05
shtshot250: folds 
JEANXITER: calls $0.05
Dorex2007: folds 
kimikiwi87: calls $0.05
kAiba109: folds 
ASpiror: folds 
herkks: folds 
Jota322322: checks 
*** FLOP *** [6c 7s Qc]
Jota322322: checks 
Mike Hoshchuk 3: checks 
JEANXITER: bets $0.10
kimikiwi87: folds 
Jota322322: folds 
Mike Hoshchuk 3: calls $0.10
*** TURN *** [6c 7s Qc] [5s]
Mike Hoshchuk 3: checks 
JEANXITER: bets $0.20
Mike Hoshchuk 3: folds 
Uncalled bet ($0.20) returned to JEANXITER
JEANXITER collected $0.40 from pot
JEANXITER: doesn't show hand 
*** SUMMARY ***
Total pot $0.42 | Rake $0.02 
Board [6c 7s Qc 5s]
Seat 1: Jota322322 (big blind) folded on the Flop
Seat 2: Mike Hoshchuk 3 folded on the Turn
Seat 3: shtshot250 folded before Flop (didn't bet)
Seat 4: JEANXITER collected ($0.40)
Seat 5: Dorex2007 folded before Flop (didn't bet)
Seat 6: kimikiwi87 folded on the Flop
Seat 7: kAiba109 folded before Flop (didn't bet)
Seat 8: ASpiror (button) folded before Flop (didn't bet)
Seat 9: herkks (small blind) folded before Flop



PokerStars Hand #238014305923:  Hold'em No Limit ($0.02/$0.05 USD) - 2022/08/15 15:39:01 PT [2022/08/15 18:39:01 ET]
Table 'Bandusia III' 9-max Seat #9 is the button
Seat 1: Jota322322 ($4.95 in chips) 
Seat 2: Mike Hoshchuk 3 ($1.82 in chips) 
Seat 3: shtshot250 ($4 in chips) 
Seat 4: JEANXITER ($3.87 in chips) 
Seat 5: Dorex2007 ($12.94 in chips) 
Seat 6: kimikiwi87 ($4.51 in chips) 
Seat 7: kAiba109 ($1.72 in chips) 
Seat 8: ASpiror ($4.93 in chips) 
Seat 9: herkks ($5 in chips) 
Jota322322: posts small blind $0.02
Mike Hoshchuk 3: posts big blind $0.05
*** HOLE CARDS ***
Dealt to Dorex2007 [Jh 6c]
shtshot250: calls $0.05
JEANXITER: calls $0.05
Dorex2007: folds 
kimikiwi87: folds 
kAiba109: folds 
ASpiror: raises $0.10 to $0.15
herkks: folds 
Jota322322: folds 
Mike Hoshchuk 3: folds 
shtshot250: calls $0.10
JEANXITER: calls $0.10
*** FLOP *** [5s Js Ks]
shtshot250: checks 
JEANXITER: checks 
ASpiror: checks 
*** TURN *** [5s Js Ks] [Qs]
shtshot250: checks 
JEANXITER: checks 
ASpiror: checks 
*** RIVER *** [5s Js Ks Qs] [3d]
shtshot250: checks 
JEANXITER: checks 
ASpiror: checks 
*** SHOW DOWN ***
shtshot250: shows [3s 2s] (a flush, King high)
JEANXITER: mucks hand 
ASpiror: shows [9s 9d] (a flush, King high - Nine higher)
ASpiror collected $0.50 from pot
*** SUMMARY ***
Total pot $0.52 | Rake $0.02 
Board [5s Js Ks Qs 3d]
Seat 1: Jota322322 (small blind) folded before Flop
Seat 2: Mike Hoshchuk 3 (big blind) folded before Flop
Seat 3: shtshot250 showed [3s 2s] and lost with a flush, King high
Seat 4: JEANXITER mucked [Jc Th]
Seat 5: Dorex2007 folded before Flop (didn't bet)
Seat 6: kimikiwi87 folded before Flop (didn't bet)
Seat 7: kAiba109 folded before Flop (didn't bet)
Seat 8: ASpiror showed [9s 9d] and won ($0.50) with a flush, King high
Seat 9: herkks (button) folded before Flop (didn't bet)



PokerStars Hand #238014322063:  Hold'em No Limit ($0.02/$0.05 USD) - 2022/08/15 15:39:54 PT [2022/08/15 18:39:54 ET]
Table 'Bandusia III' 9-max Seat #1 is the button
Seat 1: Jota322322 ($4.93 in chips) 
Seat 2: Mike Hoshchuk 3 ($1.77 in chips) 
Seat 3: shtshot250 ($3.85 in chips) 
Seat 4: JEANXITER ($3.72 in chips) 
Seat 5: Dorex2007 ($12.94 in chips) 
Seat 6: kimikiwi87 ($4.51 in chips) 
Seat 7: kAiba109 ($1.72 in chips) 
Seat 8: ASpiror ($5.28 in chips) 
Seat 9: herkks ($5 in chips) 
Mike Hoshchuk 3: posts small blind $0.02
shtshot250: posts big blind $0.05
*** HOLE CARDS ***
Dealt to Dorex2007 [Qc 5h]
JEANXITER: calls $0.05
Dorex2007: folds 
kimikiwi87: folds 
kAiba109: folds 
ASpiror: folds 
herkks: folds 
Jota322322: raises $0.05 to $0.10
Mike Hoshchuk 3: folds 
shtshot250: folds 
JEANXITER: calls $0.05
*** FLOP *** [Ks 2h 6h]
JEANXITER: checks 
Jota322322: bets $0.15
JEANXITER: folds 
Uncalled bet ($0.15) returned to Jota322322
Jota322322 collected $0.26 from pot
Jota322322: doesn't show hand 
*** SUMMARY ***
Total pot $0.27 | Rake $0.01 
Board [Ks 2h 6h]
Seat 1: Jota322322 (button) collected ($0.26)
Seat 2: Mike Hoshchuk 3 (small blind) folded before Flop
Seat 3: shtshot250 (big blind) folded before Flop
Seat 4: JEANXITER folded on the Flop
Seat 5: Dorex2007 folded before Flop (didn't bet)
Seat 6: kimikiwi87 folded before Flop (didn't bet)
Seat 7: kAiba109 folded before Flop (didn't bet)
Seat 8: ASpiror folded before Flop (didn't bet)
Seat 9: herkks folded before Flop (didn't bet)



PokerStars Hand #238014331597:  Hold'em No Limit ($0.02/$0.05 USD) - 2022/08/15 15:40:25 PT [2022/08/15 18:40:25 ET]
Table 'Bandusia III' 9-max Seat #2 is the button
Seat 1: Jota322322 ($5.09 in chips) 
Seat 2: Mike Hoshchuk 3 ($1.75 in chips) 
Seat 3: shtshot250 ($3.80 in chips) 
Seat 4: JEANXITER ($3.62 in chips) 
Seat 5: Dorex2007 ($12.94 in chips) 
Seat 6: kimikiwi87 ($4.51 in chips) 
Seat 7: kAiba109 ($1.72 in chips) 
Seat 8: ASpiror ($5.28 in chips) 
Seat 9: herkks ($5 in chips) 
shtshot250: posts small blind $0.02
JEANXITER: posts big blind $0.05
*** HOLE CARDS ***
Dealt to Dorex2007 [7h 2s]
Dorex2007 has timed out
Dorex2007: folds 
kimikiwi87: folds 
kAiba109: folds 
ASpiror: folds 
herkks: folds 
Jota322322: folds 
Mike Hoshchuk 3: folds 
shtshot250: calls $0.03
JEANXITER: checks 
*** FLOP *** [2c Td Kd]
shtshot250: checks 
JEANXITER: checks 
*** TURN *** [2c Td Kd] [Ad]
shtshot250: checks 
JEANXITER: checks 
*** RIVER *** [2c Td Kd Ad] [Tc]
shtshot250: checks 
JEANXITER: checks 
*** SHOW DOWN ***
shtshot250: shows [4s 4h] (two pair, Tens and Fours)
JEANXITER: mucks hand 
shtshot250 collected $0.10 from pot
*** SUMMARY ***
Total pot $0.10 | Rake $0 
Board [2c Td Kd Ad Tc]
Seat 1: Jota322322 folded before Flop (didn't bet)
Seat 2: Mike Hoshchuk 3 (button) folded before Flop (didn't bet)
Seat 3: shtshot250 (small blind) showed [4s 4h] and won ($0.10) with two pair, Tens and Fours
Seat 4: JEANXITER (big blind) mucked [Jc 8d]
Seat 5: Dorex2007 folded before Flop (didn't bet)
Seat 6: kimikiwi87 folded before Flop (didn't bet)
Seat 7: kAiba109 folded before Flop (didn't bet)
Seat 8: ASpiror folded before Flop (didn't bet)
Seat 9: herkks folded before Flop (didn't bet)



PokerStars Hand #238014344293:  Hold'em No Limit ($0.02/$0.05 USD) - 2022/08/15 15:41:07 PT [2022/08/15 18:41:07 ET]
Table 'Bandusia III' 9-max Seat #3 is the button
Seat 1: Jota322322 ($5.09 in chips) 
Seat 2: Mike Hoshchuk 3 ($1.75 in chips) 
Seat 3: shtshot250 ($3.85 in chips) 
Seat 4: JEANXITER ($3.57 in chips) 
Seat 5: Dorex2007 ($12.94 in chips) 
Seat 6: kimikiwi87 ($4.51 in chips) 
Seat 7: kAiba109 ($1.72 in chips) 
Seat 8: ASpiror ($5.28 in chips) 
Seat 9: herkks ($5 in chips) 
JEANXITER: posts small blind $0.02
Dorex2007: posts big blind $0.05
*** HOLE CARDS ***
Dealt to Dorex2007 [8c Th]
kimikiwi87: folds 
kAiba109: folds 
ASpiror: folds 
herkks: folds 
Jota322322: folds 
Mike Hoshchuk 3: folds 
shtshot250: folds 
JEANXITER: calls $0.03
Dorex2007: checks 
*** FLOP *** [9h Tc 2h]
JEANXITER: checks 
Dorex2007: checks 
*** TURN *** [9h Tc 2h] [8h]
JEANXITER: checks 
Dorex2007: bets $0.07
JEANXITER: calls $0.07
*** RIVER *** [9h Tc 2h 8h] [Js]
JEANXITER: checks 
Dorex2007: checks 
*** SHOW DOWN ***
JEANXITER: shows [6h Ad] (high card Ace)
Dorex2007: shows [8c Th] (two pair, Tens and Eights)
Dorex2007 collected $0.23 from pot
*** SUMMARY ***
Total pot $0.24 | Rake $0.01 
Board [9h Tc 2h 8h Js]
Seat 1: Jota322322 folded before Flop (didn't bet)
Seat 2: Mike Hoshchuk 3 folded before Flop (didn't bet)
Seat 3: shtshot250 (button) folded before Flop (didn't bet)
Seat 4: JEANXITER (small blind) showed [6h Ad] and lost with high card Ace
Seat 5: Dorex2007 (big blind) showed [8c Th] and won ($0.23) with two pair, Tens and Eights
Seat 6: kimikiwi87 folded before Flop (didn't bet)
Seat 7: kAiba109 folded before Flop (didn't bet)
Seat 8: ASpiror folded before Flop (didn't bet)
Seat 9: herkks folded before Flop (didn't bet)



PokerStars Hand #238014363468:  Hold'em No Limit ($0.02/$0.05 USD) - 2022/08/15 15:42:10 PT [2022/08/15 18:42:10 ET]
Table 'Bandusia III' 9-max Seat #4 is the button
Seat 1: Jota322322 ($5.09 in chips) 
Seat 2: Mike Hoshchuk 3 ($1.75 in chips) 
Seat 3: shtshot250 ($3.85 in chips) 
Seat 4: JEANXITER ($3.45 in chips) 
Seat 5: Dorex2007 ($13.05 in chips) 
Seat 6: kimikiwi87 ($4.51 in chips) 
Seat 7: kAiba109 ($1.72 in chips) 
Seat 8: ASpiror ($5.28 in chips) 
Seat 9: herkks ($5 in chips) 
Dorex2007: posts small blind $0.02
kimikiwi87: posts big blind $0.05
*** HOLE CARDS ***
Dealt to Dorex2007 [3d 4h]
kAiba109: folds 
ASpiror: raises $0.05 to $0.10
herkks: folds 
Jota322322: folds 
Mike Hoshchuk 3: calls $0.10
shtshot250: calls $0.10
JEANXITER: calls $0.10
Dorex2007: folds 
kimikiwi87: folds 
*** FLOP *** [Jc Qc 6c]
ASpiror: checks 
Mike Hoshchuk 3: checks 
shtshot250: checks 
JEANXITER: bets $0.22
ASpiror: folds 
Mike Hoshchuk 3: folds 
shtshot250: folds 
Uncalled bet ($0.22) returned to JEANXITER
JEANXITER collected $0.45 from pot
JEANXITER: doesn't show hand 
*** SUMMARY ***
Total pot $0.47 | Rake $0.02 
Board [Jc Qc 6c]
Seat 1: Jota322322 folded before Flop (didn't bet)
Seat 2: Mike Hoshchuk 3 folded on the Flop
Seat 3: shtshot250 folded on the Flop
Seat 4: JEANXITER (button) collected ($0.45)
Seat 5: Dorex2007 (small blind) folded before Flop
Seat 6: kimikiwi87 (big blind) folded before Flop
Seat 7: kAiba109 folded before Flop (didn't bet)
Seat 8: ASpiror folded on the Flop
Seat 9: herkks folded before Flop (didn't bet)



PokerStars Hand #238014373809:  Hold'em No Limit ($0.02/$0.05 USD) - 2022/08/15 15:42:43 PT [2022/08/15 18:42:43 ET]
Table 'Bandusia III' 9-max Seat #5 is the button
Seat 1: Jota322322 ($5.09 in chips) 
Seat 2: Mike Hoshchuk 3 ($1.65 in chips) 
Seat 3: shtshot250 ($3.75 in chips) 
Seat 4: JEANXITER ($3.80 in chips) 
Seat 5: Dorex2007 ($13.03 in chips) 
Seat 6: kimikiwi87 ($4.46 in chips) 
Seat 7: kAiba109 ($1.72 in chips) 
Seat 8: ASpiror ($5.18 in chips) 
Seat 9: herkks ($5 in chips) 
kimikiwi87: posts small blind $0.02
kAiba109: posts big blind $0.05
*** HOLE CARDS ***
Dealt to Dorex2007 [4h 8s]
ASpiror: folds 
herkks: folds 
Jota322322: folds 
Mike Hoshchuk 3: folds 
shtshot250: folds 
JEANXITER: folds 
Dorex2007: folds 
kimikiwi87: calls $0.03
kAiba109: checks 
*** FLOP *** [9d 6s 2c]
kimikiwi87: checks 
kAiba109: bets $0.10
kimikiwi87: folds 
Uncalled bet ($0.10) returned to kAiba109
kAiba109 collected $0.10 from pot
*** SUMMARY ***
Total pot $0.10 | Rake $0 
Board [9d 6s 2c]
Seat 1: Jota322322 folded before Flop (didn't bet)
Seat 2: Mike Hoshchuk 3 folded before Flop (didn't bet)
Seat 3: shtshot250 folded before Flop (didn't bet)
Seat 4: JEANXITER folded before Flop (didn't bet)
Seat 5: Dorex2007 (button) folded before Flop (didn't bet)
Seat 6: kimikiwi87 (small blind) folded on the Flop
Seat 7: kAiba109 (big blind) collected ($0.10)
Seat 8: ASpiror folded before Flop (didn't bet)
Seat 9: herkks folded before Flop (didn't bet)



PokerStars Hand #238014383900:  Hold'em No Limit ($0.02/$0.05 USD) - 2022/08/15 15:43:16 PT [2022/08/15 18:43:16 ET]
Table 'Bandusia III' 9-max Seat #6 is the button
Seat 1: Jota322322 ($5.09 in chips) 
Seat 2: Mike Hoshchuk 3 ($1.65 in chips) 
Seat 3: shtshot250 ($3.75 in chips) 
Seat 4: JEANXITER ($3.80 in chips) 
Seat 5: Dorex2007 ($13.03 in chips) 
Seat 6: kimikiwi87 ($4.41 in chips) 
Seat 7: kAiba109 ($1.77 in chips) 
Seat 8: ASpiror ($5.18 in chips) 
Seat 9: herkks ($5 in chips) 
kAiba109: posts small blind $0.02
ASpiror: posts big blind $0.05
*** HOLE CARDS ***
Dealt to Dorex2007 [Th 6s]
herkks: folds 
Jota322322: folds 
Mike Hoshchuk 3: calls $0.05
shtshot250: folds 
JEANXITER: calls $0.05
Dorex2007: folds 
kimikiwi87: calls $0.05
kAiba109: folds 
ASpiror: raises $0.05 to $0.10
Mike Hoshchuk 3: calls $0.05
JEANXITER: calls $0.05
kimikiwi87: calls $0.05
*** FLOP *** [Js 7h 4s]
ASpiror: checks 
Mike Hoshchuk 3: checks 
JEANXITER: bets $0.25
kimikiwi87: calls $0.25
ASpiror: folds 
Mike Hoshchuk 3: folds 
*** TURN *** [Js 7h 4s] [4h]
JEANXITER: bets $0.25
kimikiwi87: calls $0.25
*** RIVER *** [Js 7h 4s 4h] [8c]
JEANXITER: bets $0.25
kimikiwi87 is disconnected 
kimikiwi87 is connected 
kimikiwi87: calls $0.25
*** SHOW DOWN ***
JEANXITER: shows [Jd Qd] (two pair, Jacks and Fours)
kimikiwi87: mucks hand 
JEANXITER collected $1.84 from pot
*** SUMMARY ***
Total pot $1.92 | Rake $0.08 
Board [Js 7h 4s 4h 8c]
Seat 1: Jota322322 folded before Flop (didn't bet)
Seat 2: Mike Hoshchuk 3 folded on the Flop
Seat 3: shtshot250 folded before Flop (didn't bet)
Seat 4: JEANXITER showed [Jd Qd] and won ($1.84) with two pair, Jacks and Fours
Seat 5: Dorex2007 folded before Flop (didn't bet)
Seat 6: kimikiwi87 (button) mucked [9c Jc]
Seat 7: kAiba109 (small blind) folded before Flop
Seat 8: ASpiror (big blind) folded on the Flop
Seat 9: herkks folded before Flop (didn't bet)



PokerStars Hand #238014425314:  Hold'em No Limit ($0.02/$0.05 USD) - 2022/08/15 15:45:08 PT [2022/08/15 18:45:08 ET]
Table 'Bandusia III' 9-max Seat #7 is the button
Seat 1: Jota322322 ($5.09 in chips) 
Seat 2: Mike Hoshchuk 3 ($1.55 in chips) 
Seat 3: shtshot250 ($3.75 in chips) 
Seat 4: JEANXITER ($4.79 in chips) 
Seat 5: Dorex2007 ($13.03 in chips) 
Seat 6: kimikiwi87 ($3.56 in chips) 
Seat 7: kAiba109 ($1.75 in chips) 
Seat 8: ASpiror ($5.08 in chips) 
Seat 9: herkks ($5 in chips) 
ASpiror: posts small blind $0.02
herkks: posts big blind $0.05
*** HOLE CARDS ***
Dealt to Dorex2007 [8d 2s]
Jota322322: folds 
Mike Hoshchuk 3: folds 
shtshot250: calls $0.05
JEANXITER: folds 
Dorex2007: folds 
kimikiwi87: folds 
kAiba109: folds 
ASpiror: raises $0.05 to $0.10
herkks: folds 
shtshot250: calls $0.05
*** FLOP *** [5c 8h Td]
ASpiror: checks 
shtshot250: checks 
*** TURN *** [5c 8h Td] [7h]
ASpiror: checks 
shtshot250: checks 
*** RIVER *** [5c 8h Td 7h] [9s]
ASpiror: bets $0.24
shtshot250: folds 
Uncalled bet ($0.24) returned to ASpiror
ASpiror collected $0.24 from pot
ASpiror: doesn't show hand 
*** SUMMARY ***
Total pot $0.25 | Rake $0.01 
Board [5c 8h Td 7h 9s]
Seat 1: Jota322322 folded before Flop (didn't bet)
Seat 2: Mike Hoshchuk 3 folded before Flop (didn't bet)
Seat 3: shtshot250 folded on the River
Seat 4: JEANXITER folded before Flop (didn't bet)
Seat 5: Dorex2007 folded before Flop (didn't bet)
Seat 6: kimikiwi87 folded before Flop (didn't bet)
Seat 7: kAiba109 (button) folded before Flop (didn't bet)
Seat 8: ASpiror (small blind) collected ($0.24)
Seat 9: herkks (big blind) folded before Flop



PokerStars Hand #238014454866:  Hold'em No Limit ($0.02/$0.05 USD) - 2022/08/15 15:46:23 PT [2022/08/15 18:46:23 ET]
Table 'Bandusia III' 9-max Seat #8 is the button
Seat 1: Jota322322 ($5.09 in chips) 
Seat 2: Mike Hoshchuk 3 ($1.55 in chips) 
Seat 3: shtshot250 ($3.65 in chips) 
Seat 4: JEANXITER ($4.79 in chips) 
Seat 5: Dorex2007 ($13.03 in chips) 
Seat 6: kimikiwi87 ($3.56 in chips) 
Seat 7: kAiba109 ($1.75 in chips) 
Seat 8: ASpiror ($5.22 in chips) 
Seat 9: herkks ($5 in chips) 
herkks: posts small blind $0.02
Jota322322: posts big blind $0.05
*** HOLE CARDS ***
Dealt to Dorex2007 [Kc Tc]
Mike Hoshchuk 3: folds 
shtshot250: folds 
JEANXITER: folds 
Dorex2007: raises $0.05 to $0.10
kimikiwi87: folds 
kAiba109: folds 
ASpiror: folds 
herkks: folds 
Jota322322: calls $0.05
*** FLOP *** [Js 5d Ad]
Jota322322: checks 
Dorex2007: checks 
*** TURN *** [Js 5d Ad] [5h]
Jota322322: checks 
Dorex2007: bets $0.21
Jota322322: calls $0.21
*** RIVER *** [Js 5d Ad 5h] [Ts]
Jota322322: checks 
Dorex2007: checks 
*** SHOW DOWN ***
Jota322322: shows [As 8s] (two pair, Aces and Fives)
Dorex2007: mucks hand 
Jota322322 collected $0.61 from pot
*** SUMMARY ***
Total pot $0.64 | Rake $0.03 
Board [Js 5d Ad 5h Ts]
Seat 1: Jota322322 (big blind) showed [As 8s] and won ($0.61) with two pair, Aces and Fives
Seat 2: Mike Hoshchuk 3 folded before Flop (didn't bet)
Seat 3: shtshot250 folded before Flop (didn't bet)
Seat 4: JEANXITER folded before Flop (didn't bet)
Seat 5: Dorex2007 mucked [Kc Tc]
Seat 6: kimikiwi87 folded before Flop (didn't bet)
Seat 7: kAiba109 folded before Flop (didn't bet)
Seat 8: ASpiror (button) folded before Flop (didn't bet)
Seat 9: herkks (small blind) folded before Flop



PokerStars Hand #238014472657:  Hold'em No Limit ($0.02/$0.05 USD) - 2022/08/15 15:47:22 PT [2022/08/15 18:47:22 ET]
Table 'Bandusia III' 9-max Seat #9 is the button
Seat 1: Jota322322 ($5.39 in chips) 
Seat 2: Mike Hoshchuk 3 ($1.55 in chips) 
Seat 3: shtshot250 ($3.65 in chips) 
Seat 4: JEANXITER ($4.79 in chips) 
Seat 5: Dorex2007 ($12.72 in chips) 
Seat 6: kimikiwi87 ($3.56 in chips) 
Seat 7: kAiba109 ($1.75 in chips) 
Seat 8: ASpiror ($5.22 in chips) 
Seat 9: herkks ($5 in chips) 
Jota322322: posts small blind $0.02
Mike Hoshchuk 3: posts big blind $0.05
*** HOLE CARDS ***
Dealt to Dorex2007 [9d 5s]
shtshot250: folds 
JEANXITER: calls $0.05
Dorex2007: folds 
kimikiwi87: calls $0.05
kAiba109: folds 
ASpiror: folds 
herkks: folds 
Jota322322: folds 
Mike Hoshchuk 3: checks 
*** FLOP *** [Qd 4c 3h]
Mike Hoshchuk 3: checks 
JEANXITER: checks 
kimikiwi87: checks 
*** TURN *** [Qd 4c 3h] [8c]
Mike Hoshchuk 3: checks 
JEANXITER: checks 
kimikiwi87: checks 
*** RIVER *** [Qd 4c 3h 8c] [Kh]
Mike Hoshchuk 3: checks 
JEANXITER: checks 
kimikiwi87: bets $0.10
Mike Hoshchuk 3: folds 
JEANXITER: folds 
Uncalled bet ($0.10) returned to kimikiwi87
kimikiwi87 collected $0.16 from pot
*** SUMMARY ***
Total pot $0.17 | Rake $0.01 
Board [Qd 4c 3h 8c Kh]
Seat 1: Jota322322 (small blind) folded before Flop
Seat 2: Mike Hoshchuk 3 (big blind) folded on the River
Seat 3: shtshot250 folded before Flop (didn't bet)
Seat 4: JEANXITER folded on the River
Seat 5: Dorex2007 folded before Flop (didn't bet)
Seat 6: kimikiwi87 collected ($0.16)
Seat 7: kAiba109 folded before Flop (didn't bet)
Seat 8: ASpiror folded before Flop (didn't bet)
Seat 9: herkks (button) folded before Flop (didn't bet)



PokerStars Hand #238014498784:  Hold'em No Limit ($0.02/$0.05 USD) - 2022/08/15 15:48:42 PT [2022/08/15 18:48:42 ET]
Table 'Bandusia III' 9-max Seat #1 is the button
Seat 1: Jota322322 ($5.37 in chips) 
Seat 2: Mike Hoshchuk 3 ($1.50 in chips) 
Seat 3: shtshot250 ($3.65 in chips) 
Seat 4: JEANXITER ($4.74 in chips) 
Seat 5: Dorex2007 ($12.72 in chips) 
Seat 6: kimikiwi87 ($3.67 in chips) 
Seat 7: kAiba109 ($1.75 in chips) 
Seat 8: ASpiror ($5.22 in chips) 
Seat 9: herkks ($5 in chips) 
Mike Hoshchuk 3: posts small blind $0.02
shtshot250: posts big blind $0.05
*** HOLE CARDS ***
Dealt to Dorex2007 [9h 5s]
JEANXITER: folds 
Dorex2007: folds 
kimikiwi87: folds 
kAiba109: folds 
ASpiror: folds 
herkks: raises $0.08 to $0.13
Jota322322: folds 
Mike Hoshchuk 3: raises $0.13 to $0.26
shtshot250: folds 
herkks: calls $0.13
*** FLOP *** [2h As 8h]
Mike Hoshchuk 3: bets $0.15
herkks: folds 
Uncalled bet ($0.15) returned to Mike Hoshchuk 3
Mike Hoshchuk 3 collected $0.55 from pot
*** SUMMARY ***
Total pot $0.57 | Rake $0.02 
Board [2h As 8h]
Seat 1: Jota322322 (button) folded before Flop (didn't bet)
Seat 2: Mike Hoshchuk 3 (small blind) collected ($0.55)
Seat 3: shtshot250 (big blind) folded before Flop
Seat 4: JEANXITER folded before Flop (didn't bet)
Seat 5: Dorex2007 folded before Flop (didn't bet)
Seat 6: kimikiwi87 folded before Flop (didn't bet)
Seat 7: kAiba109 folded before Flop (didn't bet)
Seat 8: ASpiror folded before Flop (didn't bet)
Seat 9: herkks folded on the Flop



PokerStars Hand #238014514240:  Hold'em No Limit ($0.02/$0.05 USD) - 2022/08/15 15:49:34 PT [2022/08/15 18:49:34 ET]
Table 'Bandusia III' 9-max Seat #2 is the button
Seat 1: Jota322322 ($5.37 in chips) 
Seat 2: Mike Hoshchuk 3 ($1.79 in chips) 
Seat 3: shtshot250 ($3.60 in chips) 
Seat 4: JEANXITER ($4.74 in chips) 
Seat 5: Dorex2007 ($12.72 in chips) 
Seat 6: kimikiwi87 ($3.67 in chips) 
Seat 7: kAiba109 ($1.75 in chips) 
Seat 8: ASpiror ($5.22 in chips) 
Seat 9: herkks ($5 in chips) 
shtshot250: posts small blind $0.02
JEANXITER: posts big blind $0.05
*** HOLE CARDS ***
Dealt to Dorex2007 [6d 8h]
Dorex2007: folds 
kimikiwi87: folds 
kAiba109: folds 
ASpiror: raises $0.05 to $0.10
herkks: folds 
Jota322322: calls $0.10
Mike Hoshchuk 3: raises $0.27 to $0.37
shtshot250: calls $0.35
JEANXITER: folds 
ASpiror: folds 
Jota322322: calls $0.27
*** FLOP *** [5c 5h 5s]
shtshot250: checks 
Jota322322: bets $1.21
Mike Hoshchuk 3: raises $0.21 to $1.42 and is all-in
shtshot250: folds 
Jota322322: calls $0.21
Jota322322 has timed out
*** TURN *** [5c 5h 5s] [7s]
*** RIVER *** [5c 5h 5s 7s] [Kc]
*** SHOW DOWN ***
Jota322322: shows [9c 9d] (a full house, Fives full of Nines)
Mike Hoshchuk 3: shows [As Ad] (a full house, Fives full of Aces)
Mike Hoshchuk 3 collected $3.93 from pot
*** SUMMARY ***
Total pot $4.10 | Rake $0.17 
Board [5c 5h 5s 7s Kc]
Seat 1: Jota322322 showed [9c 9d] and lost with a full house, Fives full of Nines
Seat 2: Mike Hoshchuk 3 (button) showed [As Ad] and won ($3.93) with a full house, Fives full of Aces
Seat 3: shtshot250 (small blind) folded on the Flop
Seat 4: JEANXITER (big blind) folded before Flop
Seat 5: Dorex2007 folded before Flop (didn't bet)
Seat 6: kimikiwi87 folded before Flop (didn't bet)
Seat 7: kAiba109 folded before Flop (didn't bet)
Seat 8: ASpiror folded before Flop
Seat 9: herkks folded before Flop (didn't bet)



PokerStars Hand #238014540894:  Hold'em No Limit ($0.02/$0.05 USD) - 2022/08/15 15:51:03 PT [2022/08/15 18:51:03 ET]
Table 'Bandusia III' 9-max Seat #3 is the button
Seat 1: Jota322322 ($3.58 in chips) 
Seat 2: Mike Hoshchuk 3 ($3.93 in chips) 
Seat 3: shtshot250 ($3.23 in chips) 
Seat 4: JEANXITER ($4.69 in chips) 
Seat 5: Dorex2007 ($12.72 in chips) 
Seat 6: kimikiwi87 ($3.67 in chips) 
Seat 7: kAiba109 ($1.75 in chips) 
Seat 8: ASpiror ($5.12 in chips) 
Seat 9: herkks ($5 in chips) 
JEANXITER: posts small blind $0.02
Dorex2007: posts big blind $0.05
*** HOLE CARDS ***
Dealt to Dorex2007 [Jh 4c]
kimikiwi87: folds 
kAiba109: folds 
ASpiror: folds 
herkks: folds 
Jota322322: raises $0.10 to $0.15
Mike Hoshchuk 3: folds 
shtshot250: folds 
JEANXITER: calls $0.13
Dorex2007: folds 
*** FLOP *** [9h 5s 2h]
JEANXITER: checks 
Jota322322: bets $0.10
JEANXITER: calls $0.10
*** TURN *** [9h 5s 2h] [9s]
JEANXITER: checks 
Jota322322: bets $0.15
JEANXITER: calls $0.15
*** RIVER *** [9h 5s 2h 9s] [2d]
JEANXITER: checks 
Jota322322: bets $0.81
JEANXITER: folds [5h]
Uncalled bet ($0.81) returned to Jota322322
Jota322322 collected $0.81 from pot
Jota322322: doesn't show hand 
*** SUMMARY ***
Total pot $0.85 | Rake $0.04 
Board [9h 5s 2h 9s 2d]
Seat 1: Jota322322 collected ($0.81)
Seat 2: Mike Hoshchuk 3 folded before Flop (didn't bet)
Seat 3: shtshot250 (button) folded before Flop (didn't bet)
Seat 4: JEANXITER (small blind) folded on the River
Seat 5: Dorex2007 (big blind) folded before Flop
Seat 6: kimikiwi87 folded before Flop (didn't bet)
Seat 7: kAiba109 folded before Flop (didn't bet)
Seat 8: ASpiror folded before Flop (didn't bet)
Seat 9: herkks folded before Flop (didn't bet)



PokerStars Hand #238014574118:  Hold'em No Limit ($0.02/$0.05 USD) - 2022/08/15 15:52:55 PT [2022/08/15 18:52:55 ET]
Table 'Bandusia III' 9-max Seat #4 is the button
Seat 1: Jota322322 ($3.99 in chips) 
Seat 2: Mike Hoshchuk 3 ($3.93 in chips) 
Seat 3: shtshot250 ($3.23 in chips) 
Seat 4: JEANXITER ($4.29 in chips) 
Seat 5: Dorex2007 ($12.67 in chips) 
Seat 7: kAiba109 ($1.75 in chips) 
Seat 8: ASpiror ($5.12 in chips) 
Seat 9: herkks ($5 in chips) 
Dorex2007: posts small blind $0.02
kimikiwi87: is sitting out 
kAiba109: posts big blind $0.05
*** HOLE CARDS ***
Dealt to Dorex2007 [Qd 7h]
kimikiwi87 leaves the table
ASpiror: folds 
herkks: folds 
Jota322322: folds 
Mike Hoshchuk 3: folds 
shtshot250: raises $0.15 to $0.20
JEANXITER: calls $0.20
Dorex2007: folds 
kAiba109: folds 
*** FLOP *** [Kh Td Jh]
shtshot250: checks 
JEANXITER: bets $0.22
shtshot250: calls $0.22
*** TURN *** [Kh Td Jh] [Kc]
shtshot250: checks 
JEANXITER: checks 
*** RIVER *** [Kh Td Jh Kc] [Th]
shtshot250: checks 
JEANXITER: bets $0.87
shtshot250: folds [Js]
Uncalled bet ($0.87) returned to JEANXITER
JEANXITER collected $0.87 from pot
JEANXITER: doesn't show hand 
*** SUMMARY ***
Total pot $0.91 | Rake $0.04 
Board [Kh Td Jh Kc Th]
Seat 1: Jota322322 folded before Flop (didn't bet)
Seat 2: Mike Hoshchuk 3 folded before Flop (didn't bet)
Seat 3: shtshot250 folded on the River
Seat 4: JEANXITER (button) collected ($0.87)
Seat 5: Dorex2007 (small blind) folded before Flop
Seat 7: kAiba109 (big blind) folded before Flop
Seat 8: ASpiror folded before Flop (didn't bet)
Seat 9: herkks folded before Flop (didn't bet)



PokerStars Hand #238014587449:  Hold'em No Limit ($0.02/$0.05 USD) - 2022/08/15 15:53:41 PT [2022/08/15 18:53:41 ET]
Table 'Bandusia III' 9-max Seat #5 is the button
Seat 1: Jota322322 ($3.99 in chips) 
Seat 2: Mike Hoshchuk 3 ($3.93 in chips) 
Seat 3: shtshot250 ($2.81 in chips) 
Seat 4: JEANXITER ($4.74 in chips) 
Seat 5: Dorex2007 ($12.65 in chips) 
Seat 7: kAiba109 ($1.70 in chips) 
Seat 8: ASpiror ($5.12 in chips) 
Seat 9: herkks ($5 in chips) 
kAiba109: posts small blind $0.02
ASpiror: posts big blind $0.05
*** HOLE CARDS ***
Dealt to Dorex2007 [5s Jd]
herkks: folds 
Jota322322: folds 
Mike Hoshchuk 3: raises $0.10 to $0.15
shtshot250: folds 
JEANXITER: folds 
Dorex2007: folds 
kAiba109: folds 
Newday1508 joins the table at seat #6 
ASpiror: folds 
Uncalled bet ($0.10) returned to Mike Hoshchuk 3
Mike Hoshchuk 3 collected $0.12 from pot
*** SUMMARY ***
Total pot $0.12 | Rake $0 
Seat 1: Jota322322 folded before Flop (didn't bet)
Seat 2: Mike Hoshchuk 3 collected ($0.12)
Seat 3: shtshot250 folded before Flop (didn't bet)
Seat 4: JEANXITER folded before Flop (didn't bet)
Seat 5: Dorex2007 (button) folded before Flop (didn't bet)
Seat 7: kAiba109 (small blind) folded before Flop
Seat 8: ASpiror (big blind) folded before Flop
Seat 9: herkks folded before Flop (didn't bet)



PokerStars Hand #238014595343:  Hold'em No Limit ($0.02/$0.05 USD) - 2022/08/15 15:54:08 PT [2022/08/15 18:54:08 ET]
Table 'Bandusia III' 9-max Seat #7 is the button
Seat 1: Jota322322 ($3.99 in chips) 
Seat 2: Mike Hoshchuk 3 ($4 in chips) 
Seat 3: shtshot250 ($2.81 in chips) 
Seat 4: JEANXITER ($4.74 in chips) 
Seat 5: Dorex2007 ($12.65 in chips) 
Seat 7: kAiba109 ($1.68 in chips) 
Seat 8: ASpiror ($5.07 in chips) 
Seat 9: herkks ($5 in chips) 
ASpiror: posts small blind $0.02
herkks: posts big blind $0.05
Newday1508: sits out 
*** HOLE CARDS ***
Dealt to Dorex2007 [Td 4s]
Jota322322: folds 
Mike Hoshchuk 3: folds 
shtshot250: raises $0.12 to $0.17
JEANXITER: folds 
Dorex2007: folds 
kAiba109: folds 
ASpiror: folds 
herkks: folds 
Uncalled bet ($0.12) returned to shtshot250
shtshot250 collected $0.12 from pot
shtshot250: doesn't show hand 
*** SUMMARY ***
Total pot $0.12 | Rake $0 
Seat 1: Jota322322 folded before Flop (didn't bet)
Seat 2: Mike Hoshchuk 3 folded before Flop (didn't bet)
Seat 3: shtshot250 collected ($0.12)
Seat 4: JEANXITER folded before Flop (didn't bet)
Seat 5: Dorex2007 folded before Flop (didn't bet)
Seat 7: kAiba109 (button) folded before Flop (didn't bet)
Seat 8: ASpiror (small blind) folded before Flop
Seat 9: herkks (big blind) folded before Flop



PokerStars Hand #238014602817:  Hold'em No Limit ($0.02/$0.05 USD) - 2022/08/15 15:54:33 PT [2022/08/15 18:54:33 ET]
Table 'Bandusia III' 9-max Seat #8 is the button
Seat 1: Jota322322 ($3.99 in chips) 
Seat 2: Mike Hoshchuk 3 ($4 in chips) 
Seat 3: shtshot250 ($2.88 in chips) 
Seat 4: JEANXITER ($4.74 in chips) 
Seat 5: Dorex2007 ($12.65 in chips) 
Seat 7: kAiba109 ($1.68 in chips) 
Seat 8: ASpiror ($5.05 in chips) 
Seat 9: herkks ($5 in chips) 
herkks: posts small blind $0.02
Jota322322: posts big blind $0.05
Newday1508: sits out 
*** HOLE CARDS ***
Dealt to Dorex2007 [8d 7s]
Mike Hoshchuk 3: folds 
shtshot250: folds 
JEANXITER: calls $0.05
Dorex2007: folds 
kAiba109: folds 
ASpiror: folds 
herkks: folds 
Jota322322: checks 
*** FLOP *** [2s Th 5d]
Jota322322: checks 
JEANXITER: checks 
*** TURN *** [2s Th 5d] [4d]
Jota322322: bets $0.10
JEANXITER: calls $0.10
*** RIVER *** [2s Th 5d 4d] [5s]
Jota322322: checks 
JEANXITER: checks 
*** SHOW DOWN ***
Jota322322: shows [6h 8s] (a pair of Fives)
JEANXITER: shows [4s Ah] (two pair, Fives and Fours)
JEANXITER collected $0.31 from pot
*** SUMMARY ***
Total pot $0.32 | Rake $0.01 
Board [2s Th 5d 4d 5s]
Seat 1: Jota322322 (big blind) showed [6h 8s] and lost with a pair of Fives
Seat 2: Mike Hoshchuk 3 folded before Flop (didn't bet)
Seat 3: shtshot250 folded before Flop (didn't bet)
Seat 4: JEANXITER showed [4s Ah] and won ($0.31) with two pair, Fives and Fours
Seat 5: Dorex2007 folded before Flop (didn't bet)
Seat 7: kAiba109 folded before Flop (didn't bet)
Seat 8: ASpiror (button) folded before Flop (didn't bet)
Seat 9: herkks (small blind) folded before Flop



PokerStars Hand #238014614152:  Hold'em No Limit ($0.02/$0.05 USD) - 2022/08/15 15:55:12 PT [2022/08/15 18:55:12 ET]
Table 'Bandusia III' 9-max Seat #9 is the button
Seat 1: Jota322322 ($3.84 in chips) 
Seat 2: Mike Hoshchuk 3 ($4 in chips) 
Seat 3: shtshot250 ($2.88 in chips) 
Seat 4: JEANXITER ($4.90 in chips) 
Seat 5: Dorex2007 ($12.65 in chips) 
Seat 7: kAiba109 ($1.68 in chips) 
Seat 8: ASpiror ($5.05 in chips) 
Seat 9: herkks ($5 in chips) 
Jota322322: posts small blind $0.02
Mike Hoshchuk 3: posts big blind $0.05
Newday1508: sits out 
*** HOLE CARDS ***
Dealt to Dorex2007 [4s Ad]
shtshot250: folds 
JEANXITER: calls $0.05
Dorex2007: folds 
kAiba109: folds 
ASpiror: folds 
herkks: folds 
Jota322322: folds 
Mike Hoshchuk 3: checks 
*** FLOP *** [9c 8s 9s]
Mike Hoshchuk 3: checks 
JEANXITER: checks 
*** TURN *** [9c 8s 9s] [3h]
Mike Hoshchuk 3: checks 
JEANXITER: checks 
*** RIVER *** [9c 8s 9s 3h] [7s]
Mike Hoshchuk 3: checks 
JEANXITER: checks 
*** SHOW DOWN ***
Mike Hoshchuk 3: shows [6c Kc] (a pair of Nines)
JEANXITER: shows [Ac Qd] (a pair of Nines - Ace kicker)
JEANXITER collected $0.12 from pot
*** SUMMARY ***
Total pot $0.12 | Rake $0 
Board [9c 8s 9s 3h 7s]
Seat 1: Jota322322 (small blind) folded before Flop
Seat 2: Mike Hoshchuk 3 (big blind) showed [6c Kc] and lost with a pair of Nines
Seat 3: shtshot250 folded before Flop (didn't bet)
Seat 4: JEANXITER showed [Ac Qd] and won ($0.12) with a pair of Nines
Seat 5: Dorex2007 folded before Flop (didn't bet)
Seat 7: kAiba109 folded before Flop (didn't bet)
Seat 8: ASpiror folded before Flop (didn't bet)
Seat 9: herkks (button) folded before Flop (didn't bet)



PokerStars Hand #238014621377:  Hold'em No Limit ($0.02/$0.05 USD) - 2022/08/15 15:55:41 PT [2022/08/15 18:55:41 ET]
Table 'Bandusia III' 9-max Seat #1 is the button
Seat 1: Jota322322 ($3.82 in chips) 
Seat 2: Mike Hoshchuk 3 ($3.95 in chips) 
Seat 3: shtshot250 ($2.88 in chips) 
Seat 4: JEANXITER ($4.97 in chips) 
Seat 5: Dorex2007 ($12.65 in chips) 
Seat 7: kAiba109 ($1.68 in chips) 
Seat 8: ASpiror ($5.05 in chips) 
Seat 9: herkks ($5 in chips) 
Mike Hoshchuk 3: posts small blind $0.02
shtshot250: posts big blind $0.05
Newday1508: sits out 
*** HOLE CARDS ***
Dealt to Dorex2007 [4s Th]
JEANXITER: calls $0.05
Dorex2007: folds 
kAiba109: folds 
ASpiror: raises $0.05 to $0.10
herkks: folds 
Jota322322: folds 
Mike Hoshchuk 3: folds 
shtshot250: folds 
JEANXITER: calls $0.05
*** FLOP *** [8d 8h 2s]
JEANXITER: checks 
ASpiror: bets $0.13
JEANXITER: calls $0.13
*** TURN *** [8d 8h 2s] [7c]
JEANXITER: checks 
ASpiror: checks 
*** RIVER *** [8d 8h 2s 7c] [Kh]
JEANXITER: bets $0.25
ASpiror: calls $0.25
*** SHOW DOWN ***
JEANXITER: shows [Jc Ks] (two pair, Kings and Eights)
ASpiror: mucks hand 
JEANXITER collected $0.99 from pot
*** SUMMARY ***
Total pot $1.03 | Rake $0.04 
Board [8d 8h 2s 7c Kh]
Seat 1: Jota322322 (button) folded before Flop (didn't bet)
Seat 2: Mike Hoshchuk 3 (small blind) folded before Flop
Seat 3: shtshot250 (big blind) folded before Flop
Seat 4: JEANXITER showed [Jc Ks] and won ($0.99) with two pair, Kings and Eights
Seat 5: Dorex2007 folded before Flop (didn't bet)
Seat 7: kAiba109 folded before Flop (didn't bet)
Seat 8: ASpiror mucked [9s 9d]
Seat 9: herkks folded before Flop (didn't bet)



PokerStars Hand #238014635488:  Hold'em No Limit ($0.02/$0.05 USD) - 2022/08/15 15:56:40 PT [2022/08/15 18:56:40 ET]
Table 'Bandusia III' 9-max Seat #2 is the button
Seat 1: Jota322322 ($3.82 in chips) 
Seat 2: Mike Hoshchuk 3 ($3.93 in chips) 
Seat 3: shtshot250 ($2.83 in chips) 
Seat 4: JEANXITER ($5.48 in chips) 
Seat 5: Dorex2007 ($12.65 in chips) 
Seat 7: kAiba109 ($1.68 in chips) 
Seat 8: ASpiror ($4.57 in chips) 
Seat 9: herkks ($5 in chips) 
shtshot250: posts small blind $0.02
JEANXITER: posts big blind $0.05
Newday1508: sits out 
*** HOLE CARDS ***
Dealt to Dorex2007 [8d 9d]
Dorex2007: folds 
kAiba109: folds 
ASpiror: folds 
herkks: folds 
Jota322322: raises $0.10 to $0.15
Mike Hoshchuk 3: folds 
shtshot250: folds 
JEANXITER: calls $0.10
*** FLOP *** [7h 7d 4d]
JEANXITER: checks 
Jota322322: bets $0.15
JEANXITER: calls $0.15
*** TURN *** [7h 7d 4d] [9c]
JEANXITER: checks 
Jota322322: bets $0.40
JEANXITER: calls $0.40
*** RIVER *** [7h 7d 4d 9c] [Ah]
JEANXITER: checks 
Jota322322: checks 
*** SHOW DOWN ***
JEANXITER: shows [Qc 7s] (three of a kind, Sevens)
Jota322322: mucks hand 
JEANXITER collected $1.36 from pot
*** SUMMARY ***
Total pot $1.42 | Rake $0.06 
Board [7h 7d 4d 9c Ah]
Seat 1: Jota322322 mucked [Jc Jd]
Seat 2: Mike Hoshchuk 3 (button) folded before Flop (didn't bet)
Seat 3: shtshot250 (small blind) folded before Flop
Seat 4: JEANXITER (big blind) showed [Qc 7s] and won ($1.36) with three of a kind, Sevens
Seat 5: Dorex2007 folded before Flop (didn't bet)
Seat 7: kAiba109 folded before Flop (didn't bet)
Seat 8: ASpiror folded before Flop (didn't bet)
Seat 9: herkks folded before Flop (didn't bet)



PokerStars Hand #238014647308:  Hold'em No Limit ($0.02/$0.05 USD) - 2022/08/15 15:57:28 PT [2022/08/15 18:57:28 ET]
Table 'Bandusia III' 9-max Seat #3 is the button
Seat 1: Jota322322 ($3.12 in chips) 
Seat 2: Mike Hoshchuk 3 ($3.93 in chips) 
Seat 3: shtshot250 ($2.81 in chips) 
Seat 4: JEANXITER ($6.14 in chips) 
Seat 5: Dorex2007 ($12.65 in chips) 
Seat 7: kAiba109 ($1.68 in chips) 
Seat 8: ASpiror ($4.57 in chips) 
Seat 9: herkks ($5 in chips) 
JEANXITER: posts small blind $0.02
Dorex2007: posts big blind $0.05
Newday1508: sits out 
*** HOLE CARDS ***
Dealt to Dorex2007 [9h 7d]
kAiba109: folds 
ASpiror: folds 
herkks: folds 
Jota322322: folds 
Mike Hoshchuk 3: calls $0.05
shtshot250: calls $0.05
JEANXITER: calls $0.03
Dorex2007: checks 
*** FLOP *** [As Qd Ad]
JEANXITER: checks 
Dorex2007: checks 
Mike Hoshchuk 3: bets $0.10
shtshot250: calls $0.10
JEANXITER: calls $0.10
Dorex2007: folds 
*** TURN *** [As Qd Ad] [9d]
JEANXITER: checks 
Mike Hoshchuk 3: checks 
shtshot250: checks 
*** RIVER *** [As Qd Ad 9d] [5d]
JEANXITER: checks 
Mike Hoshchuk 3: checks 
shtshot250: bets $0.48
JEANXITER: folds 
Mike Hoshchuk 3: folds [Ah]
Uncalled bet ($0.48) returned to shtshot250
shtshot250 collected $0.48 from pot
shtshot250: doesn't show hand 
*** SUMMARY ***
Total pot $0.50 | Rake $0.02 
Board [As Qd Ad 9d 5d]
Seat 1: Jota322322 folded before Flop (didn't bet)
Seat 2: Mike Hoshchuk 3 folded on the River
Seat 3: shtshot250 (button) collected ($0.48)
Seat 4: JEANXITER (small blind) folded on the River
Seat 5: Dorex2007 (big blind) folded on the Flop
Seat 7: kAiba109 folded before Flop (didn't bet)
Seat 8: ASpiror folded before Flop (didn't bet)
Seat 9: herkks folded before Flop (didn't bet)



PokerStars Hand #238014666334:  Hold'em No Limit ($0.02/$0.05 USD) - 2022/08/15 15:58:48 PT [2022/08/15 18:58:48 ET]
Table 'Bandusia III' 9-max Seat #4 is the button
Seat 1: Jota322322 ($3.12 in chips) 
Seat 2: Mike Hoshchuk 3 ($3.78 in chips) 
Seat 3: shtshot250 ($3.14 in chips) 
Seat 4: JEANXITER ($5.99 in chips) 
Seat 5: Dorex2007 ($12.60 in chips) 
Seat 6: Newday1508 ($3.63 in chips) 
Seat 7: kAiba109 ($1.68 in chips) 
Seat 8: ASpiror ($4.57 in chips) 
Seat 9: herkks ($5 in chips) 
Dorex2007: posts small blind $0.02
Newday1508: posts big blind $0.05
*** HOLE CARDS ***
Dealt to Dorex2007 [Js 7d]
kAiba109: folds 
ASpiror: raises $0.05 to $0.10
herkks: folds 
Jota322322: folds 
Mike Hoshchuk 3: calls $0.10
shtshot250: raises $0.37 to $0.47
JEANXITER: calls $0.47
Dorex2007: folds 
Newday1508: folds 
ASpiror: folds 
Mike Hoshchuk 3: folds 
*** FLOP *** [Ts 8s Ah]
shtshot250: bets $1.16
JEANXITER: calls $1.16
*** TURN *** [Ts 8s Ah] [Jc]
shtshot250: bets $1.51 and is all-in
JEANXITER: calls $1.51
*** RIVER *** [Ts 8s Ah Jc] [Th]
*** SHOW DOWN ***
shtshot250: shows [Kh As] (two pair, Aces and Tens)
JEANXITER: shows [Jd Qd] (two pair, Jacks and Tens)
shtshot250 collected $6.28 from pot
*** SUMMARY ***
Total pot $6.55 | Rake $0.27 
Board [Ts 8s Ah Jc Th]
Seat 1: Jota322322 folded before Flop (didn't bet)
Seat 2: Mike Hoshchuk 3 folded before Flop
Seat 3: shtshot250 showed [Kh As] and won ($6.28) with two pair, Aces and Tens
Seat 4: JEANXITER (button) showed [Jd Qd] and lost with two pair, Jacks and Tens
Seat 5: Dorex2007 (small blind) folded before Flop
Seat 6: Newday1508 (big blind) folded before Flop
Seat 7: kAiba109 folded before Flop (didn't bet)
Seat 8: ASpiror folded before Flop
Seat 9: herkks folded before Flop (didn't bet)



PokerStars Hand #238014683911:  Hold'em No Limit ($0.02/$0.05 USD) - 2022/08/15 16:00:01 PT [2022/08/15 19:00:01 ET]
Table 'Bandusia III' 9-max Seat #5 is the button
Seat 1: Jota322322 ($3.12 in chips) 
Seat 2: Mike Hoshchuk 3 ($3.68 in chips) 
Seat 3: shtshot250 ($6.28 in chips) 
Seat 4: JEANXITER ($2.85 in chips) 
Seat 5: Dorex2007 ($12.58 in chips) 
Seat 6: Newday1508 ($3.58 in chips) 
Seat 7: kAiba109 ($1.68 in chips) 
Seat 8: ASpiror ($4.47 in chips) 
Seat 9: herkks ($5 in chips) 
Newday1508: posts small blind $0.02
kAiba109: posts big blind $0.05
*** HOLE CARDS ***
Dealt to Dorex2007 [2d Qh]
ASpiror: folds 
herkks: folds 
Jota322322: folds 
Mike Hoshchuk 3: folds 
shtshot250: folds 
JEANXITER: calls $0.05
Dorex2007: folds 
Newday1508: folds 
kAiba109: checks 
*** FLOP *** [5c 8s 7h]
kAiba109: checks 
JEANXITER: checks 
*** TURN *** [5c 8s 7h] [Tc]
kAiba109: checks 
JEANXITER: checks 
*** RIVER *** [5c 8s 7h Tc] [3c]
kAiba109: bets $0.11
JEANXITER: folds 
Uncalled bet ($0.11) returned to kAiba109
kAiba109 collected $0.12 from pot
*** SUMMARY ***
Total pot $0.12 | Rake $0 
Board [5c 8s 7h Tc 3c]
Seat 1: Jota322322 folded before Flop (didn't bet)
Seat 2: Mike Hoshchuk 3 folded before Flop (didn't bet)
Seat 3: shtshot250 folded before Flop (didn't bet)
Seat 4: JEANXITER folded on the River
Seat 5: Dorex2007 (button) folded before Flop (didn't bet)
Seat 6: Newday1508 (small blind) folded before Flop
Seat 7: kAiba109 (big blind) collected ($0.12)
Seat 8: ASpiror folded before Flop (didn't bet)
Seat 9: herkks folded before Flop (didn't bet)



PokerStars Hand #238014692377:  Hold'em No Limit ($0.02/$0.05 USD) - 2022/08/15 16:00:36 PT [2022/08/15 19:00:36 ET]
Table 'Bandusia III' 9-max Seat #6 is the button
Seat 1: Jota322322 ($3.12 in chips) 
Seat 2: Mike Hoshchuk 3 ($3.68 in chips) 
Seat 4: JEANXITER ($2.80 in chips) 
Seat 5: Dorex2007 ($12.58 in chips) 
Seat 6: Newday1508 ($3.56 in chips) 
Seat 7: kAiba109 ($1.75 in chips) 
Seat 8: ASpiror ($4.47 in chips) 
Seat 9: herkks ($5 in chips) 
kAiba109: posts small blind $0.02
ASpiror: posts big blind $0.05
*** HOLE CARDS ***
Dealt to Dorex2007 [9s 6h]
herkks: folds 
Jota322322: folds 
Mike Hoshchuk 3: calls $0.05
JEANXITER: calls $0.05
Dorex2007: folds 
Newday1508: folds 
kAiba109: folds 
ASpiror: checks 
*** FLOP *** [Qh 2h Kh]
ASpiror: checks 
Mike Hoshchuk 3: checks 
JEANXITER: checks 
*** TURN *** [Qh 2h Kh] [5c]
ASpiror: checks 
Mike Hoshchuk 3: checks 
JEANXITER: checks 
*** RIVER *** [Qh 2h Kh 5c] [Qd]
ASpiror: checks 
Mike Hoshchuk 3: checks 
JEANXITER: checks 
*** SHOW DOWN ***
ASpiror: shows [4s 5s] (two pair, Queens and Fives)
Mike Hoshchuk 3: mucks hand 
JEANXITER: mucks hand 
ASpiror collected $0.16 from pot
*** SUMMARY ***
Total pot $0.17 | Rake $0.01 
Board [Qh 2h Kh 5c Qd]
Seat 1: Jota322322 folded before Flop (didn't bet)
Seat 2: Mike Hoshchuk 3 mucked [Tc 9d]
Seat 4: JEANXITER mucked [9c Th]
Seat 5: Dorex2007 folded before Flop (didn't bet)
Seat 6: Newday1508 (button) folded before Flop (didn't bet)
Seat 7: kAiba109 (small blind) folded before Flop
Seat 8: ASpiror (big blind) showed [4s 5s] and won ($0.16) with two pair, Queens and Fives
Seat 9: herkks folded before Flop (didn't bet)



PokerStars Hand #238014707924:  Hold'em No Limit ($0.02/$0.05 USD) - 2022/08/15 16:01:33 PT [2022/08/15 19:01:33 ET]
Table 'Bandusia III' 9-max Seat #7 is the button
Seat 1: Jota322322 ($3.12 in chips) 
Seat 2: Mike Hoshchuk 3 ($3.63 in chips) 
Seat 4: JEANXITER ($2.75 in chips) 
Seat 5: Dorex2007 ($12.58 in chips) 
Seat 6: Newday1508 ($3.56 in chips) 
Seat 7: kAiba109 ($1.73 in chips) 
Seat 8: ASpiror ($4.58 in chips) 
Seat 9: herkks ($5 in chips) 
ASpiror: posts small blind $0.02
herkks: posts big blind $0.05
*** HOLE CARDS ***
Dealt to Dorex2007 [9h 8d]
Jota322322: folds 
Mike Hoshchuk 3: folds 
JEANXITER: folds 
Dorex2007: folds 
Newday1508: folds 
kAiba109: folds 
ASpiror: folds 
Uncalled bet ($0.03) returned to herkks
herkks collected $0.04 from pot
*** SUMMARY ***
Total pot $0.04 | Rake $0 
Seat 1: Jota322322 folded before Flop (didn't bet)
Seat 2: Mike Hoshchuk 3 folded before Flop (didn't bet)
Seat 4: JEANXITER folded before Flop (didn't bet)
Seat 5: Dorex2007 folded before Flop (didn't bet)
Seat 6: Newday1508 folded before Flop (didn't bet)
Seat 7: kAiba109 (button) folded before Flop (didn't bet)
Seat 8: ASpiror (small blind) folded before Flop
Seat 9: herkks (big blind) collected ($0.04)



PokerStars Hand #238014713047:  Hold'em No Limit ($0.02/$0.05 USD) - 2022/08/15 16:01:51 PT [2022/08/15 19:01:51 ET]
Table 'Bandusia III' 9-max Seat #8 is the button
Seat 1: Jota322322 ($3.12 in chips) 
Seat 2: Mike Hoshchuk 3 ($3.63 in chips) 
Seat 4: JEANXITER ($2.75 in chips) 
Seat 5: Dorex2007 ($12.58 in chips) 
Seat 6: Newday1508 ($3.56 in chips) 
Seat 7: kAiba109 ($1.73 in chips) 
Seat 8: ASpiror ($4.56 in chips) 
Seat 9: herkks ($5.02 in chips) 
herkks: posts small blind $0.02
Jota322322: posts big blind $0.05
*** HOLE CARDS ***
Dealt to Dorex2007 [Td Jh]
Mike Hoshchuk 3: folds 
JEANXITER: folds 
Dorex2007: folds 
Newday1508: raises $0.15 to $0.20
kAiba109: folds 
ASpiror: folds 
herkks: folds 
Jota322322: calls $0.15
*** FLOP *** [Th 3s 5d]
Jota322322: checks 
Newday1508: bets $0.40
Jota322322: calls $0.40
*** TURN *** [Th 3s 5d] [Qd]
Jota322322: checks 
Newday1508: bets $0.05
Jota322322: raises $0.40 to $0.45
Newday1508: raises $2.07 to $2.52
Jota322322: calls $2.07 and is all-in
*** RIVER *** [Th 3s 5d Qd] [2d]
*** SHOW DOWN ***
Jota322322: shows [3h 3d] (three of a kind, Threes)
Newday1508: shows [As Qc] (a pair of Queens)
Jota322322 collected $6 from pot
*** SUMMARY ***
Total pot $6.26 | Rake $0.26 
Board [Th 3s 5d Qd 2d]
Seat 1: Jota322322 (big blind) showed [3h 3d] and won ($6) with three of a kind, Threes
Seat 2: Mike Hoshchuk 3 folded before Flop (didn't bet)
Seat 4: JEANXITER folded before Flop (didn't bet)
Seat 5: Dorex2007 folded before Flop (didn't bet)
Seat 6: Newday1508 showed [As Qc] and lost with a pair of Queens
Seat 7: kAiba109 folded before Flop (didn't bet)
Seat 8: ASpiror (button) folded before Flop (didn't bet)
Seat 9: herkks (small blind) folded before Flop



PokerStars Hand #238014726715:  Hold'em No Limit ($0.02/$0.05 USD) - 2022/08/15 16:02:39 PT [2022/08/15 19:02:39 ET]
Table 'Bandusia III' 9-max Seat #9 is the button
Seat 1: Jota322322 ($6 in chips) 
Seat 2: Mike Hoshchuk 3 ($3.63 in chips) 
Seat 4: JEANXITER ($2.75 in chips) 
Seat 5: Dorex2007 ($12.58 in chips) 
Seat 6: Newday1508 ($0.44 in chips) 
Seat 7: kAiba109 ($1.73 in chips) 
Seat 8: ASpiror ($4.56 in chips) 
Seat 9: herkks ($5 in chips) 
Jota322322: posts small blind $0.02
Mike Hoshchuk 3: posts big blind $0.05
*** HOLE CARDS ***
Dealt to Dorex2007 [8c Ks]
JEANXITER: calls $0.05
Dorex2007: folds 
Newday1508: folds 
kAiba109: raises $0.05 to $0.10
ASpiror: folds 
herkks: folds 
Jota322322: folds 
Mike Hoshchuk 3: calls $0.05
JEANXITER: calls $0.05
*** FLOP *** [2d 7h 9d]
Mike Hoshchuk 3: bets $0.15
JEANXITER: calls $0.15
kAiba109: folds 
*** TURN *** [2d 7h 9d] [Qc]
Mike Hoshchuk 3: checks 
JEANXITER: checks 
*** RIVER *** [2d 7h 9d Qc] [As]
Mike Hoshchuk 3: checks 
JEANXITER: checks 
*** SHOW DOWN ***
Mike Hoshchuk 3: shows [Js 9c] (a pair of Nines)
JEANXITER: mucks hand 
Mike Hoshchuk 3 collected $0.59 from pot
*** SUMMARY ***
Total pot $0.62 | Rake $0.03 
Board [2d 7h 9d Qc As]
Seat 1: Jota322322 (small blind) folded before Flop
Seat 2: Mike Hoshchuk 3 (big blind) showed [Js 9c] and won ($0.59) with a pair of Nines
Seat 4: JEANXITER mucked [5d 8d]
Seat 5: Dorex2007 folded before Flop (didn't bet)
Seat 6: Newday1508 folded before Flop (didn't bet)
Seat 7: kAiba109 folded on the Flop
Seat 8: ASpiror folded before Flop (didn't bet)
Seat 9: herkks (button) folded before Flop (didn't bet)



PokerStars Hand #238014742245:  Hold'em No Limit ($0.02/$0.05 USD) - 2022/08/15 16:03:33 PT [2022/08/15 19:03:33 ET]
Table 'Bandusia III' 9-max Seat #1 is the button
Seat 1: Jota322322 ($5.98 in chips) 
Seat 2: Mike Hoshchuk 3 ($3.97 in chips) 
Seat 4: JEANXITER ($2.50 in chips) 
Seat 5: Dorex2007 ($12.58 in chips) 
Seat 6: Newday1508 ($0.44 in chips) 
Seat 7: kAiba109 ($1.63 in chips) 
Seat 8: ASpiror ($4.56 in chips) 
Seat 9: herkks ($5 in chips) 
Mike Hoshchuk 3: posts small blind $0.02
JEANXITER: posts big blind $0.05
*** HOLE CARDS ***
Dealt to Dorex2007 [6s 8h]
Dorex2007: folds 
Newday1508: folds 
kAiba109: folds 
ASpiror: folds 
herkks: folds 
Jota322322: folds 
Mike Hoshchuk 3: raises $0.05 to $0.10
JEANXITER: folds 
Uncalled bet ($0.05) returned to Mike Hoshchuk 3
Mike Hoshchuk 3 collected $0.10 from pot
*** SUMMARY ***
Total pot $0.10 | Rake $0 
Seat 1: Jota322322 (button) folded before Flop (didn't bet)
Seat 2: Mike Hoshchuk 3 (small blind) collected ($0.10)
Seat 4: JEANXITER (big blind) folded before Flop
Seat 5: Dorex2007 folded before Flop (didn't bet)
Seat 6: Newday1508 folded before Flop (didn't bet)
Seat 7: kAiba109 folded before Flop (didn't bet)
Seat 8: ASpiror folded before Flop (didn't bet)
Seat 9: herkks folded before Flop (didn't bet)



PokerStars Hand #238014748927:  Hold'em No Limit ($0.02/$0.05 USD) - 2022/08/15 16:03:56 PT [2022/08/15 19:03:56 ET]
Table 'Bandusia III' 9-max Seat #2 is the button
Seat 1: Jota322322 ($5.98 in chips) 
Seat 2: Mike Hoshchuk 3 ($4.02 in chips) 
Seat 4: JEANXITER ($2.45 in chips) 
Seat 5: Dorex2007 ($12.58 in chips) 
Seat 6: Newday1508 ($0.44 in chips) 
Seat 7: kAiba109 ($1.63 in chips) 
Seat 8: ASpiror ($4.56 in chips) 
Seat 9: herkks ($5 in chips) 
JEANXITER: posts small blind $0.02
Dorex2007: posts big blind $0.05
*** HOLE CARDS ***
Dealt to Dorex2007 [9c Ks]
Newday1508: folds 
kAiba109: folds 
ASpiror: folds 
herkks: folds 
Jota322322: folds 
Mike Hoshchuk 3: raises $0.05 to $0.10
JEANXITER: calls $0.08
Dorex2007: calls $0.05
*** FLOP *** [Qd 6s 3h]
JEANXITER: bets $0.14
Dorex2007: folds 
Mike Hoshchuk 3: raises $0.14 to $0.28
JEANXITER: calls $0.14
*** TURN *** [Qd 6s 3h] [5s]
JEANXITER: checks 
Mike Hoshchuk 3: bets $0.82
JEANXITER: calls $0.82
*** RIVER *** [Qd 6s 3h 5s] [Js]
JEANXITER: checks 
Mike Hoshchuk 3: bets $1.20
JEANXITER: folds 
Uncalled bet ($1.20) returned to Mike Hoshchuk 3
Mike Hoshchuk 3 collected $2.40 from pot
*** SUMMARY ***
Total pot $2.50 | Rake $0.10 
Board [Qd 6s 3h 5s Js]
Seat 1: Jota322322 folded before Flop (didn't bet)
Seat 2: Mike Hoshchuk 3 (button) collected ($2.40)
Seat 4: JEANXITER (small blind) folded on the River
Seat 5: Dorex2007 (big blind) folded on the Flop
Seat 6: Newday1508 folded before Flop (didn't bet)
Seat 7: kAiba109 folded before Flop (didn't bet)
Seat 8: ASpiror folded before Flop (didn't bet)
Seat 9: herkks folded before Flop (didn't bet)



PokerStars Hand #238014772440:  Hold'em No Limit ($0.02/$0.05 USD) - 2022/08/15 16:05:06 PT [2022/08/15 19:05:06 ET]
Table 'Bandusia III' 9-max Seat #4 is the button
Seat 1: Jota322322 ($5.98 in chips) 
Seat 2: Mike Hoshchuk 3 ($5.22 in chips) 
Seat 4: JEANXITER ($1.25 in chips) 
Seat 5: Dorex2007 ($12.48 in chips) 
Seat 6: Newday1508 ($0.44 in chips) 
Seat 7: kAiba109 ($1.63 in chips) 
Seat 8: ASpiror ($4.56 in chips) 
Seat 9: herkks ($5 in chips) 
Dorex2007: posts small blind $0.02
Newday1508: posts big blind $0.05
*** HOLE CARDS ***
Dealt to Dorex2007 [Kc Ah]
kAiba109: folds 
ASpiror: raises $0.05 to $0.10
herkks: folds 
Jota322322: folds 
Mike Hoshchuk 3: folds 
JEANXITER: folds 
Dorex2007: raises $0.15 to $0.25
Newday1508: folds 
ASpiror: calls $0.15
*** FLOP *** [8h 9c 4c]
Dorex2007: bets $0.26
ASpiror: calls $0.26
*** TURN *** [8h 9c 4c] [9s]
Dorex2007: bets $0.51
ASpiror: calls $0.51
*** RIVER *** [8h 9c 4c 9s] [8d]
Dorex2007: bets $1
ASpiror: folds 
Uncalled bet ($1) returned to Dorex2007
Dorex2007 collected $2 from pot
Dorex2007: doesn't show hand 
*** SUMMARY ***
Total pot $2.09 | Rake $0.09 
Board [8h 9c 4c 9s 8d]
Seat 1: Jota322322 folded before Flop (didn't bet)
Seat 2: Mike Hoshchuk 3 folded before Flop (didn't bet)
Seat 4: JEANXITER (button) folded before Flop (didn't bet)
Seat 5: Dorex2007 (small blind) collected ($2)
Seat 6: Newday1508 (big blind) folded before Flop
Seat 7: kAiba109 folded before Flop (didn't bet)
Seat 8: ASpiror folded on the River
Seat 9: herkks folded before Flop (didn't bet)



PokerStars Hand #238014796148:  Hold'em No Limit ($0.02/$0.05 USD) - 2022/08/15 16:06:29 PT [2022/08/15 19:06:29 ET]
Table 'Bandusia III' 9-max Seat #5 is the button
Seat 1: Jota322322 ($5.98 in chips) 
Seat 2: Mike Hoshchuk 3 ($5.22 in chips) 
Seat 3: shtshot250 ($6.28 in chips) 
Seat 4: JEANXITER ($1.25 in chips) 
Seat 5: Dorex2007 ($13.46 in chips) 
Seat 6: Newday1508 ($0.39 in chips) 
Seat 7: kAiba109 ($1.63 in chips) 
Seat 8: ASpiror ($3.54 in chips) 
Seat 9: herkks ($5 in chips) 
Newday1508: posts small blind $0.02
kAiba109: posts big blind $0.05
shtshot250: posts small & big blinds $0.07
*** HOLE CARDS ***
Dealt to Dorex2007 [Ah 5d]
ASpiror: raises $0.10 to $0.15
herkks: folds 
Jota322322: calls $0.15
Mike Hoshchuk 3: folds 
shtshot250: calls $0.10
JEANXITER: folds 
Dorex2007: folds 
Newday1508: folds 
kAiba109: folds 
*** FLOP *** [8d 6d 9h]
ASpiror: checks 
Jota322322: checks 
shtshot250: bets $0.52
ASpiror: folds 
Jota322322: folds 
Uncalled bet ($0.52) returned to shtshot250
shtshot250 collected $0.52 from pot
shtshot250: doesn't show hand 
*** SUMMARY ***
Total pot $0.54 | Rake $0.02 
Board [8d 6d 9h]
Seat 1: Jota322322 folded on the Flop
Seat 2: Mike Hoshchuk 3 folded before Flop (didn't bet)
Seat 3: shtshot250 collected ($0.52)
Seat 4: JEANXITER folded before Flop (didn't bet)
Seat 5: Dorex2007 (button) folded before Flop (didn't bet)
Seat 6: Newday1508 (small blind) folded before Flop
Seat 7: kAiba109 (big blind) folded before Flop
Seat 8: ASpiror folded on the Flop
Seat 9: herkks folded before Flop (didn't bet)



PokerStars Hand #238014810881:  Hold'em No Limit ($0.02/$0.05 USD) - 2022/08/15 16:07:21 PT [2022/08/15 19:07:21 ET]
Table 'Bandusia III' 9-max Seat #6 is the button
Seat 1: Jota322322 ($5.83 in chips) 
Seat 2: Mike Hoshchuk 3 ($5.22 in chips) 
Seat 3: shtshot250 ($6.63 in chips) 
Seat 4: JEANXITER ($1.25 in chips) 
Seat 5: Dorex2007 ($13.46 in chips) 
Seat 6: Newday1508 ($0.37 in chips) 
Seat 7: kAiba109 ($1.58 in chips) 
Seat 8: ASpiror ($3.39 in chips) 
Seat 9: herkks ($5 in chips) 
kAiba109: posts small blind $0.02
ASpiror: posts big blind $0.05
*** HOLE CARDS ***
Dealt to Dorex2007 [9d Qh]
herkks: folds 
Jota322322: folds 
Mike Hoshchuk 3: folds 
shtshot250: folds 
JEANXITER: folds 
Dorex2007: folds 
Newday1508: raises $0.32 to $0.37 and is all-in
kAiba109: folds 
ASpiror: folds 
Uncalled bet ($0.32) returned to Newday1508
Newday1508 collected $0.12 from pot
*** SUMMARY ***
Total pot $0.12 | Rake $0 
Seat 1: Jota322322 folded before Flop (didn't bet)
Seat 2: Mike Hoshchuk 3 folded before Flop (didn't bet)
Seat 3: shtshot250 folded before Flop (didn't bet)
Seat 4: JEANXITER folded before Flop (didn't bet)
Seat 5: Dorex2007 folded before Flop (didn't bet)
Seat 6: Newday1508 (button) collected ($0.12)
Seat 7: kAiba109 (small blind) folded before Flop
Seat 8: ASpiror (big blind) folded before Flop
Seat 9: herkks folded before Flop (didn't bet)



PokerStars Hand #238014818858:  Hold'em No Limit ($0.02/$0.05 USD) - 2022/08/15 16:07:49 PT [2022/08/15 19:07:49 ET]
Table 'Bandusia III' 9-max Seat #7 is the button
Seat 1: Jota322322 ($5.83 in chips) 
Seat 2: Mike Hoshchuk 3 ($5.22 in chips) 
Seat 3: shtshot250 ($6.63 in chips) 
Seat 4: JEANXITER ($1.25 in chips) 
Seat 5: Dorex2007 ($13.46 in chips) 
Seat 6: Newday1508 ($0.44 in chips) 
Seat 7: kAiba109 ($1.56 in chips) 
Seat 8: ASpiror ($3.34 in chips) 
Seat 9: herkks ($5 in chips) 
ASpiror: posts small blind $0.02
herkks: posts big blind $0.05
*** HOLE CARDS ***
Dealt to Dorex2007 [3h 2s]
Jota322322: folds 
Mike Hoshchuk 3: folds 
shtshot250: folds 
JEANXITER: folds 
Dorex2007: folds 
Newday1508: folds 
kAiba109: raises $0.05 to $0.10
ASpiror: folds 
herkks: calls $0.05
*** FLOP *** [9s Td Ks]
herkks: checks 
kAiba109: bets $0.10
herkks: folds 
Uncalled bet ($0.10) returned to kAiba109
kAiba109 collected $0.21 from pot
*** SUMMARY ***
Total pot $0.22 | Rake $0.01 
Board [9s Td Ks]
Seat 1: Jota322322 folded before Flop (didn't bet)
Seat 2: Mike Hoshchuk 3 folded before Flop (didn't bet)
Seat 3: shtshot250 folded before Flop (didn't bet)
Seat 4: JEANXITER folded before Flop (didn't bet)
Seat 5: Dorex2007 folded before Flop (didn't bet)
Seat 6: Newday1508 folded before Flop (didn't bet)
Seat 7: kAiba109 (button) collected ($0.21)
Seat 8: ASpiror (small blind) folded before Flop
Seat 9: herkks (big blind) folded on the Flop



PokerStars Hand #238014828673:  Hold'em No Limit ($0.02/$0.05 USD) - 2022/08/15 16:08:24 PT [2022/08/15 19:08:24 ET]
Table 'Bandusia III' 9-max Seat #8 is the button
Seat 1: Jota322322 ($5.83 in chips) 
Seat 2: Mike Hoshchuk 3 ($5.22 in chips) 
Seat 3: shtshot250 ($6.63 in chips) 
Seat 4: JEANXITER ($1.25 in chips) 
Seat 5: Dorex2007 ($13.46 in chips) 
Seat 6: Newday1508 ($0.44 in chips) 
Seat 7: kAiba109 ($1.67 in chips) 
Seat 8: ASpiror ($3.32 in chips) 
Seat 9: herkks ($5 in chips) 
herkks: posts small blind $0.02
Jota322322: posts big blind $0.05
*** HOLE CARDS ***
Dealt to Dorex2007 [4d 2h]
Mike Hoshchuk 3: folds 
shtshot250: calls $0.05
JEANXITER: calls $0.05
Dorex2007: folds 
Newday1508: folds 
kAiba109: folds 
ASpiror: folds 
herkks: folds 
Jota322322: checks 
*** FLOP *** [Kh Jh 6s]
Jota322322: checks 
shtshot250: bets $0.16
JEANXITER: calls $0.16
Jota322322: folds 
*** TURN *** [Kh Jh 6s] [7s]
shtshot250: checks 
JEANXITER: checks 
*** RIVER *** [Kh Jh 6s 7s] [Jc]
shtshot250: checks 
JEANXITER: checks 
*** SHOW DOWN ***
shtshot250: shows [Ad Th] (a pair of Jacks)
JEANXITER: shows [9d Kc] (two pair, Kings and Jacks)
JEANXITER collected $0.47 from pot
*** SUMMARY ***
Total pot $0.49 | Rake $0.02 
Board [Kh Jh 6s 7s Jc]
Seat 1: Jota322322 (big blind) folded on the Flop
Seat 2: Mike Hoshchuk 3 folded before Flop (didn't bet)
Seat 3: shtshot250 showed [Ad Th] and lost with a pair of Jacks
Seat 4: JEANXITER showed [9d Kc] and won ($0.47) with two pair, Kings and Jacks
Seat 5: Dorex2007 folded before Flop (didn't bet)
Seat 6: Newday1508 folded before Flop (didn't bet)
Seat 7: kAiba109 folded before Flop (didn't bet)
Seat 8: ASpiror (button) folded before Flop (didn't bet)
Seat 9: herkks (small blind) folded before Flop



PokerStars Hand #238014851950:  Hold'em No Limit ($0.02/$0.05 USD) - 2022/08/15 16:09:20 PT [2022/08/15 19:09:20 ET]
Table 'Bandusia III' 9-max Seat #9 is the button
Seat 1: Jota322322 ($5.78 in chips) 
Seat 2: Mike Hoshchuk 3 ($5.22 in chips) 
Seat 3: shtshot250 ($6.42 in chips) 
Seat 4: JEANXITER ($1.51 in chips) 
Seat 5: Dorex2007 ($13.46 in chips) 
Seat 6: Newday1508 ($0.44 in chips) 
Seat 7: kAiba109 ($1.67 in chips) 
Seat 8: ASpiror ($3.32 in chips) 
Seat 9: herkks ($5 in chips) 
Jota322322: posts small blind $0.02
Mike Hoshchuk 3: posts big blind $0.05
*** HOLE CARDS ***
Dealt to Dorex2007 [Kh 3d]
shtshot250: calls $0.05
JEANXITER: folds 
Dorex2007: folds 
Newday1508: raises $0.39 to $0.44 and is all-in
kAiba109: calls $0.44
ASpiror: calls $0.44
herkks: folds 
Jota322322: folds 
Mike Hoshchuk 3: folds 
shtshot250: calls $0.39
*** FLOP *** [3s Tc 7h]
shtshot250: checks 
kAiba109: checks 
ASpiror: bets $1.75
shtshot250: folds 
kAiba109: folds 
Uncalled bet ($1.75) returned to ASpiror
*** TURN *** [3s Tc 7h] [2d]
*** RIVER *** [3s Tc 7h 2d] [Kc]
*** SHOW DOWN ***
Newday1508: shows [7d 6d] (a pair of Sevens)
ASpiror: shows [As Ts] (a pair of Tens)
ASpiror collected $1.75 from pot
*** SUMMARY ***
Total pot $1.83 | Rake $0.08 
Board [3s Tc 7h 2d Kc]
Seat 1: Jota322322 (small blind) folded before Flop
Seat 2: Mike Hoshchuk 3 (big blind) folded before Flop
Seat 3: shtshot250 folded on the Flop
Seat 4: JEANXITER folded before Flop (didn't bet)
Seat 5: Dorex2007 folded before Flop (didn't bet)
Seat 6: Newday1508 showed [7d 6d] and lost with a pair of Sevens
Seat 7: kAiba109 folded on the Flop
Seat 8: ASpiror showed [As Ts] and won ($1.75) with a pair of Tens
Seat 9: herkks (button) folded before Flop (didn't bet)



PokerStars Hand #238014866651:  Hold'em No Limit ($0.02/$0.05 USD) - 2022/08/15 16:10:12 PT [2022/08/15 19:10:12 ET]
Table 'Bandusia III' 9-max Seat #1 is the button
Seat 1: Jota322322 ($5.76 in chips) 
Seat 2: Mike Hoshchuk 3 ($5.17 in chips) 
Seat 3: shtshot250 ($5.98 in chips) 
Seat 4: JEANXITER ($1.51 in chips) 
Seat 5: Dorex2007 ($13.46 in chips) 
Seat 7: kAiba109 ($1.23 in chips) 
Seat 8: ASpiror ($4.63 in chips) 
Seat 9: herkks ($5 in chips) 
Mike Hoshchuk 3: posts small blind $0.02
shtshot250: posts big blind $0.05
*** HOLE CARDS ***
Dealt to Dorex2007 [Js Ad]
JEANXITER: folds 
Newday1508 is disconnected 
Dorex2007: raises $0.05 to $0.10
kAiba109: folds 
ASpiror: folds 
herkks: folds 
Jota322322: folds 
Mike Hoshchuk 3: folds 
shtshot250: folds 
Uncalled bet ($0.05) returned to Dorex2007
Dorex2007 collected $0.12 from pot
Dorex2007: doesn't show hand 
*** SUMMARY ***
Total pot $0.12 | Rake $0 
Seat 1: Jota322322 (button) folded before Flop (didn't bet)
Seat 2: Mike Hoshchuk 3 (small blind) folded before Flop
Seat 3: shtshot250 (big blind) folded before Flop
Seat 4: JEANXITER folded before Flop (didn't bet)
Seat 5: Dorex2007 collected ($0.12)
Seat 7: kAiba109 folded before Flop (didn't bet)
Seat 8: ASpiror folded before Flop (didn't bet)
Seat 9: herkks folded before Flop (didn't bet)



PokerStars Hand #238014871339:  Hold'em No Limit ($0.02/$0.05 USD) - 2022/08/15 16:10:29 PT [2022/08/15 19:10:29 ET]
Table 'Bandusia III' 9-max Seat #2 is the button
Seat 1: Jota322322 ($5.76 in chips) 
Seat 2: Mike Hoshchuk 3 ($5.15 in chips) 
Seat 3: shtshot250 ($5.93 in chips) 
Seat 4: JEANXITER ($1.51 in chips) 
Seat 5: Dorex2007 ($13.53 in chips) 
Seat 7: kAiba109 ($1.23 in chips) 
Seat 8: ASpiror ($4.63 in chips) 
Seat 9: herkks ($5 in chips) 
shtshot250: posts small blind $0.02
JEANXITER: posts big blind $0.05
*** HOLE CARDS ***
Dealt to Dorex2007 [9h 6c]
Dorex2007: folds 
kAiba109: raises $0.05 to $0.10
ASpiror: folds 
herkks: raises $0.30 to $0.40
Jota322322: folds 
Mike Hoshchuk 3: folds 
shtshot250: calls $0.38
JEANXITER: raises $1.11 to $1.51 and is all-in
kAiba109: folds 
herkks: raises $3.49 to $5 and is all-in
shtshot250: folds 
Uncalled bet ($3.49) returned to herkks
*** FLOP *** [Kd 5c 3d]
*** TURN *** [Kd 5c 3d] [8d]
*** RIVER *** [Kd 5c 3d 8d] [7d]
*** SHOW DOWN ***
JEANXITER: shows [Jh Kc] (a pair of Kings)
herkks: shows [Ac Kh] (a pair of Kings - Ace kicker)
herkks cashed out the hand for $2.50 | Cash Out Fee $0.03
*** SUMMARY ***
Total pot $3.52 | Rake $0.15 
Board [Kd 5c 3d 8d 7d]
Seat 1: Jota322322 folded before Flop (didn't bet)
Seat 2: Mike Hoshchuk 3 (button) folded before Flop (didn't bet)
Seat 3: shtshot250 (small blind) folded before Flop
Seat 4: JEANXITER (big blind) showed [Jh Kc] and lost with a pair of Kings
Seat 5: Dorex2007 folded before Flop (didn't bet)
Seat 7: kAiba109 folded before Flop
Seat 8: ASpiror folded before Flop (didn't bet)
Seat 9: herkks showed [Ac Kh] and won ($3.37) with a pair of Kings (pot not awarded as player cashed out)



PokerStars Hand #238014882704:  Hold'em No Limit ($0.02/$0.05 USD) - 2022/08/15 16:11:09 PT [2022/08/15 19:11:09 ET]
Table 'Bandusia III' 9-max Seat #3 is the button
Seat 1: Jota322322 ($5.76 in chips) 
Seat 2: Mike Hoshchuk 3 ($5.15 in chips) 
Seat 3: shtshot250 ($5.53 in chips) 
Seat 5: Dorex2007 ($13.53 in chips) 
Seat 7: kAiba109 ($1.13 in chips) 
Seat 8: ASpiror ($4.63 in chips) 
Seat 9: herkks ($5.99 in chips) 
Dorex2007: posts small blind $0.02
kAiba109: posts big blind $0.05
*** HOLE CARDS ***
Dealt to Dorex2007 [Qd As]
ASpiror: folds 
herkks: folds 
Jota322322: folds 
Mike Hoshchuk 3: folds 
shtshot250: folds 
JEANXITER leaves the table
eurosmile505 joins the table at seat #4 
Dorex2007: raises $0.10 to $0.15
kAiba109: folds 
Uncalled bet ($0.10) returned to Dorex2007
Dorex2007 collected $0.10 from pot
Dorex2007: doesn't show hand 
*** SUMMARY ***
Total pot $0.10 | Rake $0 
Seat 1: Jota322322 folded before Flop (didn't bet)
Seat 2: Mike Hoshchuk 3 folded before Flop (didn't bet)
Seat 3: shtshot250 (button) folded before Flop (didn't bet)
Seat 5: Dorex2007 (small blind) collected ($0.10)
Seat 7: kAiba109 (big blind) folded before Flop
Seat 8: ASpiror folded before Flop (didn't bet)
Seat 9: herkks folded before Flop (didn't bet)



PokerStars Hand #238014887205:  Hold'em No Limit ($0.02/$0.05 USD) - 2022/08/15 16:11:25 PT [2022/08/15 19:11:25 ET]
Table 'Bandusia III' 9-max Seat #5 is the button
Seat 1: Jota322322 ($5.76 in chips) 
Seat 2: Mike Hoshchuk 3 ($5.15 in chips) 
Seat 3: shtshot250 ($5.53 in chips) 
Seat 5: Dorex2007 ($13.58 in chips) 
Seat 7: kAiba109 ($1.08 in chips) 
Seat 8: ASpiror ($4.63 in chips) 
Seat 9: herkks ($5.99 in chips) 
kAiba109: posts small blind $0.02
ASpiror: posts big blind $0.05
eurosmile505: sits out 
*** HOLE CARDS ***
Dealt to Dorex2007 [3h 5h]
herkks: folds 
Jota322322: folds 
Mike Hoshchuk 3: calls $0.05
shtshot250: calls $0.05
Dorex2007: folds 
kAiba109: calls $0.03
ASpiror: checks 
*** FLOP *** [Ts 5s Qd]
kAiba109: checks 
ASpiror: checks 
Mike Hoshchuk 3: checks 
shtshot250: checks 
*** TURN *** [Ts 5s Qd] [Th]
kAiba109: bets $0.09
ASpiror: folds 
Mike Hoshchuk 3: folds 
shtshot250: folds 
Uncalled bet ($0.09) returned to kAiba109
kAiba109 collected $0.19 from pot
*** SUMMARY ***
Total pot $0.20 | Rake $0.01 
Board [Ts 5s Qd Th]
Seat 1: Jota322322 folded before Flop (didn't bet)
Seat 2: Mike Hoshchuk 3 folded on the Turn
Seat 3: shtshot250 folded on the Turn
Seat 5: Dorex2007 (button) folded before Flop (didn't bet)
Seat 7: kAiba109 (small blind) collected ($0.19)
Seat 8: ASpiror (big blind) folded on the Turn
Seat 9: herkks folded before Flop (didn't bet)



PokerStars Hand #238014897890:  Hold'em No Limit ($0.02/$0.05 USD) - 2022/08/15 16:12:03 PT [2022/08/15 19:12:03 ET]
Table 'Bandusia III' 9-max Seat #7 is the button
Seat 1: Jota322322 ($5.76 in chips) 
Seat 2: Mike Hoshchuk 3 ($5.10 in chips) 
Seat 3: shtshot250 ($5.48 in chips) 
Seat 5: Dorex2007 ($13.58 in chips) 
Seat 7: kAiba109 ($1.22 in chips) 
Seat 8: ASpiror ($4.58 in chips) 
Seat 9: herkks ($5.99 in chips) 
ASpiror: posts small blind $0.02
herkks: posts big blind $0.05
eurosmile505: sits out 
*** HOLE CARDS ***
Dealt to Dorex2007 [2s 3d]
Jota322322 has timed out
Jota322322: folds 
Mike Hoshchuk 3: folds 
shtshot250: calls $0.05
Dorex2007: folds 
kAiba109: folds 
ASpiror: raises $0.15 to $0.20
herkks: folds 
shtshot250: calls $0.15
*** FLOP *** [8d Ad 5h]
ASpiror: checks 
shtshot250: checks 
*** TURN *** [8d Ad 5h] [7d]
ASpiror: checks 
shtshot250: checks 
*** RIVER *** [8d Ad 5h 7d] [Ts]
ASpiror: checks 
shtshot250: checks 
*** SHOW DOWN ***
ASpiror: shows [Kd Kc] (a pair of Kings)
shtshot250: mucks hand 
ASpiror collected $0.43 from pot
*** SUMMARY ***
Total pot $0.45 | Rake $0.02 
Board [8d Ad 5h 7d Ts]
Seat 1: Jota322322 folded before Flop (didn't bet)
Seat 2: Mike Hoshchuk 3 folded before Flop (didn't bet)
Seat 3: shtshot250 mucked [6s 8s]
Seat 5: Dorex2007 folded before Flop (didn't bet)
Seat 7: kAiba109 (button) folded before Flop (didn't bet)
Seat 8: ASpiror (small blind) showed [Kd Kc] and won ($0.43) with a pair of Kings
Seat 9: herkks (big blind) folded before Flop



PokerStars Hand #238014912814:  Hold'em No Limit ($0.02/$0.05 USD) - 2022/08/15 16:12:38 PT [2022/08/15 19:12:38 ET]
Table 'Bandusia III' 9-max Seat #8 is the button
Seat 1: Jota322322 ($5.76 in chips) 
Seat 2: Mike Hoshchuk 3 ($5.10 in chips) 
Seat 3: shtshot250 ($5.28 in chips) 
Seat 5: Dorex2007 ($13.58 in chips) 
Seat 7: kAiba109 ($1.22 in chips) 
Seat 8: ASpiror ($4.81 in chips) 
Seat 9: herkks ($5.94 in chips) 
herkks: posts small blind $0.02
Jota322322: posts big blind $0.05
eurosmile505: sits out 
*** HOLE CARDS ***
Dealt to Dorex2007 [9c 7d]
Mike Hoshchuk 3: calls $0.05
shtshot250: folds 
Dorex2007: folds 
kAiba109: raises $0.10 to $0.15
ASpiror: folds 
herkks: folds 
Jota322322: folds 
Mike Hoshchuk 3: calls $0.10
*** FLOP *** [Th 4s Jd]
Mike Hoshchuk 3: checks 
kAiba109: bets $1.07 and is all-in
Mike Hoshchuk 3: folds 
Uncalled bet ($1.07) returned to kAiba109
kAiba109 collected $0.35 from pot
*** SUMMARY ***
Total pot $0.37 | Rake $0.02 
Board [Th 4s Jd]
Seat 1: Jota322322 (big blind) folded before Flop
Seat 2: Mike Hoshchuk 3 folded on the Flop
Seat 3: shtshot250 folded before Flop (didn't bet)
Seat 5: Dorex2007 folded before Flop (didn't bet)
Seat 7: kAiba109 collected ($0.35)
Seat 8: ASpiror (button) folded before Flop (didn't bet)
Seat 9: herkks (small blind) folded before Flop



PokerStars Hand #238014920872:  Hold'em No Limit ($0.02/$0.05 USD) - 2022/08/15 16:13:08 PT [2022/08/15 19:13:08 ET]
Table 'Bandusia III' 9-max Seat #9 is the button
Seat 1: Jota322322 ($5.71 in chips) 
Seat 2: Mike Hoshchuk 3 ($4.95 in chips) 
Seat 3: shtshot250 ($5.28 in chips) 
Seat 5: Dorex2007 ($13.58 in chips) 
Seat 7: kAiba109 ($1.42 in chips) 
Seat 8: ASpiror ($4.81 in chips) 
Seat 9: herkks ($5.92 in chips) 
Jota322322: posts small blind $0.02
Mike Hoshchuk 3: posts big blind $0.05
eurosmile505: sits out 
*** HOLE CARDS ***
Dealt to Dorex2007 [3h Td]
shtshot250: folds 
Dorex2007: folds 
kAiba109 has timed out
kAiba109: folds 
ASpiror: folds 
herkks: raises $0.06 to $0.11
Jota322322: folds 
Mike Hoshchuk 3: calls $0.06
*** FLOP *** [7d 8c 6s]
Mike Hoshchuk 3: checks 
herkks: bets $0.08
Mike Hoshchuk 3: calls $0.08
*** TURN *** [7d 8c 6s] [As]
Mike Hoshchuk 3: checks 
herkks: bets $0.19
Mike Hoshchuk 3: folds 
Uncalled bet ($0.19) returned to herkks
herkks collected $0.38 from pot
*** SUMMARY ***
Total pot $0.40 | Rake $0.02 
Board [7d 8c 6s As]
Seat 1: Jota322322 (small blind) folded before Flop
Seat 2: Mike Hoshchuk 3 (big blind) folded on the Turn
Seat 3: shtshot250 folded before Flop (didn't bet)
Seat 5: Dorex2007 folded before Flop (didn't bet)
Seat 7: kAiba109 folded before Flop (didn't bet)
Seat 8: ASpiror folded before Flop (didn't bet)
Seat 9: herkks (button) collected ($0.38)



PokerStars Hand #238014937435:  Hold'em No Limit ($0.02/$0.05 USD) - 2022/08/15 16:14:07 PT [2022/08/15 19:14:07 ET]
Table 'Bandusia III' 9-max Seat #1 is the button
Seat 1: Jota322322 ($5.69 in chips) 
Seat 2: Mike Hoshchuk 3 ($4.76 in chips) 
Seat 3: shtshot250 ($5.28 in chips) 
Seat 5: Dorex2007 ($13.58 in chips) 
Seat 7: kAiba109 ($1.42 in chips) 
Seat 8: ASpiror ($4.81 in chips) 
Seat 9: herkks ($6.11 in chips) 
Mike Hoshchuk 3: posts small blind $0.02
shtshot250: posts big blind $0.05
eurosmile505: sits out 
*** HOLE CARDS ***
Dealt to Dorex2007 [Ts 4h]
Dorex2007: folds 
kAiba109: folds 
ASpiror: folds 
herkks: raises $0.08 to $0.13
Jota322322: folds 
Mike Hoshchuk 3: calls $0.11
shtshot250: folds 
*** FLOP *** [Jd 2d 6c]
Mike Hoshchuk 3: checks 
herkks: bets $0.10
Mike Hoshchuk 3: raises $0.10 to $0.20
herkks: calls $0.10
*** TURN *** [Jd 2d 6c] [7d]
Mike Hoshchuk 3: bets $0.15
herkks: calls $0.15
*** RIVER *** [Jd 2d 6c 7d] [Kd]
Mike Hoshchuk 3: bets $0.33
herkks: calls $0.33
*** SHOW DOWN ***
Mike Hoshchuk 3: shows [Qd Ac] (a flush, King high)
herkks: mucks hand 
Mike Hoshchuk 3 collected $1.60 from pot
*** SUMMARY ***
Total pot $1.67 | Rake $0.07 
Board [Jd 2d 6c 7d Kd]
Seat 1: Jota322322 (button) folded before Flop (didn't bet)
Seat 2: Mike Hoshchuk 3 (small blind) showed [Qd Ac] and won ($1.60) with a flush, King high
Seat 3: shtshot250 (big blind) folded before Flop
Seat 5: Dorex2007 folded before Flop (didn't bet)
Seat 7: kAiba109 folded before Flop (didn't bet)
Seat 8: ASpiror folded before Flop (didn't bet)
Seat 9: herkks mucked [Jh Js]



PokerStars Hand #238014964322:  Hold'em No Limit ($0.02/$0.05 USD) - 2022/08/15 16:15:17 PT [2022/08/15 19:15:17 ET]
Table 'Bandusia III' 9-max Seat #2 is the button
Seat 1: Jota322322 ($5.69 in chips) 
Seat 2: Mike Hoshchuk 3 ($5.55 in chips) 
Seat 3: shtshot250 ($5.23 in chips) 
Seat 4: eurosmile505 ($5 in chips) 
Seat 5: Dorex2007 ($13.58 in chips) 
Seat 7: kAiba109 ($1.42 in chips) 
Seat 8: ASpiror ($4.81 in chips) 
Seat 9: herkks ($5.30 in chips) 
shtshot250: posts small blind $0.02
eurosmile505: posts big blind $0.05
*** HOLE CARDS ***
Dealt to Dorex2007 [9d Qd]
Dorex2007: folds 
kAiba109: folds 
ASpiror: folds 
herkks: folds 
Jota322322: folds 
Mike Hoshchuk 3: folds 
shtshot250: folds 
Uncalled bet ($0.03) returned to eurosmile505
eurosmile505 collected $0.04 from pot
eurosmile505: doesn't show hand 
*** SUMMARY ***
Total pot $0.04 | Rake $0 
Seat 1: Jota322322 folded before Flop (didn't bet)
Seat 2: Mike Hoshchuk 3 (button) folded before Flop (didn't bet)
Seat 3: shtshot250 (small blind) folded before Flop
Seat 4: eurosmile505 (big blind) collected ($0.04)
Seat 5: Dorex2007 folded before Flop (didn't bet)
Seat 7: kAiba109 folded before Flop (didn't bet)
Seat 8: ASpiror folded before Flop (didn't bet)
Seat 9: herkks folded before Flop (didn't bet)



PokerStars Hand #238014970251:  Hold'em No Limit ($0.02/$0.05 USD) - 2022/08/15 16:15:38 PT [2022/08/15 19:15:38 ET]
Table 'Bandusia III' 9-max Seat #3 is the button
Seat 1: Jota322322 ($5.69 in chips) 
Seat 2: Mike Hoshchuk 3 ($5.55 in chips) 
Seat 3: shtshot250 ($5.21 in chips) 
Seat 4: eurosmile505 ($5.02 in chips) 
Seat 5: Dorex2007 ($13.58 in chips) 
Seat 7: kAiba109 ($1.42 in chips) 
Seat 8: ASpiror ($4.81 in chips) 
Seat 9: herkks ($5.30 in chips) 
eurosmile505: posts small blind $0.02
Dorex2007: posts big blind $0.05
*** HOLE CARDS ***
Dealt to Dorex2007 [Qd 6s]
kAiba109: folds 
ASpiror has timed out
ASpiror: folds 
herkks: folds 
Jota322322: folds 
Mike Hoshchuk 3: calls $0.05
shtshot250: folds 
eurosmile505: folds 
Dorex2007: checks 
*** FLOP *** [9d Qc Tc]
Dorex2007: bets $0.12
Mike Hoshchuk 3: raises $0.12 to $0.24
Dorex2007: calls $0.12
*** TURN *** [9d Qc Tc] [7h]
Dorex2007: bets $0.39
Mike Hoshchuk 3: raises $0.39 to $0.78
Dorex2007: calls $0.39
*** RIVER *** [9d Qc Tc 7h] [Ad]
Dorex2007: bets $1.38
Mike Hoshchuk 3: calls $1.38
*** SHOW DOWN ***
Dorex2007: shows [Qd 6s] (a pair of Queens)
Mike Hoshchuk 3: shows [Qs 9s] (two pair, Queens and Nines)
Mike Hoshchuk 3 collected $4.72 from pot
*** SUMMARY ***
Total pot $4.92 | Rake $0.20 
Board [9d Qc Tc 7h Ad]
Seat 1: Jota322322 folded before Flop (didn't bet)
Seat 2: Mike Hoshchuk 3 showed [Qs 9s] and won ($4.72) with two pair, Queens and Nines
Seat 3: shtshot250 (button) folded before Flop (didn't bet)
Seat 4: eurosmile505 (small blind) folded before Flop
Seat 5: Dorex2007 (big blind) showed [Qd 6s] and lost with a pair of Queens
Seat 7: kAiba109 folded before Flop (didn't bet)
Seat 8: ASpiror folded before Flop (didn't bet)
Seat 9: herkks folded before Flop (didn't bet)



PokerStars Hand #238014986013:  Hold'em No Limit ($0.02/$0.05 USD) - 2022/08/15 16:16:35 PT [2022/08/15 19:16:35 ET]
Table 'Bandusia III' 9-max Seat #4 is the button
Seat 1: Jota322322 ($5.69 in chips) 
Seat 2: Mike Hoshchuk 3 ($7.82 in chips) 
Seat 3: shtshot250 ($5.21 in chips) 
Seat 4: eurosmile505 ($5 in chips) 
Seat 5: Dorex2007 ($11.13 in chips) 
Seat 7: kAiba109 ($1.42 in chips) 
Seat 8: ASpiror ($4.81 in chips) 
Seat 9: herkks ($5.30 in chips) 
Dorex2007: posts small blind $0.02
kAiba109: posts big blind $0.05
*** HOLE CARDS ***
Dealt to Dorex2007 [6s 9c]
ASpiror: folds 
herkks: raises $0.09 to $0.14
Jota322322: folds 
Mike Hoshchuk 3: folds 
shtshot250: calls $0.14
eurosmile505: folds 
Dorex2007: folds 
kAiba109: raises $0.14 to $0.28
herkks: calls $0.14
shtshot250: calls $0.14
*** FLOP *** [2s 3c Jh]
kAiba109: bets $1.14 and is all-in
herkks: folds 
shtshot250: folds 
Uncalled bet ($1.14) returned to kAiba109
kAiba109 collected $0.82 from pot
*** SUMMARY ***
Total pot $0.86 | Rake $0.04 
Board [2s 3c Jh]
Seat 1: Jota322322 folded before Flop (didn't bet)
Seat 2: Mike Hoshchuk 3 folded before Flop (didn't bet)
Seat 3: shtshot250 folded on the Flop
Seat 4: eurosmile505 (button) folded before Flop (didn't bet)
Seat 5: Dorex2007 (small blind) folded before Flop
Seat 7: kAiba109 (big blind) collected ($0.82)
Seat 8: ASpiror folded before Flop (didn't bet)
Seat 9: herkks folded on the Flop



PokerStars Hand #238014997823:  Hold'em No Limit ($0.02/$0.05 USD) - 2022/08/15 16:17:17 PT [2022/08/15 19:17:17 ET]
Table 'Bandusia III' 9-max Seat #5 is the button
Seat 1: Jota322322 ($5.69 in chips) 
Seat 2: Mike Hoshchuk 3 ($7.82 in chips) 
Seat 3: shtshot250 ($4.93 in chips) 
Seat 4: eurosmile505 ($5 in chips) 
Seat 5: Dorex2007 ($11.11 in chips) 
Seat 7: kAiba109 ($1.96 in chips) 
Seat 8: ASpiror ($4.81 in chips) 
Seat 9: herkks ($5.02 in chips) 
kAiba109: posts small blind $0.02
ASpiror: posts big blind $0.05
*** HOLE CARDS ***
Dealt to Dorex2007 [8h Td]
herkks: folds 
Jota322322: folds 
Mike Hoshchuk 3: folds 
shtshot250: raises $0.15 to $0.20
eurosmile505: folds 
Dorex2007: folds 
kAiba109: folds 
ASpiror: folds 
Uncalled bet ($0.15) returned to shtshot250
shtshot250 collected $0.12 from pot
shtshot250: doesn't show hand 
*** SUMMARY ***
Total pot $0.12 | Rake $0 
Seat 1: Jota322322 folded before Flop (didn't bet)
Seat 2: Mike Hoshchuk 3 folded before Flop (didn't bet)
Seat 3: shtshot250 collected ($0.12)
Seat 4: eurosmile505 folded before Flop (didn't bet)
Seat 5: Dorex2007 (button) folded before Flop (didn't bet)
Seat 7: kAiba109 (small blind) folded before Flop
Seat 8: ASpiror (big blind) folded before Flop
Seat 9: herkks folded before Flop (didn't bet)



PokerStars Hand #238015008253:  Hold'em No Limit ($0.02/$0.05 USD) - 2022/08/15 16:17:55 PT [2022/08/15 19:17:55 ET]
Table 'Bandusia III' 9-max Seat #7 is the button
Seat 1: Jota322322 ($5.69 in chips) 
Seat 2: Mike Hoshchuk 3 ($7.82 in chips) 
Seat 3: shtshot250 ($5 in chips) 
Seat 4: eurosmile505 ($5 in chips) 
Seat 5: Dorex2007 ($11.11 in chips) 
Seat 7: kAiba109 ($1.94 in chips) 
Seat 8: ASpiror ($4.76 in chips) 
Seat 9: herkks ($5.02 in chips) 
ASpiror: posts small blind $0.02
herkks: posts big blind $0.05
*** HOLE CARDS ***
Dealt to Dorex2007 [3c Qc]
Jota322322: raises $0.05 to $0.10
Mike Hoshchuk 3: calls $0.10
shtshot250: folds 
eurosmile505: raises $0.46 to $0.56
Dorex2007: folds 
kAiba109: folds 
ASpiror: folds 
herkks: folds 
Jota322322: folds 
Mike Hoshchuk 3: folds 
Uncalled bet ($0.46) returned to eurosmile505
eurosmile505 collected $0.37 from pot
eurosmile505: doesn't show hand 
*** SUMMARY ***
Total pot $0.37 | Rake $0 
Seat 1: Jota322322 folded before Flop
Seat 2: Mike Hoshchuk 3 folded before Flop
Seat 3: shtshot250 folded before Flop (didn't bet)
Seat 4: eurosmile505 collected ($0.37)
Seat 5: Dorex2007 folded before Flop (didn't bet)
Seat 7: kAiba109 (button) folded before Flop (didn't bet)
Seat 8: ASpiror (small blind) folded before Flop
Seat 9: herkks (big blind) folded before Flop



PokerStars Hand #238015017684:  Hold'em No Limit ($0.02/$0.05 USD) - 2022/08/15 16:18:29 PT [2022/08/15 19:18:29 ET]
Table 'Bandusia III' 9-max Seat #8 is the button
Seat 2: Mike Hoshchuk 3 ($7.72 in chips) 
Seat 3: shtshot250 ($5 in chips) 
Seat 4: eurosmile505 ($5.27 in chips) 
Seat 5: Dorex2007 ($11.11 in chips) 
Seat 7: kAiba109 ($1.94 in chips) 
Seat 8: ASpiror ($4.74 in chips) 
Seat 9: herkks ($5 in chips) 
herkks: posts small blind $0.02
Jota322322: is sitting out 
Mike Hoshchuk 3: posts big blind $0.05
*** HOLE CARDS ***
Dealt to Dorex2007 [4d 3d]
Jota322322 leaves the table
shtshot250: calls $0.05
eurosmile505: folds 
Dorex2007: folds 
kAiba109: folds 
ASpiror: raises $0.05 to $0.10
herkks: calls $0.08
Mike Hoshchuk 3: calls $0.05
shtshot250: calls $0.05
*** FLOP *** [7h 8s 9s]
herkks: checks 
Traebonnar joins the table at seat #1 
Mike Hoshchuk 3: bets $0.10
Traebonnar leaves the table
shtshot250: raises $0.30 to $0.40
ASpiror: folds 
herkks: folds 
Mike Hoshchuk 3: calls $0.30
*** TURN *** [7h 8s 9s] [7s]
Mike Hoshchuk 3: checks 
shtshot250: checks 
*** RIVER *** [7h 8s 9s 7s] [2c]
Mike Hoshchuk 3: checks 
shtshot250: bets $0.70
Mike Hoshchuk 3: calls $0.70
*** SHOW DOWN ***
shtshot250: shows [Th Kc] (a pair of Sevens)
Mike Hoshchuk 3: shows [Ts 9c] (two pair, Nines and Sevens)
Mike Hoshchuk 3 collected $2.49 from pot
*** SUMMARY ***
Total pot $2.60 | Rake $0.11 
Board [7h 8s 9s 7s 2c]
Seat 2: Mike Hoshchuk 3 (big blind) showed [Ts 9c] and won ($2.49) with two pair, Nines and Sevens
Seat 3: shtshot250 showed [Th Kc] and lost with a pair of Sevens
Seat 4: eurosmile505 folded before Flop (didn't bet)
Seat 5: Dorex2007 folded before Flop (didn't bet)
Seat 7: kAiba109 folded before Flop (didn't bet)
Seat 8: ASpiror (button) folded on the Flop
Seat 9: herkks (small blind) folded on the Flop



PokerStars Hand #238015043018:  Hold'em No Limit ($0.02/$0.05 USD) - 2022/08/15 16:20:00 PT [2022/08/15 19:20:00 ET]
Table 'Bandusia III' 9-max Seat #9 is the button
Seat 2: Mike Hoshchuk 3 ($9.01 in chips) 
Seat 4: eurosmile505 ($5.27 in chips) 
Seat 5: Dorex2007 ($11.11 in chips) 
Seat 7: kAiba109 ($1.94 in chips) 
Seat 8: ASpiror ($4.64 in chips) 
Seat 9: herkks ($5 in chips) 
Mike Hoshchuk 3: posts small blind $0.02
shtshot250: is sitting out 
eurosmile505: posts big blind $0.05
*** HOLE CARDS ***
Dealt to Dorex2007 [2d Qc]
shtshot250 leaves the table
Dorex2007: folds 
kAiba109: folds 
ASpiror: folds 
herkks: raises $0.06 to $0.11
Mike Hoshchuk 3: folds 
Newday1508 leaves the table
eurosmile505: folds 
Uncalled bet ($0.06) returned to herkks
herkks collected $0.12 from pot
*** SUMMARY ***
Total pot $0.12 | Rake $0 
Seat 2: Mike Hoshchuk 3 (small blind) folded before Flop
Seat 4: eurosmile505 (big blind) folded before Flop
Seat 5: Dorex2007 folded before Flop (didn't bet)
Seat 7: kAiba109 folded before Flop (didn't bet)
Seat 8: ASpiror folded before Flop (didn't bet)
Seat 9: herkks (button) collected ($0.12)



PokerStars Hand #238015048485:  Hold'em No Limit ($0.02/$0.05 USD) - 2022/08/15 16:20:20 PT [2022/08/15 19:20:20 ET]
Table 'Bandusia III' 9-max Seat #2 is the button
Seat 2: Mike Hoshchuk 3 ($8.99 in chips) 
Seat 4: eurosmile505 ($5.22 in chips) 
Seat 5: Dorex2007 ($11.11 in chips) 
Seat 7: kAiba109 ($1.94 in chips) 
Seat 8: ASpiror ($4.64 in chips) 
Seat 9: herkks ($5.07 in chips) 
eurosmile505: posts small blind $0.02
Dorex2007: posts big blind $0.05
*** HOLE CARDS ***
Dealt to Dorex2007 [Td Qd]
kAiba109: folds 
ASpiror: folds 
herkks: folds 
Mike Hoshchuk 3: folds 
eurosmile505: folds 
Uncalled bet ($0.03) returned to Dorex2007
Dorex2007 collected $0.04 from pot
Dorex2007: doesn't show hand 
*** SUMMARY ***
Total pot $0.04 | Rake $0 
Seat 2: Mike Hoshchuk 3 (button) folded before Flop (didn't bet)
Seat 4: eurosmile505 (small blind) folded before Flop
Seat 5: Dorex2007 (big blind) collected ($0.04)
Seat 7: kAiba109 folded before Flop (didn't bet)
Seat 8: ASpiror folded before Flop (didn't bet)
Seat 9: herkks folded before Flop (didn't bet)



PokerStars Hand #238015052746:  Hold'em No Limit ($0.02/$0.05 USD) - 2022/08/15 16:20:36 PT [2022/08/15 19:20:36 ET]
Table 'Bandusia III' 9-max Seat #4 is the button
Seat 2: Mike Hoshchuk 3 ($8.99 in chips) 
Seat 4: eurosmile505 ($5.20 in chips) 
Seat 5: Dorex2007 ($11.13 in chips) 
Seat 7: kAiba109 ($1.94 in chips) 
Seat 8: ASpiror ($4.64 in chips) 
Seat 9: herkks ($5.07 in chips) 
Dorex2007: posts small blind $0.02
kAiba109: posts big blind $0.05
*** HOLE CARDS ***
Dealt to Dorex2007 [8s 4d]
ASpiror: folds 
herkks: folds 
Mike Hoshchuk 3: folds 
eurosmile505: folds 
Dorex2007: folds 
Uncalled bet ($0.03) returned to kAiba109
kAiba109 collected $0.04 from pot
*** SUMMARY ***
Total pot $0.04 | Rake $0 
Seat 2: Mike Hoshchuk 3 folded before Flop (didn't bet)
Seat 4: eurosmile505 (button) folded before Flop (didn't bet)
Seat 5: Dorex2007 (small blind) folded before Flop
Seat 7: kAiba109 (big blind) collected ($0.04)
Seat 8: ASpiror folded before Flop (didn't bet)
Seat 9: herkks folded before Flop (didn't bet)



PokerStars Hand #238015055952:  Hold'em No Limit ($0.02/$0.05 USD) - 2022/08/15 16:20:48 PT [2022/08/15 19:20:48 ET]
Table 'Bandusia III' 9-max Seat #5 is the button
Seat 2: Mike Hoshchuk 3 ($8.99 in chips) 
Seat 4: eurosmile505 ($5.20 in chips) 
Seat 5: Dorex2007 ($11.11 in chips) 
Seat 7: kAiba109 ($1.96 in chips) 
Seat 8: ASpiror ($4.64 in chips) 
Seat 9: herkks ($5.07 in chips) 
kAiba109: posts small blind $0.02
ASpiror: posts big blind $0.05
*** HOLE CARDS ***
Dealt to Dorex2007 [2s 4s]
herkks: folds 
Mike Hoshchuk 3: raises $0.05 to $0.10
Toca_840 joins the table at seat #1 
eurosmile505: folds 
Dorex2007 has timed out
Dorex2007: folds 
kAiba109: folds 
ASpiror: calls $0.05
*** FLOP *** [Qc 5s 7h]
ASpiror: bets $0.10
Mike Hoshchuk 3: raises $0.10 to $0.20
ASpiror: calls $0.10
*** TURN *** [Qc 5s 7h] [8d]
ASpiror: checks 
Mike Hoshchuk 3: bets $0.59
ASpiror: folds 
Uncalled bet ($0.59) returned to Mike Hoshchuk 3
Mike Hoshchuk 3 collected $0.59 from pot
*** SUMMARY ***
Total pot $0.62 | Rake $0.03 
Board [Qc 5s 7h 8d]
Seat 2: Mike Hoshchuk 3 collected ($0.59)
Seat 4: eurosmile505 folded before Flop (didn't bet)
Seat 5: Dorex2007 (button) folded before Flop (didn't bet)
Seat 7: kAiba109 (small blind) folded before Flop
Seat 8: ASpiror (big blind) folded on the Turn
Seat 9: herkks folded before Flop (didn't bet)



