PokerStars Hand #239001501553:  Hold'em No Limit ($0.02/$0.05 USD) - 2022/10/02 16:50:57 PT [2022/10/02 19:50:57 ET]
Table 'Ceplecha' 9-max Seat #1 is the button
Seat 1: turco1152 ($1.74 in chips) 
Seat 2: M@verick21 ($4.59 in chips) 
Seat 3: Dorex2007 ($5 in chips) 
Seat 4: sammylb91 ($4.93 in chips) 
Seat 5: FreeMan31889 ($3.39 in chips) 
Seat 7: abobora71 ($3.73 in chips) 
Seat 8: GuciuJoker ($4.13 in chips) 
Seat 9: tutanpoker ($4.15 in chips) 
M@verick21: posts small blind $0.02
Dorex2007: posts big blind $0.05
*** HOLE CARDS ***
Dealt to Dorex2007 [7c Qc]
sammylb91: raises $0.10 to $0.15
FreeMan31889: folds 
abobora71: folds 
GuciuJoker: calls $0.15
tutanpoker: folds 
turco1152: calls $0.15
M@verick21: calls $0.13
Dorex2007: calls $0.10
*** FLOP *** [Qd 5c 5h]
M@verick21: checks 
Dorex2007: bets $0.36
sammylb91: folds 
GuciuJoker: folds 
turco1152: folds 
M@verick21: folds 
Uncalled bet ($0.36) returned to Dorex2007
Dorex2007 collected $0.72 from pot
Dorex2007: doesn't show hand 
*** SUMMARY ***
Total pot $0.75 | Rake $0.03 
Board [Qd 5c 5h]
Seat 1: turco1152 (button) folded on the Flop
Seat 2: M@verick21 (small blind) folded on the Flop
Seat 3: Dorex2007 (big blind) collected ($0.72)
Seat 4: sammylb91 folded on the Flop
Seat 5: FreeMan31889 folded before Flop (didn't bet)
Seat 7: abobora71 folded before Flop (didn't bet)
Seat 8: GuciuJoker folded on the Flop
Seat 9: tutanpoker folded before Flop (didn't bet)



PokerStars Hand #239001516737:  Hold'em No Limit ($0.02/$0.05 USD) - 2022/10/02 16:52:07 PT [2022/10/02 19:52:07 ET]
Table 'Ceplecha' 9-max Seat #2 is the button
Seat 1: turco1152 ($1.59 in chips) 
Seat 2: M@verick21 ($4.44 in chips) 
Seat 3: Dorex2007 ($5.57 in chips) 
Seat 4: sammylb91 ($4.78 in chips) 
Seat 5: FreeMan31889 ($3.39 in chips) 
Seat 7: abobora71 ($3.73 in chips) 
Seat 8: GuciuJoker ($3.98 in chips) 
Seat 9: tutanpoker ($4.15 in chips) 
Dorex2007: posts small blind $0.02
sammylb91: posts big blind $0.05
*** HOLE CARDS ***
Dealt to Dorex2007 [7d 5c]
FreeMan31889: folds 
abobora71: folds 
GuciuJoker: folds 
tutanpoker: folds 
turco1152: folds 
M@verick21: folds 
Dorex2007: folds 
Uncalled bet ($0.03) returned to sammylb91
sammylb91 collected $0.04 from pot
sammylb91: doesn't show hand 
*** SUMMARY ***
Total pot $0.04 | Rake $0 
Seat 1: turco1152 folded before Flop (didn't bet)
Seat 2: M@verick21 (button) folded before Flop (didn't bet)
Seat 3: Dorex2007 (small blind) folded before Flop
Seat 4: sammylb91 (big blind) collected ($0.04)
Seat 5: FreeMan31889 folded before Flop (didn't bet)
Seat 7: abobora71 folded before Flop (didn't bet)
Seat 8: GuciuJoker folded before Flop (didn't bet)
Seat 9: tutanpoker folded before Flop (didn't bet)



PokerStars Hand #239001520026:  Hold'em No Limit ($0.02/$0.05 USD) - 2022/10/02 16:52:22 PT [2022/10/02 19:52:22 ET]
Table 'Ceplecha' 9-max Seat #3 is the button
Seat 1: turco1152 ($1.59 in chips) 
Seat 2: M@verick21 ($4.44 in chips) 
Seat 3: Dorex2007 ($5.55 in chips) 
Seat 4: sammylb91 ($4.80 in chips) 
Seat 5: FreeMan31889 ($3.39 in chips) 
Seat 7: abobora71 ($3.73 in chips) 
Seat 8: GuciuJoker ($3.98 in chips) 
Seat 9: tutanpoker ($4.15 in chips) 
sammylb91: posts small blind $0.02
FreeMan31889: posts big blind $0.05
*** HOLE CARDS ***
Dealt to Dorex2007 [Kh 4h]
abobora71: folds 
GuciuJoker: folds 
tutanpoker: raises $0.10 to $0.15
turco1152: folds 
M@verick21: folds 
Dorex2007: folds 
sammylb91: calls $0.13
FreeMan31889: folds 
*** FLOP *** [Ad Td 3h]
sammylb91: checks 
tutanpoker: checks 
*** TURN *** [Ad Td 3h] [Qs]
sammylb91: checks 
tutanpoker: checks 
*** RIVER *** [Ad Td 3h Qs] [9s]
sammylb91: bets $0.20
tutanpoker: folds 
Uncalled bet ($0.20) returned to sammylb91
sammylb91 collected $0.34 from pot
sammylb91: doesn't show hand 
*** SUMMARY ***
Total pot $0.35 | Rake $0.01 
Board [Ad Td 3h Qs 9s]
Seat 1: turco1152 folded before Flop (didn't bet)
Seat 2: M@verick21 folded before Flop (didn't bet)
Seat 3: Dorex2007 (button) folded before Flop (didn't bet)
Seat 4: sammylb91 (small blind) collected ($0.34)
Seat 5: FreeMan31889 (big blind) folded before Flop
Seat 7: abobora71 folded before Flop (didn't bet)
Seat 8: GuciuJoker folded before Flop (didn't bet)
Seat 9: tutanpoker folded on the River



PokerStars Hand #239001533721:  Hold'em No Limit ($0.02/$0.05 USD) - 2022/10/02 16:53:25 PT [2022/10/02 19:53:25 ET]
Table 'Ceplecha' 9-max Seat #4 is the button
Seat 1: turco1152 ($1.59 in chips) 
Seat 2: M@verick21 ($4.44 in chips) 
Seat 3: Dorex2007 ($5.55 in chips) 
Seat 4: sammylb91 ($4.99 in chips) 
Seat 5: FreeMan31889 ($3.34 in chips) 
Seat 7: abobora71 ($3.73 in chips) 
Seat 8: GuciuJoker ($3.98 in chips) 
Seat 9: tutanpoker ($4 in chips) 
FreeMan31889: posts small blind $0.02
abobora71: posts big blind $0.05
*** HOLE CARDS ***
Dealt to Dorex2007 [2h 9h]
GuciuJoker: folds 
tutanpoker: raises $0.10 to $0.15
turco1152: folds 
M@verick21: calls $0.15
Dorex2007: folds 
sammylb91: raises $0.35 to $0.50
FreeMan31889: folds 
abobora71: folds 
tutanpoker: folds 
M@verick21: calls $0.35
*** FLOP *** [9c 6s 8s]
M@verick21: checks 
sammylb91: bets $0.90
M@verick21: calls $0.90
*** TURN *** [9c 6s 8s] [Qc]
M@verick21: checks 
sammylb91: bets $3.59 and is all-in
M@verick21: calls $3.04 and is all-in
Uncalled bet ($0.55) returned to sammylb91
*** RIVER *** [9c 6s 8s Qc] [4d]
*** SHOW DOWN ***
M@verick21: shows [Qh Qs] (three of a kind, Queens)
sammylb91: shows [Ad Qd] (a pair of Queens)
M@verick21 collected $8.72 from pot
*** SUMMARY ***
Total pot $9.10 | Rake $0.38 
Board [9c 6s 8s Qc 4d]
Seat 1: turco1152 folded before Flop (didn't bet)
Seat 2: M@verick21 showed [Qh Qs] and won ($8.72) with three of a kind, Queens
Seat 3: Dorex2007 folded before Flop (didn't bet)
Seat 4: sammylb91 (button) showed [Ad Qd] and lost with a pair of Queens
Seat 5: FreeMan31889 (small blind) folded before Flop
Seat 7: abobora71 (big blind) folded before Flop
Seat 8: GuciuJoker folded before Flop (didn't bet)
Seat 9: tutanpoker folded before Flop



PokerStars Hand #239001548771:  Hold'em No Limit ($0.02/$0.05 USD) - 2022/10/02 16:54:36 PT [2022/10/02 19:54:36 ET]
Table 'Ceplecha' 9-max Seat #5 is the button
Seat 1: turco1152 ($1.59 in chips) 
Seat 2: M@verick21 ($8.72 in chips) 
Seat 3: Dorex2007 ($5.55 in chips) 
Seat 4: sammylb91 ($0.55 in chips) 
Seat 5: FreeMan31889 ($3.32 in chips) 
Seat 7: abobora71 ($3.68 in chips) 
Seat 8: GuciuJoker ($3.98 in chips) 
Seat 9: tutanpoker ($3.85 in chips) 
abobora71: posts small blind $0.02
GuciuJoker: posts big blind $0.05
*** HOLE CARDS ***
Dealt to Dorex2007 [Ad 2h]
tutanpoker: folds 
turco1152: folds 
M@verick21: folds 
Dorex2007: folds 
sammylb91: folds 
FreeMan31889: raises $0.05 to $0.10
abobora71: calls $0.08
GuciuJoker: folds 
*** FLOP *** [8d 8s 6s]
abobora71: checks 
FreeMan31889: checks 
*** TURN *** [8d 8s 6s] [6h]
abobora71: checks 
FreeMan31889: checks 
*** RIVER *** [8d 8s 6s 6h] [Js]
abobora71: checks 
FreeMan31889: bets $0.12
abobora71: folds 
Uncalled bet ($0.12) returned to FreeMan31889
FreeMan31889 collected $0.24 from pot
FreeMan31889: doesn't show hand 
*** SUMMARY ***
Total pot $0.25 | Rake $0.01 
Board [8d 8s 6s 6h Js]
Seat 1: turco1152 folded before Flop (didn't bet)
Seat 2: M@verick21 folded before Flop (didn't bet)
Seat 3: Dorex2007 folded before Flop (didn't bet)
Seat 4: sammylb91 folded before Flop (didn't bet)
Seat 5: FreeMan31889 (button) collected ($0.24)
Seat 7: abobora71 (small blind) folded on the River
Seat 8: GuciuJoker (big blind) folded before Flop
Seat 9: tutanpoker folded before Flop (didn't bet)



PokerStars Hand #239001591886:  Hold'em No Limit ($0.02/$0.05 USD) - 2022/10/02 16:58:42 PT [2022/10/02 19:58:42 ET]
Table 'Ceplecha' 9-max Seat #4 is the button
Seat 1: turco1152 ($1.52 in chips) 
Seat 2: M@verick21 ($9.22 in chips) 
Seat 3: Dorex2007 ($5.55 in chips) 
Seat 4: sammylb91 ($2.91 in chips) 
Seat 7: abobora71 ($3.62 in chips) 
Seat 8: GuciuJoker ($3.76 in chips) 
Seat 9: tutanpoker ($3.65 in chips) 
abobora71: posts small blind $0.02
GuciuJoker: posts big blind $0.05
Dorex2007: posts small & big blinds $0.07
*** HOLE CARDS ***
Dealt to Dorex2007 [Kd Qc]
tutanpoker: folds 
turco1152: folds 
M@verick21: folds 
Dorex2007: checks 
sammylb91 has timed out
sammylb91: folds 
abobora71: folds 
GuciuJoker: checks 
*** FLOP *** [3s 6c 6h]
GuciuJoker: checks 
Dorex2007: checks 
*** TURN *** [3s 6c 6h] [8s]
GuciuJoker: checks 
Dorex2007: checks 
*** RIVER *** [3s 6c 6h 8s] [3h]
GuciuJoker: checks 
Dorex2007: checks 
*** SHOW DOWN ***
GuciuJoker: shows [Th 7h] (two pair, Sixes and Threes)
Dorex2007: shows [Kd Qc] (two pair, Sixes and Threes - King kicker)
Dorex2007 collected $0.13 from pot
*** SUMMARY ***
Total pot $0.14 | Rake $0.01 
Board [3s 6c 6h 8s 3h]
Seat 1: turco1152 folded before Flop (didn't bet)
Seat 2: M@verick21 folded before Flop (didn't bet)
Seat 3: Dorex2007 showed [Kd Qc] and won ($0.13) with two pair, Sixes and Threes
Seat 4: sammylb91 (button) folded before Flop (didn't bet)
Seat 7: abobora71 (small blind) folded before Flop
Seat 8: GuciuJoker (big blind) showed [Th 7h] and lost with two pair, Sixes and Threes
Seat 9: tutanpoker folded before Flop (didn't bet)



PokerStars Hand #239001602164:  Hold'em No Limit ($0.02/$0.05 USD) - 2022/10/02 16:59:43 PT [2022/10/02 19:59:43 ET]
Table 'Ceplecha' 9-max Seat #7 is the button
Seat 1: turco1152 ($1.52 in chips) 
Seat 2: M@verick21 ($9.22 in chips) 
Seat 3: Dorex2007 ($5.61 in chips) 
Seat 4: sammylb91 ($2.91 in chips) 
Seat 7: abobora71 ($3.60 in chips) 
Seat 8: GuciuJoker ($3.71 in chips) 
Seat 9: tutanpoker ($3.65 in chips) 
GuciuJoker: posts small blind $0.02
tutanpoker: posts big blind $0.05
Ronnie4418: sits out 
*** HOLE CARDS ***
Dealt to Dorex2007 [8s Qc]
turco1152: raises $0.10 to $0.15
M@verick21: calls $0.15
Dorex2007: folds 
sammylb91: folds 
abobora71: calls $0.15
GuciuJoker: folds 
tutanpoker: calls $0.10
*** FLOP *** [Qd 9c 4h]
tutanpoker: checks 
turco1152: checks 
M@verick21: checks 
abobora71: checks 
*** TURN *** [Qd 9c 4h] [4c]
tutanpoker: bets $0.30
turco1152: folds 
M@verick21: folds 
abobora71: folds 
Uncalled bet ($0.30) returned to tutanpoker
tutanpoker collected $0.59 from pot
*** SUMMARY ***
Total pot $0.62 | Rake $0.03 
Board [Qd 9c 4h 4c]
Seat 1: turco1152 folded on the Turn
Seat 2: M@verick21 folded on the Turn
Seat 3: Dorex2007 folded before Flop (didn't bet)
Seat 4: sammylb91 folded before Flop (didn't bet)
Seat 7: abobora71 (button) folded on the Turn
Seat 8: GuciuJoker (small blind) folded before Flop
Seat 9: tutanpoker (big blind) collected ($0.59)



PokerStars Hand #239001614183:  Hold'em No Limit ($0.02/$0.05 USD) - 2022/10/02 17:00:51 PT [2022/10/02 20:00:51 ET]
Table 'Ceplecha' 9-max Seat #8 is the button
Seat 1: turco1152 ($1.37 in chips) 
Seat 2: M@verick21 ($9.07 in chips) 
Seat 3: Dorex2007 ($5.61 in chips) 
Seat 4: sammylb91 ($2.91 in chips) 
Seat 7: abobora71 ($3.45 in chips) 
Seat 8: GuciuJoker ($3.69 in chips) 
Seat 9: tutanpoker ($4.09 in chips) 
tutanpoker: posts small blind $0.02
turco1152: posts big blind $0.05
Ronnie4418: sits out 
*** HOLE CARDS ***
Dealt to Dorex2007 [9c Jd]
M@verick21: calls $0.05
Dorex2007: folds 
sammylb91: folds 
abobora71: folds 
GuciuJoker: folds 
tutanpoker: calls $0.03
turco1152: checks 
*** FLOP *** [Qc Ac 8c]
tutanpoker: checks 
turco1152: checks 
M@verick21: bets $0.07
tutanpoker: folds 
turco1152: folds 
Uncalled bet ($0.07) returned to M@verick21
M@verick21 collected $0.14 from pot
*** SUMMARY ***
Total pot $0.15 | Rake $0.01 
Board [Qc Ac 8c]
Seat 1: turco1152 (big blind) folded on the Flop
Seat 2: M@verick21 collected ($0.14)
Seat 3: Dorex2007 folded before Flop (didn't bet)
Seat 4: sammylb91 folded before Flop (didn't bet)
Seat 7: abobora71 folded before Flop (didn't bet)
Seat 8: GuciuJoker (button) folded before Flop (didn't bet)
Seat 9: tutanpoker (small blind) folded on the Flop



PokerStars Hand #239001620173:  Hold'em No Limit ($0.02/$0.05 USD) - 2022/10/02 17:01:21 PT [2022/10/02 20:01:21 ET]
Table 'Ceplecha' 9-max Seat #9 is the button
Seat 1: turco1152 ($1.32 in chips) 
Seat 2: M@verick21 ($9.16 in chips) 
Seat 3: Dorex2007 ($5.61 in chips) 
Seat 4: sammylb91 ($2.91 in chips) 
Seat 7: abobora71 ($3.45 in chips) 
Seat 8: GuciuJoker ($3.69 in chips) 
Seat 9: tutanpoker ($4.04 in chips) 
turco1152: posts small blind $0.02
M@verick21: posts big blind $0.05
Ronnie4418: sits out 
*** HOLE CARDS ***
Dealt to Dorex2007 [Js 9d]
Dorex2007: folds 
sammylb91 has timed out
sammylb91: folds 
abobora71: calls $0.05
GuciuJoker: folds 
tutanpoker: folds 
turco1152: folds 
M@verick21: checks 
*** FLOP *** [Kh 3d Tc]
M@verick21: checks 
abobora71: checks 
*** TURN *** [Kh 3d Tc] [4c]
M@verick21: checks 
abobora71: bets $0.08
M@verick21: folds 
Uncalled bet ($0.08) returned to abobora71
abobora71 collected $0.12 from pot
abobora71: doesn't show hand 
*** SUMMARY ***
Total pot $0.12 | Rake $0 
Board [Kh 3d Tc 4c]
Seat 1: turco1152 (small blind) folded before Flop
Seat 2: M@verick21 (big blind) folded on the Turn
Seat 3: Dorex2007 folded before Flop (didn't bet)
Seat 4: sammylb91 folded before Flop (didn't bet)
Seat 7: abobora71 collected ($0.12)
Seat 8: GuciuJoker folded before Flop (didn't bet)
Seat 9: tutanpoker (button) folded before Flop (didn't bet)



PokerStars Hand #239001631764:  Hold'em No Limit ($0.02/$0.05 USD) - 2022/10/02 17:02:18 PT [2022/10/02 20:02:18 ET]
Table 'Ceplecha' 9-max Seat #1 is the button
Seat 1: turco1152 ($1.30 in chips) 
Seat 2: M@verick21 ($9.11 in chips) 
Seat 3: Dorex2007 ($5.61 in chips) 
Seat 4: sammylb91 ($2.91 in chips) 
Seat 7: abobora71 ($3.52 in chips) 
Seat 8: GuciuJoker ($3.69 in chips) 
Seat 9: tutanpoker ($4.04 in chips) 
M@verick21: posts small blind $0.02
Dorex2007: posts big blind $0.05
Ronnie4418: sits out 
*** HOLE CARDS ***
Dealt to Dorex2007 [5c Ks]
sammylb91 has timed out
sammylb91: folds 
abobora71: calls $0.05
GuciuJoker: folds 
tutanpoker: folds 
turco1152: calls $0.05
M@verick21: folds 
Dorex2007: checks 
*** FLOP *** [Ac Tc 3d]
Dorex2007: checks 
abobora71: checks 
turco1152: checks 
*** TURN *** [Ac Tc 3d] [Qd]
Dorex2007: checks 
abobora71: bets $0.05
turco1152: calls $0.05
Dorex2007: folds 
*** RIVER *** [Ac Tc 3d Qd] [4h]
abobora71: bets $0.05
turco1152: calls $0.05
*** SHOW DOWN ***
abobora71: shows [Qc Js] (a pair of Queens)
turco1152: mucks hand 
abobora71 collected $0.35 from pot
*** SUMMARY ***
Total pot $0.37 | Rake $0.02 
Board [Ac Tc 3d Qd 4h]
Seat 1: turco1152 (button) mucked [Jh Th]
Seat 2: M@verick21 (small blind) folded before Flop
Seat 3: Dorex2007 (big blind) folded on the Turn
Seat 4: sammylb91 folded before Flop (didn't bet)
Seat 7: abobora71 showed [Qc Js] and won ($0.35) with a pair of Queens
Seat 8: GuciuJoker folded before Flop (didn't bet)
Seat 9: tutanpoker folded before Flop (didn't bet)



PokerStars Hand #239001646817:  Hold'em No Limit ($0.02/$0.05 USD) - 2022/10/02 17:03:30 PT [2022/10/02 20:03:30 ET]
Table 'Ceplecha' 9-max Seat #2 is the button
Seat 1: turco1152 ($1.15 in chips) 
Seat 2: M@verick21 ($9.09 in chips) 
Seat 3: Dorex2007 ($5.56 in chips) 
Seat 4: sammylb91 ($2.91 in chips) 
Seat 7: abobora71 ($3.72 in chips) 
Seat 8: GuciuJoker ($3.69 in chips) 
Seat 9: tutanpoker ($4.04 in chips) 
Dorex2007: posts small blind $0.02
sammylb91: posts big blind $0.05
Ronnie4418: sits out 
*** HOLE CARDS ***
Dealt to Dorex2007 [Ts 5c]
abobora71: folds 
GuciuJoker: folds 
tutanpoker: calls $0.05
turco1152: folds 
M@verick21: raises $0.10 to $0.15
Dorex2007: folds 
sammylb91: folds 
tutanpoker: calls $0.10
*** FLOP *** [Jh 8s 2c]
tutanpoker: checks 
M@verick21: checks 
*** TURN *** [Jh 8s 2c] [Ah]
tutanpoker: bets $0.20
M@verick21: folds 
Uncalled bet ($0.20) returned to tutanpoker
tutanpoker collected $0.35 from pot
*** SUMMARY ***
Total pot $0.37 | Rake $0.02 
Board [Jh 8s 2c Ah]
Seat 1: turco1152 folded before Flop (didn't bet)
Seat 2: M@verick21 (button) folded on the Turn
Seat 3: Dorex2007 (small blind) folded before Flop
Seat 4: sammylb91 (big blind) folded before Flop
Seat 7: abobora71 folded before Flop (didn't bet)
Seat 8: GuciuJoker folded before Flop (didn't bet)
Seat 9: tutanpoker collected ($0.35)



PokerStars Hand #239001658907:  Hold'em No Limit ($0.02/$0.05 USD) - 2022/10/02 17:04:28 PT [2022/10/02 20:04:28 ET]
Table 'Ceplecha' 9-max Seat #3 is the button
Seat 1: turco1152 ($1.15 in chips) 
Seat 2: M@verick21 ($8.94 in chips) 
Seat 3: Dorex2007 ($5.54 in chips) 
Seat 4: sammylb91 ($2.86 in chips) 
Seat 5: Ronnie4418 ($5 in chips) 
Seat 8: GuciuJoker ($3.69 in chips) 
Seat 9: tutanpoker ($4.24 in chips) 
sammylb91: posts small blind $0.02
Ronnie4418: posts big blind $0.05
*** HOLE CARDS ***
Dealt to Dorex2007 [5c 7c]
GuciuJoker: folds 
tutanpoker: folds 
turco1152: folds 
M@verick21: folds 
Dorex2007: folds 
sammylb91: calls $0.03
Ronnie4418: checks 
*** FLOP *** [7d Jh Ah]
sammylb91: bets $0.10
Ronnie4418: calls $0.10
*** TURN *** [7d Jh Ah] [Ad]
sammylb91: bets $0.20
Ronnie4418: calls $0.20
*** RIVER *** [7d Jh Ah Ad] [Ac]
sammylb91: checks 
Ronnie4418: bets $0.54
sammylb91: folds 
Uncalled bet ($0.54) returned to Ronnie4418
Ronnie4418 collected $0.67 from pot
Ronnie4418: doesn't show hand 
*** SUMMARY ***
Total pot $0.70 | Rake $0.03 
Board [7d Jh Ah Ad Ac]
Seat 1: turco1152 folded before Flop (didn't bet)
Seat 2: M@verick21 folded before Flop (didn't bet)
Seat 3: Dorex2007 (button) folded before Flop (didn't bet)
Seat 4: sammylb91 (small blind) folded on the River
Seat 5: Ronnie4418 (big blind) collected ($0.67)
Seat 8: GuciuJoker folded before Flop (didn't bet)
Seat 9: tutanpoker folded before Flop (didn't bet)



PokerStars Hand #239001673515:  Hold'em No Limit ($0.02/$0.05 USD) - 2022/10/02 17:05:38 PT [2022/10/02 20:05:38 ET]
Table 'Ceplecha' 9-max Seat #4 is the button
Seat 1: turco1152 ($1.15 in chips) 
Seat 2: M@verick21 ($8.94 in chips) 
Seat 3: Dorex2007 ($5.54 in chips) 
Seat 4: sammylb91 ($2.51 in chips) 
Seat 5: Ronnie4418 ($5.32 in chips) 
Seat 8: GuciuJoker ($3.69 in chips) 
Seat 9: tutanpoker ($4.24 in chips) 
Ronnie4418: posts small blind $0.02
GuciuJoker: posts big blind $0.05
*** HOLE CARDS ***
Dealt to Dorex2007 [Ks 3c]
tutanpoker: folds 
turco1152: calls $0.05
M@verick21: folds 
Dorex2007: folds 
sammylb91: raises $0.10 to $0.15
Ronnie4418: folds 
GuciuJoker: calls $0.10
turco1152: calls $0.10
*** FLOP *** [2h 2d 5h]
GuciuJoker: checks 
turco1152: bets $0.05
sammylb91: calls $0.05
GuciuJoker: folds 
*** TURN *** [2h 2d 5h] [7c]
turco1152: bets $0.05
sammylb91: raises $0.10 to $0.15
turco1152: calls $0.10
*** RIVER *** [2h 2d 5h 7c] [3d]
turco1152: checks 
sammylb91: checks 
*** SHOW DOWN ***
turco1152: shows [5s 5c] (a full house, Fives full of Deuces)
sammylb91: mucks hand 
turco1152 collected $0.83 from pot
6tee leaves the table
*** SUMMARY ***
Total pot $0.87 | Rake $0.04 
Board [2h 2d 5h 7c 3d]
Seat 1: turco1152 showed [5s 5c] and won ($0.83) with a full house, Fives full of Deuces
Seat 2: M@verick21 folded before Flop (didn't bet)
Seat 3: Dorex2007 folded before Flop (didn't bet)
Seat 4: sammylb91 (button) mucked [Ac 7s]
Seat 5: Ronnie4418 (small blind) folded before Flop
Seat 8: GuciuJoker (big blind) folded on the Flop
Seat 9: tutanpoker folded before Flop (didn't bet)



PokerStars Hand #239001690637:  Hold'em No Limit ($0.02/$0.05 USD) - 2022/10/02 17:07:00 PT [2022/10/02 20:07:00 ET]
Table 'Ceplecha' 9-max Seat #5 is the button
Seat 1: turco1152 ($1.63 in chips) 
Seat 2: M@verick21 ($8.94 in chips) 
Seat 3: Dorex2007 ($5.54 in chips) 
Seat 4: sammylb91 ($2.16 in chips) 
Seat 5: Ronnie4418 ($5.30 in chips) 
Seat 8: GuciuJoker ($3.54 in chips) 
Seat 9: tutanpoker ($4.24 in chips) 
GuciuJoker: posts small blind $0.02
tutanpoker: posts big blind $0.05
*** HOLE CARDS ***
Dealt to Dorex2007 [7d Ac]
dessa78 joins the table at seat #6 
turco1152: folds 
M@verick21: raises $0.10 to $0.15
Dorex2007: folds 
sammylb91: folds 
Ronnie4418: calls $0.15
GuciuJoker: calls $0.13
tutanpoker: folds 
*** FLOP *** [8s 8h 3d]
GuciuJoker: checks 
M@verick21: bets $0.25
Ronnie4418: calls $0.25
GuciuJoker: folds 
*** TURN *** [8s 8h 3d] [3h]
M@verick21: bets $0.48
Ronnie4418: calls $0.48
*** RIVER *** [8s 8h 3d 3h] [9h]
M@verick21: bets $1.10
Ronnie4418: calls $1.10
*** SHOW DOWN ***
M@verick21: shows [9c 9s] (a full house, Nines full of Eights)
Ronnie4418: mucks hand 
M@verick21 collected $3.99 from pot
*** SUMMARY ***
Total pot $4.16 | Rake $0.17 
Board [8s 8h 3d 3h 9h]
Seat 1: turco1152 folded before Flop (didn't bet)
Seat 2: M@verick21 showed [9c 9s] and won ($3.99) with a full house, Nines full of Eights
Seat 3: Dorex2007 folded before Flop (didn't bet)
Seat 4: sammylb91 folded before Flop (didn't bet)
Seat 5: Ronnie4418 (button) mucked [7c Ah]
Seat 8: GuciuJoker (small blind) folded on the Flop
Seat 9: tutanpoker (big blind) folded before Flop



PokerStars Hand #239001711265:  Hold'em No Limit ($0.02/$0.05 USD) - 2022/10/02 17:08:41 PT [2022/10/02 20:08:41 ET]
Table 'Ceplecha' 9-max Seat #8 is the button
Seat 1: turco1152 ($1.63 in chips) 
Seat 2: M@verick21 ($10.95 in chips) 
Seat 3: Dorex2007 ($5.54 in chips) 
Seat 4: sammylb91 ($2.16 in chips) 
Seat 5: Ronnie4418 ($3.32 in chips) 
Seat 8: GuciuJoker ($3.39 in chips) 
Seat 9: tutanpoker ($4.19 in chips) 
tutanpoker: posts small blind $0.02
turco1152: posts big blind $0.05
dessa78: sits out 
*** HOLE CARDS ***
Dealt to Dorex2007 [8c 6c]
M@verick21: folds 
Dorex2007: folds 
sammylb91: folds 
Ronnie4418: raises $0.15 to $0.20
GuciuJoker: folds 
tutanpoker has timed out
tutanpoker: folds 
turco1152: folds 
Uncalled bet ($0.15) returned to Ronnie4418
Ronnie4418 collected $0.12 from pot
Ronnie4418: doesn't show hand 
*** SUMMARY ***
Total pot $0.12 | Rake $0 
Seat 1: turco1152 (big blind) folded before Flop
Seat 2: M@verick21 folded before Flop (didn't bet)
Seat 3: Dorex2007 folded before Flop (didn't bet)
Seat 4: sammylb91 folded before Flop (didn't bet)
Seat 5: Ronnie4418 collected ($0.12)
Seat 8: GuciuJoker (button) folded before Flop (didn't bet)
Seat 9: tutanpoker (small blind) folded before Flop



PokerStars Hand #239001724527:  Hold'em No Limit ($0.02/$0.05 USD) - 2022/10/02 17:09:46 PT [2022/10/02 20:09:46 ET]
Table 'Ceplecha' 9-max Seat #1 is the button
Seat 1: turco1152 ($1.58 in chips) 
Seat 2: M@verick21 ($10.95 in chips) 
Seat 3: Dorex2007 ($5.54 in chips) 
Seat 4: sammylb91 ($2.16 in chips) 
Seat 5: Ronnie4418 ($3.39 in chips) 
Seat 8: GuciuJoker ($3.39 in chips) 
M@verick21: posts small blind $0.02
Dorex2007: posts big blind $0.05
dessa78: sits out 
*** HOLE CARDS ***
Dealt to Dorex2007 [Jc 8c]
sammylb91: folds 
Ronnie4418: folds 
GuciuJoker: folds 
turco1152: folds 
M@verick21: folds 
Uncalled bet ($0.03) returned to Dorex2007
Dorex2007 collected $0.04 from pot
Dorex2007: doesn't show hand 
*** SUMMARY ***
Total pot $0.04 | Rake $0 
Seat 1: turco1152 (button) folded before Flop (didn't bet)
Seat 2: M@verick21 (small blind) folded before Flop
Seat 3: Dorex2007 (big blind) collected ($0.04)
Seat 4: sammylb91 folded before Flop (didn't bet)
Seat 5: Ronnie4418 folded before Flop (didn't bet)
Seat 8: GuciuJoker folded before Flop (didn't bet)



PokerStars Hand #239001726505:  Hold'em No Limit ($0.02/$0.05 USD) - 2022/10/02 17:09:56 PT [2022/10/02 20:09:56 ET]
Table 'Ceplecha' 9-max Seat #2 is the button
Seat 1: turco1152 ($1.58 in chips) 
Seat 2: M@verick21 ($10.93 in chips) 
Seat 3: Dorex2007 ($5.56 in chips) 
Seat 4: sammylb91 ($2.16 in chips) 
Seat 5: Ronnie4418 ($3.39 in chips) 
Seat 8: GuciuJoker ($3.39 in chips) 
Dorex2007: posts small blind $0.02
sammylb91: posts big blind $0.05
dessa78: sits out 
*** HOLE CARDS ***
Dealt to Dorex2007 [Jh 5s]
Ronnie4418 has timed out
Ronnie4418: folds 
GuciuJoker: calls $0.05
turco1152: folds 
M@verick21: folds 
Dorex2007: folds 
sammylb91: raises $0.10 to $0.15
GuciuJoker: calls $0.10
*** FLOP *** [9s 3s 2h]
sammylb91: bets $0.25
GuciuJoker: folds 
Uncalled bet ($0.25) returned to sammylb91
sammylb91 collected $0.31 from pot
sammylb91: doesn't show hand 
*** SUMMARY ***
Total pot $0.32 | Rake $0.01 
Board [9s 3s 2h]
Seat 1: turco1152 folded before Flop (didn't bet)
Seat 2: M@verick21 (button) folded before Flop (didn't bet)
Seat 3: Dorex2007 (small blind) folded before Flop
Seat 4: sammylb91 (big blind) collected ($0.31)
Seat 5: Ronnie4418 folded before Flop (didn't bet)
Seat 8: GuciuJoker folded on the Flop



PokerStars Hand #239001733974:  Hold'em No Limit ($0.02/$0.05 USD) - 2022/10/02 17:10:33 PT [2022/10/02 20:10:33 ET]
Table 'Ceplecha' 9-max Seat #3 is the button
Seat 1: turco1152 ($1.58 in chips) 
Seat 2: M@verick21 ($10.93 in chips) 
Seat 3: Dorex2007 ($5.54 in chips) 
Seat 4: sammylb91 ($2.32 in chips) 
Seat 5: Ronnie4418 ($3.39 in chips) 
Seat 8: GuciuJoker ($3.24 in chips) 
Seat 9: tutanpoker ($4.17 in chips) 
sammylb91: posts small blind $0.02
Ronnie4418: posts big blind $0.05
dessa78: sits out 
*** HOLE CARDS ***
Dealt to Dorex2007 [8c 6h]
GuciuJoker: folds 
tutanpoker: folds 
turco1152: folds 
M@verick21: folds 
Dorex2007: folds 
sammylb91: raises $0.05 to $0.10
Ronnie4418: calls $0.05
*** FLOP *** [8h 3d Ac]
sammylb91: bets $0.15
Ronnie4418: folds 
Uncalled bet ($0.15) returned to sammylb91
sammylb91 collected $0.19 from pot
sammylb91: doesn't show hand 
*** SUMMARY ***
Total pot $0.20 | Rake $0.01 
Board [8h 3d Ac]
Seat 1: turco1152 folded before Flop (didn't bet)
Seat 2: M@verick21 folded before Flop (didn't bet)
Seat 3: Dorex2007 (button) folded before Flop (didn't bet)
Seat 4: sammylb91 (small blind) collected ($0.19)
Seat 5: Ronnie4418 (big blind) folded on the Flop
Seat 8: GuciuJoker folded before Flop (didn't bet)
Seat 9: tutanpoker folded before Flop (didn't bet)



PokerStars Hand #239001742207:  Hold'em No Limit ($0.02/$0.05 USD) - 2022/10/02 17:11:13 PT [2022/10/02 20:11:13 ET]
Table 'Ceplecha' 9-max Seat #4 is the button
Seat 1: turco1152 ($1.58 in chips) 
Seat 2: M@verick21 ($10.93 in chips) 
Seat 3: Dorex2007 ($5.54 in chips) 
Seat 4: sammylb91 ($2.41 in chips) 
Seat 5: Ronnie4418 ($3.29 in chips) 
Seat 6: dessa78 ($5 in chips) 
Seat 8: GuciuJoker ($3.24 in chips) 
Seat 9: tutanpoker ($4.17 in chips) 
Ronnie4418: posts small blind $0.02
dessa78: posts big blind $0.05
*** HOLE CARDS ***
Dealt to Dorex2007 [Kd 4d]
GuciuJoker: calls $0.05
tutanpoker: folds 
turco1152: folds 
M@verick21: folds 
Dorex2007: folds 
sammylb91: raises $0.05 to $0.10
Ronnie4418: calls $0.08
dessa78: calls $0.05
GuciuJoker: calls $0.05
*** FLOP *** [Kc 2c 7c]
Ronnie4418: checks 
dessa78: checks 
M@verick21 leaves the table
GuciuJoker: checks 
mullski326 joins the table at seat #2 
sammylb91: bets $0.20
Ronnie4418: folds 
dessa78: folds 
GuciuJoker: folds 
Uncalled bet ($0.20) returned to sammylb91
sammylb91 collected $0.38 from pot
sammylb91: doesn't show hand 
*** SUMMARY ***
Total pot $0.40 | Rake $0.02 
Board [Kc 2c 7c]
Seat 1: turco1152 folded before Flop (didn't bet)
Seat 2: M@verick21 folded before Flop (didn't bet)
Seat 3: Dorex2007 folded before Flop (didn't bet)
Seat 4: sammylb91 (button) collected ($0.38)
Seat 5: Ronnie4418 (small blind) folded on the Flop
Seat 6: dessa78 (big blind) folded on the Flop
Seat 8: GuciuJoker folded on the Flop
Seat 9: tutanpoker folded before Flop (didn't bet)



PokerStars Hand #239001757697:  Hold'em No Limit ($0.02/$0.05 USD) - 2022/10/02 17:12:29 PT [2022/10/02 20:12:29 ET]
Table 'Ceplecha' 9-max Seat #5 is the button
Seat 1: turco1152 ($1.58 in chips) 
Seat 3: Dorex2007 ($5.54 in chips) 
Seat 4: sammylb91 ($2.69 in chips) 
Seat 5: Ronnie4418 ($3.19 in chips) 
Seat 6: dessa78 ($4.90 in chips) 
Seat 8: GuciuJoker ($3.14 in chips) 
Seat 9: tutanpoker ($4.17 in chips) 
dessa78: posts small blind $0.02
GuciuJoker: posts big blind $0.05
mullski326: sits out 
*** HOLE CARDS ***
Dealt to Dorex2007 [Ts Kd]
tutanpoker: folds 
turco1152: folds 
Dorex2007: folds 
sammylb91: folds 
Ronnie4418: raises $0.11 to $0.16
dessa78: folds 
GuciuJoker: folds 
Uncalled bet ($0.11) returned to Ronnie4418
Ronnie4418 collected $0.12 from pot
Ronnie4418: doesn't show hand 
*** SUMMARY ***
Total pot $0.12 | Rake $0 
Seat 1: turco1152 folded before Flop (didn't bet)
Seat 3: Dorex2007 folded before Flop (didn't bet)
Seat 4: sammylb91 folded before Flop (didn't bet)
Seat 5: Ronnie4418 (button) collected ($0.12)
Seat 6: dessa78 (small blind) folded before Flop
Seat 8: GuciuJoker (big blind) folded before Flop
Seat 9: tutanpoker folded before Flop (didn't bet)



PokerStars Hand #239001763280:  Hold'em No Limit ($0.02/$0.05 USD) - 2022/10/02 17:12:56 PT [2022/10/02 20:12:56 ET]
Table 'Ceplecha' 9-max Seat #6 is the button
Seat 1: turco1152 ($1.58 in chips) 
Seat 3: Dorex2007 ($5.54 in chips) 
Seat 4: sammylb91 ($2.69 in chips) 
Seat 5: Ronnie4418 ($3.26 in chips) 
Seat 6: dessa78 ($4.88 in chips) 
Seat 8: GuciuJoker ($3.09 in chips) 
Seat 9: tutanpoker ($4.17 in chips) 
GuciuJoker: posts small blind $0.02
tutanpoker: posts big blind $0.05
mullski326: sits out 
*** HOLE CARDS ***
Dealt to Dorex2007 [5s Td]
turco1152: folds 
Dorex2007: folds 
sammylb91: raises $0.10 to $0.15
Ronnie4418: folds 
dessa78: folds 
GuciuJoker: folds 
tutanpoker: folds 
Uncalled bet ($0.10) returned to sammylb91
sammylb91 collected $0.12 from pot
sammylb91: doesn't show hand 
*** SUMMARY ***
Total pot $0.12 | Rake $0 
Seat 1: turco1152 folded before Flop (didn't bet)
Seat 3: Dorex2007 folded before Flop (didn't bet)
Seat 4: sammylb91 collected ($0.12)
Seat 5: Ronnie4418 folded before Flop (didn't bet)
Seat 6: dessa78 (button) folded before Flop (didn't bet)
Seat 8: GuciuJoker (small blind) folded before Flop
Seat 9: tutanpoker (big blind) folded before Flop



PokerStars Hand #239001767349:  Hold'em No Limit ($0.02/$0.05 USD) - 2022/10/02 17:13:16 PT [2022/10/02 20:13:16 ET]
Table 'Ceplecha' 9-max Seat #8 is the button
Seat 1: turco1152 ($1.58 in chips) 
Seat 3: Dorex2007 ($5.54 in chips) 
Seat 4: sammylb91 ($2.76 in chips) 
Seat 5: Ronnie4418 ($3.26 in chips) 
Seat 6: dessa78 ($4.88 in chips) 
Seat 8: GuciuJoker ($3.07 in chips) 
Seat 9: tutanpoker ($4.12 in chips) 
tutanpoker: posts small blind $0.02
turco1152: posts big blind $0.05
mullski326: sits out 
*** HOLE CARDS ***
Dealt to Dorex2007 [9h 4h]
Dorex2007: folds 
sammylb91: folds 
Ronnie4418: raises $0.25 to $0.30
dessa78: folds 
GuciuJoker: folds 
tutanpoker: calls $0.28
turco1152: folds 
*** FLOP *** [Jh Ad 6s]
tutanpoker: checks 
Ronnie4418: bets $0.31
tutanpoker: folds 
Uncalled bet ($0.31) returned to Ronnie4418
Ronnie4418 collected $0.62 from pot
Ronnie4418: doesn't show hand 
*** SUMMARY ***
Total pot $0.65 | Rake $0.03 
Board [Jh Ad 6s]
Seat 1: turco1152 (big blind) folded before Flop
Seat 3: Dorex2007 folded before Flop (didn't bet)
Seat 4: sammylb91 folded before Flop (didn't bet)
Seat 5: Ronnie4418 collected ($0.62)
Seat 6: dessa78 folded before Flop (didn't bet)
Seat 8: GuciuJoker (button) folded before Flop (didn't bet)
Seat 9: tutanpoker (small blind) folded on the Flop



PokerStars Hand #239001777520:  Hold'em No Limit ($0.02/$0.05 USD) - 2022/10/02 17:14:06 PT [2022/10/02 20:14:06 ET]
Table 'Ceplecha' 9-max Seat #9 is the button
Seat 1: turco1152 ($1.53 in chips) 
Seat 2: mullski326 ($4.71 in chips) 
Seat 3: Dorex2007 ($5.54 in chips) 
Seat 4: sammylb91 ($2.76 in chips) 
Seat 5: Ronnie4418 ($3.58 in chips) 
Seat 6: dessa78 ($4.88 in chips) 
Seat 8: GuciuJoker ($3.07 in chips) 
Seat 9: tutanpoker ($3.82 in chips) 
turco1152: posts small blind $0.02
mullski326: posts big blind $0.05
*** HOLE CARDS ***
Dealt to Dorex2007 [9c 4c]
Dorex2007: folds 
sammylb91 has timed out
sammylb91: folds 
Ronnie4418: raises $0.25 to $0.30
dessa78: calls $0.30
GuciuJoker: calls $0.30
tutanpoker: folds 
turco1152: folds 
mullski326: folds 
*** FLOP *** [Kd Ac 2d]
Ronnie4418: checks 
dessa78: bets $0.47
GuciuJoker: calls $0.47
Ronnie4418: folds 
*** TURN *** [Kd Ac 2d] [Kh]
dessa78: bets $1.46
GuciuJoker: folds 
Uncalled bet ($1.46) returned to dessa78
dessa78 collected $1.83 from pot
*** SUMMARY ***
Total pot $1.91 | Rake $0.08 
Board [Kd Ac 2d Kh]
Seat 1: turco1152 (small blind) folded before Flop
Seat 2: mullski326 (big blind) folded before Flop
Seat 3: Dorex2007 folded before Flop (didn't bet)
Seat 4: sammylb91 folded before Flop (didn't bet)
Seat 5: Ronnie4418 folded on the Flop
Seat 6: dessa78 collected ($1.83)
Seat 8: GuciuJoker folded on the Turn
Seat 9: tutanpoker (button) folded before Flop (didn't bet)



PokerStars Hand #239001790508:  Hold'em No Limit ($0.02/$0.05 USD) - 2022/10/02 17:15:08 PT [2022/10/02 20:15:08 ET]
Table 'Ceplecha' 9-max Seat #1 is the button
Seat 1: turco1152 ($1.51 in chips) 
Seat 2: mullski326 ($4.66 in chips) 
Seat 3: Dorex2007 ($5.54 in chips) 
Seat 5: Ronnie4418 ($3.28 in chips) 
Seat 6: dessa78 ($5.94 in chips) 
Seat 8: GuciuJoker ($2.30 in chips) 
Seat 9: tutanpoker ($3.82 in chips) 
mullski326: posts small blind $0.02
Dorex2007: posts big blind $0.05
*** HOLE CARDS ***
Dealt to Dorex2007 [9s 8d]
Ronnie4418: folds 
dessa78: folds 
GuciuJoker: folds 
tutanpoker: folds 
turco1152: folds 
mullski326: raises $0.10 to $0.15
Dorex2007: folds 
Uncalled bet ($0.10) returned to mullski326
mullski326 collected $0.10 from pot
*** SUMMARY ***
Total pot $0.10 | Rake $0 
Seat 1: turco1152 (button) folded before Flop (didn't bet)
Seat 2: mullski326 (small blind) collected ($0.10)
Seat 3: Dorex2007 (big blind) folded before Flop
Seat 5: Ronnie4418 folded before Flop (didn't bet)
Seat 6: dessa78 folded before Flop (didn't bet)
Seat 8: GuciuJoker folded before Flop (didn't bet)
Seat 9: tutanpoker folded before Flop (didn't bet)



PokerStars Hand #239001796569:  Hold'em No Limit ($0.02/$0.05 USD) - 2022/10/02 17:15:37 PT [2022/10/02 20:15:37 ET]
Table 'Ceplecha' 9-max Seat #2 is the button
Seat 1: turco1152 ($1.51 in chips) 
Seat 2: mullski326 ($4.71 in chips) 
Seat 3: Dorex2007 ($5.49 in chips) 
Seat 5: Ronnie4418 ($3.28 in chips) 
Seat 6: dessa78 ($5.94 in chips) 
Seat 8: GuciuJoker ($2.30 in chips) 
Seat 9: tutanpoker ($3.82 in chips) 
Dorex2007: posts small blind $0.02
Ronnie4418: posts big blind $0.05
*** HOLE CARDS ***
Dealt to Dorex2007 [2c 4s]
dessa78: folds 
GuciuJoker: calls $0.05
tutanpoker: folds 
turco1152: folds 
mullski326: calls $0.05
Dorex2007: folds 
Ronnie4418: checks 
*** FLOP *** [5h As 4d]
Ronnie4418: checks 
GuciuJoker: checks 
mullski326: bets $0.16
Ronnie4418 has timed out
Ronnie4418: folds 
GuciuJoker: calls $0.16
*** TURN *** [5h As 4d] [6s]
GuciuJoker: bets $0.47
mullski326: raises $4.03 to $4.50 and is all-in
GuciuJoker: calls $1.62 and is all-in
Uncalled bet ($2.41) returned to mullski326
*** RIVER *** [5h As 4d 6s] [Ac]
*** SHOW DOWN ***
GuciuJoker: shows [Ad Kc] (three of a kind, Aces)
mullski326: shows [5d Ah] (a full house, Aces full of Fives)
mullski326 cashed out the hand for $3.82 | Cash Out Fee $0.04
*** SUMMARY ***
Total pot $4.67 | Rake $0.19 
Board [5h As 4d 6s Ac]
Seat 1: turco1152 folded before Flop (didn't bet)
Seat 2: mullski326 (button) showed [5d Ah] and won ($4.48) with a full house, Aces full of Fives (pot not awarded as player cashed out)
Seat 3: Dorex2007 (small blind) folded before Flop
Seat 5: Ronnie4418 (big blind) folded on the Flop
Seat 6: dessa78 folded before Flop (didn't bet)
Seat 8: GuciuJoker showed [Ad Kc] and lost with three of a kind, Aces
Seat 9: tutanpoker folded before Flop (didn't bet)



PokerStars Hand #239001819181:  Hold'em No Limit ($0.02/$0.05 USD) - 2022/10/02 17:17:26 PT [2022/10/02 20:17:26 ET]
Table 'Ceplecha' 9-max Seat #3 is the button
Seat 1: turco1152 ($1.51 in chips) 
Seat 2: mullski326 ($6.23 in chips) 
Seat 3: Dorex2007 ($5.47 in chips) 
Seat 5: Ronnie4418 ($3.23 in chips) 
Seat 6: dessa78 ($5.94 in chips) 
Seat 9: tutanpoker ($3.82 in chips) 
Ronnie4418: posts small blind $0.02
dessa78: posts big blind $0.05
*** HOLE CARDS ***
Dealt to Dorex2007 [3c 5s]
GuciuJoker leaves the table
tutanpoker: raises $0.10 to $0.15
turco1152: folds 
mullski326: folds 
Dorex2007: folds 
Ronnie4418: folds 
dessa78: folds 
Uncalled bet ($0.10) returned to tutanpoker
tutanpoker collected $0.12 from pot
*** SUMMARY ***
Total pot $0.12 | Rake $0 
Seat 1: turco1152 folded before Flop (didn't bet)
Seat 2: mullski326 folded before Flop (didn't bet)
Seat 3: Dorex2007 (button) folded before Flop (didn't bet)
Seat 5: Ronnie4418 (small blind) folded before Flop
Seat 6: dessa78 (big blind) folded before Flop
Seat 9: tutanpoker collected ($0.12)



PokerStars Hand #239001824513:  Hold'em No Limit ($0.02/$0.05 USD) - 2022/10/02 17:17:51 PT [2022/10/02 20:17:51 ET]
Table 'Ceplecha' 9-max Seat #5 is the button
Seat 1: turco1152 ($1.51 in chips) 
Seat 2: mullski326 ($6.23 in chips) 
Seat 3: Dorex2007 ($5.47 in chips) 
Seat 5: Ronnie4418 ($3.21 in chips) 
Seat 6: dessa78 ($5.89 in chips) 
Seat 9: tutanpoker ($3.89 in chips) 
dessa78: posts small blind $0.02
tutanpoker: posts big blind $0.05
*** HOLE CARDS ***
Dealt to Dorex2007 [Jc 4c]
turco1152: folds 
mullski326: calls $0.05
Dorex2007: folds 
Ronnie4418 has timed out
Ronnie4418: folds 
dessa78: folds 
tutanpoker has timed out
tutanpoker: checks 
*** FLOP *** [Ac 8d Kd]
tutanpoker has timed out
tutanpoker: checks 
mullski326: bets $0.12
tutanpoker has timed out
tutanpoker: folds 
Uncalled bet ($0.12) returned to mullski326
mullski326 collected $0.12 from pot
*** SUMMARY ***
Total pot $0.12 | Rake $0 
Board [Ac 8d Kd]
Seat 1: turco1152 folded before Flop (didn't bet)
Seat 2: mullski326 collected ($0.12)
Seat 3: Dorex2007 folded before Flop (didn't bet)
Seat 5: Ronnie4418 (button) folded before Flop (didn't bet)
Seat 6: dessa78 (small blind) folded before Flop
Seat 9: tutanpoker (big blind) folded on the Flop



PokerStars Hand #239001845475:  Hold'em No Limit ($0.02/$0.05 USD) - 2022/10/02 17:19:33 PT [2022/10/02 20:19:33 ET]
Table 'Ceplecha' 9-max Seat #6 is the button
Seat 1: turco1152 ($1.51 in chips) 
Seat 2: mullski326 ($6.30 in chips) 
Seat 3: Dorex2007 ($5.47 in chips) 
Seat 5: Ronnie4418 ($3.21 in chips) 
Seat 6: dessa78 ($5.87 in chips) 
turco1152: posts small blind $0.02
mullski326: posts big blind $0.05
sammylb91: sits out 
*** HOLE CARDS ***
Dealt to Dorex2007 [9d 5d]
Dorex2007: folds 
Ronnie4418: raises $0.05 to $0.10
dessa78: calls $0.10
turco1152: folds 
mullski326: calls $0.05
*** FLOP *** [9s 3h 7s]
mullski326: checks 
Ronnie4418: bets $0.15
dessa78: folds 
mullski326: calls $0.15
*** TURN *** [9s 3h 7s] [Jc]
mullski326: checks 
AGVsmarT joins the table at seat #8 
Ronnie4418: bets $0.22
mullski326: folds 
Uncalled bet ($0.22) returned to Ronnie4418
Ronnie4418 collected $0.59 from pot
Ronnie4418: doesn't show hand 
*** SUMMARY ***
Total pot $0.62 | Rake $0.03 
Board [9s 3h 7s Jc]
Seat 1: turco1152 (small blind) folded before Flop
Seat 2: mullski326 (big blind) folded on the Turn
Seat 3: Dorex2007 folded before Flop (didn't bet)
Seat 5: Ronnie4418 collected ($0.59)
Seat 6: dessa78 (button) folded on the Flop



PokerStars Hand #239001857823:  Hold'em No Limit ($0.02/$0.05 USD) - 2022/10/02 17:20:33 PT [2022/10/02 20:20:33 ET]
Table 'Ceplecha' 9-max Seat #1 is the button
Seat 1: turco1152 ($1.49 in chips) 
Seat 2: mullski326 ($6.05 in chips) 
Seat 3: Dorex2007 ($5.47 in chips) 
Seat 5: Ronnie4418 ($3.55 in chips) 
Seat 6: dessa78 ($5.77 in chips) 
mullski326: posts small blind $0.02
Dorex2007: posts big blind $0.05
sammylb91: sits out 
AGVsmarT: sits out 
*** HOLE CARDS ***
Dealt to Dorex2007 [Tc 8d]
Ronnie4418: folds 
dessa78: raises $0.05 to $0.10
turco1152: folds 
mullski326: folds 
Dorex2007: folds 
Uncalled bet ($0.05) returned to dessa78
dessa78 collected $0.12 from pot
*** SUMMARY ***
Total pot $0.12 | Rake $0 
Seat 1: turco1152 (button) folded before Flop (didn't bet)
Seat 2: mullski326 (small blind) folded before Flop
Seat 3: Dorex2007 (big blind) folded before Flop
Seat 5: Ronnie4418 folded before Flop (didn't bet)
Seat 6: dessa78 collected ($0.12)



PokerStars Hand #239001860323:  Hold'em No Limit ($0.02/$0.05 USD) - 2022/10/02 17:20:45 PT [2022/10/02 20:20:45 ET]
Table 'Ceplecha' 9-max Seat #2 is the button
Seat 1: turco1152 ($1.49 in chips) 
Seat 2: mullski326 ($6.03 in chips) 
Seat 3: Dorex2007 ($5.42 in chips) 
Seat 4: sammylb91 ($2.76 in chips) 
Seat 5: Ronnie4418 ($3.55 in chips) 
Seat 6: dessa78 ($5.84 in chips) 
Dorex2007: posts small blind $0.02
sammylb91: posts big blind $0.05
AGVsmarT: sits out 
*** HOLE CARDS ***
Dealt to Dorex2007 [7h 3d]
Ronnie4418: folds 
dessa78: folds 
turco1152: folds 
mullski326: calls $0.05
Dorex2007: folds 
sammylb91: raises $0.10 to $0.15
mullski326: calls $0.10
*** FLOP *** [Tc Ad 4c]
sammylb91: checks 
mullski326: checks 
*** TURN *** [Tc Ad 4c] [5h]
sammylb91: checks 
mullski326: bets $0.15
sammylb91: calls $0.15
*** RIVER *** [Tc Ad 4c 5h] [2d]
sammylb91: checks 
mullski326: checks 
*** SHOW DOWN ***
sammylb91: shows [Qd Qh] (a pair of Queens)
mullski326: mucks hand 
sammylb91 collected $0.59 from pot
*** SUMMARY ***
Total pot $0.62 | Rake $0.03 
Board [Tc Ad 4c 5h 2d]
Seat 1: turco1152 folded before Flop (didn't bet)
Seat 2: mullski326 (button) mucked [9s Ts]
Seat 3: Dorex2007 (small blind) folded before Flop
Seat 4: sammylb91 (big blind) showed [Qd Qh] and won ($0.59) with a pair of Queens
Seat 5: Ronnie4418 folded before Flop (didn't bet)
Seat 6: dessa78 folded before Flop (didn't bet)



PokerStars Hand #239001872757:  Hold'em No Limit ($0.02/$0.05 USD) - 2022/10/02 17:21:45 PT [2022/10/02 20:21:45 ET]
Table 'Ceplecha' 9-max Seat #3 is the button
Seat 1: turco1152 ($1.49 in chips) 
Seat 2: mullski326 ($5.73 in chips) 
Seat 3: Dorex2007 ($5.40 in chips) 
Seat 4: sammylb91 ($3.05 in chips) 
Seat 5: Ronnie4418 ($3.55 in chips) 
Seat 6: dessa78 ($5.84 in chips) 
sammylb91: posts small blind $0.02
Ronnie4418: posts big blind $0.05
AGVsmarT: sits out 
*** HOLE CARDS ***
Dealt to Dorex2007 [Ts 2h]
dessa78: folds 
turco1152: calls $0.05
mullski326: folds 
Dorex2007: folds 
sammylb91: raises $0.10 to $0.15
Ronnie4418: raises $0.35 to $0.50
turco1152: folds 
sammylb91: calls $0.35
*** FLOP *** [6h 2d Ad]
sammylb91: checks 
Ronnie4418: bets $0.50
sammylb91: calls $0.50
*** TURN *** [6h 2d Ad] [7c]
sammylb91: checks 
Ronnie4418: bets $2.55 and is all-in
sammylb91: calls $2.05 and is all-in
Uncalled bet ($0.50) returned to Ronnie4418
*** RIVER *** [6h 2d Ad 7c] [2s]
*** SHOW DOWN ***
sammylb91: shows [Kd Qd] (a pair of Deuces)
Ronnie4418: shows [Ah Kh] (two pair, Aces and Deuces)
Ronnie4418 collected $5.89 from pot
*** SUMMARY ***
Total pot $6.15 | Rake $0.26 
Board [6h 2d Ad 7c 2s]
Seat 1: turco1152 folded before Flop
Seat 2: mullski326 folded before Flop (didn't bet)
Seat 3: Dorex2007 (button) folded before Flop (didn't bet)
Seat 4: sammylb91 (small blind) showed [Kd Qd] and lost with a pair of Deuces
Seat 5: Ronnie4418 (big blind) showed [Ah Kh] and won ($5.89) with two pair, Aces and Deuces
Seat 6: dessa78 folded before Flop (didn't bet)



PokerStars Hand #239001893636:  Hold'em No Limit ($0.02/$0.05 USD) - 2022/10/02 17:23:26 PT [2022/10/02 20:23:26 ET]
Table 'Ceplecha' 9-max Seat #5 is the button
Seat 1: turco1152 ($1.44 in chips) 
Seat 2: mullski326 ($5.73 in chips) 
Seat 3: Dorex2007 ($5.40 in chips) 
Seat 5: Ronnie4418 ($6.39 in chips) 
Seat 6: dessa78 ($5.84 in chips) 
Seat 8: AGVsmarT ($4 in chips) 
dessa78: posts small blind $0.02
AGVsmarT: posts big blind $0.05
*** HOLE CARDS ***
Dealt to Dorex2007 [4h Ac]
turco1152: folds 
sammylb91 leaves the table
mullski326: folds 
Dorex2007: folds 
Ronnie4418: raises $0.05 to $0.10
End0eugh joins the table at seat #4 
dessa78: calls $0.08
AGVsmarT: calls $0.05
*** FLOP *** [5c 3h 2h]
dessa78: checks 
AGVsmarT: checks 
Ronnie4418: checks 
*** TURN *** [5c 3h 2h] [4s]
dessa78: checks 
AGVsmarT: checks 
Ronnie4418: checks 
*** RIVER *** [5c 3h 2h 4s] [As]
dessa78: checks 
AGVsmarT: checks 
Ronnie4418: checks 
*** SHOW DOWN ***
dessa78: shows [Ad 7d] (a straight, Ace to Five)
AGVsmarT: shows [Jd 2d] (a straight, Ace to Five)
Ronnie4418: shows [Js Kd] (a straight, Ace to Five)
dessa78 collected $0.10 from pot
AGVsmarT collected $0.10 from pot
Ronnie4418 collected $0.09 from pot
abobora71 leaves the table
*** SUMMARY ***
Total pot $0.30 | Rake $0.01 
Board [5c 3h 2h 4s As]
Seat 1: turco1152 folded before Flop (didn't bet)
Seat 2: mullski326 folded before Flop (didn't bet)
Seat 3: Dorex2007 folded before Flop (didn't bet)
Seat 5: Ronnie4418 (button) showed [Js Kd] and won ($0.09) with a straight, Ace to Five
Seat 6: dessa78 (small blind) showed [Ad 7d] and won ($0.10) with a straight, Ace to Five
Seat 8: AGVsmarT (big blind) showed [Jd 2d] and won ($0.10) with a straight, Ace to Five



PokerStars Hand #239001904553:  Hold'em No Limit ($0.02/$0.05 USD) - 2022/10/02 17:24:19 PT [2022/10/02 20:24:19 ET]
Table 'Ceplecha' 9-max Seat #6 is the button
Seat 1: turco1152 ($1.44 in chips) 
Seat 2: mullski326 ($5.73 in chips) 
Seat 3: Dorex2007 ($5.40 in chips) 
Seat 4: End0eugh ($2 in chips) 
Seat 5: Ronnie4418 ($6.38 in chips) 
Seat 6: dessa78 ($5.84 in chips) 
Seat 8: AGVsmarT ($4 in chips) 
AGVsmarT: posts small blind $0.02
turco1152: posts big blind $0.05
End0eugh: posts big blind $0.05
*** HOLE CARDS ***
Dealt to Dorex2007 [Kc Qd]
mullski326: calls $0.05
Dorex2007: calls $0.05
End0eugh: checks 
Ronnie4418: folds 
dessa78: folds 
AGVsmarT: calls $0.03
turco1152: checks 
*** FLOP *** [6c 9s 8d]
notrealy joins the table at seat #7 
AGVsmarT: checks 
turco1152: checks 
mullski326: checks 
Dorex2007: checks 
End0eugh: bets $0.15
AGVsmarT: folds 
turco1152: folds 
mullski326: folds 
Dorex2007: folds 
Uncalled bet ($0.15) returned to End0eugh
End0eugh collected $0.24 from pot
*** SUMMARY ***
Total pot $0.25 | Rake $0.01 
Board [6c 9s 8d]
Seat 1: turco1152 (big blind) folded on the Flop
Seat 2: mullski326 folded on the Flop
Seat 3: Dorex2007 folded on the Flop
Seat 4: End0eugh collected ($0.24)
Seat 5: Ronnie4418 folded before Flop (didn't bet)
Seat 6: dessa78 (button) folded before Flop (didn't bet)
Seat 8: AGVsmarT (small blind) folded on the Flop



PokerStars Hand #239001916812:  Hold'em No Limit ($0.02/$0.05 USD) - 2022/10/02 17:25:19 PT [2022/10/02 20:25:19 ET]
Table 'Ceplecha' 9-max Seat #8 is the button
Seat 1: turco1152 ($1.39 in chips) 
Seat 2: mullski326 ($5.68 in chips) 
Seat 3: Dorex2007 ($5.35 in chips) 
Seat 4: End0eugh ($2.19 in chips) 
Seat 5: Ronnie4418 ($6.38 in chips) 
Seat 6: dessa78 ($5.84 in chips) 
Seat 8: AGVsmarT ($3.95 in chips) 
turco1152: posts small blind $0.02
mullski326: posts big blind $0.05
notrealy: sits out 
*** HOLE CARDS ***
Dealt to Dorex2007 [6s 2c]
Dorex2007: folds 
End0eugh: raises $0.10 to $0.15
Ronnie4418: folds 
dessa78: folds 
AGVsmarT: folds 
turco1152: folds 
mullski326: calls $0.10
*** FLOP *** [4h Td Tc]
mullski326: checks 
End0eugh: bets $0.15
mullski326: folds 
Uncalled bet ($0.15) returned to End0eugh
End0eugh collected $0.31 from pot
*** SUMMARY ***
Total pot $0.32 | Rake $0.01 
Board [4h Td Tc]
Seat 1: turco1152 (small blind) folded before Flop
Seat 2: mullski326 (big blind) folded on the Flop
Seat 3: Dorex2007 folded before Flop (didn't bet)
Seat 4: End0eugh collected ($0.31)
Seat 5: Ronnie4418 folded before Flop (didn't bet)
Seat 6: dessa78 folded before Flop (didn't bet)
Seat 8: AGVsmarT (button) folded before Flop (didn't bet)



PokerStars Hand #239001944214:  Hold'em No Limit ($0.02/$0.05 USD) - 2022/10/02 17:27:36 PT [2022/10/02 20:27:36 ET]
Table 'Ceplecha' 9-max Seat #4 is the button
Seat 1: turco1152 ($1.22 in chips) 
Seat 2: mullski326 ($5.38 in chips) 
Seat 3: Dorex2007 ($5.35 in chips) 
Seat 4: End0eugh ($2.99 in chips) 
Seat 6: dessa78 ($5.14 in chips) 
Seat 7: notrealy ($4.33 in chips) 
Seat 8: AGVsmarT ($3.90 in chips) 
dessa78: posts small blind $0.02
notrealy: posts big blind $0.05
Dorex2007: posts small & big blinds $0.07
*** HOLE CARDS ***
Dealt to Dorex2007 [3d 5d]
AGVsmarT: calls $0.05
turco1152 is disconnected 
dessa78 is disconnected 
turco1152 has timed out while disconnected
turco1152: folds 
mullski326: folds 
Dorex2007: checks 
End0eugh: folds 
dessa78 has timed out while disconnected
dessa78: folds 
notrealy: checks 
*** FLOP *** [Kd 4s 7d]
notrealy: checks 
AGVsmarT: checks 
Dorex2007: checks 
*** TURN *** [Kd 4s 7d] [7c]
notrealy: checks 
AGVsmarT: checks 
Dorex2007: checks 
*** RIVER *** [Kd 4s 7d 7c] [Tc]
notrealy: checks 
AGVsmarT: checks 
Dorex2007: checks 
*** SHOW DOWN ***
notrealy: shows [As Jd] (a pair of Sevens)
AGVsmarT: mucks hand 
Dorex2007: mucks hand 
notrealy collected $0.18 from pot
*** SUMMARY ***
Total pot $0.19 | Rake $0.01 
Board [Kd 4s 7d 7c Tc]
Seat 1: turco1152 folded before Flop (didn't bet)
Seat 2: mullski326 folded before Flop (didn't bet)
Seat 3: Dorex2007 mucked [3d 5d]
Seat 4: End0eugh (button) folded before Flop (didn't bet)
Seat 6: dessa78 (small blind) folded before Flop
Seat 7: notrealy (big blind) showed [As Jd] and won ($0.18) with a pair of Sevens
Seat 8: AGVsmarT mucked [Qs Jc]



PokerStars Hand #239001957122:  Hold'em No Limit ($0.02/$0.05 USD) - 2022/10/02 17:28:40 PT [2022/10/02 20:28:40 ET]
Table 'Ceplecha' 9-max Seat #6 is the button
Seat 2: mullski326 ($5.38 in chips) 
Seat 3: Dorex2007 ($5.28 in chips) 
Seat 4: End0eugh ($2.99 in chips) 
Seat 6: dessa78 ($5.12 in chips) 
Seat 7: notrealy ($4.46 in chips) 
Seat 8: AGVsmarT ($3.85 in chips) 
notrealy: posts small blind $0.02
AGVsmarT: posts big blind $0.05
Ronnie4418: sits out 
*** HOLE CARDS ***
Dealt to Dorex2007 [Kc 5d]
mullski326: folds 
Dorex2007: folds 
End0eugh: raises $0.10 to $0.15
dessa78: calls $0.15
notrealy: calls $0.13
AGVsmarT: folds 
*** FLOP *** [2s Qd 4s]
notrealy: checks 
End0eugh: bets $0.25
dessa78: calls $0.25
notrealy: folds 
*** TURN *** [2s Qd 4s] [9s]
End0eugh: bets $0.55
dessa78: raises $0.55 to $1.10
End0eugh: calls $0.55
*** RIVER *** [2s Qd 4s 9s] [4d]
Ronnie4418 leaves the table
End0eugh: bets $1.49 and is all-in
dessa78: calls $1.49
*** SHOW DOWN ***
End0eugh: shows [Ah As] (two pair, Aces and Fours)
dessa78: shows [Ks Ts] (a flush, King high)
dessa78 collected $5.92 from pot
*** SUMMARY ***
Total pot $6.18 | Rake $0.26 
Board [2s Qd 4s 9s 4d]
Seat 2: mullski326 folded before Flop (didn't bet)
Seat 3: Dorex2007 folded before Flop (didn't bet)
Seat 4: End0eugh showed [Ah As] and lost with two pair, Aces and Fours
Seat 6: dessa78 (button) showed [Ks Ts] and won ($5.92) with a flush, King high
Seat 7: notrealy (small blind) folded on the Flop
Seat 8: AGVsmarT (big blind) folded before Flop



PokerStars Hand #239001974030:  Hold'em No Limit ($0.02/$0.05 USD) - 2022/10/02 17:30:04 PT [2022/10/02 20:30:04 ET]
Table 'Ceplecha' 9-max Seat #7 is the button
Seat 1: turco1152 ($1.22 in chips) 
Seat 2: mullski326 ($5.38 in chips) 
Seat 3: Dorex2007 ($5.28 in chips) 
Seat 6: dessa78 ($8.05 in chips) 
Seat 7: notrealy ($4.31 in chips) 
Seat 8: AGVsmarT ($3.80 in chips) 
AGVsmarT: posts small blind $0.02
turco1152: posts big blind $0.05
*** HOLE CARDS ***
Dealt to Dorex2007 [9h 6h]
mullski326: folds 
Dorex2007: folds 
dessa78: folds 
notrealy: folds 
AGVsmarT: calls $0.03
turco1152: checks 
*** FLOP *** [8h Ad 9s]
AGVsmarT: bets $0.05
turco1152: folds 
Uncalled bet ($0.05) returned to AGVsmarT
AGVsmarT collected $0.10 from pot
*** SUMMARY ***
Total pot $0.10 | Rake $0 
Board [8h Ad 9s]
Seat 1: turco1152 (big blind) folded on the Flop
Seat 2: mullski326 folded before Flop (didn't bet)
Seat 3: Dorex2007 folded before Flop (didn't bet)
Seat 6: dessa78 folded before Flop (didn't bet)
Seat 7: notrealy (button) folded before Flop (didn't bet)
Seat 8: AGVsmarT (small blind) collected ($0.10)



PokerStars Hand #239001983831:  Hold'em No Limit ($0.02/$0.05 USD) - 2022/10/02 17:30:54 PT [2022/10/02 20:30:54 ET]
Table 'Ceplecha' 9-max Seat #8 is the button
Seat 1: turco1152 ($1.17 in chips) 
Seat 2: mullski326 ($5.38 in chips) 
Seat 3: Dorex2007 ($5.28 in chips) 
Seat 4: End0eugh ($3 in chips) 
Seat 6: dessa78 ($8.05 in chips) 
Seat 7: notrealy ($4.31 in chips) 
Seat 8: AGVsmarT ($3.85 in chips) 
turco1152: posts small blind $0.02
mullski326: posts big blind $0.05
*** HOLE CARDS ***
Dealt to Dorex2007 [Qd 3d]
Dorex2007: folds 
End0eugh: folds 
dessa78: folds 
notrealy: calls $0.05
AGVsmarT: calls $0.05
maksim-2003 joins the table at seat #5 
turco1152: raises $0.10 to $0.15
mullski326: calls $0.10
notrealy: calls $0.10
AGVsmarT: folds 
*** FLOP *** [Jc Tc 4c]
turco1152: checks 
mullski326: checks 
notrealy: bets $0.48
turco1152: raises $0.54 to $1.02 and is all-in
mullski326: raises $4.21 to $5.23 and is all-in
notrealy: folds 
Uncalled bet ($4.21) returned to mullski326
*** TURN *** [Jc Tc 4c] [2d]
*** RIVER *** [Jc Tc 4c 2d] [4d]
*** SHOW DOWN ***
turco1152: shows [Qc Kh] (a pair of Fours)
mullski326: shows [Td Js] (two pair, Jacks and Tens)
mullski326 collected $2.89 from pot
*** SUMMARY ***
Total pot $3.02 | Rake $0.13 
Board [Jc Tc 4c 2d 4d]
Seat 1: turco1152 (small blind) showed [Qc Kh] and lost with a pair of Fours
Seat 2: mullski326 (big blind) showed [Td Js] and won ($2.89) with two pair, Jacks and Tens
Seat 3: Dorex2007 folded before Flop (didn't bet)
Seat 4: End0eugh folded before Flop (didn't bet)
Seat 6: dessa78 folded before Flop (didn't bet)
Seat 7: notrealy folded on the Flop
Seat 8: AGVsmarT (button) folded before Flop



PokerStars Hand #239002000164:  Hold'em No Limit ($0.02/$0.05 USD) - 2022/10/02 17:32:16 PT [2022/10/02 20:32:16 ET]
Table 'Ceplecha' 9-max Seat #2 is the button
Seat 2: mullski326 ($7.10 in chips) 
Seat 3: Dorex2007 ($5.28 in chips) 
Seat 4: End0eugh ($3 in chips) 
Seat 6: dessa78 ($8.05 in chips) 
Seat 7: notrealy ($3.68 in chips) 
Seat 8: AGVsmarT ($3.80 in chips) 
Dorex2007: posts small blind $0.02
End0eugh: posts big blind $0.05
maksim-2003: sits out 
*** HOLE CARDS ***
Dealt to Dorex2007 [7d 6d]
dessa78 has timed out
dessa78: folds 
notrealy: raises $0.10 to $0.15
AGVsmarT: folds 
mullski326: folds 
Dorex2007: folds 
End0eugh: folds 
Uncalled bet ($0.10) returned to notrealy
notrealy collected $0.12 from pot
*** SUMMARY ***
Total pot $0.12 | Rake $0 
Seat 2: mullski326 (button) folded before Flop (didn't bet)
Seat 3: Dorex2007 (small blind) folded before Flop
Seat 4: End0eugh (big blind) folded before Flop
Seat 6: dessa78 folded before Flop (didn't bet)
Seat 7: notrealy collected ($0.12)
Seat 8: AGVsmarT folded before Flop (didn't bet)



PokerStars Hand #239002005331:  Hold'em No Limit ($0.02/$0.05 USD) - 2022/10/02 17:32:42 PT [2022/10/02 20:32:42 ET]
Table 'Ceplecha' 9-max Seat #3 is the button
Seat 1: turco1152 ($2 in chips) 
Seat 2: mullski326 ($7.10 in chips) 
Seat 3: Dorex2007 ($5.26 in chips) 
Seat 4: End0eugh ($2.95 in chips) 
Seat 5: maksim-2003 ($5 in chips) 
Seat 6: dessa78 ($8.05 in chips) 
Seat 7: notrealy ($3.75 in chips) 
Seat 8: AGVsmarT ($3.80 in chips) 
End0eugh: posts small blind $0.02
maksim-2003: posts big blind $0.05
*** HOLE CARDS ***
Dealt to Dorex2007 [8h Js]
dessa78: folds 
notrealy: calls $0.05
AGVsmarT: calls $0.05
turco1152: folds 
mullski326: folds 
Dorex2007: folds 
End0eugh: folds 
maksim-2003: checks 
*** FLOP *** [7s 3s 5s]
maksim-2003: checks 
notrealy: bets $0.16
AGVsmarT: calls $0.16
maksim-2003: folds 
*** TURN *** [7s 3s 5s] [6c]
notrealy: bets $0.47
AGVsmarT: calls $0.47
*** RIVER *** [7s 3s 5s 6c] [Kc]
notrealy: bets $0.68
AGVsmarT: calls $0.68
*** SHOW DOWN ***
notrealy: shows [As 4h] (a straight, Three to Seven)
AGVsmarT: shows [8c 9d] (a straight, Five to Nine)
AGVsmarT collected $2.67 from pot
*** SUMMARY ***
Total pot $2.79 | Rake $0.12 
Board [7s 3s 5s 6c Kc]
Seat 1: turco1152 folded before Flop (didn't bet)
Seat 2: mullski326 folded before Flop (didn't bet)
Seat 3: Dorex2007 (button) folded before Flop (didn't bet)
Seat 4: End0eugh (small blind) folded before Flop
Seat 5: maksim-2003 (big blind) folded on the Flop
Seat 6: dessa78 folded before Flop (didn't bet)
Seat 7: notrealy showed [As 4h] and lost with a straight, Three to Seven
Seat 8: AGVsmarT showed [8c 9d] and won ($2.67) with a straight, Five to Nine



PokerStars Hand #239002014622:  Hold'em No Limit ($0.02/$0.05 USD) - 2022/10/02 17:33:29 PT [2022/10/02 20:33:29 ET]
Table 'Ceplecha' 9-max Seat #4 is the button
Seat 1: turco1152 ($2 in chips) 
Seat 2: mullski326 ($7.10 in chips) 
Seat 3: Dorex2007 ($5.26 in chips) 
Seat 4: End0eugh ($2.93 in chips) 
Seat 5: maksim-2003 ($5 in chips) 
Seat 6: dessa78 ($8.05 in chips) 
Seat 7: notrealy ($2.39 in chips) 
Seat 8: AGVsmarT ($5.11 in chips) 
maksim-2003: posts small blind $0.02
dessa78: posts big blind $0.05
*** HOLE CARDS ***
Dealt to Dorex2007 [2d 3c]
notrealy: calls $0.05
AGVsmarT: folds 
turco1152: folds 
mullski326: calls $0.05
Dorex2007: folds 
End0eugh: raises $0.15 to $0.20
maksim-2003: folds 
dessa78: folds 
notrealy: calls $0.15
mullski326: calls $0.15
*** FLOP *** [6h 4s Qh]
notrealy: checks 
mullski326: checks 
End0eugh: bets $0.30
notrealy: folds 
mullski326: folds 
Uncalled bet ($0.30) returned to End0eugh
End0eugh collected $0.64 from pot
*** SUMMARY ***
Total pot $0.67 | Rake $0.03 
Board [6h 4s Qh]
Seat 1: turco1152 folded before Flop (didn't bet)
Seat 2: mullski326 folded on the Flop
Seat 3: Dorex2007 folded before Flop (didn't bet)
Seat 4: End0eugh (button) collected ($0.64)
Seat 5: maksim-2003 (small blind) folded before Flop
Seat 6: dessa78 (big blind) folded before Flop
Seat 7: notrealy folded on the Flop
Seat 8: AGVsmarT folded before Flop (didn't bet)



PokerStars Hand #239002025039:  Hold'em No Limit ($0.02/$0.05 USD) - 2022/10/02 17:34:22 PT [2022/10/02 20:34:22 ET]
Table 'Ceplecha' 9-max Seat #5 is the button
Seat 1: turco1152 ($2 in chips) 
Seat 2: mullski326 ($6.90 in chips) 
Seat 3: Dorex2007 ($5.26 in chips) 
Seat 4: End0eugh ($3.37 in chips) 
Seat 5: maksim-2003 ($5 in chips) 
Seat 6: dessa78 ($8 in chips) 
Seat 7: notrealy ($2.19 in chips) 
Seat 8: AGVsmarT ($5.11 in chips) 
dessa78: posts small blind $0.02
notrealy: posts big blind $0.05
*** HOLE CARDS ***
Dealt to Dorex2007 [Jc 5d]
AGVsmarT: calls $0.05
turco1152: folds 
mullski326: folds 
Dorex2007: folds 
End0eugh: folds 
maksim-2003: folds 
dessa78: folds 
notrealy: checks 
*** FLOP *** [3c Qs Qd]
notrealy: checks 
AGVsmarT: checks 
*** TURN *** [3c Qs Qd] [Ts]
notrealy: checks 
AGVsmarT: bets $0.05
notrealy: calls $0.05
*** RIVER *** [3c Qs Qd Ts] [Jd]
notrealy: checks 
AGVsmarT: checks 
*** SHOW DOWN ***
notrealy: shows [9h Ks] (a straight, Nine to King)
AGVsmarT: mucks hand 
notrealy collected $0.21 from pot
*** SUMMARY ***
Total pot $0.22 | Rake $0.01 
Board [3c Qs Qd Ts Jd]
Seat 1: turco1152 folded before Flop (didn't bet)
Seat 2: mullski326 folded before Flop (didn't bet)
Seat 3: Dorex2007 folded before Flop (didn't bet)
Seat 4: End0eugh folded before Flop (didn't bet)
Seat 5: maksim-2003 (button) folded before Flop (didn't bet)
Seat 6: dessa78 (small blind) folded before Flop
Seat 7: notrealy (big blind) showed [9h Ks] and won ($0.21) with a straight, Nine to King
Seat 8: AGVsmarT mucked [6c Tc]



PokerStars Hand #239002035532:  Hold'em No Limit ($0.02/$0.05 USD) - 2022/10/02 17:35:15 PT [2022/10/02 20:35:15 ET]
Table 'Ceplecha' 9-max Seat #6 is the button
Seat 1: turco1152 ($2 in chips) 
Seat 2: mullski326 ($6.90 in chips) 
Seat 3: Dorex2007 ($5.26 in chips) 
Seat 4: End0eugh ($3.37 in chips) 
Seat 5: maksim-2003 ($5 in chips) 
Seat 6: dessa78 ($7.98 in chips) 
Seat 7: notrealy ($2.30 in chips) 
Seat 8: AGVsmarT ($5.01 in chips) 
notrealy: posts small blind $0.02
AGVsmarT: posts big blind $0.05
*** HOLE CARDS ***
Dealt to Dorex2007 [7s Jd]
turco1152: folds 
turco1152 leaves the table
mullski326: calls $0.05
Dorex2007: folds 
End0eugh: folds 
maksim-2003: calls $0.05
dessa78: raises $0.10 to $0.15
End0eugh leaves the table
notrealy: calls $0.13
AGVsmarT: folds 
mullski326: calls $0.10
maksim-2003: calls $0.10
*** FLOP *** [2d Qc 4h]
notrealy: checks 
mullski326: checks 
maksim-2003: checks 
dimobr0703 joins the table at seat #1 
dessa78: checks 
*** TURN *** [2d Qc 4h] [3h]
notrealy: checks 
mullski326: checks 
maksim-2003: checks 
dessa78: checks 
*** RIVER *** [2d Qc 4h 3h] [As]
notrealy: checks 
mullski326: checks 
maksim-2003: checks 
dessa78: checks 
*** SHOW DOWN ***
notrealy: shows [Tc Jh] (high card Ace)
fantasy2021 joins the table at seat #4 
mullski326: mucks hand 
maksim-2003: shows [Ac 3c] (two pair, Aces and Threes)
dessa78: mucks hand 
maksim-2003 collected $0.62 from pot
*** SUMMARY ***
Total pot $0.65 | Rake $0.03 
Board [2d Qc 4h 3h As]
Seat 1: turco1152 folded before Flop (didn't bet)
Seat 2: mullski326 mucked [Jc 9c]
Seat 3: Dorex2007 folded before Flop (didn't bet)
Seat 4: End0eugh folded before Flop (didn't bet)
Seat 5: maksim-2003 showed [Ac 3c] and won ($0.62) with two pair, Aces and Threes
Seat 6: dessa78 (button) mucked [Td Ad]
Seat 7: notrealy (small blind) showed [Tc Jh] and lost with high card Ace
Seat 8: AGVsmarT (big blind) folded before Flop



PokerStars Hand #239002054115:  Hold'em No Limit ($0.02/$0.05 USD) - 2022/10/02 17:36:50 PT [2022/10/02 20:36:50 ET]
Table 'Ceplecha' 9-max Seat #7 is the button
Seat 1: dimobr0703 ($5 in chips) 
Seat 2: mullski326 ($6.75 in chips) 
Seat 3: Dorex2007 ($5.26 in chips) 
Seat 4: fantasy2021 ($3.62 in chips) 
Seat 5: maksim-2003 ($5.47 in chips) 
Seat 6: dessa78 ($7.83 in chips) 
Seat 7: notrealy ($2.15 in chips) 
Seat 8: AGVsmarT ($4.96 in chips) 
AGVsmarT: posts small blind $0.02
dimobr0703: posts big blind $0.05
fantasy2021: posts big blind $0.05
*** HOLE CARDS ***
Dealt to Dorex2007 [8d 3h]
mullski326: folds 
Dorex2007: folds 
fantasy2021: checks 
maksim-2003: folds 
dessa78: folds 
notrealy: folds 
AGVsmarT: raises $0.15 to $0.20
dimobr0703: calls $0.15
fantasy2021: calls $0.15
*** FLOP *** [6s 7c Jd]
AGVsmarT: bets $0.10
dimobr0703: raises $0.39 to $0.49
fantasy2021: folds 
AGVsmarT: folds 
Uncalled bet ($0.39) returned to dimobr0703
dimobr0703 collected $0.77 from pot
tutanpoker leaves the table
dimobr0703: doesn't show hand 
*** SUMMARY ***
Total pot $0.80 | Rake $0.03 
Board [6s 7c Jd]
Seat 1: dimobr0703 (big blind) collected ($0.77)
Seat 2: mullski326 folded before Flop (didn't bet)
Seat 3: Dorex2007 folded before Flop (didn't bet)
Seat 4: fantasy2021 folded on the Flop
Seat 5: maksim-2003 folded before Flop (didn't bet)
Seat 6: dessa78 folded before Flop (didn't bet)
Seat 7: notrealy (button) folded before Flop (didn't bet)
Seat 8: AGVsmarT (small blind) folded on the Flop



PokerStars Hand #239002062775:  Hold'em No Limit ($0.02/$0.05 USD) - 2022/10/02 17:37:35 PT [2022/10/02 20:37:35 ET]
Table 'Ceplecha' 9-max Seat #8 is the button
Seat 1: dimobr0703 ($5.47 in chips) 
Seat 2: mullski326 ($6.75 in chips) 
Seat 3: Dorex2007 ($5.26 in chips) 
Seat 4: fantasy2021 ($3.42 in chips) 
Seat 5: maksim-2003 ($5.47 in chips) 
Seat 6: dessa78 ($7.83 in chips) 
Seat 7: notrealy ($2.15 in chips) 
Seat 8: AGVsmarT ($4.66 in chips) 
dimobr0703: posts small blind $0.02
mullski326: posts big blind $0.05
*** HOLE CARDS ***
Dealt to Dorex2007 [6s 7s]
agustin10442 joins the table at seat #9 
Dorex2007: folds 
fantasy2021: raises $0.15 to $0.20
maksim-2003: folds 
dessa78: folds 
notrealy: calls $0.20
AGVsmarT: folds 
dimobr0703: folds 
mullski326: folds 
*** FLOP *** [8d 4d Jd]
fantasy2021: bets $0.45
notrealy: folds 
Uncalled bet ($0.45) returned to fantasy2021
fantasy2021 collected $0.45 from pot
fantasy2021: doesn't show hand 
*** SUMMARY ***
Total pot $0.47 | Rake $0.02 
Board [8d 4d Jd]
Seat 1: dimobr0703 (small blind) folded before Flop
Seat 2: mullski326 (big blind) folded before Flop
Seat 3: Dorex2007 folded before Flop (didn't bet)
Seat 4: fantasy2021 collected ($0.45)
Seat 5: maksim-2003 folded before Flop (didn't bet)
Seat 6: dessa78 folded before Flop (didn't bet)
Seat 7: notrealy folded on the Flop
Seat 8: AGVsmarT (button) folded before Flop (didn't bet)



PokerStars Hand #239002071064:  Hold'em No Limit ($0.02/$0.05 USD) - 2022/10/02 17:38:17 PT [2022/10/02 20:38:17 ET]
Table 'Ceplecha' 9-max Seat #1 is the button
Seat 1: dimobr0703 ($5.45 in chips) 
Seat 2: mullski326 ($6.70 in chips) 
Seat 3: Dorex2007 ($5.26 in chips) 
Seat 4: fantasy2021 ($3.67 in chips) 
Seat 5: maksim-2003 ($5.47 in chips) 
Seat 6: dessa78 ($7.83 in chips) 
Seat 7: notrealy ($1.95 in chips) 
Seat 8: AGVsmarT ($4.66 in chips) 
Seat 9: agustin10442 ($2.08 in chips) 
mullski326: posts small blind $0.02
Dorex2007: posts big blind $0.05
agustin10442: posts big blind $0.05
*** HOLE CARDS ***
Dealt to Dorex2007 [Ad 4c]
fantasy2021: raises $0.10 to $0.15
maksim-2003: folds 
dessa78: folds 
notrealy: calls $0.15
AGVsmarT: calls $0.15
agustin10442: calls $0.10
dimobr0703: calls $0.15
mullski326: folds 
Dorex2007: folds 
*** FLOP *** [Jc Kc 4h]
fantasy2021: bets $0.30
notrealy: folds 
AGVsmarT: folds 
agustin10442: calls $0.30
dimobr0703: folds 
*** TURN *** [Jc Kc 4h] [Td]
fantasy2021: bets $0.30
agustin10442: calls $0.30
*** RIVER *** [Jc Kc 4h Td] [2c]
fantasy2021: bets $0.30
agustin10442: raises $0.30 to $0.60
fantasy2021: calls $0.30
*** SHOW DOWN ***
agustin10442: shows [Tc 7c] (a flush, King high)
fantasy2021: mucks hand 
agustin10442 collected $3.09 from pot
*** SUMMARY ***
Total pot $3.22 | Rake $0.13 
Board [Jc Kc 4h Td 2c]
Seat 1: dimobr0703 (button) folded on the Flop
Seat 2: mullski326 (small blind) folded before Flop
Seat 3: Dorex2007 (big blind) folded before Flop
Seat 4: fantasy2021 mucked [Kd 5d]
Seat 5: maksim-2003 folded before Flop (didn't bet)
Seat 6: dessa78 folded before Flop (didn't bet)
Seat 7: notrealy folded on the Flop
Seat 8: AGVsmarT folded on the Flop
Seat 9: agustin10442 showed [Tc 7c] and won ($3.09) with a flush, King high



PokerStars Hand #239002087586:  Hold'em No Limit ($0.02/$0.05 USD) - 2022/10/02 17:39:42 PT [2022/10/02 20:39:42 ET]
Table 'Ceplecha' 9-max Seat #2 is the button
Seat 1: dimobr0703 ($5.30 in chips) 
Seat 2: mullski326 ($6.68 in chips) 
Seat 3: Dorex2007 ($5.21 in chips) 
Seat 4: fantasy2021 ($2.32 in chips) 
Seat 5: maksim-2003 ($5.47 in chips) 
Seat 6: dessa78 ($7.83 in chips) 
Seat 7: notrealy ($3.80 in chips) 
Seat 8: AGVsmarT ($4.51 in chips) 
Seat 9: agustin10442 ($3.82 in chips) 
Dorex2007: posts small blind $0.02
fantasy2021: posts big blind $0.05
*** HOLE CARDS ***
Dealt to Dorex2007 [5s Js]
maksim-2003: folds 
dessa78: folds 
notrealy: folds 
AGVsmarT: calls $0.05
agustin10442: folds 
dimobr0703: folds 
mullski326: folds 
Dorex2007: folds 
fantasy2021: checks 
*** FLOP *** [Qd 4c 6c]
fantasy2021: bets $0.12
AGVsmarT: calls $0.12
*** TURN *** [Qd 4c 6c] [Ts]
fantasy2021: bets $0.35
AGVsmarT: calls $0.35
*** RIVER *** [Qd 4c 6c Ts] [Tc]
fantasy2021: bets $0.51
AGVsmarT: folds 
Uncalled bet ($0.51) returned to fantasy2021
fantasy2021 collected $1.01 from pot
fantasy2021: doesn't show hand 
*** SUMMARY ***
Total pot $1.06 | Rake $0.05 
Board [Qd 4c 6c Ts Tc]
Seat 1: dimobr0703 folded before Flop (didn't bet)
Seat 2: mullski326 (button) folded before Flop (didn't bet)
Seat 3: Dorex2007 (small blind) folded before Flop
Seat 4: fantasy2021 (big blind) collected ($1.01)
Seat 5: maksim-2003 folded before Flop (didn't bet)
Seat 6: dessa78 folded before Flop (didn't bet)
Seat 7: notrealy folded before Flop (didn't bet)
Seat 8: AGVsmarT folded on the River
Seat 9: agustin10442 folded before Flop (didn't bet)



PokerStars Hand #239002096461:  Hold'em No Limit ($0.02/$0.05 USD) - 2022/10/02 17:40:28 PT [2022/10/02 20:40:28 ET]
Table 'Ceplecha' 9-max Seat #3 is the button
Seat 1: dimobr0703 ($5.30 in chips) 
Seat 2: mullski326 ($6.68 in chips) 
Seat 3: Dorex2007 ($5.19 in chips) 
Seat 4: fantasy2021 ($2.81 in chips) 
Seat 5: maksim-2003 ($5.47 in chips) 
Seat 6: dessa78 ($7.83 in chips) 
Seat 7: notrealy ($3.80 in chips) 
Seat 8: AGVsmarT ($3.99 in chips) 
Seat 9: agustin10442 ($3.82 in chips) 
fantasy2021: posts small blind $0.02
maksim-2003: posts big blind $0.05
*** HOLE CARDS ***
Dealt to Dorex2007 [Jd 4d]
dessa78: folds 
notrealy: folds 
AGVsmarT: folds 
agustin10442: folds 
dimobr0703: folds 
mullski326: folds 
Dorex2007: folds 
fantasy2021: raises $0.10 to $0.15
maksim-2003: calls $0.10
*** FLOP *** [7d 9d 3d]
fantasy2021: bets $0.29
maksim-2003: folds 
Uncalled bet ($0.29) returned to fantasy2021
fantasy2021 collected $0.29 from pot
fantasy2021: doesn't show hand 
*** SUMMARY ***
Total pot $0.30 | Rake $0.01 
Board [7d 9d 3d]
Seat 1: dimobr0703 folded before Flop (didn't bet)
Seat 2: mullski326 folded before Flop (didn't bet)
Seat 3: Dorex2007 (button) folded before Flop (didn't bet)
Seat 4: fantasy2021 (small blind) collected ($0.29)
Seat 5: maksim-2003 (big blind) folded on the Flop
Seat 6: dessa78 folded before Flop (didn't bet)
Seat 7: notrealy folded before Flop (didn't bet)
Seat 8: AGVsmarT folded before Flop (didn't bet)
Seat 9: agustin10442 folded before Flop (didn't bet)



PokerStars Hand #239002103219:  Hold'em No Limit ($0.02/$0.05 USD) - 2022/10/02 17:41:04 PT [2022/10/02 20:41:04 ET]
Table 'Ceplecha' 9-max Seat #4 is the button
Seat 1: dimobr0703 ($5.30 in chips) 
Seat 2: mullski326 ($6.68 in chips) 
Seat 3: Dorex2007 ($5.19 in chips) 
Seat 4: fantasy2021 ($2.95 in chips) 
Seat 5: maksim-2003 ($5.32 in chips) 
Seat 6: dessa78 ($7.83 in chips) 
Seat 7: notrealy ($3.80 in chips) 
Seat 8: AGVsmarT ($3.99 in chips) 
Seat 9: agustin10442 ($3.82 in chips) 
maksim-2003: posts small blind $0.02
dessa78: posts big blind $0.05
*** HOLE CARDS ***
Dealt to Dorex2007 [Qs 4c]
notrealy: calls $0.05
AGVsmarT: raises $0.17 to $0.22
agustin10442: folds 
dimobr0703: calls $0.22
mullski326: calls $0.22
Dorex2007: folds 
fantasy2021: folds 
maksim-2003: folds 
dessa78: folds 
notrealy: calls $0.17
*** FLOP *** [Ac 5s Th]
notrealy: checks 
AGVsmarT: bets $0.20
dimobr0703: folds 
mullski326: calls $0.20
notrealy: folds 
*** TURN *** [Ac 5s Th] [Ks]
AGVsmarT: bets $0.25
mullski326: calls $0.25
*** RIVER *** [Ac 5s Th Ks] [3c]
AGVsmarT: checks 
mullski326: checks 
*** SHOW DOWN ***
AGVsmarT: shows [Js Jd] (a pair of Jacks)
mullski326: mucks hand 
AGVsmarT collected $1.77 from pot
*** SUMMARY ***
Total pot $1.85 | Rake $0.08 
Board [Ac 5s Th Ks 3c]
Seat 1: dimobr0703 folded on the Flop
Seat 2: mullski326 mucked [Td Jc]
Seat 3: Dorex2007 folded before Flop (didn't bet)
Seat 4: fantasy2021 (button) folded before Flop (didn't bet)
Seat 5: maksim-2003 (small blind) folded before Flop
Seat 6: dessa78 (big blind) folded before Flop
Seat 7: notrealy folded on the Flop
Seat 8: AGVsmarT showed [Js Jd] and won ($1.77) with a pair of Jacks
Seat 9: agustin10442 folded before Flop (didn't bet)



PokerStars Hand #239002119439:  Hold'em No Limit ($0.02/$0.05 USD) - 2022/10/02 17:42:29 PT [2022/10/02 20:42:29 ET]
Table 'Ceplecha' 9-max Seat #5 is the button
Seat 1: dimobr0703 ($5.08 in chips) 
Seat 2: mullski326 ($6.01 in chips) 
Seat 3: Dorex2007 ($5.19 in chips) 
Seat 4: fantasy2021 ($2.95 in chips) 
Seat 5: maksim-2003 ($5.30 in chips) 
Seat 6: dessa78 ($7.78 in chips) 
Seat 7: notrealy ($3.58 in chips) 
Seat 8: AGVsmarT ($5.09 in chips) 
Seat 9: agustin10442 ($3.82 in chips) 
dessa78: posts small blind $0.02
notrealy: posts big blind $0.05
*** HOLE CARDS ***
Dealt to Dorex2007 [Kc 6s]
AGVsmarT: folds 
agustin10442: calls $0.05
dimobr0703: raises $0.10 to $0.15
mullski326: folds 
Dorex2007: folds 
fantasy2021: folds 
fantasy2021 leaves the table
maksim-2003: folds 
dessa78: folds 
syk819kf joins the table at seat #4 
notrealy: folds 
agustin10442: calls $0.10
*** FLOP *** [8s Ts Ks]
agustin10442: checks 
dimobr0703: bets $0.17
agustin10442: folds 
Uncalled bet ($0.17) returned to dimobr0703
dimobr0703 collected $0.35 from pot
*** SUMMARY ***
Total pot $0.37 | Rake $0.02 
Board [8s Ts Ks]
Seat 1: dimobr0703 collected ($0.35)
Seat 2: mullski326 folded before Flop (didn't bet)
Seat 3: Dorex2007 folded before Flop (didn't bet)
Seat 4: fantasy2021 folded before Flop (didn't bet)
Seat 5: maksim-2003 (button) folded before Flop (didn't bet)
Seat 6: dessa78 (small blind) folded before Flop
Seat 7: notrealy (big blind) folded before Flop
Seat 8: AGVsmarT folded before Flop (didn't bet)
Seat 9: agustin10442 folded on the Flop



PokerStars Hand #239002128444:  Hold'em No Limit ($0.02/$0.05 USD) - 2022/10/02 17:43:17 PT [2022/10/02 20:43:17 ET]
Table 'Ceplecha' 9-max Seat #6 is the button
Seat 1: dimobr0703 ($5.28 in chips) 
Seat 2: mullski326 ($6.01 in chips) 
Seat 3: Dorex2007 ($5.19 in chips) 
Seat 5: maksim-2003 ($5.30 in chips) 
Seat 6: dessa78 ($7.76 in chips) 
Seat 7: notrealy ($3.53 in chips) 
Seat 8: AGVsmarT ($5.09 in chips) 
Seat 9: agustin10442 ($3.67 in chips) 
notrealy: posts small blind $0.02
AGVsmarT: posts big blind $0.05
syk819kf: sits out 
*** HOLE CARDS ***
Dealt to Dorex2007 [Jc 8h]
agustin10442: folds 
dimobr0703: calls $0.05
mullski326: folds 
Dorex2007: folds 
maksim-2003: calls $0.05
dessa78: folds 
notrealy: calls $0.03
AGVsmarT: checks 
*** FLOP *** [9h Ad Kh]
notrealy: checks 
AGVsmarT: checks 
dimobr0703: checks 
maksim-2003: checks 
*** TURN *** [9h Ad Kh] [9d]
notrealy: bets $0.19
AGVsmarT: folds 
dimobr0703: calls $0.19
maksim-2003: folds 
*** RIVER *** [9h Ad Kh 9d] [Tc]
notrealy: bets $0.28
dimobr0703: folds 
Uncalled bet ($0.28) returned to notrealy
notrealy collected $0.56 from pot
*** SUMMARY ***
Total pot $0.58 | Rake $0.02 
Board [9h Ad Kh 9d Tc]
Seat 1: dimobr0703 folded on the River
Seat 2: mullski326 folded before Flop (didn't bet)
Seat 3: Dorex2007 folded before Flop (didn't bet)
Seat 5: maksim-2003 folded on the Turn
Seat 6: dessa78 (button) folded before Flop (didn't bet)
Seat 7: notrealy (small blind) collected ($0.56)
Seat 8: AGVsmarT (big blind) folded on the Turn
Seat 9: agustin10442 folded before Flop (didn't bet)



PokerStars Hand #239002139024:  Hold'em No Limit ($0.02/$0.05 USD) - 2022/10/02 17:44:14 PT [2022/10/02 20:44:14 ET]
Table 'Ceplecha' 9-max Seat #7 is the button
Seat 1: dimobr0703 ($5.04 in chips) 
Seat 2: mullski326 ($6.01 in chips) 
Seat 3: Dorex2007 ($5.19 in chips) 
Seat 5: maksim-2003 ($5.25 in chips) 
Seat 6: dessa78 ($7.76 in chips) 
Seat 7: notrealy ($3.85 in chips) 
Seat 8: AGVsmarT ($5.04 in chips) 
Seat 9: agustin10442 ($3.67 in chips) 
AGVsmarT: posts small blind $0.02
agustin10442: posts big blind $0.05
syk819kf: sits out 
*** HOLE CARDS ***
Dealt to Dorex2007 [3d 7d]
dimobr0703: calls $0.05
mullski326: raises $0.10 to $0.15
Dorex2007: folds 
maksim-2003: folds 
dessa78: folds 
notrealy: folds 
AGVsmarT: folds 
agustin10442: folds 
dimobr0703: calls $0.10
*** FLOP *** [Ks 7h 5d]
dimobr0703: checks 
mullski326: checks 
*** TURN *** [Ks 7h 5d] [4c]
dimobr0703: checks 
mullski326: bets $0.17
dimobr0703: calls $0.17
*** RIVER *** [Ks 7h 5d 4c] [9c]
dimobr0703: checks 
mullski326: checks 
*** SHOW DOWN ***
dimobr0703: shows [8s As] (high card Ace)
mullski326: shows [Td Tc] (a pair of Tens)
mullski326 collected $0.68 from pot
*** SUMMARY ***
Total pot $0.71 | Rake $0.03 
Board [Ks 7h 5d 4c 9c]
Seat 1: dimobr0703 showed [8s As] and lost with high card Ace
Seat 2: mullski326 showed [Td Tc] and won ($0.68) with a pair of Tens
Seat 3: Dorex2007 folded before Flop (didn't bet)
Seat 5: maksim-2003 folded before Flop (didn't bet)
Seat 6: dessa78 folded before Flop (didn't bet)
Seat 7: notrealy (button) folded before Flop (didn't bet)
Seat 8: AGVsmarT (small blind) folded before Flop
Seat 9: agustin10442 (big blind) folded before Flop



PokerStars Hand #239002147016:  Hold'em No Limit ($0.02/$0.05 USD) - 2022/10/02 17:44:57 PT [2022/10/02 20:44:57 ET]
Table 'Ceplecha' 9-max Seat #8 is the button
Seat 1: dimobr0703 ($4.72 in chips) 
Seat 2: mullski326 ($6.37 in chips) 
Seat 3: Dorex2007 ($5.19 in chips) 
Seat 5: maksim-2003 ($5.25 in chips) 
Seat 6: dessa78 ($7.76 in chips) 
Seat 7: notrealy ($3.85 in chips) 
Seat 8: AGVsmarT ($5.02 in chips) 
Seat 9: agustin10442 ($3.62 in chips) 
agustin10442: posts small blind $0.02
dimobr0703: posts big blind $0.05
syk819kf: sits out 
*** HOLE CARDS ***
Dealt to Dorex2007 [Ks 8c]
mullski326: folds 
Dorex2007: folds 
maksim-2003: raises $0.07 to $0.12
dessa78: folds 
notrealy: raises $0.31 to $0.43
AGVsmarT: folds 
agustin10442: folds 
dimobr0703: folds 
maksim-2003: folds 
Uncalled bet ($0.31) returned to notrealy
agustin10442 leaves the table
notrealy collected $0.31 from pot
*** SUMMARY ***
Total pot $0.31 | Rake $0 
Seat 1: dimobr0703 (big blind) folded before Flop
Seat 2: mullski326 folded before Flop (didn't bet)
Seat 3: Dorex2007 folded before Flop (didn't bet)
Seat 5: maksim-2003 folded before Flop
Seat 6: dessa78 folded before Flop (didn't bet)
Seat 7: notrealy collected ($0.31)
Seat 8: AGVsmarT (button) folded before Flop (didn't bet)
Seat 9: agustin10442 (small blind) folded before Flop



PokerStars Hand #239002151417:  Hold'em No Limit ($0.02/$0.05 USD) - 2022/10/02 17:45:20 PT [2022/10/02 20:45:20 ET]
Table 'Ceplecha' 9-max Seat #1 is the button
Seat 1: dimobr0703 ($4.67 in chips) 
Seat 2: mullski326 ($6.37 in chips) 
Seat 3: Dorex2007 ($5.19 in chips) 
Seat 5: maksim-2003 ($5.13 in chips) 
Seat 6: dessa78 ($7.76 in chips) 
Seat 7: notrealy ($4.04 in chips) 
Seat 8: AGVsmarT ($5.02 in chips) 
mullski326: posts small blind $0.02
Dorex2007: posts big blind $0.05
syk819kf: sits out 
*** HOLE CARDS ***
Dealt to Dorex2007 [5d Jd]
maksim-2003: folds 
dessa78: folds 
notrealy: raises $0.05 to $0.10
AGVsmarT: folds 
dimobr0703: folds 
mullski326: calls $0.08
tanyaa1956 joins the table at seat #9 
Dorex2007: folds 
*** FLOP *** [Ah Th 7c]
mullski326: checks 
notrealy: bets $0.24
mullski326: calls $0.24
*** TURN *** [Ah Th 7c] [2s]
mullski326: checks 
notrealy: checks 
*** RIVER *** [Ah Th 7c 2s] [4s]
mullski326: bets $0.35
notrealy: folds 
Uncalled bet ($0.35) returned to mullski326
mullski326 collected $0.70 from pot
*** SUMMARY ***
Total pot $0.73 | Rake $0.03 
Board [Ah Th 7c 2s 4s]
Seat 1: dimobr0703 (button) folded before Flop (didn't bet)
Seat 2: mullski326 (small blind) collected ($0.70)
Seat 3: Dorex2007 (big blind) folded before Flop
Seat 5: maksim-2003 folded before Flop (didn't bet)
Seat 6: dessa78 folded before Flop (didn't bet)
Seat 7: notrealy folded on the River
Seat 8: AGVsmarT folded before Flop (didn't bet)



PokerStars Hand #239002160295:  Hold'em No Limit ($0.02/$0.05 USD) - 2022/10/02 17:46:07 PT [2022/10/02 20:46:07 ET]
Table 'Ceplecha' 9-max Seat #2 is the button
Seat 1: dimobr0703 ($4.67 in chips) 
Seat 2: mullski326 ($6.73 in chips) 
Seat 3: Dorex2007 ($5.14 in chips) 
Seat 4: syk819kf ($5 in chips) 
Seat 5: maksim-2003 ($5.13 in chips) 
Seat 6: dessa78 ($7.76 in chips) 
Seat 7: notrealy ($3.70 in chips) 
Seat 8: AGVsmarT ($5.02 in chips) 
Dorex2007: posts small blind $0.02
syk819kf: posts big blind $0.05
tanyaa1956: sits out 
*** HOLE CARDS ***
Dealt to Dorex2007 [3s 2s]
maksim-2003: folds 
dessa78: raises $0.10 to $0.15
notrealy: calls $0.15
AGVsmarT: folds 
dimobr0703: folds 
mullski326: folds 
Dorex2007: folds 
syk819kf: calls $0.10
*** FLOP *** [8d 7h Ac]
syk819kf: checks 
dessa78: bets $0.23
notrealy: folds 
syk819kf: folds 
Uncalled bet ($0.23) returned to dessa78
dessa78 collected $0.45 from pot
*** SUMMARY ***
Total pot $0.47 | Rake $0.02 
Board [8d 7h Ac]
Seat 1: dimobr0703 folded before Flop (didn't bet)
Seat 2: mullski326 (button) folded before Flop (didn't bet)
Seat 3: Dorex2007 (small blind) folded before Flop
Seat 4: syk819kf (big blind) folded on the Flop
Seat 5: maksim-2003 folded before Flop (didn't bet)
Seat 6: dessa78 collected ($0.45)
Seat 7: notrealy folded on the Flop
Seat 8: AGVsmarT folded before Flop (didn't bet)



PokerStars Hand #239002166848:  Hold'em No Limit ($0.02/$0.05 USD) - 2022/10/02 17:46:42 PT [2022/10/02 20:46:42 ET]
Table 'Ceplecha' 9-max Seat #3 is the button
Seat 1: dimobr0703 ($4.67 in chips) 
Seat 2: mullski326 ($6.73 in chips) 
Seat 3: Dorex2007 ($5.12 in chips) 
Seat 4: syk819kf ($4.85 in chips) 
Seat 5: maksim-2003 ($5.13 in chips) 
Seat 6: dessa78 ($8.06 in chips) 
Seat 7: notrealy ($3.55 in chips) 
Seat 8: AGVsmarT ($5.02 in chips) 
syk819kf: posts small blind $0.02
maksim-2003: posts big blind $0.05
tanyaa1956: sits out 
*** HOLE CARDS ***
Dealt to Dorex2007 [Ac Ad]
dessa78: folds 
notrealy: calls $0.05
AGVsmarT: folds 
dimobr0703: folds 
mullski326: folds 
Dorex2007: raises $0.30 to $0.35
syk819kf: folds 
maksim-2003: folds 
notrealy: folds 
Uncalled bet ($0.30) returned to Dorex2007
Dorex2007 collected $0.17 from pot
Dorex2007: doesn't show hand 
*** SUMMARY ***
Total pot $0.17 | Rake $0 
Seat 1: dimobr0703 folded before Flop (didn't bet)
Seat 2: mullski326 folded before Flop (didn't bet)
Seat 3: Dorex2007 (button) collected ($0.17)
Seat 4: syk819kf (small blind) folded before Flop
Seat 5: maksim-2003 (big blind) folded before Flop
Seat 6: dessa78 folded before Flop (didn't bet)
Seat 7: notrealy folded before Flop
Seat 8: AGVsmarT folded before Flop (didn't bet)



PokerStars Hand #239002171627:  Hold'em No Limit ($0.02/$0.05 USD) - 2022/10/02 17:47:08 PT [2022/10/02 20:47:08 ET]
Table 'Ceplecha' 9-max Seat #4 is the button
Seat 1: dimobr0703 ($4.67 in chips) 
Seat 2: mullski326 ($6.73 in chips) 
Seat 3: Dorex2007 ($5.24 in chips) 
Seat 4: syk819kf ($4.83 in chips) 
Seat 5: maksim-2003 ($5.08 in chips) 
Seat 6: dessa78 ($8.06 in chips) 
Seat 7: notrealy ($3.50 in chips) 
Seat 8: AGVsmarT ($5.02 in chips) 
maksim-2003: posts small blind $0.02
dessa78: posts big blind $0.05
tanyaa1956: sits out 
*** HOLE CARDS ***
Dealt to Dorex2007 [9h 5s]
notrealy: folds 
AGVsmarT: calls $0.05
dimobr0703: raises $0.20 to $0.25
mullski326: folds 
Dorex2007: folds 
syk819kf: folds 
maksim-2003: folds 
dessa78: folds 
AGVsmarT: folds 
Uncalled bet ($0.20) returned to dimobr0703
dimobr0703 collected $0.17 from pot
*** SUMMARY ***
Total pot $0.17 | Rake $0 
Seat 1: dimobr0703 collected ($0.17)
Seat 2: mullski326 folded before Flop (didn't bet)
Seat 3: Dorex2007 folded before Flop (didn't bet)
Seat 4: syk819kf (button) folded before Flop (didn't bet)
Seat 5: maksim-2003 (small blind) folded before Flop
Seat 6: dessa78 (big blind) folded before Flop
Seat 7: notrealy folded before Flop (didn't bet)
Seat 8: AGVsmarT folded before Flop



PokerStars Hand #239002177788:  Hold'em No Limit ($0.02/$0.05 USD) - 2022/10/02 17:47:40 PT [2022/10/02 20:47:40 ET]
Table 'Ceplecha' 9-max Seat #5 is the button
Seat 1: dimobr0703 ($4.79 in chips) 
Seat 2: mullski326 ($6.73 in chips) 
Seat 3: Dorex2007 ($5.24 in chips) 
Seat 4: syk819kf ($4.83 in chips) 
Seat 5: maksim-2003 ($5.06 in chips) 
Seat 6: dessa78 ($8.01 in chips) 
Seat 7: notrealy ($3.50 in chips) 
Seat 8: AGVsmarT ($4.97 in chips) 
dessa78: posts small blind $0.02
notrealy: posts big blind $0.05
tanyaa1956: sits out 
*** HOLE CARDS ***
Dealt to Dorex2007 [Qc 7d]
AGVsmarT: folds 
dimobr0703: calls $0.05
mullski326: folds 
Dorex2007: folds 
syk819kf: folds 
maksim-2003: folds 
dessa78: calls $0.03
notrealy: checks 
*** FLOP *** [6s Tc 6d]
dessa78: checks 
notrealy: checks 
dimobr0703: checks 
*** TURN *** [6s Tc 6d] [5d]
dessa78: checks 
notrealy: bets $0.14
dimobr0703: calls $0.14
dessa78: folds 
*** RIVER *** [6s Tc 6d 5d] [Qs]
notrealy: checks 
dimobr0703: checks 
*** SHOW DOWN ***
notrealy: shows [Js 5h] (two pair, Sixes and Fives)
dimobr0703: mucks hand 
notrealy collected $0.41 from pot
*** SUMMARY ***
Total pot $0.43 | Rake $0.02 
Board [6s Tc 6d 5d Qs]
Seat 1: dimobr0703 mucked [7h 8c]
Seat 2: mullski326 folded before Flop (didn't bet)
Seat 3: Dorex2007 folded before Flop (didn't bet)
Seat 4: syk819kf folded before Flop (didn't bet)
Seat 5: maksim-2003 (button) folded before Flop (didn't bet)
Seat 6: dessa78 (small blind) folded on the Turn
Seat 7: notrealy (big blind) showed [Js 5h] and won ($0.41) with two pair, Sixes and Fives
Seat 8: AGVsmarT folded before Flop (didn't bet)



PokerStars Hand #239002190551:  Hold'em No Limit ($0.02/$0.05 USD) - 2022/10/02 17:48:48 PT [2022/10/02 20:48:48 ET]
Table 'Ceplecha' 9-max Seat #6 is the button
Seat 1: dimobr0703 ($4.60 in chips) 
Seat 2: mullski326 ($6.73 in chips) 
Seat 3: Dorex2007 ($5.24 in chips) 
Seat 4: syk819kf ($4.83 in chips) 
Seat 5: maksim-2003 ($5.06 in chips) 
Seat 6: dessa78 ($7.96 in chips) 
Seat 7: notrealy ($3.72 in chips) 
Seat 8: AGVsmarT ($4.97 in chips) 
notrealy: posts small blind $0.02
AGVsmarT: posts big blind $0.05
tanyaa1956: sits out 
*** HOLE CARDS ***
Dealt to Dorex2007 [Tc 5s]
dimobr0703: folds 
mullski326: folds 
Dorex2007: folds 
syk819kf: folds 
maksim-2003: folds 
dessa78: raises $0.05 to $0.10
notrealy: folds 
AGVsmarT: folds 
Uncalled bet ($0.05) returned to dessa78
dessa78 collected $0.12 from pot
*** SUMMARY ***
Total pot $0.12 | Rake $0 
Seat 1: dimobr0703 folded before Flop (didn't bet)
Seat 2: mullski326 folded before Flop (didn't bet)
Seat 3: Dorex2007 folded before Flop (didn't bet)
Seat 4: syk819kf folded before Flop (didn't bet)
Seat 5: maksim-2003 folded before Flop (didn't bet)
Seat 6: dessa78 (button) collected ($0.12)
Seat 7: notrealy (small blind) folded before Flop
Seat 8: AGVsmarT (big blind) folded before Flop



PokerStars Hand #239002195239:  Hold'em No Limit ($0.02/$0.05 USD) - 2022/10/02 17:49:12 PT [2022/10/02 20:49:12 ET]
Table 'Ceplecha' 9-max Seat #7 is the button
Seat 1: dimobr0703 ($4.60 in chips) 
Seat 2: mullski326 ($6.73 in chips) 
Seat 3: Dorex2007 ($5.24 in chips) 
Seat 4: syk819kf ($4.83 in chips) 
Seat 5: maksim-2003 ($5.06 in chips) 
Seat 6: dessa78 ($8.03 in chips) 
Seat 7: notrealy ($3.70 in chips) 
Seat 8: AGVsmarT ($4.92 in chips) 
Seat 9: tanyaa1956 ($5 in chips) 
AGVsmarT: posts small blind $0.02
tanyaa1956: posts big blind $0.05
*** HOLE CARDS ***
Dealt to Dorex2007 [9c 8s]
dimobr0703: calls $0.05
mullski326: folds 
Dorex2007: folds 
syk819kf: raises $0.12 to $0.17
maksim-2003: folds 
dessa78: folds 
notrealy: folds 
AGVsmarT: folds 
tanyaa1956: folds 
dimobr0703: calls $0.12
*** FLOP *** [Kd 9h Td]
dimobr0703: checks 
syk819kf: bets $0.15
dimobr0703: calls $0.15
*** TURN *** [Kd 9h Td] [6h]
dimobr0703: checks 
syk819kf: bets $0.25
dimobr0703: calls $0.25
*** RIVER *** [Kd 9h Td 6h] [4s]
dimobr0703: checks 
syk819kf: bets $0.65
dimobr0703: calls $0.65
*** SHOW DOWN ***
syk819kf: shows [Qh Jh] (a straight, Nine to King)
dimobr0703: mucks hand 
syk819kf collected $2.41 from pot
*** SUMMARY ***
Total pot $2.51 | Rake $0.10 
Board [Kd 9h Td 6h 4s]
Seat 1: dimobr0703 mucked [Js Tc]
Seat 2: mullski326 folded before Flop (didn't bet)
Seat 3: Dorex2007 folded before Flop (didn't bet)
Seat 4: syk819kf showed [Qh Jh] and won ($2.41) with a straight, Nine to King
Seat 5: maksim-2003 folded before Flop (didn't bet)
Seat 6: dessa78 folded before Flop (didn't bet)
Seat 7: notrealy (button) folded before Flop (didn't bet)
Seat 8: AGVsmarT (small blind) folded before Flop
Seat 9: tanyaa1956 (big blind) folded before Flop



PokerStars Hand #239002207304:  Hold'em No Limit ($0.02/$0.05 USD) - 2022/10/02 17:50:16 PT [2022/10/02 20:50:16 ET]
Table 'Ceplecha' 9-max Seat #8 is the button
Seat 1: dimobr0703 ($3.38 in chips) 
Seat 2: mullski326 ($6.73 in chips) 
Seat 3: Dorex2007 ($5.24 in chips) 
Seat 4: syk819kf ($6.02 in chips) 
Seat 5: maksim-2003 ($5.06 in chips) 
Seat 6: dessa78 ($8.03 in chips) 
Seat 7: notrealy ($3.70 in chips) 
Seat 8: AGVsmarT ($4.90 in chips) 
Seat 9: tanyaa1956 ($5 in chips) 
tanyaa1956: posts small blind $0.02
dimobr0703: posts big blind $0.05
*** HOLE CARDS ***
Dealt to Dorex2007 [4s 8d]
mullski326: calls $0.05
Dorex2007: folds 
syk819kf: folds 
maksim-2003: folds 
dessa78: raises $0.05 to $0.10
notrealy: folds 
AGVsmarT: calls $0.10
tanyaa1956: folds 
dimobr0703: calls $0.05
mullski326: calls $0.05
*** FLOP *** [Kc 9d 5s]
dimobr0703: checks 
mullski326: checks 
dessa78: bets $0.20
AGVsmarT: calls $0.20
dimobr0703: folds 
mullski326: calls $0.20
*** TURN *** [Kc 9d 5s] [4d]
mullski326: checks 
dessa78: bets $0.22
AGVsmarT: calls $0.22
mullski326: calls $0.22
*** RIVER *** [Kc 9d 5s 4d] [2d]
mullski326: checks 
dessa78: bets $0.35
AGVsmarT: folds 
mullski326: folds 
Uncalled bet ($0.35) returned to dessa78
dessa78 collected $1.61 from pot
*** SUMMARY ***
Total pot $1.68 | Rake $0.07 
Board [Kc 9d 5s 4d 2d]
Seat 1: dimobr0703 (big blind) folded on the Flop
Seat 2: mullski326 folded on the River
Seat 3: Dorex2007 folded before Flop (didn't bet)
Seat 4: syk819kf folded before Flop (didn't bet)
Seat 5: maksim-2003 folded before Flop (didn't bet)
Seat 6: dessa78 collected ($1.61)
Seat 7: notrealy folded before Flop (didn't bet)
Seat 8: AGVsmarT (button) folded on the River
Seat 9: tanyaa1956 (small blind) folded before Flop



PokerStars Hand #239002224946:  Hold'em No Limit ($0.02/$0.05 USD) - 2022/10/02 17:51:49 PT [2022/10/02 20:51:49 ET]
Table 'Ceplecha' 9-max Seat #9 is the button
Seat 1: dimobr0703 ($3.28 in chips) 
Seat 2: mullski326 ($6.21 in chips) 
Seat 3: Dorex2007 ($5.24 in chips) 
Seat 4: syk819kf ($6.02 in chips) 
Seat 5: maksim-2003 ($5.06 in chips) 
Seat 6: dessa78 ($9.12 in chips) 
Seat 7: notrealy ($3.70 in chips) 
Seat 8: AGVsmarT ($4.38 in chips) 
Seat 9: tanyaa1956 ($5 in chips) 
dessa78 is disconnected 
dimobr0703: posts small blind $0.02
mullski326: posts big blind $0.05
*** HOLE CARDS ***
Dealt to Dorex2007 [7d 3c]
Dorex2007: folds 
syk819kf: folds 
maksim-2003: raises $0.07 to $0.12
dessa78 has timed out while disconnected
dessa78: folds 
notrealy: calls $0.12
AGVsmarT: folds 
tanyaa1956: raises $0.43 to $0.55
dimobr0703: folds 
mullski326: folds 
maksim-2003: folds 
notrealy: folds 
Uncalled bet ($0.43) returned to tanyaa1956
tanyaa1956 collected $0.43 from pot
tanyaa1956: doesn't show hand 
*** SUMMARY ***
Total pot $0.43 | Rake $0 
Seat 1: dimobr0703 (small blind) folded before Flop
Seat 2: mullski326 (big blind) folded before Flop
Seat 3: Dorex2007 folded before Flop (didn't bet)
Seat 4: syk819kf folded before Flop (didn't bet)
Seat 5: maksim-2003 folded before Flop
Seat 6: dessa78 folded before Flop (didn't bet)
Seat 7: notrealy folded before Flop
Seat 8: AGVsmarT folded before Flop (didn't bet)
Seat 9: tanyaa1956 (button) collected ($0.43)



PokerStars Hand #239002235237:  Hold'em No Limit ($0.02/$0.05 USD) - 2022/10/02 17:52:45 PT [2022/10/02 20:52:45 ET]
Table 'Ceplecha' 9-max Seat #1 is the button
Seat 1: dimobr0703 ($3.26 in chips) 
Seat 2: mullski326 ($6.16 in chips) 
Seat 3: Dorex2007 ($5.24 in chips) 
Seat 4: syk819kf ($6.02 in chips) 
Seat 5: maksim-2003 ($5 in chips) 
Seat 6: dessa78 ($9.12 in chips) 
Seat 7: notrealy ($3.58 in chips) 
Seat 8: AGVsmarT ($4.38 in chips) 
Seat 9: tanyaa1956 ($5.31 in chips) 
mullski326: posts small blind $0.02
Dorex2007: posts big blind $0.05
*** HOLE CARDS ***
Dealt to Dorex2007 [As 8h]
syk819kf: folds 
maksim-2003: folds 
dessa78: folds 
notrealy: folds 
AGVsmarT: raises $0.12 to $0.17
tanyaa1956: folds 
dimobr0703: calls $0.17
mullski326: folds 
Dorex2007: folds 
*** FLOP *** [Qd Jd 5c]
AGVsmarT: bets $0.05
dimobr0703: calls $0.05
*** TURN *** [Qd Jd 5c] [9h]
AGVsmarT: bets $0.20
dimobr0703: calls $0.20
*** RIVER *** [Qd Jd 5c 9h] [Ts]
AGVsmarT: bets $0.87
dimobr0703: folds 
Uncalled bet ($0.87) returned to AGVsmarT
AGVsmarT collected $0.87 from pot
*** SUMMARY ***
Total pot $0.91 | Rake $0.04 
Board [Qd Jd 5c 9h Ts]
Seat 1: dimobr0703 (button) folded on the River
Seat 2: mullski326 (small blind) folded before Flop
Seat 3: Dorex2007 (big blind) folded before Flop
Seat 4: syk819kf folded before Flop (didn't bet)
Seat 5: maksim-2003 folded before Flop (didn't bet)
Seat 6: dessa78 folded before Flop (didn't bet)
Seat 7: notrealy folded before Flop (didn't bet)
Seat 8: AGVsmarT collected ($0.87)
Seat 9: tanyaa1956 folded before Flop (didn't bet)



PokerStars Hand #239002246838:  Hold'em No Limit ($0.02/$0.05 USD) - 2022/10/02 17:53:47 PT [2022/10/02 20:53:47 ET]
Table 'Ceplecha' 9-max Seat #2 is the button
Seat 1: dimobr0703 ($2.84 in chips) 
Seat 2: mullski326 ($6.14 in chips) 
Seat 3: Dorex2007 ($5.19 in chips) 
Seat 4: syk819kf ($6.02 in chips) 
Seat 5: maksim-2003 ($5 in chips) 
Seat 6: dessa78 ($9.12 in chips) 
Seat 7: notrealy ($3.58 in chips) 
Seat 8: AGVsmarT ($4.83 in chips) 
Seat 9: tanyaa1956 ($5.31 in chips) 
Dorex2007: posts small blind $0.02
syk819kf: posts big blind $0.05
*** HOLE CARDS ***
Dealt to Dorex2007 [3s Qc]
maksim-2003: folds 
dessa78: folds 
notrealy: folds 
AGVsmarT: calls $0.05
tanyaa1956: folds 
dimobr0703: folds 
mullski326: calls $0.05
Dorex2007: folds 
syk819kf: checks 
*** FLOP *** [5h Tc Qh]
syk819kf: checks 
AGVsmarT: bets $0.05
mullski326: calls $0.05
syk819kf: folds 
*** TURN *** [5h Tc Qh] [5s]
AGVsmarT: bets $0.05
mullski326: raises $0.18 to $0.23
AGVsmarT: folds 
Uncalled bet ($0.18) returned to mullski326
mullski326 collected $0.35 from pot
*** SUMMARY ***
Total pot $0.37 | Rake $0.02 
Board [5h Tc Qh 5s]
Seat 1: dimobr0703 folded before Flop (didn't bet)
Seat 2: mullski326 (button) collected ($0.35)
Seat 3: Dorex2007 (small blind) folded before Flop
Seat 4: syk819kf (big blind) folded on the Flop
Seat 5: maksim-2003 folded before Flop (didn't bet)
Seat 6: dessa78 folded before Flop (didn't bet)
Seat 7: notrealy folded before Flop (didn't bet)
Seat 8: AGVsmarT folded on the Turn
Seat 9: tanyaa1956 folded before Flop (didn't bet)



PokerStars Hand #239002256813:  Hold'em No Limit ($0.02/$0.05 USD) - 2022/10/02 17:54:42 PT [2022/10/02 20:54:42 ET]
Table 'Ceplecha' 9-max Seat #3 is the button
Seat 1: dimobr0703 ($2.84 in chips) 
Seat 2: mullski326 ($6.34 in chips) 
Seat 3: Dorex2007 ($5.17 in chips) 
Seat 4: syk819kf ($5.97 in chips) 
Seat 5: maksim-2003 ($5 in chips) 
Seat 6: dessa78 ($9.12 in chips) 
Seat 7: notrealy ($3.58 in chips) 
Seat 8: AGVsmarT ($4.68 in chips) 
Seat 9: tanyaa1956 ($5.31 in chips) 
syk819kf: posts small blind $0.02
maksim-2003: posts big blind $0.05
*** HOLE CARDS ***
Dealt to Dorex2007 [8d Th]
dessa78: calls $0.05
notrealy: raises $0.05 to $0.10
AGVsmarT: folds 
tanyaa1956: folds 
dimobr0703: folds 
mullski326: folds 
Dorex2007: folds 
syk819kf: folds 
maksim-2003: calls $0.05
dessa78: calls $0.05
*** FLOP *** [8c Kc 2s]
maksim-2003: checks 
dessa78: checks 
notrealy: bets $0.31
maksim-2003: folds 
dessa78: calls $0.31
*** TURN *** [8c Kc 2s] [3d]
dessa78: checks 
notrealy: checks 
*** RIVER *** [8c Kc 2s 3d] [9c]
dessa78: checks 
notrealy: bets $0.45
dessa78: calls $0.45
*** SHOW DOWN ***
notrealy: shows [6c Jc] (a flush, King high)
dessa78: mucks hand 
notrealy collected $1.76 from pot
*** SUMMARY ***
Total pot $1.84 | Rake $0.08 
Board [8c Kc 2s 3d 9c]
Seat 1: dimobr0703 folded before Flop (didn't bet)
Seat 2: mullski326 folded before Flop (didn't bet)
Seat 3: Dorex2007 (button) folded before Flop (didn't bet)
Seat 4: syk819kf (small blind) folded before Flop
Seat 5: maksim-2003 (big blind) folded on the Flop
Seat 6: dessa78 mucked [Ts Ks]
Seat 7: notrealy showed [6c Jc] and won ($1.76) with a flush, King high
Seat 8: AGVsmarT folded before Flop (didn't bet)
Seat 9: tanyaa1956 folded before Flop (didn't bet)



PokerStars Hand #239002266915:  Hold'em No Limit ($0.02/$0.05 USD) - 2022/10/02 17:55:44 PT [2022/10/02 20:55:44 ET]
Table 'Ceplecha' 9-max Seat #4 is the button
Seat 1: dimobr0703 ($2.84 in chips) 
Seat 2: mullski326 ($6.34 in chips) 
Seat 3: Dorex2007 ($5.17 in chips) 
Seat 4: syk819kf ($5.95 in chips) 
Seat 5: maksim-2003 ($5 in chips) 
Seat 6: dessa78 ($8.26 in chips) 
Seat 7: notrealy ($4.48 in chips) 
Seat 8: AGVsmarT ($4.68 in chips) 
Seat 9: tanyaa1956 ($5.31 in chips) 
maksim-2003: posts small blind $0.02
dessa78: posts big blind $0.05
*** HOLE CARDS ***
Dealt to Dorex2007 [6d Kc]
notrealy: calls $0.05
AGVsmarT: calls $0.05
tanyaa1956: folds 
dimobr0703: folds 
mullski326: folds 
Dorex2007: folds 
syk819kf: folds 
maksim-2003: calls $0.03
dessa78: checks 
*** FLOP *** [Jh 5h 2d]
maksim-2003: checks 
dessa78: bets $0.10
notrealy: folds 
AGVsmarT: calls $0.10
maksim-2003: folds 
*** TURN *** [Jh 5h 2d] [Ad]
dessa78: checks 
notrealy leaves the table
AGVsmarT: checks 
*** RIVER *** [Jh 5h 2d Ad] [Td]
dessa78: checks 
AGVsmarT: checks 
*** SHOW DOWN ***
dessa78: shows [9h Js] (a pair of Jacks)
AGVsmarT: mucks hand 
dessa78 collected $0.38 from pot
*** SUMMARY ***
Total pot $0.40 | Rake $0.02 
Board [Jh 5h 2d Ad Td]
Seat 1: dimobr0703 folded before Flop (didn't bet)
Seat 2: mullski326 folded before Flop (didn't bet)
Seat 3: Dorex2007 folded before Flop (didn't bet)
Seat 4: syk819kf (button) folded before Flop (didn't bet)
Seat 5: maksim-2003 (small blind) folded on the Flop
Seat 6: dessa78 (big blind) showed [9h Js] and won ($0.38) with a pair of Jacks
Seat 7: notrealy folded on the Flop
Seat 8: AGVsmarT mucked [5c 6c]
Seat 9: tanyaa1956 folded before Flop (didn't bet)



PokerStars Hand #239002390250:  Hold'em No Limit ($0.02/$0.05 USD) - 2022/10/02 18:08:08 PT [2022/10/02 21:08:08 ET]
Table 'Ceplecha' 9-max Seat #4 is the button
Seat 1: dimobr0703 ($2.45 in chips) 
Seat 2: mullski326 ($5.53 in chips) 
Seat 3: Dorex2007 ($5.17 in chips) 
Seat 4: syk819kf ($6.61 in chips) 
Seat 5: maksim-2003 ($5 in chips) 
Seat 6: ColinCave ($6.15 in chips) 
Seat 7: BrenoVns ($4.93 in chips) 
Seat 8: AGVsmarT ($6.30 in chips) 
Seat 9: DJugger ($1.35 in chips) 
maksim-2003: posts small blind $0.02
ColinCave: posts big blind $0.05
Dorex2007: posts small & big blinds $0.07
*** HOLE CARDS ***
Dealt to Dorex2007 [Qc Th]
BrenoVns: folds 
AGVsmarT: folds 
DJugger: calls $0.05
dimobr0703: raises $0.10 to $0.15
mullski326: folds 
Dorex2007: calls $0.10
syk819kf: folds 
maksim-2003: folds 
ColinCave: folds 
DJugger: calls $0.10
*** FLOP *** [Ac 5s 6s]
DJugger: checks 
dimobr0703: bets $0.26
Dorex2007: folds 
DJugger: calls $0.26
*** TURN *** [Ac 5s 6s] [3c]
DJugger: checks 
dimobr0703: bets $0.51
DJugger: calls $0.51
*** RIVER *** [Ac 5s 6s 3c] [8h]
DJugger: checks 
dimobr0703: bets $0.99
DJugger: folds 
Uncalled bet ($0.99) returned to dimobr0703
dimobr0703 collected $1.99 from pot
*** SUMMARY ***
Total pot $2.08 | Rake $0.09 
Board [Ac 5s 6s 3c 8h]
Seat 1: dimobr0703 collected ($1.99)
Seat 2: mullski326 folded before Flop (didn't bet)
Seat 3: Dorex2007 folded on the Flop
Seat 4: syk819kf (button) folded before Flop (didn't bet)
Seat 5: maksim-2003 (small blind) folded before Flop
Seat 6: ColinCave (big blind) folded before Flop
Seat 7: BrenoVns folded before Flop (didn't bet)
Seat 8: AGVsmarT folded before Flop (didn't bet)
Seat 9: DJugger folded on the River



PokerStars Hand #239002402185:  Hold'em No Limit ($0.02/$0.05 USD) - 2022/10/02 18:09:16 PT [2022/10/02 21:09:16 ET]
Table 'Ceplecha' 9-max Seat #5 is the button
Seat 1: dimobr0703 ($3.52 in chips) 
Seat 2: mullski326 ($5.53 in chips) 
Seat 3: Dorex2007 ($5 in chips) 
Seat 4: syk819kf ($6.61 in chips) 
Seat 5: maksim-2003 ($5 in chips) 
Seat 6: ColinCave ($6.10 in chips) 
Seat 7: BrenoVns ($4.93 in chips) 
Seat 8: AGVsmarT ($6.30 in chips) 
Seat 9: DJugger ($0.43 in chips) 
ColinCave: posts small blind $0.02
BrenoVns: posts big blind $0.05
*** HOLE CARDS ***
Dealt to Dorex2007 [8h Tc]
AGVsmarT: folds 
DJugger: calls $0.05
dimobr0703: folds 
mullski326: calls $0.05
Dorex2007: folds 
syk819kf: folds 
maksim-2003: folds 
ColinCave: calls $0.03
BrenoVns: checks 
*** FLOP *** [7h 3c 6h]
ColinCave: checks 
BrenoVns: checks 
DJugger: checks 
mullski326: bets $0.19
ColinCave: calls $0.19
BrenoVns: folds 
DJugger: folds 
*** TURN *** [7h 3c 6h] [Ad]
ColinCave: checks 
mullski326: bets $0.56
ColinCave: folds 
Uncalled bet ($0.56) returned to mullski326
mullski326 collected $0.56 from pot
*** SUMMARY ***
Total pot $0.58 | Rake $0.02 
Board [7h 3c 6h Ad]
Seat 1: dimobr0703 folded before Flop (didn't bet)
Seat 2: mullski326 collected ($0.56)
Seat 3: Dorex2007 folded before Flop (didn't bet)
Seat 4: syk819kf folded before Flop (didn't bet)
Seat 5: maksim-2003 (button) folded before Flop (didn't bet)
Seat 6: ColinCave (small blind) folded on the Turn
Seat 7: BrenoVns (big blind) folded on the Flop
Seat 8: AGVsmarT folded before Flop (didn't bet)
Seat 9: DJugger folded on the Flop



PokerStars Hand #239002413011:  Hold'em No Limit ($0.02/$0.05 USD) - 2022/10/02 18:10:16 PT [2022/10/02 21:10:16 ET]
Table 'Ceplecha' 9-max Seat #6 is the button
Seat 1: dimobr0703 ($3.52 in chips) 
Seat 2: mullski326 ($5.85 in chips) 
Seat 3: Dorex2007 ($5 in chips) 
Seat 4: syk819kf ($6.61 in chips) 
Seat 5: maksim-2003 ($5 in chips) 
Seat 6: ColinCave ($5.86 in chips) 
Seat 7: BrenoVns ($4.88 in chips) 
Seat 8: AGVsmarT ($6.30 in chips) 
Seat 9: DJugger ($0.38 in chips) 
BrenoVns: posts small blind $0.02
AGVsmarT: posts big blind $0.05
*** HOLE CARDS ***
Dealt to Dorex2007 [4d 9c]
DJugger: calls $0.05
dimobr0703: calls $0.05
mullski326: folds 
Dorex2007: folds 
syk819kf: folds 
maksim-2003: calls $0.05
ColinCave: calls $0.05
BrenoVns: folds 
AGVsmarT: checks 
*** FLOP *** [6h 3c 3d]
AGVsmarT: checks 
DJugger: checks 
dimobr0703: checks 
maksim-2003: checks 
ColinCave: checks 
*** TURN *** [6h 3c 3d] [Js]
AGVsmarT: bets $0.10
DJugger: folds 
dimobr0703: calls $0.10
maksim-2003: folds 
ColinCave: folds 
*** RIVER *** [6h 3c 3d Js] [Kc]
AGVsmarT: checks 
dimobr0703: bets $0.22
AGVsmarT: folds 
Uncalled bet ($0.22) returned to dimobr0703
dimobr0703 collected $0.45 from pot
*** SUMMARY ***
Total pot $0.47 | Rake $0.02 
Board [6h 3c 3d Js Kc]
Seat 1: dimobr0703 collected ($0.45)
Seat 2: mullski326 folded before Flop (didn't bet)
Seat 3: Dorex2007 folded before Flop (didn't bet)
Seat 4: syk819kf folded before Flop (didn't bet)
Seat 5: maksim-2003 folded on the Turn
Seat 6: ColinCave (button) folded on the Turn
Seat 7: BrenoVns (small blind) folded before Flop
Seat 8: AGVsmarT (big blind) folded on the River
Seat 9: DJugger folded on the Turn



PokerStars Hand #239002428102:  Hold'em No Limit ($0.02/$0.05 USD) - 2022/10/02 18:11:42 PT [2022/10/02 21:11:42 ET]
Table 'Ceplecha' 9-max Seat #7 is the button
Seat 1: dimobr0703 ($3.82 in chips) 
Seat 2: mullski326 ($5.85 in chips) 
Seat 3: Dorex2007 ($5 in chips) 
Seat 4: syk819kf ($6.61 in chips) 
Seat 5: maksim-2003 ($5 in chips) 
Seat 6: ColinCave ($5.81 in chips) 
Seat 7: BrenoVns ($4.86 in chips) 
Seat 8: AGVsmarT ($6.15 in chips) 
Seat 9: DJugger ($0.33 in chips) 
AGVsmarT: posts small blind $0.02
DJugger: posts big blind $0.05
*** HOLE CARDS ***
Dealt to Dorex2007 [2c 8h]
dimobr0703: raises $0.10 to $0.15
mullski326: folds 
Dorex2007: folds 
syk819kf: folds 
maksim-2003: folds 
ColinCave: folds 
BrenoVns: folds 
AGVsmarT: raises $0.35 to $0.50
DJugger: folds 
dimobr0703: calls $0.35
*** FLOP *** [Qh 4s 2d]
AGVsmarT: checks 
dimobr0703: checks 
*** TURN *** [Qh 4s 2d] [9s]
AGVsmarT: bets $0.50
dimobr0703: calls $0.50
*** RIVER *** [Qh 4s 2d 9s] [As]
AGVsmarT: bets $1.96
dimobr0703: raises $0.86 to $2.82 and is all-in
AGVsmarT: calls $0.86
*** SHOW DOWN ***
dimobr0703: shows [Ac Kh] (a pair of Aces)
AGVsmarT: shows [Qs Qc] (three of a kind, Queens)
AGVsmarT collected $7.37 from pot
*** SUMMARY ***
Total pot $7.69 | Rake $0.32 
Board [Qh 4s 2d 9s As]
Seat 1: dimobr0703 showed [Ac Kh] and lost with a pair of Aces
Seat 2: mullski326 folded before Flop (didn't bet)
Seat 3: Dorex2007 folded before Flop (didn't bet)
Seat 4: syk819kf folded before Flop (didn't bet)
Seat 5: maksim-2003 folded before Flop (didn't bet)
Seat 6: ColinCave folded before Flop (didn't bet)
Seat 7: BrenoVns (button) folded before Flop (didn't bet)
Seat 8: AGVsmarT (small blind) showed [Qs Qc] and won ($7.37) with three of a kind, Queens
Seat 9: DJugger (big blind) folded before Flop



PokerStars Hand #239002438918:  Hold'em No Limit ($0.02/$0.05 USD) - 2022/10/02 18:12:43 PT [2022/10/02 21:12:43 ET]
Table 'Ceplecha' 9-max Seat #8 is the button
Seat 2: mullski326 ($5.85 in chips) 
Seat 3: Dorex2007 ($5 in chips) 
Seat 4: syk819kf ($6.61 in chips) 
Seat 5: maksim-2003 ($5 in chips) 
Seat 6: ColinCave ($5.81 in chips) 
Seat 7: BrenoVns ($4.86 in chips) 
Seat 8: AGVsmarT ($9.70 in chips) 
Seat 9: DJugger ($0.28 in chips) 
DJugger: posts small blind $0.02
mullski326: posts big blind $0.05
*** HOLE CARDS ***
Dealt to Dorex2007 [Kd Js]
Dorex2007: folds 
dimobr0703 leaves the table
syk819kf: folds 
maksim-2003: folds 
ColinCave: calls $0.05
BrenoVns: folds 
AGVsmarT: calls $0.05
DJugger: folds 
tomado72 joins the table at seat #1 
mullski326: checks 
*** FLOP *** [9c 3h 9s]
mullski326: checks 
ColinCave: checks 
AGVsmarT: checks 
*** TURN *** [9c 3h 9s] [7h]
mullski326: checks 
ColinCave: checks 
AGVsmarT: bets $0.05
mullski326: folds 
ColinCave: folds 
Uncalled bet ($0.05) returned to AGVsmarT
AGVsmarT collected $0.16 from pot
*** SUMMARY ***
Total pot $0.17 | Rake $0.01 
Board [9c 3h 9s 7h]
Seat 2: mullski326 (big blind) folded on the Turn
Seat 3: Dorex2007 folded before Flop (didn't bet)
Seat 4: syk819kf folded before Flop (didn't bet)
Seat 5: maksim-2003 folded before Flop (didn't bet)
Seat 6: ColinCave folded on the Turn
Seat 7: BrenoVns folded before Flop (didn't bet)
Seat 8: AGVsmarT (button) collected ($0.16)
Seat 9: DJugger (small blind) folded before Flop



PokerStars Hand #239002447709:  Hold'em No Limit ($0.02/$0.05 USD) - 2022/10/02 18:13:33 PT [2022/10/02 21:13:33 ET]
Table 'Ceplecha' 9-max Seat #9 is the button
Seat 2: mullski326 ($5.80 in chips) 
Seat 3: Dorex2007 ($5 in chips) 
Seat 4: syk819kf ($6.61 in chips) 
Seat 5: maksim-2003 ($5 in chips) 
Seat 6: ColinCave ($5.76 in chips) 
Seat 7: BrenoVns ($4.86 in chips) 
Seat 8: AGVsmarT ($9.81 in chips) 
Seat 9: DJugger ($0.26 in chips) 
mullski326: posts small blind $0.02
Dorex2007: posts big blind $0.05
*** HOLE CARDS ***
Dealt to Dorex2007 [8c 4h]
syk819kf: folds 
maksim-2003: folds 
ColinCave: folds 
BrenoVns: folds 
AGVsmarT: folds 
DJugger: folds 
mullski326: calls $0.03
Dorex2007: checks 
*** FLOP *** [7c 7d Jd]
mullski326: checks 
Dorex2007: checks 
*** TURN *** [7c 7d Jd] [8h]
mullski326: bets $0.05
Dorex2007: calls $0.05
*** RIVER *** [7c 7d Jd 8h] [9s]
mullski326: bets $0.19
Dorex2007: folds 
Uncalled bet ($0.19) returned to mullski326
mullski326 collected $0.19 from pot
*** SUMMARY ***
Total pot $0.20 | Rake $0.01 
Board [7c 7d Jd 8h 9s]
Seat 2: mullski326 (small blind) collected ($0.19)
Seat 3: Dorex2007 (big blind) folded on the River
Seat 4: syk819kf folded before Flop (didn't bet)
Seat 5: maksim-2003 folded before Flop (didn't bet)
Seat 6: ColinCave folded before Flop (didn't bet)
Seat 7: BrenoVns folded before Flop (didn't bet)
Seat 8: AGVsmarT folded before Flop (didn't bet)
Seat 9: DJugger (button) folded before Flop (didn't bet)



PokerStars Hand #239002459158:  Hold'em No Limit ($0.02/$0.05 USD) - 2022/10/02 18:14:39 PT [2022/10/02 21:14:39 ET]
Table 'Ceplecha' 9-max Seat #2 is the button
Seat 1: tomado72 ($4 in chips) 
Seat 2: mullski326 ($5.89 in chips) 
Seat 3: Dorex2007 ($5 in chips) 
Seat 4: syk819kf ($6.61 in chips) 
Seat 5: maksim-2003 ($5 in chips) 
Seat 6: ColinCave ($5.76 in chips) 
Seat 7: BrenoVns ($4.86 in chips) 
Seat 8: AGVsmarT ($9.81 in chips) 
Seat 9: DJugger ($0.26 in chips) 
Dorex2007: posts small blind $0.02
syk819kf: posts big blind $0.05
tomado72: posts big blind $0.05
*** HOLE CARDS ***
Dealt to Dorex2007 [Ad 8c]
maksim-2003: raises $0.07 to $0.12
ColinCave: folds 
BrenoVns: folds 
AGVsmarT: folds 
DJugger: calls $0.12
tomado72: calls $0.07
mullski326: calls $0.12
Dorex2007: folds 
syk819kf: calls $0.07
*** FLOP *** [2h Qd 5s]
syk819kf: checks 
maksim-2003: bets $0.30
DJugger: folds 
tomado72: calls $0.30
mullski326: calls $0.30
syk819kf: calls $0.30
*** TURN *** [2h Qd 5s] [2d]
syk819kf: checks 
maksim-2003: checks 
tomado72: bets $0.45
mullski326: calls $0.45
syk819kf: folds 
maksim-2003: folds 
*** RIVER *** [2h Qd 5s 2d] [5h]
tomado72: bets $0.45
mullski326: calls $0.45
*** SHOW DOWN ***
tomado72: shows [4d 2s] (a full house, Deuces full of Fives)
mullski326: mucks hand 
tomado72 collected $3.43 from pot
*** SUMMARY ***
Total pot $3.62 | Rake $0.19 
Board [2h Qd 5s 2d 5h]
Seat 1: tomado72 showed [4d 2s] and won ($3.43) with a full house, Deuces full of Fives
Seat 2: mullski326 (button) mucked [6c 6h]
Seat 3: Dorex2007 (small blind) folded before Flop
Seat 4: syk819kf (big blind) folded on the Turn
Seat 5: maksim-2003 folded on the Turn
Seat 6: ColinCave folded before Flop (didn't bet)
Seat 7: BrenoVns folded before Flop (didn't bet)
Seat 8: AGVsmarT folded before Flop (didn't bet)
Seat 9: DJugger folded on the Flop



PokerStars Hand #239002476498:  Hold'em No Limit ($0.02/$0.05 USD) - 2022/10/02 18:16:18 PT [2022/10/02 21:16:18 ET]
Table 'Ceplecha' 9-max Seat #3 is the button
Seat 1: tomado72 ($6.11 in chips) 
Seat 2: mullski326 ($4.57 in chips) 
Seat 3: Dorex2007 ($5 in chips) 
Seat 4: syk819kf ($6.19 in chips) 
Seat 5: maksim-2003 ($5 in chips) 
Seat 6: ColinCave ($5.76 in chips) 
Seat 7: BrenoVns ($4.86 in chips) 
Seat 8: AGVsmarT ($9.81 in chips) 
Seat 9: DJugger ($0.14 in chips) 
syk819kf: posts small blind $0.02
maksim-2003: posts big blind $0.05
*** HOLE CARDS ***
Dealt to Dorex2007 [9d 6s]
ColinCave: folds 
BrenoVns: folds 
AGVsmarT: folds 
DJugger: calls $0.05
tomado72: raises $0.10 to $0.15
mullski326: calls $0.15
Dorex2007: folds 
syk819kf: calls $0.13
maksim-2003: folds 
DJugger: calls $0.09 and is all-in
*** FLOP *** [Tc Kh 5h]
syk819kf: checks 
tomado72: bets $0.25
mullski326: calls $0.25
syk819kf: folds 
*** TURN *** [Tc Kh 5h] [5d]
tomado72: checks 
mullski326: checks 
*** RIVER *** [Tc Kh 5h 5d] [4d]
tomado72: checks 
mullski326: checks 
*** SHOW DOWN ***
tomado72: shows [3h 4h] (two pair, Fives and Fours)
mullski326: mucks hand 
tomado72 collected $0.51 from side pot
DJugger: shows [4s Ad] (two pair, Fives and Fours - Ace kicker)
DJugger collected $0.57 from main pot
*** SUMMARY ***
Total pot $1.14 Main pot $0.57. Side pot $0.51. | Rake $0.06 
Board [Tc Kh 5h 5d 4d]
Seat 1: tomado72 showed [3h 4h] and won ($0.51) with two pair, Fives and Fours
Seat 2: mullski326 mucked [Ah 6h]
Seat 3: Dorex2007 (button) folded before Flop (didn't bet)
Seat 4: syk819kf (small blind) folded on the Flop
Seat 5: maksim-2003 (big blind) folded before Flop
Seat 6: ColinCave folded before Flop (didn't bet)
Seat 7: BrenoVns folded before Flop (didn't bet)
Seat 8: AGVsmarT folded before Flop (didn't bet)
Seat 9: DJugger showed [4s Ad] and won ($0.57) with two pair, Fives and Fours



PokerStars Hand #239002488589:  Hold'em No Limit ($0.02/$0.05 USD) - 2022/10/02 18:17:28 PT [2022/10/02 21:17:28 ET]
Table 'Ceplecha' 9-max Seat #4 is the button
Seat 1: tomado72 ($6.22 in chips) 
Seat 2: mullski326 ($4.17 in chips) 
Seat 3: Dorex2007 ($5 in chips) 
Seat 4: syk819kf ($6.04 in chips) 
Seat 5: maksim-2003 ($5 in chips) 
Seat 6: ColinCave ($5.76 in chips) 
Seat 7: BrenoVns ($4.86 in chips) 
Seat 8: AGVsmarT ($9.81 in chips) 
Seat 9: DJugger ($0.57 in chips) 
maksim-2003: posts small blind $0.02
ColinCave: posts big blind $0.05
*** HOLE CARDS ***
Dealt to Dorex2007 [7c 6s]
BrenoVns: folds 
AGVsmarT: folds 
DJugger: folds 
tomado72: raises $0.05 to $0.10
BrenoVns leaves the table
mullski326: folds 
Dorex2007: folds 
tanyaa1956 joins the table at seat #7 
syk819kf: folds 
maksim-2003: folds 
ColinCave: calls $0.05
*** FLOP *** [6c 4s 4h]
ColinCave: checks 
tomado72: checks 
*** TURN *** [6c 4s 4h] [Ac]
ColinCave: bets $0.10
tomado72: calls $0.10
*** RIVER *** [6c 4s 4h Ac] [5d]
ColinCave: bets $0.20
tomado72: raises $0.20 to $0.40
ColinCave: calls $0.20
*** SHOW DOWN ***
tomado72: shows [Jc Ah] (two pair, Aces and Fours)
ColinCave: shows [Js 4c] (three of a kind, Fours)
ColinCave collected $1.17 from pot
*** SUMMARY ***
Total pot $1.22 | Rake $0.05 
Board [6c 4s 4h Ac 5d]
Seat 1: tomado72 showed [Jc Ah] and lost with two pair, Aces and Fours
Seat 2: mullski326 folded before Flop (didn't bet)
Seat 3: Dorex2007 folded before Flop (didn't bet)
Seat 4: syk819kf (button) folded before Flop (didn't bet)
Seat 5: maksim-2003 (small blind) folded before Flop
Seat 6: ColinCave (big blind) showed [Js 4c] and won ($1.17) with three of a kind, Fours
Seat 7: BrenoVns folded before Flop (didn't bet)
Seat 8: AGVsmarT folded before Flop (didn't bet)
Seat 9: DJugger folded before Flop (didn't bet)



PokerStars Hand #239002496848:  Hold'em No Limit ($0.02/$0.05 USD) - 2022/10/02 18:18:16 PT [2022/10/02 21:18:16 ET]
Table 'Ceplecha' 9-max Seat #5 is the button
Seat 1: tomado72 ($5.62 in chips) 
Seat 2: mullski326 ($4.17 in chips) 
Seat 3: Dorex2007 ($5 in chips) 
Seat 4: syk819kf ($6.04 in chips) 
Seat 5: maksim-2003 ($5 in chips) 
Seat 6: ColinCave ($6.33 in chips) 
Seat 7: tanyaa1956 ($5.31 in chips) 
Seat 8: AGVsmarT ($9.81 in chips) 
Seat 9: DJugger ($0.57 in chips) 
ColinCave: posts small blind $0.02
tanyaa1956: posts big blind $0.05
*** HOLE CARDS ***
Dealt to Dorex2007 [8c 8h]
AGVsmarT: folds 
DJugger: calls $0.05
tomado72: folds 
mullski326: calls $0.05
Dorex2007: raises $0.22 to $0.27
syk819kf: folds 
maksim-2003: folds 
ColinCave: folds 
tanyaa1956: folds 
DJugger: folds 
mullski326: calls $0.22
*** FLOP *** [6h Th 5c]
mullski326: checks 
Dorex2007: bets $4.73 and is all-in
mullski326: folds 
Uncalled bet ($4.73) returned to Dorex2007
Dorex2007 collected $0.63 from pot
Dorex2007: doesn't show hand 
*** SUMMARY ***
Total pot $0.66 | Rake $0.03 
Board [6h Th 5c]
Seat 1: tomado72 folded before Flop (didn't bet)
Seat 2: mullski326 folded on the Flop
Seat 3: Dorex2007 collected ($0.63)
Seat 4: syk819kf folded before Flop (didn't bet)
Seat 5: maksim-2003 (button) folded before Flop (didn't bet)
Seat 6: ColinCave (small blind) folded before Flop
Seat 7: tanyaa1956 (big blind) folded before Flop
Seat 8: AGVsmarT folded before Flop (didn't bet)
Seat 9: DJugger folded before Flop



PokerStars Hand #239002505408:  Hold'em No Limit ($0.02/$0.05 USD) - 2022/10/02 18:19:05 PT [2022/10/02 21:19:05 ET]
Table 'Ceplecha' 9-max Seat #6 is the button
Seat 1: tomado72 ($5.62 in chips) 
Seat 2: mullski326 ($3.90 in chips) 
Seat 3: Dorex2007 ($5.36 in chips) 
Seat 4: syk819kf ($6.04 in chips) 
Seat 5: maksim-2003 ($5 in chips) 
Seat 6: ColinCave ($6.31 in chips) 
Seat 7: tanyaa1956 ($5.26 in chips) 
Seat 8: AGVsmarT ($9.81 in chips) 
Seat 9: DJugger ($0.52 in chips) 
tanyaa1956: posts small blind $0.02
AGVsmarT: posts big blind $0.05
*** HOLE CARDS ***
Dealt to Dorex2007 [Jd Kc]
DJugger: folds 
tomado72: folds 
mullski326: folds 
Dorex2007: raises $0.10 to $0.15
syk819kf: folds 
maksim-2003: folds 
ColinCave: folds 
tanyaa1956: folds 
AGVsmarT: folds 
Uncalled bet ($0.10) returned to Dorex2007
Dorex2007 collected $0.12 from pot
Dorex2007: doesn't show hand 
*** SUMMARY ***
Total pot $0.12 | Rake $0 
Seat 1: tomado72 folded before Flop (didn't bet)
Seat 2: mullski326 folded before Flop (didn't bet)
Seat 3: Dorex2007 collected ($0.12)
Seat 4: syk819kf folded before Flop (didn't bet)
Seat 5: maksim-2003 folded before Flop (didn't bet)
Seat 6: ColinCave (button) folded before Flop (didn't bet)
Seat 7: tanyaa1956 (small blind) folded before Flop
Seat 8: AGVsmarT (big blind) folded before Flop
Seat 9: DJugger folded before Flop (didn't bet)



PokerStars Hand #239002512152:  Hold'em No Limit ($0.02/$0.05 USD) - 2022/10/02 18:19:45 PT [2022/10/02 21:19:45 ET]
Table 'Ceplecha' 9-max Seat #7 is the button
Seat 1: tomado72 ($5.62 in chips) 
Seat 2: mullski326 ($3.90 in chips) 
Seat 3: Dorex2007 ($5.43 in chips) 
Seat 4: syk819kf ($6.04 in chips) 
Seat 5: maksim-2003 ($5 in chips) 
Seat 6: ColinCave ($6.31 in chips) 
Seat 7: tanyaa1956 ($5.24 in chips) 
Seat 8: AGVsmarT ($9.76 in chips) 
Seat 9: DJugger ($0.52 in chips) 
AGVsmarT: posts small blind $0.02
DJugger: posts big blind $0.05
*** HOLE CARDS ***
Dealt to Dorex2007 [Ad Ac]
tomado72: raises $0.10 to $0.15
mullski326: folds 
Dorex2007: calls $0.15
syk819kf: folds 
maksim-2003: folds 
ColinCave: folds 
tanyaa1956: folds 
AGVsmarT: folds 
DJugger: folds 
*** FLOP *** [6d 5h 3c]
tomado72: checks 
Dorex2007: bets $0.35
tomado72: folds 
Uncalled bet ($0.35) returned to Dorex2007
Dorex2007 collected $0.35 from pot
Dorex2007: doesn't show hand 
*** SUMMARY ***
Total pot $0.37 | Rake $0.02 
Board [6d 5h 3c]
Seat 1: tomado72 folded on the Flop
Seat 2: mullski326 folded before Flop (didn't bet)
Seat 3: Dorex2007 collected ($0.35)
Seat 4: syk819kf folded before Flop (didn't bet)
Seat 5: maksim-2003 folded before Flop (didn't bet)
Seat 6: ColinCave folded before Flop (didn't bet)
Seat 7: tanyaa1956 (button) folded before Flop (didn't bet)
Seat 8: AGVsmarT (small blind) folded before Flop
Seat 9: DJugger (big blind) folded before Flop



PokerStars Hand #239002518742:  Hold'em No Limit ($0.02/$0.05 USD) - 2022/10/02 18:20:22 PT [2022/10/02 21:20:22 ET]
Table 'Ceplecha' 9-max Seat #8 is the button
Seat 1: tomado72 ($5.47 in chips) 
Seat 2: mullski326 ($3.90 in chips) 
Seat 3: Dorex2007 ($5.63 in chips) 
Seat 4: syk819kf ($6.04 in chips) 
Seat 5: maksim-2003 ($5 in chips) 
Seat 6: ColinCave ($6.31 in chips) 
Seat 7: tanyaa1956 ($5.24 in chips) 
Seat 8: AGVsmarT ($9.74 in chips) 
Seat 9: DJugger ($0.47 in chips) 
DJugger: posts small blind $0.02
tomado72: posts big blind $0.05
*** HOLE CARDS ***
Dealt to Dorex2007 [5h 7c]
mullski326: folds 
Dorex2007: folds 
syk819kf: folds 
maksim-2003: raises $0.10 to $0.15
ColinCave: folds 
tanyaa1956: folds 
AGVsmarT: calls $0.15
DJugger: folds 
tomado72: raises $0.20 to $0.35
maksim-2003: calls $0.20
AGVsmarT: folds 
*** FLOP *** [Kc 4h 8s]
tomado72: checks 
maksim-2003: checks 
*** TURN *** [Kc 4h 8s] [Js]
tomado72: bets $0.35
maksim-2003: folds 
Uncalled bet ($0.35) returned to tomado72
tomado72 collected $0.82 from pot
tomado72: doesn't show hand 
*** SUMMARY ***
Total pot $0.87 | Rake $0.05 
Board [Kc 4h 8s Js]
Seat 1: tomado72 (big blind) collected ($0.82)
Seat 2: mullski326 folded before Flop (didn't bet)
Seat 3: Dorex2007 folded before Flop (didn't bet)
Seat 4: syk819kf folded before Flop (didn't bet)
Seat 5: maksim-2003 folded on the Turn
Seat 6: ColinCave folded before Flop (didn't bet)
Seat 7: tanyaa1956 folded before Flop (didn't bet)
Seat 8: AGVsmarT (button) folded before Flop
Seat 9: DJugger (small blind) folded before Flop



PokerStars Hand #239002527996:  Hold'em No Limit ($0.02/$0.05 USD) - 2022/10/02 18:21:15 PT [2022/10/02 21:21:15 ET]
Table 'Ceplecha' 9-max Seat #9 is the button
Seat 1: tomado72 ($5.94 in chips) 
Seat 2: mullski326 ($3.90 in chips) 
Seat 3: Dorex2007 ($5.63 in chips) 
Seat 4: syk819kf ($6.04 in chips) 
Seat 5: maksim-2003 ($5 in chips) 
Seat 6: ColinCave ($6.31 in chips) 
Seat 7: tanyaa1956 ($5.24 in chips) 
Seat 8: AGVsmarT ($9.59 in chips) 
Seat 9: DJugger ($0.45 in chips) 
tomado72: posts small blind $0.02
mullski326: posts big blind $0.05
*** HOLE CARDS ***
Dealt to Dorex2007 [Ks 5s]
Dorex2007: folds 
syk819kf: folds 
maksim-2003: folds 
ColinCave: raises $0.07 to $0.12
tanyaa1956: folds 
AGVsmarT: calls $0.12
DJugger: folds 
tomado72: calls $0.10
mullski326: calls $0.07
*** FLOP *** [4d 9s 2h]
tomado72: checks 
mullski326: bets $0.23
ColinCave: folds 
AGVsmarT: folds 
tomado72: folds 
Uncalled bet ($0.23) returned to mullski326
mullski326 collected $0.46 from pot
*** SUMMARY ***
Total pot $0.48 | Rake $0.02 
Board [4d 9s 2h]
Seat 1: tomado72 (small blind) folded on the Flop
Seat 2: mullski326 (big blind) collected ($0.46)
Seat 3: Dorex2007 folded before Flop (didn't bet)
Seat 4: syk819kf folded before Flop (didn't bet)
Seat 5: maksim-2003 folded before Flop (didn't bet)
Seat 6: ColinCave folded on the Flop
Seat 7: tanyaa1956 folded before Flop (didn't bet)
Seat 8: AGVsmarT folded on the Flop
Seat 9: DJugger (button) folded before Flop (didn't bet)



PokerStars Hand #239002538669:  Hold'em No Limit ($0.02/$0.05 USD) - 2022/10/02 18:22:16 PT [2022/10/02 21:22:16 ET]
Table 'Ceplecha' 9-max Seat #1 is the button
Seat 1: tomado72 ($5.82 in chips) 
Seat 2: mullski326 ($4.24 in chips) 
Seat 3: Dorex2007 ($5.63 in chips) 
Seat 4: syk819kf ($6.04 in chips) 
Seat 5: maksim-2003 ($5 in chips) 
Seat 6: ColinCave ($6.19 in chips) 
Seat 7: tanyaa1956 ($5.24 in chips) 
Seat 8: AGVsmarT ($9.47 in chips) 
Seat 9: DJugger ($0.45 in chips) 
mullski326: posts small blind $0.02
Dorex2007: posts big blind $0.05
*** HOLE CARDS ***
Dealt to Dorex2007 [Js Kd]
syk819kf: folds 
maksim-2003: folds 
ColinCave: folds 
tanyaa1956: folds 
AGVsmarT: calls $0.05
DJugger: folds 
tomado72: folds 
mullski326: calls $0.03
Dorex2007: checks 
*** FLOP *** [Kc 5h Ad]
mullski326: bets $0.05
Dorex2007: calls $0.05
AGVsmarT: calls $0.05
*** TURN *** [Kc 5h Ad] [Ac]
mullski326: bets $0.05
Dorex2007: calls $0.05
AGVsmarT: raises $0.44 to $0.49
mullski326: folds 
Dorex2007: calls $0.44
*** RIVER *** [Kc 5h Ad Ac] [Jd]
Dorex2007: bets $0.40
AGVsmarT: calls $0.40
*** SHOW DOWN ***
Dorex2007: shows [Js Kd] (two pair, Aces and Kings)
AGVsmarT: shows [As Td] (three of a kind, Aces)
AGVsmarT collected $2.04 from pot
*** SUMMARY ***
Total pot $2.13 | Rake $0.09 
Board [Kc 5h Ad Ac Jd]
Seat 1: tomado72 (button) folded before Flop (didn't bet)
Seat 2: mullski326 (small blind) folded on the Turn
Seat 3: Dorex2007 (big blind) showed [Js Kd] and lost with two pair, Aces and Kings
Seat 4: syk819kf folded before Flop (didn't bet)
Seat 5: maksim-2003 folded before Flop (didn't bet)
Seat 6: ColinCave folded before Flop (didn't bet)
Seat 7: tanyaa1956 folded before Flop (didn't bet)
Seat 8: AGVsmarT showed [As Td] and won ($2.04) with three of a kind, Aces
Seat 9: DJugger folded before Flop (didn't bet)



PokerStars Hand #239002557140:  Hold'em No Limit ($0.02/$0.05 USD) - 2022/10/02 18:24:01 PT [2022/10/02 21:24:01 ET]
Table 'Ceplecha' 9-max Seat #2 is the button
Seat 1: tomado72 ($5.82 in chips) 
Seat 2: mullski326 ($4.09 in chips) 
Seat 3: Dorex2007 ($5 in chips) 
Seat 4: syk819kf ($6.04 in chips) 
Seat 5: maksim-2003 ($5 in chips) 
Seat 6: ColinCave ($6.19 in chips) 
Seat 7: tanyaa1956 ($5.24 in chips) 
Seat 8: AGVsmarT ($10.52 in chips) 
Seat 9: DJugger ($0.45 in chips) 
Dorex2007: posts small blind $0.02
syk819kf: posts big blind $0.05
*** HOLE CARDS ***
Dealt to Dorex2007 [3s 3h]
maksim-2003: folds 
ColinCave: calls $0.05
tanyaa1956: folds 
AGVsmarT: folds 
DJugger: folds 
tomado72: calls $0.05
mullski326: folds 
Dorex2007: calls $0.03
syk819kf: raises $0.20 to $0.25
ColinCave: folds 
tomado72: calls $0.20
Dorex2007: folds 
*** FLOP *** [6h Qd 8c]
syk819kf: checks 
tomado72: checks 
*** TURN *** [6h Qd 8c] [2h]
syk819kf: checks 
tomado72: checks 
*** RIVER *** [6h Qd 8c 2h] [Kh]
syk819kf: bets $0.35
tomado72: folds 
Uncalled bet ($0.35) returned to syk819kf
syk819kf collected $0.58 from pot
syk819kf: doesn't show hand 
*** SUMMARY ***
Total pot $0.60 | Rake $0.02 
Board [6h Qd 8c 2h Kh]
Seat 1: tomado72 folded on the River
Seat 2: mullski326 (button) folded before Flop (didn't bet)
Seat 3: Dorex2007 (small blind) folded before Flop
Seat 4: syk819kf (big blind) collected ($0.58)
Seat 5: maksim-2003 folded before Flop (didn't bet)
Seat 6: ColinCave folded before Flop
Seat 7: tanyaa1956 folded before Flop (didn't bet)
Seat 8: AGVsmarT folded before Flop (didn't bet)
Seat 9: DJugger folded before Flop (didn't bet)



PokerStars Hand #239002572954:  Hold'em No Limit ($0.02/$0.05 USD) - 2022/10/02 18:25:32 PT [2022/10/02 21:25:32 ET]
Table 'Ceplecha' 9-max Seat #3 is the button
Seat 1: tomado72 ($5.57 in chips) 
Seat 2: mullski326 ($4.09 in chips) 
Seat 3: Dorex2007 ($5 in chips) 
Seat 4: syk819kf ($6.37 in chips) 
Seat 5: maksim-2003 ($5 in chips) 
Seat 6: ColinCave ($6.14 in chips) 
Seat 7: tanyaa1956 ($5.24 in chips) 
Seat 8: AGVsmarT ($10.52 in chips) 
Seat 9: DJugger ($0.45 in chips) 
syk819kf: posts small blind $0.02
maksim-2003: posts big blind $0.05
*** HOLE CARDS ***
Dealt to Dorex2007 [3h 4h]
ColinCave: raises $0.07 to $0.12
tanyaa1956 has timed out
tanyaa1956: folds 
AGVsmarT: calls $0.12
DJugger: folds 
tomado72: folds 
mullski326: folds 
Dorex2007: folds 
syk819kf: folds 
maksim-2003: calls $0.07
*** FLOP *** [Ad Jh 2h]
maksim-2003: checks 
ColinCave: bets $0.18
AGVsmarT: calls $0.18
maksim-2003: calls $0.18
*** TURN *** [Ad Jh 2h] [3c]
maksim-2003: checks 
ColinCave: checks 
AGVsmarT: checks 
*** RIVER *** [Ad Jh 2h 3c] [4s]
maksim-2003: bets $0.44
ColinCave: raises $0.53 to $0.97
AGVsmarT: folds 
maksim-2003: calls $0.53
*** SHOW DOWN ***
ColinCave: shows [6d 5d] (a straight, Deuce to Six)
maksim-2003: mucks hand 
ColinCave collected $2.74 from pot
*** SUMMARY ***
Total pot $2.86 | Rake $0.12 
Board [Ad Jh 2h 3c 4s]
Seat 1: tomado72 folded before Flop (didn't bet)
Seat 2: mullski326 folded before Flop (didn't bet)
Seat 3: Dorex2007 (button) folded before Flop (didn't bet)
Seat 4: syk819kf (small blind) folded before Flop
Seat 5: maksim-2003 (big blind) mucked [Qd Ah]
Seat 6: ColinCave showed [6d 5d] and won ($2.74) with a straight, Deuce to Six
Seat 7: tanyaa1956 folded before Flop (didn't bet)
Seat 8: AGVsmarT folded on the River
Seat 9: DJugger folded before Flop (didn't bet)



