PokerStars Hand #237148109496:  Hold'em No Limit ($0.01/$0.02 USD) - 2022/07/03 18:50:50 PT [2022/07/03 21:50:50 ET]
Table 'Mimosa III' 9-max Seat #1 is the button
Seat 1: mumisber ($2.94 in chips) 
Seat 3: powerpaul161 ($1.23 in chips) 
Seat 4: Mr Ivinho ($1.97 in chips) 
Seat 5: Se_Errec ($0.90 in chips) 
Seat 7: Dorex2007 ($2 in chips) 
powerpaul161: posts small blind $0.01
Mr Ivinho: posts big blind $0.02
Dorex2007: posts big blind $0.02
krakow20: sits out 
*** HOLE CARDS ***
Dealt to Dorex2007 [6s 6h]
Se_Errec: folds 
Dorex2007: raises $0.06 to $0.08
mumisber: folds 
powerpaul161: folds 
Mr Ivinho: calls $0.06
*** FLOP *** [4h Ah Kd]
Mr Ivinho: checks 
Dorex2007: checks 
*** TURN *** [4h Ah Kd] [Th]
Mr Ivinho: checks 
Dorex2007: bets $0.08
Mr Ivinho: folds 
Uncalled bet ($0.08) returned to Dorex2007
Dorex2007 collected $0.16 from pot
*** SUMMARY ***
Total pot $0.17 | Rake $0.01 
Board [4h Ah Kd Th]
Seat 1: mumisber (button) folded before Flop (didn't bet)
Seat 3: powerpaul161 (small blind) folded before Flop
Seat 4: Mr Ivinho (big blind) folded on the Turn
Seat 5: Se_Errec folded before Flop (didn't bet)
Seat 7: Dorex2007 collected ($0.16)



PokerStars Hand #237148124480:  Hold'em No Limit ($0.01/$0.02 USD) - 2022/07/03 18:51:50 PT [2022/07/03 21:51:50 ET]
Table 'Mimosa III' 9-max Seat #3 is the button
Seat 1: mumisber ($2.94 in chips) 
Seat 3: powerpaul161 ($1.22 in chips) 
Seat 4: Mr Ivinho ($1.89 in chips) 
Seat 5: Se_Errec ($0.90 in chips) 
Seat 7: Dorex2007 ($2.08 in chips) 
Mr Ivinho: posts small blind $0.01
Se_Errec: posts big blind $0.02
krakow20: sits out 
*** HOLE CARDS ***
Dealt to Dorex2007 [6s 8h]
Dorex2007: folds 
mumisber: raises $0.08 to $0.10
powerpaul161: folds 
Mr Ivinho: folds 
Se_Errec: calls $0.08
*** FLOP *** [3h 5h 2c]
Se_Errec: checks 
mumisber: checks 
*** TURN *** [3h 5h 2c] [3s]
Se_Errec: checks 
mumisber: checks 
*** RIVER *** [3h 5h 2c 3s] [Js]
marcuspmw joins the table at seat #2 
Se_Errec: checks 
mumisber: checks 
*** SHOW DOWN ***
Se_Errec: shows [9h 7s] (a pair of Threes)
mumisber: shows [Qd As] (a pair of Threes - Ace kicker)
mumisber collected $0.20 from pot
*** SUMMARY ***
Total pot $0.21 | Rake $0.01 
Board [3h 5h 2c 3s Js]
Seat 1: mumisber showed [Qd As] and won ($0.20) with a pair of Threes
Seat 3: powerpaul161 (button) folded before Flop (didn't bet)
Seat 4: Mr Ivinho (small blind) folded before Flop
Seat 5: Se_Errec (big blind) showed [9h 7s] and lost with a pair of Threes
Seat 7: Dorex2007 folded before Flop (didn't bet)



PokerStars Hand #237148131297:  Hold'em No Limit ($0.01/$0.02 USD) - 2022/07/03 18:52:27 PT [2022/07/03 21:52:27 ET]
Table 'Mimosa III' 9-max Seat #4 is the button
Seat 1: mumisber ($3.04 in chips) 
Seat 3: powerpaul161 ($1.22 in chips) 
Seat 4: Mr Ivinho ($1.88 in chips) 
Seat 5: Se_Errec ($0.80 in chips) 
Seat 7: Dorex2007 ($2.08 in chips) 
Se_Errec: posts small blind $0.01
Dorex2007: posts big blind $0.02
krakow20: sits out 
marcuspmw: sits out 
*** HOLE CARDS ***
Dealt to Dorex2007 [Jd Kc]
mumisber: folds 
powerpaul161: folds 
Mr Ivinho: folds 
Se_Errec: calls $0.01
Dorex2007: raises $0.04 to $0.06
Se_Errec: calls $0.04
*** FLOP *** [Td Qc Jc]
Se_Errec: checks 
Dorex2007: bets $0.06
Se_Errec: calls $0.06
*** TURN *** [Td Qc Jc] [Ah]
Se_Errec: checks 
Dorex2007: bets $0.23
Se_Errec: calls $0.23
*** RIVER *** [Td Qc Jc Ah] [6h]
Se_Errec: bets $0.45 and is all-in
Dorex2007: calls $0.45
*** SHOW DOWN ***
Se_Errec: shows [5c Js] (a pair of Jacks)
Dorex2007: shows [Jd Kc] (a straight, Ten to Ace)
Dorex2007 collected $1.54 from pot
*** SUMMARY ***
Total pot $1.60 | Rake $0.06 
Board [Td Qc Jc Ah 6h]
Seat 1: mumisber folded before Flop (didn't bet)
Seat 3: powerpaul161 folded before Flop (didn't bet)
Seat 4: Mr Ivinho (button) folded before Flop (didn't bet)
Seat 5: Se_Errec (small blind) showed [5c Js] and lost with a pair of Jacks
Seat 7: Dorex2007 (big blind) showed [Jd Kc] and won ($1.54) with a straight, Ten to Ace



PokerStars Hand #237148142884:  Hold'em No Limit ($0.01/$0.02 USD) - 2022/07/03 18:53:32 PT [2022/07/03 21:53:32 ET]
Table 'Mimosa III' 9-max Seat #7 is the button
Seat 1: mumisber ($3.04 in chips) 
Seat 2: marcuspmw ($0.80 in chips) 
Seat 3: powerpaul161 ($1.22 in chips) 
Seat 4: Mr Ivinho ($1.88 in chips) 
Seat 7: Dorex2007 ($2.82 in chips) 
mumisber: posts small blind $0.01
marcuspmw: posts big blind $0.02
*** HOLE CARDS ***
Dealt to Dorex2007 [9s 5d]
powerpaul161: folds 
Se_Errec is disconnected 
Mr Ivinho: raises $0.03 to $0.05
Dorex2007: folds 
mumisber: folds 
marcuspmw: calls $0.03
*** FLOP *** [4c Qd 2s]
vkorgik joins the table at seat #6 
marcuspmw: bets $0.06
Mr Ivinho: calls $0.06
*** TURN *** [4c Qd 2s] [Ac]
marcuspmw: bets $0.10
Mr Ivinho: raises $0.18 to $0.28
marcuspmw: calls $0.18
*** RIVER *** [4c Qd 2s Ac] [6s]
marcuspmw: checks 
Mr Ivinho: bets $0.38
marcuspmw: raises $0.03 to $0.41 and is all-in
Mr Ivinho: calls $0.03
*** SHOW DOWN ***
marcuspmw: shows [Kh As] (a pair of Aces)
Mr Ivinho: shows [Qs Kd] (a pair of Queens)
marcuspmw collected $1.55 from pot
*** SUMMARY ***
Total pot $1.61 | Rake $0.06 
Board [4c Qd 2s Ac 6s]
Seat 1: mumisber (small blind) folded before Flop
Seat 2: marcuspmw (big blind) showed [Kh As] and won ($1.55) with a pair of Aces
Seat 3: powerpaul161 folded before Flop (didn't bet)
Seat 4: Mr Ivinho showed [Qs Kd] and lost with a pair of Queens
Seat 7: Dorex2007 (button) folded before Flop (didn't bet)



PokerStars Hand #237148156922:  Hold'em No Limit ($0.01/$0.02 USD) - 2022/07/03 18:54:51 PT [2022/07/03 21:54:51 ET]
Table 'Mimosa III' 9-max Seat #1 is the button
Seat 1: mumisber ($3.03 in chips) 
Seat 2: marcuspmw ($1.55 in chips) 
Seat 3: powerpaul161 ($1.22 in chips) 
Seat 4: Mr Ivinho ($1.08 in chips) 
Seat 7: Dorex2007 ($2.82 in chips) 
marcuspmw: posts small blind $0.01
powerpaul161: posts big blind $0.02
vkorgik: sits out 
krakow20: sits out 
*** HOLE CARDS ***
Dealt to Dorex2007 [4d Ks]
Mr Ivinho: folds 
Dorex2007: folds 
mumisber: folds 
marcuspmw: calls $0.01
powerpaul161: checks 
*** FLOP *** [Jh 9c 4s]
gringhostil joins the table at seat #8 
marcuspmw: checks 
powerpaul161: checks 
*** TURN *** [Jh 9c 4s] [5c]
Mr Ivinho is disconnected 
marcuspmw: bets $0.04
powerpaul161: calls $0.04
*** RIVER *** [Jh 9c 4s 5c] [Ac]
marcuspmw: checks 
powerpaul161: checks 
*** SHOW DOWN ***
marcuspmw: shows [9s 2d] (a pair of Nines)
powerpaul161: shows [2s Js] (a pair of Jacks)
powerpaul161 collected $0.12 from pot
*** SUMMARY ***
Total pot $0.12 | Rake $0 
Board [Jh 9c 4s 5c Ac]
Seat 1: mumisber (button) folded before Flop (didn't bet)
Seat 2: marcuspmw (small blind) showed [9s 2d] and lost with a pair of Nines
Seat 3: powerpaul161 (big blind) showed [2s Js] and won ($0.12) with a pair of Jacks
Seat 4: Mr Ivinho folded before Flop (didn't bet)
Seat 7: Dorex2007 folded before Flop (didn't bet)



PokerStars Hand #237148164512:  Hold'em No Limit ($0.01/$0.02 USD) - 2022/07/03 18:55:43 PT [2022/07/03 21:55:43 ET]
Table 'Mimosa III' 9-max Seat #2 is the button
Seat 1: mumisber ($3.03 in chips) 
Seat 2: marcuspmw ($1.49 in chips) 
Seat 3: powerpaul161 ($1.28 in chips) 
Seat 6: vkorgik ($1.60 in chips) 
Seat 7: Dorex2007 ($2.82 in chips) 
powerpaul161: posts small blind $0.01
Mr Ivinho has timed out while disconnected
Mr Ivinho: is sitting out 
vkorgik: posts big blind $0.02
gringhostil: sits out 
krakow20: sits out 
*** HOLE CARDS ***
Dealt to Dorex2007 [9h Ts]
Dorex2007: folds 
mumisber: folds 
marcuspmw: folds 
powerpaul161: folds 
Uncalled bet ($0.01) returned to vkorgik
vkorgik collected $0.02 from pot
*** SUMMARY ***
Total pot $0.02 | Rake $0 
Seat 1: mumisber folded before Flop (didn't bet)
Seat 2: marcuspmw (button) folded before Flop (didn't bet)
Seat 3: powerpaul161 (small blind) folded before Flop
Seat 6: vkorgik (big blind) collected ($0.02)
Seat 7: Dorex2007 folded before Flop (didn't bet)



PokerStars Hand #237148167629:  Hold'em No Limit ($0.01/$0.02 USD) - 2022/07/03 18:56:05 PT [2022/07/03 21:56:05 ET]
Table 'Mimosa III' 9-max Seat #3 is the button
Seat 1: mumisber ($3.03 in chips) 
Seat 2: marcuspmw ($1.49 in chips) 
Seat 3: powerpaul161 ($1.27 in chips) 
Seat 6: vkorgik ($1.61 in chips) 
Seat 7: Dorex2007 ($2.82 in chips) 
vkorgik: posts small blind $0.01
Dorex2007: posts big blind $0.02
gringhostil: sits out 
krakow20: sits out 
*** HOLE CARDS ***
Dealt to Dorex2007 [6h 5s]
mumisber: folds 
marcuspmw: folds 
powerpaul161: folds 
vkorgik: raises $0.04 to $0.06
Dorex2007: folds 
Uncalled bet ($0.04) returned to vkorgik
vkorgik collected $0.04 from pot
*** SUMMARY ***
Total pot $0.04 | Rake $0 
Seat 1: mumisber folded before Flop (didn't bet)
Seat 2: marcuspmw folded before Flop (didn't bet)
Seat 3: powerpaul161 (button) folded before Flop (didn't bet)
Seat 6: vkorgik (small blind) collected ($0.04)
Seat 7: Dorex2007 (big blind) folded before Flop



PokerStars Hand #237148171105:  Hold'em No Limit ($0.01/$0.02 USD) - 2022/07/03 18:56:30 PT [2022/07/03 21:56:30 ET]
Table 'Mimosa III' 9-max Seat #6 is the button
Seat 1: mumisber ($3.03 in chips) 
Seat 2: marcuspmw ($1.49 in chips) 
Seat 3: powerpaul161 ($1.27 in chips) 
Seat 6: vkorgik ($1.63 in chips) 
Seat 7: Dorex2007 ($2.80 in chips) 
Seat 8: gringhostil ($1.01 in chips) 
Dorex2007: posts small blind $0.01
gringhostil: posts big blind $0.02
krakow20: sits out 
*** HOLE CARDS ***
Dealt to Dorex2007 [7c 6c]
mumisber: folds 
marcuspmw: folds 
powerpaul161: calls $0.02
vkorgik: folds 
Dorex2007: calls $0.01
gringhostil: checks 
*** FLOP *** [Td 2d 5d]
Dorex2007: checks 
gringhostil: checks 
powerpaul161: bets $0.02
Dorex2007: folds 
gringhostil: folds 
Uncalled bet ($0.02) returned to powerpaul161
powerpaul161 collected $0.06 from pot
*** SUMMARY ***
Total pot $0.06 | Rake $0 
Board [Td 2d 5d]
Seat 1: mumisber folded before Flop (didn't bet)
Seat 2: marcuspmw folded before Flop (didn't bet)
Seat 3: powerpaul161 collected ($0.06)
Seat 6: vkorgik (button) folded before Flop (didn't bet)
Seat 7: Dorex2007 (small blind) folded on the Flop
Seat 8: gringhostil (big blind) folded on the Flop



PokerStars Hand #237148177829:  Hold'em No Limit ($0.01/$0.02 USD) - 2022/07/03 18:57:18 PT [2022/07/03 21:57:18 ET]
Table 'Mimosa III' 9-max Seat #7 is the button
Seat 1: mumisber ($3.03 in chips) 
Seat 2: marcuspmw ($1.49 in chips) 
Seat 3: powerpaul161 ($1.31 in chips) 
Seat 6: vkorgik ($1.63 in chips) 
Seat 7: Dorex2007 ($2.78 in chips) 
Seat 8: gringhostil ($0.99 in chips) 
Seat 9: krakow20 ($2 in chips) 
gringhostil: posts small blind $0.01
krakow20: posts big blind $0.02
*** HOLE CARDS ***
Dealt to Dorex2007 [Tc Qd]
mumisber: folds 
marcuspmw: folds 
powerpaul161: folds 
vkorgik: folds 
Dorex2007: raises $0.04 to $0.06
gringhostil: calls $0.05
krakow20: folds 
*** FLOP *** [Qh 7d 5c]
gringhostil: checks 
Dorex2007: bets $0.14
gringhostil: folds 
Uncalled bet ($0.14) returned to Dorex2007
Dorex2007 collected $0.14 from pot
*** SUMMARY ***
Total pot $0.14 | Rake $0 
Board [Qh 7d 5c]
Seat 1: mumisber folded before Flop (didn't bet)
Seat 2: marcuspmw folded before Flop (didn't bet)
Seat 3: powerpaul161 folded before Flop (didn't bet)
Seat 6: vkorgik folded before Flop (didn't bet)
Seat 7: Dorex2007 (button) collected ($0.14)
Seat 8: gringhostil (small blind) folded on the Flop
Seat 9: krakow20 (big blind) folded before Flop



PokerStars Hand #237148182341:  Hold'em No Limit ($0.01/$0.02 USD) - 2022/07/03 18:57:51 PT [2022/07/03 21:57:51 ET]
Table 'Mimosa III' 9-max Seat #8 is the button
Seat 1: mumisber ($3.03 in chips) 
Seat 2: marcuspmw ($1.49 in chips) 
Seat 3: powerpaul161 ($1.31 in chips) 
Seat 6: vkorgik ($1.63 in chips) 
Seat 7: Dorex2007 ($2.86 in chips) 
Seat 8: gringhostil ($0.93 in chips) 
Seat 9: krakow20 ($1.98 in chips) 
krakow20: posts small blind $0.01
mumisber: posts big blind $0.02
*** HOLE CARDS ***
Dealt to Dorex2007 [3d As]
marcuspmw: calls $0.02
powerpaul161: folds 
vkorgik: folds 
Dorex2007: folds 
gringhostil: raises $0.04 to $0.06
krakow20: folds 
mumisber: folds 
marcuspmw: calls $0.04
*** FLOP *** [2d Ks 7c]
marcuspmw: checks 
gringhostil: bets $0.10
marcuspmw: folds 
Uncalled bet ($0.10) returned to gringhostil
gringhostil collected $0.14 from pot
*** SUMMARY ***
Total pot $0.15 | Rake $0.01 
Board [2d Ks 7c]
Seat 1: mumisber (big blind) folded before Flop
Seat 2: marcuspmw folded on the Flop
Seat 3: powerpaul161 folded before Flop (didn't bet)
Seat 6: vkorgik folded before Flop (didn't bet)
Seat 7: Dorex2007 folded before Flop (didn't bet)
Seat 8: gringhostil (button) collected ($0.14)
Seat 9: krakow20 (small blind) folded before Flop



PokerStars Hand #237148189609:  Hold'em No Limit ($0.01/$0.02 USD) - 2022/07/03 18:58:43 PT [2022/07/03 21:58:43 ET]
Table 'Mimosa III' 9-max Seat #9 is the button
Seat 1: mumisber ($3.01 in chips) 
Seat 2: marcuspmw ($1.43 in chips) 
Seat 3: powerpaul161 ($1.31 in chips) 
Seat 6: vkorgik ($1.63 in chips) 
Seat 7: Dorex2007 ($2.86 in chips) 
Seat 8: gringhostil ($1.01 in chips) 
Seat 9: krakow20 ($1.97 in chips) 
mumisber: posts small blind $0.01
marcuspmw: posts big blind $0.02
*** HOLE CARDS ***
Dealt to Dorex2007 [5s Ts]
powerpaul161: calls $0.02
vkorgik: folds 
Dorex2007: folds 
gringhostil: raises $0.04 to $0.06
krakow20: folds 
mumisber: folds 
marcuspmw: folds 
powerpaul161: calls $0.04
*** FLOP *** [Th Ac Jd]
powerpaul161: checks 
gringhostil: bets $0.11
powerpaul161: raises $0.11 to $0.22
gringhostil: folds 
Uncalled bet ($0.11) returned to powerpaul161
powerpaul161 collected $0.36 from pot
*** SUMMARY ***
Total pot $0.37 | Rake $0.01 
Board [Th Ac Jd]
Seat 1: mumisber (small blind) folded before Flop
Seat 2: marcuspmw (big blind) folded before Flop
Seat 3: powerpaul161 collected ($0.36)
Seat 6: vkorgik folded before Flop (didn't bet)
Seat 7: Dorex2007 folded before Flop (didn't bet)
Seat 8: gringhostil folded on the Flop
Seat 9: krakow20 (button) folded before Flop (didn't bet)



PokerStars Hand #237148196125:  Hold'em No Limit ($0.01/$0.02 USD) - 2022/07/03 18:59:29 PT [2022/07/03 21:59:29 ET]
Table 'Mimosa III' 9-max Seat #1 is the button
Seat 1: mumisber ($3 in chips) 
Seat 2: marcuspmw ($1.41 in chips) 
Seat 3: powerpaul161 ($1.50 in chips) 
Seat 6: vkorgik ($1.63 in chips) 
Seat 7: Dorex2007 ($2.86 in chips) 
Seat 8: gringhostil ($0.84 in chips) 
Seat 9: krakow20 ($2 in chips) 
marcuspmw: posts small blind $0.01
powerpaul161: posts big blind $0.02
*** HOLE CARDS ***
Dealt to Dorex2007 [8c 6c]
vkorgik: folds 
Dorex2007: folds 
gringhostil: folds 
krakow20: folds 
mumisber: raises $0.08 to $0.10
marcuspmw: folds 
powerpaul161: calls $0.08
*** FLOP *** [Jd Js 3h]
powerpaul161: checks 
mumisber: checks 
*** TURN *** [Jd Js 3h] [Ts]
powerpaul161: checks 
mumisber: bets $0.08
powerpaul161: calls $0.08
*** RIVER *** [Jd Js 3h Ts] [3s]
powerpaul161: checks 
mumisber: checks 
*** SHOW DOWN ***
powerpaul161: shows [6d Kc] (two pair, Jacks and Threes)
mumisber: shows [As Ks] (a flush, Ace high)
mumisber collected $0.36 from pot
*** SUMMARY ***
Total pot $0.37 | Rake $0.01 
Board [Jd Js 3h Ts 3s]
Seat 1: mumisber (button) showed [As Ks] and won ($0.36) with a flush, Ace high
Seat 2: marcuspmw (small blind) folded before Flop
Seat 3: powerpaul161 (big blind) showed [6d Kc] and lost with two pair, Jacks and Threes
Seat 6: vkorgik folded before Flop (didn't bet)
Seat 7: Dorex2007 folded before Flop (didn't bet)
Seat 8: gringhostil folded before Flop (didn't bet)
Seat 9: krakow20 folded before Flop (didn't bet)



PokerStars Hand #237148204708:  Hold'em No Limit ($0.01/$0.02 USD) - 2022/07/03 19:00:29 PT [2022/07/03 22:00:29 ET]
Table 'Mimosa III' 9-max Seat #2 is the button
Seat 1: mumisber ($3.18 in chips) 
Seat 2: marcuspmw ($1.40 in chips) 
Seat 3: powerpaul161 ($1.32 in chips) 
Seat 6: vkorgik ($1.63 in chips) 
Seat 7: Dorex2007 ($2.86 in chips) 
Seat 8: gringhostil ($0.84 in chips) 
Seat 9: krakow20 ($2 in chips) 
powerpaul161: posts small blind $0.01
vkorgik: posts big blind $0.02
*** HOLE CARDS ***
Dealt to Dorex2007 [9d 4d]
Dorex2007: folds 
gringhostil: folds 
krakow20: folds 
mumisber: folds 
marcuspmw: calls $0.02
powerpaul161: calls $0.01
vkorgik: checks 
*** FLOP *** [3d Ac 9h]
powerpaul161: checks 
vkorgik: checks 
marcuspmw: bets $0.12
powerpaul161: folds 
vkorgik: folds 
Uncalled bet ($0.12) returned to marcuspmw
marcuspmw collected $0.06 from pot
*** SUMMARY ***
Total pot $0.06 | Rake $0 
Board [3d Ac 9h]
Seat 1: mumisber folded before Flop (didn't bet)
Seat 2: marcuspmw (button) collected ($0.06)
Seat 3: powerpaul161 (small blind) folded on the Flop
Seat 6: vkorgik (big blind) folded on the Flop
Seat 7: Dorex2007 folded before Flop (didn't bet)
Seat 8: gringhostil folded before Flop (didn't bet)
Seat 9: krakow20 folded before Flop (didn't bet)



PokerStars Hand #237148212777:  Hold'em No Limit ($0.01/$0.02 USD) - 2022/07/03 19:01:18 PT [2022/07/03 22:01:18 ET]
Table 'Mimosa III' 9-max Seat #3 is the button
Seat 1: mumisber ($3.18 in chips) 
Seat 2: marcuspmw ($1.44 in chips) 
Seat 3: powerpaul161 ($1.30 in chips) 
Seat 6: vkorgik ($1.61 in chips) 
Seat 7: Dorex2007 ($2.86 in chips) 
Seat 8: gringhostil ($0.84 in chips) 
Seat 9: krakow20 ($2 in chips) 
vkorgik: posts small blind $0.01
Dorex2007: posts big blind $0.02
*** HOLE CARDS ***
Dealt to Dorex2007 [9d Tc]
gringhostil: folds 
krakow20: folds 
mumisber: folds 
marcuspmw: folds 
powerpaul161: folds 
vkorgik: folds 
Uncalled bet ($0.01) returned to Dorex2007
Dorex2007 collected $0.02 from pot
*** SUMMARY ***
Total pot $0.02 | Rake $0 
Seat 1: mumisber folded before Flop (didn't bet)
Seat 2: marcuspmw folded before Flop (didn't bet)
Seat 3: powerpaul161 (button) folded before Flop (didn't bet)
Seat 6: vkorgik (small blind) folded before Flop
Seat 7: Dorex2007 (big blind) collected ($0.02)
Seat 8: gringhostil folded before Flop (didn't bet)
Seat 9: krakow20 folded before Flop (didn't bet)



PokerStars Hand #237148215762:  Hold'em No Limit ($0.01/$0.02 USD) - 2022/07/03 19:01:36 PT [2022/07/03 22:01:36 ET]
Table 'Mimosa III' 9-max Seat #6 is the button
Seat 1: mumisber ($3.18 in chips) 
Seat 2: marcuspmw ($1.44 in chips) 
Seat 3: powerpaul161 ($1.30 in chips) 
Seat 6: vkorgik ($1.60 in chips) 
Seat 7: Dorex2007 ($2.87 in chips) 
Seat 8: gringhostil ($0.84 in chips) 
Seat 9: krakow20 ($2 in chips) 
Dorex2007: posts small blind $0.01
gringhostil: posts big blind $0.02
*** HOLE CARDS ***
Dealt to Dorex2007 [9d Kh]
krakow20: raises $0.02 to $0.04
mumisber: folds 
marcuspmw: folds 
powerpaul161: folds 
vkorgik: folds 
Dorex2007: folds 
gringhostil: calls $0.02
*** FLOP *** [7c 2d 6c]
gringhostil: checks 
krakow20: checks 
*** TURN *** [7c 2d 6c] [Th]
gringhostil: checks 
krakow20: checks 
*** RIVER *** [7c 2d 6c Th] [Qs]
gringhostil: checks 
krakow20: checks 
*** SHOW DOWN ***
gringhostil: shows [3c 3s] (a pair of Threes)
krakow20: mucks hand 
gringhostil collected $0.09 from pot
*** SUMMARY ***
Total pot $0.09 | Rake $0 
Board [7c 2d 6c Th Qs]
Seat 1: mumisber folded before Flop (didn't bet)
Seat 2: marcuspmw folded before Flop (didn't bet)
Seat 3: powerpaul161 folded before Flop (didn't bet)
Seat 6: vkorgik (button) folded before Flop (didn't bet)
Seat 7: Dorex2007 (small blind) folded before Flop
Seat 8: gringhostil (big blind) showed [3c 3s] and won ($0.09) with a pair of Threes
Seat 9: krakow20 mucked [Jc Ah]



PokerStars Hand #237148221239:  Hold'em No Limit ($0.01/$0.02 USD) - 2022/07/03 19:02:08 PT [2022/07/03 22:02:08 ET]
Table 'Mimosa III' 9-max Seat #7 is the button
Seat 1: mumisber ($3.18 in chips) 
Seat 2: marcuspmw ($1.44 in chips) 
Seat 3: powerpaul161 ($1.30 in chips) 
Seat 6: vkorgik ($1.60 in chips) 
Seat 7: Dorex2007 ($2.86 in chips) 
Seat 8: gringhostil ($0.89 in chips) 
Seat 9: krakow20 ($1.96 in chips) 
gringhostil: posts small blind $0.01
krakow20: posts big blind $0.02
*** HOLE CARDS ***
Dealt to Dorex2007 [Js Kh]
mumisber: folds 
marcuspmw: folds 
powerpaul161: folds 
vkorgik: folds 
Dorex2007: raises $0.04 to $0.06
gringhostil: folds 
krakow20: folds 
Uncalled bet ($0.04) returned to Dorex2007
Dorex2007 collected $0.05 from pot
*** SUMMARY ***
Total pot $0.05 | Rake $0 
Seat 1: mumisber folded before Flop (didn't bet)
Seat 2: marcuspmw folded before Flop (didn't bet)
Seat 3: powerpaul161 folded before Flop (didn't bet)
Seat 6: vkorgik folded before Flop (didn't bet)
Seat 7: Dorex2007 (button) collected ($0.05)
Seat 8: gringhostil (small blind) folded before Flop
Seat 9: krakow20 (big blind) folded before Flop



PokerStars Hand #237148224300:  Hold'em No Limit ($0.01/$0.02 USD) - 2022/07/03 19:02:25 PT [2022/07/03 22:02:25 ET]
Table 'Mimosa III' 9-max Seat #8 is the button
Seat 1: mumisber ($3.18 in chips) 
Seat 2: marcuspmw ($1.44 in chips) 
Seat 3: powerpaul161 ($1.30 in chips) 
Seat 6: vkorgik ($1.60 in chips) 
Seat 7: Dorex2007 ($2.89 in chips) 
Seat 8: gringhostil ($0.88 in chips) 
mumisber: posts small blind $0.01
marcuspmw: posts big blind $0.02
*** HOLE CARDS ***
Dealt to Dorex2007 [8s 4d]
krakow20 leaves the table
powerpaul161: folds 
vkorgik: folds 
Dorex2007: folds 
gringhostil: folds 
mumisber: folds 
Uncalled bet ($0.01) returned to marcuspmw
marcuspmw collected $0.02 from pot
*** SUMMARY ***
Total pot $0.02 | Rake $0 
Seat 1: mumisber (small blind) folded before Flop
Seat 2: marcuspmw (big blind) collected ($0.02)
Seat 3: powerpaul161 folded before Flop (didn't bet)
Seat 6: vkorgik folded before Flop (didn't bet)
Seat 7: Dorex2007 folded before Flop (didn't bet)
Seat 8: gringhostil (button) folded before Flop (didn't bet)



PokerStars Hand #237148226968:  Hold'em No Limit ($0.01/$0.02 USD) - 2022/07/03 19:02:41 PT [2022/07/03 22:02:41 ET]
Table 'Mimosa III' 9-max Seat #1 is the button
Seat 1: mumisber ($3.17 in chips) 
Seat 2: marcuspmw ($1.45 in chips) 
Seat 3: powerpaul161 ($1.30 in chips) 
Seat 6: vkorgik ($1.60 in chips) 
Seat 7: Dorex2007 ($2.89 in chips) 
Seat 8: gringhostil ($0.88 in chips) 
marcuspmw: posts small blind $0.01
powerpaul161: posts big blind $0.02
*** HOLE CARDS ***
Dealt to Dorex2007 [Kh 4s]
vkorgik: folds 
Dorex2007: folds 
gringhostil: folds 
mumisber: folds 
marcuspmw: calls $0.01
IronMycki joins the table at seat #9 
powerpaul161: raises $1.28 to $1.30 and is all-in
marcuspmw: folds 
Uncalled bet ($1.28) returned to powerpaul161
powerpaul161 collected $0.04 from pot
*** SUMMARY ***
Total pot $0.04 | Rake $0 
Seat 1: mumisber (button) folded before Flop (didn't bet)
Seat 2: marcuspmw (small blind) folded before Flop
Seat 3: powerpaul161 (big blind) collected ($0.04)
Seat 6: vkorgik folded before Flop (didn't bet)
Seat 7: Dorex2007 folded before Flop (didn't bet)
Seat 8: gringhostil folded before Flop (didn't bet)



PokerStars Hand #237148232639:  Hold'em No Limit ($0.01/$0.02 USD) - 2022/07/03 19:03:08 PT [2022/07/03 22:03:08 ET]
Table 'Mimosa III' 9-max Seat #2 is the button
Seat 1: mumisber ($3.17 in chips) 
Seat 2: marcuspmw ($1.43 in chips) 
Seat 3: powerpaul161 ($1.32 in chips) 
Seat 6: vkorgik ($1.60 in chips) 
Seat 7: Dorex2007 ($2.89 in chips) 
Seat 8: gringhostil ($0.88 in chips) 
powerpaul161: posts small blind $0.01
vkorgik: posts big blind $0.02
IronMycki: sits out 
*** HOLE CARDS ***
Dealt to Dorex2007 [Kh 8c]
Dorex2007: folds 
gringhostil: folds 
mumisber: folds 
marcuspmw: calls $0.02
powerpaul161: folds 
vkorgik: checks 
*** FLOP *** [Jc 4h 6s]
vkorgik: checks 
marcuspmw: checks 
*** TURN *** [Jc 4h 6s] [5d]
Se_Errec leaves the table
vkorgik: checks 
marcuspmw: bets $0.04
vkorgik: folds 
Uncalled bet ($0.04) returned to marcuspmw
marcuspmw collected $0.05 from pot
*** SUMMARY ***
Total pot $0.05 | Rake $0 
Board [Jc 4h 6s 5d]
Seat 1: mumisber folded before Flop (didn't bet)
Seat 2: marcuspmw (button) collected ($0.05)
Seat 3: powerpaul161 (small blind) folded before Flop
Seat 6: vkorgik (big blind) folded on the Turn
Seat 7: Dorex2007 folded before Flop (didn't bet)
Seat 8: gringhostil folded before Flop (didn't bet)



PokerStars Hand #237148241271:  Hold'em No Limit ($0.01/$0.02 USD) - 2022/07/03 19:03:57 PT [2022/07/03 22:03:57 ET]
Table 'Mimosa III' 9-max Seat #3 is the button
Seat 1: mumisber ($3.17 in chips) 
Seat 2: marcuspmw ($1.46 in chips) 
Seat 3: powerpaul161 ($1.31 in chips) 
Seat 6: vkorgik ($1.60 in chips) 
Seat 7: Dorex2007 ($2.89 in chips) 
Seat 8: gringhostil ($0.88 in chips) 
vkorgik: posts small blind $0.01
Dorex2007: posts big blind $0.02
IronMycki: sits out 
*** HOLE CARDS ***
Dealt to Dorex2007 [6c Tc]
santibaron joins the table at seat #5 
gringhostil: folds 
mumisber: raises $0.02 to $0.04
marcuspmw: folds 
powerpaul161: folds 
vkorgik: folds 
Dorex2007: folds 
Uncalled bet ($0.02) returned to mumisber
mumisber collected $0.05 from pot
*** SUMMARY ***
Total pot $0.05 | Rake $0 
Seat 1: mumisber collected ($0.05)
Seat 2: marcuspmw folded before Flop (didn't bet)
Seat 3: powerpaul161 (button) folded before Flop (didn't bet)
Seat 6: vkorgik (small blind) folded before Flop
Seat 7: Dorex2007 (big blind) folded before Flop
Seat 8: gringhostil folded before Flop (didn't bet)



PokerStars Hand #237148245772:  Hold'em No Limit ($0.01/$0.02 USD) - 2022/07/03 19:04:23 PT [2022/07/03 22:04:23 ET]
Table 'Mimosa III' 9-max Seat #6 is the button
Seat 1: mumisber ($3.20 in chips) 
Seat 2: marcuspmw ($1.46 in chips) 
Seat 3: powerpaul161 ($1.31 in chips) 
Seat 6: vkorgik ($1.60 in chips) 
Seat 7: Dorex2007 ($2.87 in chips) 
Seat 8: gringhostil ($0.88 in chips) 
Dorex2007: posts small blind $0.01
gringhostil: posts big blind $0.02
IronMycki: sits out 
santibaron: sits out 
*** HOLE CARDS ***
Dealt to Dorex2007 [Ad 5c]
mumisber: folds 
marcuspmw: folds 
powerpaul161: calls $0.02
vkorgik: folds 
Dorex2007: calls $0.01
gringhostil: checks 
*** FLOP *** [3d 4h Jd]
Dorex2007: checks 
gringhostil: checks 
powerpaul161: checks 
*** TURN *** [3d 4h Jd] [9d]
Dorex2007: checks 
gringhostil: checks 
powerpaul161: checks 
*** RIVER *** [3d 4h Jd 9d] [7s]
Dorex2007: bets $0.04
gringhostil: raises $0.12 to $0.16
powerpaul161: raises $1.13 to $1.29 and is all-in
Mr Ivinho leaves the table
Dorex2007: folds 
gringhostil: calls $0.70 and is all-in
Uncalled bet ($0.43) returned to powerpaul161
*** SHOW DOWN ***
powerpaul161: shows [8c Ts] (a straight, Seven to Jack)
gringhostil: shows [Tc 8s] (a straight, Seven to Jack)
gringhostil collected $0.88 from pot
powerpaul161 collected $0.87 from pot
*** SUMMARY ***
Total pot $1.82 | Rake $0.07 
Board [3d 4h Jd 9d 7s]
Seat 1: mumisber folded before Flop (didn't bet)
Seat 2: marcuspmw folded before Flop (didn't bet)
Seat 3: powerpaul161 showed [8c Ts] and won ($0.87) with a straight, Seven to Jack
Seat 6: vkorgik (button) folded before Flop (didn't bet)
Seat 7: Dorex2007 (small blind) folded on the River
Seat 8: gringhostil (big blind) showed [Tc 8s] and won ($0.88) with a straight, Seven to Jack



PokerStars Hand #237148262794:  Hold'em No Limit ($0.01/$0.02 USD) - 2022/07/03 19:05:28 PT [2022/07/03 22:05:28 ET]
Table 'Mimosa III' 9-max Seat #7 is the button
Seat 1: mumisber ($3.20 in chips) 
Seat 2: marcuspmw ($1.46 in chips) 
Seat 3: powerpaul161 ($1.30 in chips) 
Seat 6: vkorgik ($1.60 in chips) 
Seat 7: Dorex2007 ($2.81 in chips) 
Seat 8: gringhostil ($0.88 in chips) 
Seat 9: IronMycki ($1.60 in chips) 
gringhostil: posts small blind $0.01
IronMycki: posts big blind $0.02
santibaron: sits out 
*** HOLE CARDS ***
Dealt to Dorex2007 [7h Tc]
mumisber: folds 
marcuspmw: folds 
MarcioGarcia_Cq joins the table at seat #4 
powerpaul161: calls $0.02
vkorgik: folds 
Dorex2007: folds 
gringhostil: folds 
IronMycki: raises $0.02 to $0.04
powerpaul161: calls $0.02
*** FLOP *** [5c As 3c]
IronMycki: checks 
powerpaul161: checks 
*** TURN *** [5c As 3c] [Qc]
IronMycki: checks 
powerpaul161: checks 
*** RIVER *** [5c As 3c Qc] [8c]
IronMycki: checks 
powerpaul161: checks 
*** SHOW DOWN ***
IronMycki: shows [6s 6c] (a flush, Queen high)
powerpaul161: mucks hand 
IronMycki collected $0.09 from pot
*** SUMMARY ***
Total pot $0.09 | Rake $0 
Board [5c As 3c Qc 8c]
Seat 1: mumisber folded before Flop (didn't bet)
Seat 2: marcuspmw folded before Flop (didn't bet)
Seat 3: powerpaul161 mucked [9d 9s]
Seat 6: vkorgik folded before Flop (didn't bet)
Seat 7: Dorex2007 (button) folded before Flop (didn't bet)
Seat 8: gringhostil (small blind) folded before Flop
Seat 9: IronMycki (big blind) showed [6s 6c] and won ($0.09) with a flush, Queen high



PokerStars Hand #237148271359:  Hold'em No Limit ($0.01/$0.02 USD) - 2022/07/03 19:06:17 PT [2022/07/03 22:06:17 ET]
Table 'Mimosa III' 9-max Seat #8 is the button
Seat 1: mumisber ($3.20 in chips) 
Seat 2: marcuspmw ($1.46 in chips) 
Seat 3: powerpaul161 ($1.26 in chips) 
Seat 4: MarcioGarcia_Cq ($1.60 in chips) 
Seat 6: vkorgik ($1.60 in chips) 
Seat 7: Dorex2007 ($2.81 in chips) 
Seat 8: gringhostil ($0.87 in chips) 
Seat 9: IronMycki ($1.65 in chips) 
IronMycki: posts small blind $0.01
mumisber: posts big blind $0.02
MarcioGarcia_Cq: posts big blind $0.02
santibaron: sits out 
*** HOLE CARDS ***
Dealt to Dorex2007 [6s Qc]
marcuspmw: folds 
powerpaul161: folds 
MarcioGarcia_Cq: raises $0.02 to $0.04
vkorgik: folds 
Dorex2007: folds 
gringhostil: calls $0.04
IronMycki: folds 
mumisber: folds 
*** FLOP *** [Ks 4c Qs]
MarcioGarcia_Cq: bets $0.05
gringhostil: calls $0.05
*** TURN *** [Ks 4c Qs] [Kc]
MarcioGarcia_Cq: bets $0.20
gringhostil: raises $0.58 to $0.78 and is all-in
MarcioGarcia_Cq: calls $0.58
*** RIVER *** [Ks 4c Qs Kc] [7h]
*** SHOW DOWN ***
MarcioGarcia_Cq: shows [Kh Ad] (three of a kind, Kings)
gringhostil: shows [Kd Jd] (three of a kind, Kings - lower kicker)
MarcioGarcia_Cq collected $1.71 from pot
gringhostil cashed out the hand for $0.23
*** SUMMARY ***
Total pot $1.77 | Rake $0.06 
Board [Ks 4c Qs Kc 7h]
Seat 1: mumisber (big blind) folded before Flop
Seat 2: marcuspmw folded before Flop (didn't bet)
Seat 3: powerpaul161 folded before Flop (didn't bet)
Seat 4: MarcioGarcia_Cq showed [Kh Ad] and won ($1.71) with three of a kind, Kings
Seat 6: vkorgik folded before Flop (didn't bet)
Seat 7: Dorex2007 folded before Flop (didn't bet)
Seat 8: gringhostil (button) showed [Kd Jd] and lost with three of a kind, Kings (cashed out).
Seat 9: IronMycki (small blind) folded before Flop



PokerStars Hand #237148282469:  Hold'em No Limit ($0.01/$0.02 USD) - 2022/07/03 19:07:21 PT [2022/07/03 22:07:21 ET]
Table 'Mimosa III' 9-max Seat #9 is the button
Seat 1: mumisber ($3.18 in chips) 
Seat 2: marcuspmw ($1.46 in chips) 
Seat 3: powerpaul161 ($1.26 in chips) 
Seat 4: MarcioGarcia_Cq ($2.44 in chips) 
Seat 6: vkorgik ($1.60 in chips) 
Seat 7: Dorex2007 ($2.81 in chips) 
Seat 8: gringhostil ($0.23 in chips) 
Seat 9: IronMycki ($1.64 in chips) 
mumisber: posts small blind $0.01
marcuspmw: posts big blind $0.02
santibaron: sits out 
*** HOLE CARDS ***
Dealt to Dorex2007 [2h 9c]
powerpaul161: calls $0.02
MarcioGarcia_Cq: calls $0.02
vkorgik: folds 
Dorex2007: folds 
gringhostil: raises $0.21 to $0.23 and is all-in
IronMycki: raises $0.21 to $0.44
mumisber: folds 
marcuspmw: folds 
powerpaul161: calls $0.42
MarcioGarcia_Cq: calls $0.42
*** FLOP *** [5d Kh Kc]
powerpaul161: checks 
MarcioGarcia_Cq: bets $0.76
IronMycki: folds 
powerpaul161: folds 
Uncalled bet ($0.76) returned to MarcioGarcia_Cq
*** TURN *** [5d Kh Kc] [Td]
*** RIVER *** [5d Kh Kc Td] [2s]
*** SHOW DOWN ***
MarcioGarcia_Cq: shows [7h 5c] (two pair, Kings and Fives)
MarcioGarcia_Cq collected $0.60 from side pot
gringhostil: shows [Ad Qs] (a pair of Kings)
MarcioGarcia_Cq collected $0.92 from main pot
*** SUMMARY ***
Total pot $1.58 Main pot $0.92. Side pot $0.60. | Rake $0.06 
Board [5d Kh Kc Td 2s]
Seat 1: mumisber (small blind) folded before Flop
Seat 2: marcuspmw (big blind) folded before Flop
Seat 3: powerpaul161 folded on the Flop
Seat 4: MarcioGarcia_Cq showed [7h 5c] and won ($1.52) with two pair, Kings and Fives
Seat 6: vkorgik folded before Flop (didn't bet)
Seat 7: Dorex2007 folded before Flop (didn't bet)
Seat 8: gringhostil showed [Ad Qs] and lost with a pair of Kings
Seat 9: IronMycki (button) folded on the Flop



PokerStars Hand #237148293596:  Hold'em No Limit ($0.01/$0.02 USD) - 2022/07/03 19:08:25 PT [2022/07/03 22:08:25 ET]
Table 'Mimosa III' 9-max Seat #1 is the button
Seat 1: mumisber ($3.17 in chips) 
Seat 2: marcuspmw ($1.44 in chips) 
Seat 3: powerpaul161 ($0.82 in chips) 
Seat 4: MarcioGarcia_Cq ($3.52 in chips) 
Seat 6: vkorgik ($1.60 in chips) 
Seat 7: Dorex2007 ($2.81 in chips) 
Seat 9: IronMycki ($1.20 in chips) 
marcuspmw: posts small blind $0.01
powerpaul161: posts big blind $0.02
santibaron: sits out 
*** HOLE CARDS ***
Dealt to Dorex2007 [Ac 7h]
MarcioGarcia_Cq: raises $0.02 to $0.04
gringhostil leaves the table
vkorgik: folds 
Dorex2007: folds 
IronMycki: folds 
mumisber: folds 
marcuspmw: folds 
powerpaul161: folds 
Uncalled bet ($0.02) returned to MarcioGarcia_Cq
MarcioGarcia_Cq collected $0.05 from pot
*** SUMMARY ***
Total pot $0.05 | Rake $0 
Seat 1: mumisber (button) folded before Flop (didn't bet)
Seat 2: marcuspmw (small blind) folded before Flop
Seat 3: powerpaul161 (big blind) folded before Flop
Seat 4: MarcioGarcia_Cq collected ($0.05)
Seat 6: vkorgik folded before Flop (didn't bet)
Seat 7: Dorex2007 folded before Flop (didn't bet)
Seat 9: IronMycki folded before Flop (didn't bet)



PokerStars Hand #237148296168:  Hold'em No Limit ($0.01/$0.02 USD) - 2022/07/03 19:08:40 PT [2022/07/03 22:08:40 ET]
Table 'Mimosa III' 9-max Seat #2 is the button
Seat 1: mumisber ($3.17 in chips) 
Seat 2: marcuspmw ($1.43 in chips) 
Seat 3: powerpaul161 ($0.80 in chips) 
Seat 4: MarcioGarcia_Cq ($3.55 in chips) 
Seat 6: vkorgik ($1.60 in chips) 
Seat 7: Dorex2007 ($2.81 in chips) 
Seat 9: IronMycki ($1.20 in chips) 
powerpaul161: posts small blind $0.01
MarcioGarcia_Cq: posts big blind $0.02
santibaron: sits out 
*** HOLE CARDS ***
Dealt to Dorex2007 [7s Qs]
gezzer666 joins the table at seat #8 
vkorgik: folds 
Dorex2007: folds 
IronMycki: calls $0.02
mumisber: folds 
marcuspmw: folds 
powerpaul161: folds 
MarcioGarcia_Cq: checks 
*** FLOP *** [Ts 6c Kd]
MarcioGarcia_Cq: bets $0.05
IronMycki: folds 
Uncalled bet ($0.05) returned to MarcioGarcia_Cq
MarcioGarcia_Cq collected $0.05 from pot
*** SUMMARY ***
Total pot $0.05 | Rake $0 
Board [Ts 6c Kd]
Seat 1: mumisber folded before Flop (didn't bet)
Seat 2: marcuspmw (button) folded before Flop (didn't bet)
Seat 3: powerpaul161 (small blind) folded before Flop
Seat 4: MarcioGarcia_Cq (big blind) collected ($0.05)
Seat 6: vkorgik folded before Flop (didn't bet)
Seat 7: Dorex2007 folded before Flop (didn't bet)
Seat 9: IronMycki folded on the Flop



PokerStars Hand #237148302049:  Hold'em No Limit ($0.01/$0.02 USD) - 2022/07/03 19:09:13 PT [2022/07/03 22:09:13 ET]
Table 'Mimosa III' 9-max Seat #3 is the button
Seat 1: mumisber ($3.17 in chips) 
Seat 2: marcuspmw ($1.43 in chips) 
Seat 3: powerpaul161 ($0.79 in chips) 
Seat 4: MarcioGarcia_Cq ($3.58 in chips) 
Seat 5: santibaron ($1.37 in chips) 
Seat 6: vkorgik ($1.60 in chips) 
Seat 7: Dorex2007 ($2.81 in chips) 
Seat 9: IronMycki ($1.18 in chips) 
MarcioGarcia_Cq: posts small blind $0.01
santibaron: posts big blind $0.02
gezzer666: sits out 
*** HOLE CARDS ***
Dealt to Dorex2007 [3s 2c]
vkorgik: raises $0.04 to $0.06
Dorex2007: folds 
IronMycki: calls $0.06
mumisber: folds 
marcuspmw: folds 
powerpaul161: folds 
MarcioGarcia_Cq: calls $0.05
santibaron: calls $0.04
*** FLOP *** [2h 3d 7s]
MarcioGarcia_Cq: bets $0.11
santibaron: folds 
vkorgik: calls $0.11
IronMycki: calls $0.11
*** TURN *** [2h 3d 7s] [3h]
MarcioGarcia_Cq: bets $0.55
vkorgik: folds 
IronMycki: folds 
Uncalled bet ($0.55) returned to MarcioGarcia_Cq
MarcioGarcia_Cq collected $0.55 from pot
*** SUMMARY ***
Total pot $0.57 | Rake $0.02 
Board [2h 3d 7s 3h]
Seat 1: mumisber folded before Flop (didn't bet)
Seat 2: marcuspmw folded before Flop (didn't bet)
Seat 3: powerpaul161 (button) folded before Flop (didn't bet)
Seat 4: MarcioGarcia_Cq (small blind) collected ($0.55)
Seat 5: santibaron (big blind) folded on the Flop
Seat 6: vkorgik folded on the Turn
Seat 7: Dorex2007 folded before Flop (didn't bet)
Seat 9: IronMycki folded on the Turn



PokerStars Hand #237148312472:  Hold'em No Limit ($0.01/$0.02 USD) - 2022/07/03 19:10:14 PT [2022/07/03 22:10:14 ET]
Table 'Mimosa III' 9-max Seat #4 is the button
Seat 1: mumisber ($3.17 in chips) 
Seat 2: marcuspmw ($1.43 in chips) 
Seat 3: powerpaul161 ($0.79 in chips) 
Seat 4: MarcioGarcia_Cq ($3.96 in chips) 
Seat 5: santibaron ($1.31 in chips) 
Seat 6: vkorgik ($1.60 in chips) 
Seat 7: Dorex2007 ($2.81 in chips) 
Seat 9: IronMycki ($1.01 in chips) 
santibaron: posts small blind $0.01
vkorgik: posts big blind $0.02
gezzer666: sits out 
*** HOLE CARDS ***
Dealt to Dorex2007 [7s Kh]
Dorex2007 has timed out
Dorex2007: folds 
IronMycki: calls $0.02
mumisber: folds 
marcuspmw: calls $0.02
powerpaul161: folds 
MarcioGarcia_Cq: calls $0.02
santibaron: folds 
vkorgik: checks 
*** FLOP *** [2c 6h Kd]
vkorgik: checks 
IronMycki: checks 
marcuspmw: checks 
MarcioGarcia_Cq: checks 
*** TURN *** [2c 6h Kd] [Kc]
vkorgik: checks 
IronMycki: checks 
marcuspmw: checks 
MarcioGarcia_Cq: bets $0.02
vkorgik: folds 
IronMycki: folds 
marcuspmw: calls $0.02
*** RIVER *** [2c 6h Kd Kc] [Td]
marcuspmw: checks 
MarcioGarcia_Cq: checks 
*** SHOW DOWN ***
marcuspmw: shows [8s Ah] (a pair of Kings)
MarcioGarcia_Cq: mucks hand 
marcuspmw collected $0.13 from pot
*** SUMMARY ***
Total pot $0.13 | Rake $0 
Board [2c 6h Kd Kc Td]
Seat 1: mumisber folded before Flop (didn't bet)
Seat 2: marcuspmw showed [8s Ah] and won ($0.13) with a pair of Kings
Seat 3: powerpaul161 folded before Flop (didn't bet)
Seat 4: MarcioGarcia_Cq (button) mucked [Jh 9h]
Seat 5: santibaron (small blind) folded before Flop
Seat 6: vkorgik (big blind) folded on the Turn
Seat 7: Dorex2007 folded before Flop (didn't bet)
Seat 9: IronMycki folded on the Turn



PokerStars Hand #237148327511:  Hold'em No Limit ($0.01/$0.02 USD) - 2022/07/03 19:11:42 PT [2022/07/03 22:11:42 ET]
Table 'Mimosa III' 9-max Seat #5 is the button
Seat 1: mumisber ($3.17 in chips) 
Seat 2: marcuspmw ($1.52 in chips) 
Seat 3: powerpaul161 ($0.79 in chips) 
Seat 4: MarcioGarcia_Cq ($3.92 in chips) 
Seat 5: santibaron ($1.30 in chips) 
Seat 6: vkorgik ($1.60 in chips) 
Seat 7: Dorex2007 ($2.81 in chips) 
Seat 9: IronMycki ($0.99 in chips) 
vkorgik: posts small blind $0.01
Dorex2007: posts big blind $0.02
gezzer666: sits out 
*** HOLE CARDS ***
Dealt to Dorex2007 [6c 8s]
IronMycki: calls $0.02
mumisber: folds 
marcuspmw: folds 
powerpaul161: folds 
marcuspmw leaves the table
MarcioGarcia_Cq: raises $0.16 to $0.18
santibaron: folds 
vkorgik: folds 
Dorex2007: folds 
IronMycki: calls $0.16
*** FLOP *** [7s 3c Qs]
marcuswagner joins the table at seat #2 
IronMycki: bets $0.81 and is all-in
MarcioGarcia_Cq: calls $0.81
*** TURN *** [7s 3c Qs] [Ah]
*** RIVER *** [7s 3c Qs Ah] [Tc]
*** SHOW DOWN ***
IronMycki: shows [4d 3h] (a pair of Threes)
MarcioGarcia_Cq: shows [Kh Ks] (a pair of Kings)
MarcioGarcia_Cq collected $1.94 from pot
IronMycki cashed out the hand for $0.36
*** SUMMARY ***
Total pot $2.01 | Rake $0.07 
Board [7s 3c Qs Ah Tc]
Seat 1: mumisber folded before Flop (didn't bet)
Seat 2: marcuspmw folded before Flop (didn't bet)
Seat 3: powerpaul161 folded before Flop (didn't bet)
Seat 4: MarcioGarcia_Cq showed [Kh Ks] and won ($1.94) with a pair of Kings
Seat 5: santibaron (button) folded before Flop (didn't bet)
Seat 6: vkorgik (small blind) folded before Flop
Seat 7: Dorex2007 (big blind) folded before Flop
Seat 9: IronMycki showed [4d 3h] and lost with a pair of Threes (cashed out).



PokerStars Hand #237148337276:  Hold'em No Limit ($0.01/$0.02 USD) - 2022/07/03 19:12:40 PT [2022/07/03 22:12:40 ET]
Table 'Mimosa III' 9-max Seat #6 is the button
Seat 1: mumisber ($3.17 in chips) 
Seat 3: powerpaul161 ($0.79 in chips) 
Seat 4: MarcioGarcia_Cq ($4.87 in chips) 
Seat 5: santibaron ($1.30 in chips) 
Seat 6: vkorgik ($1.60 in chips) 
Seat 7: Dorex2007 ($2.79 in chips) 
Seat 8: gezzer666 ($2 in chips) 
Seat 9: IronMycki ($0.36 in chips) 
Dorex2007: posts small blind $0.01
gezzer666: posts big blind $0.02
marcuswagner: sits out 
*** HOLE CARDS ***
Dealt to Dorex2007 [Qs Ad]
IronMycki: folds 
mumisber: folds 
powerpaul161: folds 
MarcioGarcia_Cq: calls $0.02
santibaron: folds 
vkorgik: folds 
Dorex2007: raises $0.06 to $0.08
gezzer666: folds 
MarcioGarcia_Cq: calls $0.06
*** FLOP *** [Ah Kc As]
Dorex2007: checks 
MarcioGarcia_Cq: checks 
*** TURN *** [Ah Kc As] [6c]
Dorex2007: checks 
MarcioGarcia_Cq: checks 
*** RIVER *** [Ah Kc As 6c] [3s]
Dorex2007: bets $0.08
MarcioGarcia_Cq: folds 
Uncalled bet ($0.08) returned to Dorex2007
Dorex2007 collected $0.17 from pot
*** SUMMARY ***
Total pot $0.18 | Rake $0.01 
Board [Ah Kc As 6c 3s]
Seat 1: mumisber folded before Flop (didn't bet)
Seat 3: powerpaul161 folded before Flop (didn't bet)
Seat 4: MarcioGarcia_Cq folded on the River
Seat 5: santibaron folded before Flop (didn't bet)
Seat 6: vkorgik (button) folded before Flop (didn't bet)
Seat 7: Dorex2007 (small blind) collected ($0.17)
Seat 8: gezzer666 (big blind) folded before Flop
Seat 9: IronMycki folded before Flop (didn't bet)



PokerStars Hand #237148345516:  Hold'em No Limit ($0.01/$0.02 USD) - 2022/07/03 19:13:28 PT [2022/07/03 22:13:28 ET]
Table 'Mimosa III' 9-max Seat #7 is the button
Seat 1: mumisber ($3.17 in chips) 
Seat 3: powerpaul161 ($0.79 in chips) 
Seat 4: MarcioGarcia_Cq ($4.79 in chips) 
Seat 5: santibaron ($1.30 in chips) 
Seat 6: vkorgik ($1.60 in chips) 
Seat 7: Dorex2007 ($2.88 in chips) 
Seat 8: gezzer666 ($1.98 in chips) 
Seat 9: IronMycki ($0.36 in chips) 
gezzer666: posts small blind $0.01
IronMycki: posts big blind $0.02
marcuswagner: sits out 
*** HOLE CARDS ***
Dealt to Dorex2007 [Kc 3h]
mumisber: folds 
powerpaul161: folds 
MarcioGarcia_Cq: folds 
santibaron: folds 
vkorgik: folds 
Dorex2007: folds 
gezzer666: folds 
Uncalled bet ($0.01) returned to IronMycki
IronMycki collected $0.02 from pot
*** SUMMARY ***
Total pot $0.02 | Rake $0 
Seat 1: mumisber folded before Flop (didn't bet)
Seat 3: powerpaul161 folded before Flop (didn't bet)
Seat 4: MarcioGarcia_Cq folded before Flop (didn't bet)
Seat 5: santibaron folded before Flop (didn't bet)
Seat 6: vkorgik folded before Flop (didn't bet)
Seat 7: Dorex2007 (button) folded before Flop (didn't bet)
Seat 8: gezzer666 (small blind) folded before Flop
Seat 9: IronMycki (big blind) collected ($0.02)



PokerStars Hand #237148348832:  Hold'em No Limit ($0.01/$0.02 USD) - 2022/07/03 19:13:48 PT [2022/07/03 22:13:48 ET]
Table 'Mimosa III' 9-max Seat #8 is the button
Seat 1: mumisber ($3.17 in chips) 
Seat 3: powerpaul161 ($0.79 in chips) 
Seat 4: MarcioGarcia_Cq ($4.79 in chips) 
Seat 5: santibaron ($1.30 in chips) 
Seat 6: vkorgik ($1.60 in chips) 
Seat 7: Dorex2007 ($2.88 in chips) 
Seat 8: gezzer666 ($1.97 in chips) 
Seat 9: IronMycki ($0.37 in chips) 
IronMycki: posts small blind $0.01
mumisber: posts big blind $0.02
marcuswagner: sits out 
*** HOLE CARDS ***
Dealt to Dorex2007 [Jh 7h]
powerpaul161: folds 
MarcioGarcia_Cq: calls $0.02
santibaron: raises $0.06 to $0.08
vkorgik: folds 
Dorex2007: folds 
gezzer666: folds 
IronMycki: raises $0.06 to $0.14
mumisber: folds 
MarcioGarcia_Cq: calls $0.12
santibaron: calls $0.06
*** FLOP *** [Tc Ad Qd]
IronMycki: bets $0.23 and is all-in
MarcioGarcia_Cq: calls $0.23
santibaron: raises $0.93 to $1.16 and is all-in
MarcioGarcia_Cq: calls $0.93
*** TURN *** [Tc Ad Qd] [Kc]
*** RIVER *** [Tc Ad Qd Kc] [9d]
*** SHOW DOWN ***
MarcioGarcia_Cq: shows [Qs 5d] (a pair of Queens)
santibaron: shows [Ts Th] (three of a kind, Tens)
IronMycki: shows [6d Qc] (a pair of Queens)
santibaron cashed out the hand for $2.70 | Cash Out Fee $0.03
IronMycki cashed out the hand for $0.05
*** SUMMARY ***
Total pot $2.99 Main pot $1.09. Side pot $1.80. | Rake $0.10 
Board [Tc Ad Qd Kc 9d]
Seat 1: mumisber (big blind) folded before Flop
Seat 3: powerpaul161 folded before Flop (didn't bet)
Seat 4: MarcioGarcia_Cq showed [Qs 5d] and lost with a pair of Queens
Seat 5: santibaron showed [Ts Th] and won ($2.89) with three of a kind, Tens (pot not awarded as player cashed out)
Seat 6: vkorgik folded before Flop (didn't bet)
Seat 7: Dorex2007 folded before Flop (didn't bet)
Seat 8: gezzer666 (button) folded before Flop (didn't bet)
Seat 9: IronMycki (small blind) showed [6d Qc] and lost with a pair of Queens (cashed out).



PokerStars Hand #237148359388:  Hold'em No Limit ($0.01/$0.02 USD) - 2022/07/03 19:14:52 PT [2022/07/03 22:14:52 ET]
Table 'Mimosa III' 9-max Seat #9 is the button
Seat 1: mumisber ($3.15 in chips) 
Seat 2: marcuswagner ($2 in chips) 
Seat 3: powerpaul161 ($0.79 in chips) 
Seat 4: MarcioGarcia_Cq ($3.49 in chips) 
Seat 5: santibaron ($2.70 in chips) 
Seat 6: vkorgik ($1.60 in chips) 
Seat 7: Dorex2007 ($2.88 in chips) 
Seat 8: gezzer666 ($1.97 in chips) 
Seat 9: IronMycki ($0.05 in chips) 
mumisber: posts small blind $0.01
marcuswagner: posts big blind $0.02
*** HOLE CARDS ***
Dealt to Dorex2007 [Ac Js]
powerpaul161: calls $0.02
MarcioGarcia_Cq: calls $0.02
santibaron: folds 
vkorgik: folds 
Dorex2007: raises $0.02 to $0.04
gezzer666: folds 
IronMycki: raises $0.01 to $0.05 and is all-in
mumisber: calls $0.04
marcuswagner: calls $0.03
powerpaul161: calls $0.03
MarcioGarcia_Cq: calls $0.03
Dorex2007: calls $0.01
*** FLOP *** [2h Th 9s]
mumisber: checks 
marcuswagner: checks 
powerpaul161: checks 
MarcioGarcia_Cq: checks 
Dorex2007: checks 
*** TURN *** [2h Th 9s] [As]
mumisber: checks 
marcuswagner: checks 
powerpaul161: bets $0.02
MarcioGarcia_Cq: folds 
Dorex2007: raises $0.33 to $0.35
mumisber: folds 
marcuswagner: folds 
powerpaul161: calls $0.33
*** RIVER *** [2h Th 9s As] [7h]
powerpaul161: checks 
Dorex2007: checks 
*** SHOW DOWN ***
powerpaul161: shows [Jd 9h] (a pair of Nines)
Dorex2007: shows [Ac Js] (a pair of Aces)
Dorex2007 collected $0.67 from side pot
IronMycki: mucks hand 
Dorex2007 collected $0.29 from main pot
*** SUMMARY ***
Total pot $1 Main pot $0.29. Side pot $0.67. | Rake $0.04 
Board [2h Th 9s As 7h]
Seat 1: mumisber (small blind) folded on the Turn
Seat 2: marcuswagner (big blind) folded on the Turn
Seat 3: powerpaul161 showed [Jd 9h] and lost with a pair of Nines
Seat 4: MarcioGarcia_Cq folded on the Turn
Seat 5: santibaron folded before Flop (didn't bet)
Seat 6: vkorgik folded before Flop (didn't bet)
Seat 7: Dorex2007 showed [Ac Js] and won ($0.96) with a pair of Aces
Seat 8: gezzer666 folded before Flop (didn't bet)
Seat 9: IronMycki (button) mucked [4s 3c]



PokerStars Hand #237148374872:  Hold'em No Limit ($0.01/$0.02 USD) - 2022/07/03 19:16:25 PT [2022/07/03 22:16:25 ET]
Table 'Mimosa III' 9-max Seat #1 is the button
Seat 1: mumisber ($3.10 in chips) 
Seat 2: marcuswagner ($1.95 in chips) 
Seat 3: powerpaul161 ($0.39 in chips) 
Seat 4: MarcioGarcia_Cq ($3.44 in chips) 
Seat 5: santibaron ($2.70 in chips) 
Seat 6: vkorgik ($1.60 in chips) 
Seat 7: Dorex2007 ($3.44 in chips) 
Seat 8: gezzer666 ($1.97 in chips) 
marcuswagner: posts small blind $0.01
powerpaul161: posts big blind $0.02
*** HOLE CARDS ***
Dealt to Dorex2007 [7d 4c]
MarcioGarcia_Cq: calls $0.02
santibaron: calls $0.02
vkorgik: folds 
Dorex2007: folds 
gezzer666: calls $0.02
mumisber: folds 
marcuswagner: folds 
powerpaul161: raises $0.37 to $0.39 and is all-in
MarcioGarcia_Cq: calls $0.37
santibaron: calls $0.37
gezzer666: folds 
*** FLOP *** [3c 9s Kd]
MarcioGarcia_Cq: checks 
santibaron: checks 
*** TURN *** [3c 9s Kd] [Ad]
MarcioGarcia_Cq: bets $0.58
santibaron: folds 
Uncalled bet ($0.58) returned to MarcioGarcia_Cq
*** RIVER *** [3c 9s Kd Ad] [8c]
*** SHOW DOWN ***
powerpaul161: shows [7c Td] (high card Ace)
MarcioGarcia_Cq: shows [Js Qd] (high card Ace - King+Queen kicker)
MarcioGarcia_Cq collected $1.16 from pot
powerpaul161 cashed out the hand for $0.08
*** SUMMARY ***
Total pot $1.20 | Rake $0.04 
Board [3c 9s Kd Ad 8c]
Seat 1: mumisber (button) folded before Flop (didn't bet)
Seat 2: marcuswagner (small blind) folded before Flop
Seat 3: powerpaul161 (big blind) showed [7c Td] and lost with high card Ace (cashed out).
Seat 4: MarcioGarcia_Cq showed [Js Qd] and won ($1.16) with high card Ace
Seat 5: santibaron folded on the Turn
Seat 6: vkorgik folded before Flop (didn't bet)
Seat 7: Dorex2007 folded before Flop (didn't bet)
Seat 8: gezzer666 folded before Flop



PokerStars Hand #237148388325:  Hold'em No Limit ($0.01/$0.02 USD) - 2022/07/03 19:17:45 PT [2022/07/03 22:17:45 ET]
Table 'Mimosa III' 9-max Seat #2 is the button
Seat 1: mumisber ($3.10 in chips) 
Seat 2: marcuswagner ($1.94 in chips) 
Seat 3: powerpaul161 ($0.08 in chips) 
Seat 4: MarcioGarcia_Cq ($4.21 in chips) 
Seat 5: santibaron ($2.31 in chips) 
Seat 6: vkorgik ($1.60 in chips) 
Seat 7: Dorex2007 ($3.44 in chips) 
Seat 8: gezzer666 ($1.95 in chips) 
powerpaul161: posts small blind $0.01
MarcioGarcia_Cq: posts big blind $0.02
*** HOLE CARDS ***
Dealt to Dorex2007 [7h 6h]
santibaron: folds 
vkorgik: folds 
Dorex2007: folds 
gezzer666: folds 
mumisber: folds 
marcuswagner: raises $0.04 to $0.06
powerpaul161: raises $0.02 to $0.08 and is all-in
MarcioGarcia_Cq: calls $0.06
marcuswagner: calls $0.02
*** FLOP *** [Qs As 7c]
MarcioGarcia_Cq: bets $0.11
marcuswagner: folds 
Uncalled bet ($0.11) returned to MarcioGarcia_Cq
*** TURN *** [Qs As 7c] [Kd]
*** RIVER *** [Qs As 7c Kd] [Qd]
*** SHOW DOWN ***
powerpaul161: shows [5s 7s] (two pair, Queens and Sevens)
MarcioGarcia_Cq: shows [8s Js] (a pair of Queens)
powerpaul161 collected $0.23 from pot
*** SUMMARY ***
Total pot $0.24 | Rake $0.01 
Board [Qs As 7c Kd Qd]
Seat 1: mumisber folded before Flop (didn't bet)
Seat 2: marcuswagner (button) folded on the Flop
Seat 3: powerpaul161 (small blind) showed [5s 7s] and won ($0.23) with two pair, Queens and Sevens
Seat 4: MarcioGarcia_Cq (big blind) showed [8s Js] and lost with a pair of Queens
Seat 5: santibaron folded before Flop (didn't bet)
Seat 6: vkorgik folded before Flop (didn't bet)
Seat 7: Dorex2007 folded before Flop (didn't bet)
Seat 8: gezzer666 folded before Flop (didn't bet)



PokerStars Hand #237148396669:  Hold'em No Limit ($0.01/$0.02 USD) - 2022/07/03 19:18:35 PT [2022/07/03 22:18:35 ET]
Table 'Mimosa III' 9-max Seat #3 is the button
Seat 1: mumisber ($3.10 in chips) 
Seat 2: marcuswagner ($1.86 in chips) 
Seat 3: powerpaul161 ($0.23 in chips) 
Seat 4: MarcioGarcia_Cq ($4.13 in chips) 
Seat 5: santibaron ($2.31 in chips) 
Seat 6: vkorgik ($1.60 in chips) 
Seat 7: Dorex2007 ($3.44 in chips) 
Seat 8: gezzer666 ($1.95 in chips) 
MarcioGarcia_Cq: posts small blind $0.01
santibaron: posts big blind $0.02
*** HOLE CARDS ***
Dealt to Dorex2007 [5h Ah]
vkorgik: folds 
Dorex2007: calls $0.02
gezzer666: folds 
mumisber: folds 
marcuswagner: raises $0.02 to $0.04
powerpaul161: calls $0.04
MarcioGarcia_Cq: calls $0.03
santibaron: calls $0.02
Dorex2007: calls $0.02
*** FLOP *** [9h 2h 6d]
MarcioGarcia_Cq: bets $0.02
santibaron: calls $0.02
Dorex2007: calls $0.02
marcuswagner: calls $0.02
powerpaul161: calls $0.02
*** TURN *** [9h 2h 6d] [Qh]
MarcioGarcia_Cq: bets $0.02
santibaron: raises $0.04 to $0.06
Dorex2007: calls $0.06
marcuswagner: folds 
powerpaul161: calls $0.06
MarcioGarcia_Cq: folds 
*** RIVER *** [9h 2h 6d Qh] [6c]
santibaron: bets $0.12
Dorex2007: raises $0.12 to $0.24
powerpaul161: calls $0.11 and is all-in
santibaron: calls $0.12
*** SHOW DOWN ***
Dorex2007: shows [5h Ah] (a flush, Ace high)
santibaron: mucks hand 
Dorex2007 collected $0.25 from side pot
powerpaul161: mucks hand 
Dorex2007 collected $0.80 from main pot
*** SUMMARY ***
Total pot $1.09 Main pot $0.80. Side pot $0.25. | Rake $0.04 
Board [9h 2h 6d Qh 6c]
Seat 1: mumisber folded before Flop (didn't bet)
Seat 2: marcuswagner folded on the Turn
Seat 3: powerpaul161 (button) mucked [Kd Qs]
Seat 4: MarcioGarcia_Cq (small blind) folded on the Turn
Seat 5: santibaron (big blind) mucked [6h 4h]
Seat 6: vkorgik folded before Flop (didn't bet)
Seat 7: Dorex2007 showed [5h Ah] and won ($1.05) with a flush, Ace high
Seat 8: gezzer666 folded before Flop (didn't bet)



PokerStars Hand #237148424415:  Hold'em No Limit ($0.01/$0.02 USD) - 2022/07/03 19:20:21 PT [2022/07/03 22:20:21 ET]
Table 'Mimosa III' 9-max Seat #4 is the button
Seat 1: mumisber ($3.10 in chips) 
Seat 2: marcuswagner ($1.80 in chips) 
Seat 4: MarcioGarcia_Cq ($4.05 in chips) 
Seat 5: santibaron ($1.95 in chips) 
Seat 6: vkorgik ($1.60 in chips) 
Seat 7: Dorex2007 ($4.13 in chips) 
Seat 8: gezzer666 ($1.95 in chips) 
santibaron: posts small blind $0.01
vkorgik: posts big blind $0.02
*** HOLE CARDS ***
Dealt to Dorex2007 [Ac 8d]
Dorex2007: folds 
gezzer666: folds 
mumisber: folds 
marcuswagner: folds 
MarcioGarcia_Cq: calls $0.02
santibaron: calls $0.01
vkorgik: checks 
*** FLOP *** [Js Kd 8s]
powerpaul161 leaves the table
santibaron: checks 
vkorgik: checks 
MarcioGarcia_Cq: checks 
*** TURN *** [Js Kd 8s] [4s]
olbap_104 joins the table at seat #3 
santibaron: bets $0.04
vkorgik: folds 
MarcioGarcia_Cq: folds 
Uncalled bet ($0.04) returned to santibaron
santibaron collected $0.06 from pot
*** SUMMARY ***
Total pot $0.06 | Rake $0 
Board [Js Kd 8s 4s]
Seat 1: mumisber folded before Flop (didn't bet)
Seat 2: marcuswagner folded before Flop (didn't bet)
Seat 4: MarcioGarcia_Cq (button) folded on the Turn
Seat 5: santibaron (small blind) collected ($0.06)
Seat 6: vkorgik (big blind) folded on the Turn
Seat 7: Dorex2007 folded before Flop (didn't bet)
Seat 8: gezzer666 folded before Flop (didn't bet)



PokerStars Hand #237148431873:  Hold'em No Limit ($0.01/$0.02 USD) - 2022/07/03 19:21:06 PT [2022/07/03 22:21:06 ET]
Table 'Mimosa III' 9-max Seat #5 is the button
Seat 1: mumisber ($3.10 in chips) 
Seat 2: marcuswagner ($1.80 in chips) 
Seat 4: MarcioGarcia_Cq ($4.03 in chips) 
Seat 5: santibaron ($1.99 in chips) 
Seat 6: vkorgik ($1.60 in chips) 
Seat 7: Dorex2007 ($4.13 in chips) 
Seat 8: gezzer666 ($1.95 in chips) 
vkorgik: posts small blind $0.01
Dorex2007: posts big blind $0.02
olbap_104: sits out 
*** HOLE CARDS ***
Dealt to Dorex2007 [7s 6s]
gezzer666: folds 
mumisber: raises $0.06 to $0.08
marcuswagner: folds 
MarcioGarcia_Cq: calls $0.08
santibaron: folds 
vkorgik: folds 
Dorex2007: folds 
*** FLOP *** [9h 5c 4s]
mumisber: bets $0.16
MarcioGarcia_Cq: raises $0.16 to $0.32
mumisber: calls $0.16
*** TURN *** [9h 5c 4s] [6c]
mumisber: checks 
MarcioGarcia_Cq: bets $0.40
mumisber: calls $0.40
*** RIVER *** [9h 5c 4s 6c] [3h]
mumisber: checks 
MarcioGarcia_Cq: bets $3.23 and is all-in
mumisber: folds 
Uncalled bet ($3.23) returned to MarcioGarcia_Cq
MarcioGarcia_Cq collected $1.57 from pot
*** SUMMARY ***
Total pot $1.63 | Rake $0.06 
Board [9h 5c 4s 6c 3h]
Seat 1: mumisber folded on the River
Seat 2: marcuswagner folded before Flop (didn't bet)
Seat 4: MarcioGarcia_Cq collected ($1.57)
Seat 5: santibaron (button) folded before Flop (didn't bet)
Seat 6: vkorgik (small blind) folded before Flop
Seat 7: Dorex2007 (big blind) folded before Flop
Seat 8: gezzer666 folded before Flop (didn't bet)



PokerStars Hand #237148453075:  Hold'em No Limit ($0.01/$0.02 USD) - 2022/07/03 19:23:05 PT [2022/07/03 22:23:05 ET]
Table 'Mimosa III' 9-max Seat #6 is the button
Seat 1: mumisber ($2.30 in chips) 
Seat 2: marcuswagner ($1.80 in chips) 
Seat 4: MarcioGarcia_Cq ($4.80 in chips) 
Seat 5: santibaron ($1.99 in chips) 
Seat 6: vkorgik ($1.60 in chips) 
Seat 7: Dorex2007 ($4.11 in chips) 
Seat 8: gezzer666 ($1.95 in chips) 
Dorex2007: posts small blind $0.01
gezzer666: posts big blind $0.02
olbap_104: sits out 
*** HOLE CARDS ***
Dealt to Dorex2007 [7h 5h]
mumisber: folds 
marcuswagner: raises $0.04 to $0.06
MarcioGarcia_Cq: raises $0.04 to $0.10
santibaron: folds 
vkorgik: folds 
Dorex2007: folds 
gezzer666: folds 
marcuswagner: calls $0.04
*** FLOP *** [Qh 4c 9s]
marcuswagner: checks 
MarcioGarcia_Cq: bets $0.30
marcuswagner: folds 
Uncalled bet ($0.30) returned to MarcioGarcia_Cq
MarcioGarcia_Cq collected $0.22 from pot
*** SUMMARY ***
Total pot $0.23 | Rake $0.01 
Board [Qh 4c 9s]
Seat 1: mumisber folded before Flop (didn't bet)
Seat 2: marcuswagner folded on the Flop
Seat 4: MarcioGarcia_Cq collected ($0.22)
Seat 5: santibaron folded before Flop (didn't bet)
Seat 6: vkorgik (button) folded before Flop (didn't bet)
Seat 7: Dorex2007 (small blind) folded before Flop
Seat 8: gezzer666 (big blind) folded before Flop



PokerStars Hand #237148460868:  Hold'em No Limit ($0.01/$0.02 USD) - 2022/07/03 19:23:53 PT [2022/07/03 22:23:53 ET]
Table 'Mimosa III' 9-max Seat #7 is the button
Seat 1: mumisber ($2.30 in chips) 
Seat 2: marcuswagner ($1.70 in chips) 
Seat 4: MarcioGarcia_Cq ($4.92 in chips) 
Seat 5: santibaron ($1.99 in chips) 
Seat 6: vkorgik ($1.60 in chips) 
Seat 7: Dorex2007 ($4.10 in chips) 
Seat 8: gezzer666 ($1.93 in chips) 
gezzer666: posts small blind $0.01
mumisber: posts big blind $0.02
olbap_104: sits out 
*** HOLE CARDS ***
Dealt to Dorex2007 [Qs Jc]
marcuswagner: raises $0.04 to $0.06
MarcioGarcia_Cq: raises $0.04 to $0.10
santibaron: folds 
vkorgik: folds 
Dorex2007: folds 
gezzer666: folds 
mumisber: folds 
marcuswagner: raises $0.21 to $0.31
MarcioGarcia_Cq: calls $0.21
*** FLOP *** [2c 8c 4c]
marcuswagner: checks 
MarcioGarcia_Cq: bets $0.22
marcuswagner: calls $0.22
*** TURN *** [2c 8c 4c] [7d]
marcuswagner: checks 
MarcioGarcia_Cq: bets $1.16
marcuswagner: raises $0.01 to $1.17 and is all-in
MarcioGarcia_Cq: calls $0.01
*** RIVER *** [2c 8c 4c 7d] [6h]
*** SHOW DOWN ***
marcuswagner: shows [Tc Th] (a pair of Tens)
MarcioGarcia_Cq: shows [Qh Kc] (high card King)
marcuswagner collected $3.31 from pot
*** SUMMARY ***
Total pot $3.43 | Rake $0.12 
Board [2c 8c 4c 7d 6h]
Seat 1: mumisber (big blind) folded before Flop
Seat 2: marcuswagner showed [Tc Th] and won ($3.31) with a pair of Tens
Seat 4: MarcioGarcia_Cq showed [Qh Kc] and lost with high card King
Seat 5: santibaron folded before Flop (didn't bet)
Seat 6: vkorgik folded before Flop (didn't bet)
Seat 7: Dorex2007 (button) folded before Flop (didn't bet)
Seat 8: gezzer666 (small blind) folded before Flop



PokerStars Hand #237148474208:  Hold'em No Limit ($0.01/$0.02 USD) - 2022/07/03 19:25:16 PT [2022/07/03 22:25:16 ET]
Table 'Mimosa III' 9-max Seat #8 is the button
Seat 1: mumisber ($2.28 in chips) 
Seat 2: marcuswagner ($3.31 in chips) 
Seat 4: MarcioGarcia_Cq ($3.22 in chips) 
Seat 5: santibaron ($1.99 in chips) 
Seat 6: vkorgik ($1.60 in chips) 
Seat 7: Dorex2007 ($4.10 in chips) 
Seat 8: gezzer666 ($1.92 in chips) 
mumisber: posts small blind $0.01
marcuswagner: posts big blind $0.02
olbap_104: sits out 
*** HOLE CARDS ***
Dealt to Dorex2007 [8d Ac]
MarcioGarcia_Cq: folds 
santibaron: raises $0.05 to $0.07
vkorgik: folds 
Dorex2007: folds 
gezzer666: folds 
mumisber: folds 
marcuswagner: folds 
Uncalled bet ($0.05) returned to santibaron
santibaron collected $0.05 from pot
*** SUMMARY ***
Total pot $0.05 | Rake $0 
Seat 1: mumisber (small blind) folded before Flop
Seat 2: marcuswagner (big blind) folded before Flop
Seat 4: MarcioGarcia_Cq folded before Flop (didn't bet)
Seat 5: santibaron collected ($0.05)
Seat 6: vkorgik folded before Flop (didn't bet)
Seat 7: Dorex2007 folded before Flop (didn't bet)
Seat 8: gezzer666 (button) folded before Flop (didn't bet)



PokerStars Hand #237148477545:  Hold'em No Limit ($0.01/$0.02 USD) - 2022/07/03 19:25:37 PT [2022/07/03 22:25:37 ET]
Table 'Mimosa III' 9-max Seat #1 is the button
Seat 1: mumisber ($2.27 in chips) 
Seat 2: marcuswagner ($3.29 in chips) 
Seat 3: olbap_104 ($2 in chips) 
Seat 4: MarcioGarcia_Cq ($3.22 in chips) 
Seat 5: santibaron ($2.02 in chips) 
Seat 6: vkorgik ($1.60 in chips) 
Seat 7: Dorex2007 ($4.10 in chips) 
Seat 8: gezzer666 ($1.92 in chips) 
marcuswagner: posts small blind $0.01
olbap_104: posts big blind $0.02
*** HOLE CARDS ***
Dealt to Dorex2007 [Ad Qh]
MarcioGarcia_Cq: calls $0.02
santibaron: folds 
vkorgik: folds 
Dorex2007: raises $0.04 to $0.06
gezzer666: folds 
mumisber: folds 
marcuswagner: folds 
olbap_104: folds 
MarcioGarcia_Cq: calls $0.04
*** FLOP *** [8d 2s 9s]
MarcioGarcia_Cq: checks 
Dorex2007: checks 
*** TURN *** [8d 2s 9s] [6c]
MarcioGarcia_Cq: checks 
Dorex2007: bets $0.07
MarcioGarcia_Cq: folds 
Uncalled bet ($0.07) returned to Dorex2007
Dorex2007 collected $0.14 from pot
*** SUMMARY ***
Total pot $0.15 | Rake $0.01 
Board [8d 2s 9s 6c]
Seat 1: mumisber (button) folded before Flop (didn't bet)
Seat 2: marcuswagner (small blind) folded before Flop
Seat 3: olbap_104 (big blind) folded before Flop
Seat 4: MarcioGarcia_Cq folded on the Turn
Seat 5: santibaron folded before Flop (didn't bet)
Seat 6: vkorgik folded before Flop (didn't bet)
Seat 7: Dorex2007 collected ($0.14)
Seat 8: gezzer666 folded before Flop (didn't bet)



PokerStars Hand #237148483955:  Hold'em No Limit ($0.01/$0.02 USD) - 2022/07/03 19:26:18 PT [2022/07/03 22:26:18 ET]
Table 'Mimosa III' 9-max Seat #2 is the button
Seat 1: mumisber ($2.27 in chips) 
Seat 2: marcuswagner ($3.28 in chips) 
Seat 3: olbap_104 ($1.98 in chips) 
Seat 4: MarcioGarcia_Cq ($3.16 in chips) 
Seat 5: santibaron ($2.02 in chips) 
Seat 6: vkorgik ($1.60 in chips) 
Seat 7: Dorex2007 ($4.18 in chips) 
Seat 8: gezzer666 ($1.92 in chips) 
olbap_104: posts small blind $0.01
MarcioGarcia_Cq: posts big blind $0.02
*** HOLE CARDS ***
Dealt to Dorex2007 [4d 8d]
santibaron: folds 
vkorgik: folds 
Dorex2007: folds 
gezzer666: folds 
mumisber: folds 
marcuswagner: folds 
olbap_104: folds 
Uncalled bet ($0.01) returned to MarcioGarcia_Cq
MarcioGarcia_Cq collected $0.02 from pot
*** SUMMARY ***
Total pot $0.02 | Rake $0 
Seat 1: mumisber folded before Flop (didn't bet)
Seat 2: marcuswagner (button) folded before Flop (didn't bet)
Seat 3: olbap_104 (small blind) folded before Flop
Seat 4: MarcioGarcia_Cq (big blind) collected ($0.02)
Seat 5: santibaron folded before Flop (didn't bet)
Seat 6: vkorgik folded before Flop (didn't bet)
Seat 7: Dorex2007 folded before Flop (didn't bet)
Seat 8: gezzer666 folded before Flop (didn't bet)



PokerStars Hand #237148487810:  Hold'em No Limit ($0.01/$0.02 USD) - 2022/07/03 19:26:41 PT [2022/07/03 22:26:41 ET]
Table 'Mimosa III' 9-max Seat #3 is the button
Seat 1: mumisber ($2.27 in chips) 
Seat 2: marcuswagner ($3.28 in chips) 
Seat 3: olbap_104 ($1.97 in chips) 
Seat 4: MarcioGarcia_Cq ($3.17 in chips) 
Seat 5: santibaron ($2.02 in chips) 
Seat 6: vkorgik ($1.60 in chips) 
Seat 7: Dorex2007 ($4.18 in chips) 
Seat 8: gezzer666 ($1.92 in chips) 
MarcioGarcia_Cq: posts small blind $0.01
santibaron: posts big blind $0.02
*** HOLE CARDS ***
Dealt to Dorex2007 [Kc 7d]
vkorgik: folds 
Dorex2007: folds 
gezzer666: raises $0.04 to $0.06
mumisber: folds 
marcuswagner: folds 
olbap_104: folds 
MarcioGarcia_Cq: calls $0.05
marcuswagner leaves the table
santibaron: folds 
*** FLOP *** [Th Ah Jc]
MarcioGarcia_Cq: bets $0.02
gezzer666: raises $0.10 to $0.12
MarcioGarcia_Cq: raises $0.10 to $0.22
gezzer666: calls $0.10
*** TURN *** [Th Ah Jc] [Qd]
MarcioGarcia_Cq: bets $0.28
gezzer666: calls $0.28
*** RIVER *** [Th Ah Jc Qd] [Js]
MarcioGarcia_Cq: bets $1.10
gezzer666: calls $1.10
*** SHOW DOWN ***
MarcioGarcia_Cq: shows [Qh 8h] (two pair, Queens and Jacks)
gezzer666: shows [Tc Td] (a full house, Tens full of Jacks)
gezzer666 collected $3.22 from pot
*** SUMMARY ***
Total pot $3.34 | Rake $0.12 
Board [Th Ah Jc Qd Js]
Seat 1: mumisber folded before Flop (didn't bet)
Seat 2: marcuswagner folded before Flop (didn't bet)
Seat 3: olbap_104 (button) folded before Flop (didn't bet)
Seat 4: MarcioGarcia_Cq (small blind) showed [Qh 8h] and lost with two pair, Queens and Jacks
Seat 5: santibaron (big blind) folded before Flop
Seat 6: vkorgik folded before Flop (didn't bet)
Seat 7: Dorex2007 folded before Flop (didn't bet)
Seat 8: gezzer666 showed [Tc Td] and won ($3.22) with a full house, Tens full of Jacks



PokerStars Hand #237148510060:  Hold'em No Limit ($0.01/$0.02 USD) - 2022/07/03 19:28:03 PT [2022/07/03 22:28:03 ET]
Table 'Mimosa III' 9-max Seat #4 is the button
Seat 1: mumisber ($2.27 in chips) 
Seat 3: olbap_104 ($1.97 in chips) 
Seat 4: MarcioGarcia_Cq ($1.51 in chips) 
Seat 5: santibaron ($2 in chips) 
Seat 7: Dorex2007 ($4.18 in chips) 
Seat 8: gezzer666 ($3.48 in chips) 
santibaron: posts small blind $0.01
Dorex2007: posts big blind $0.02
*** HOLE CARDS ***
Dealt to Dorex2007 [4d 3s]
gezzer666: folds 
mumisber: raises $0.08 to $0.10
olbap_104: folds 
MarcioGarcia_Cq: calls $0.10
santibaron: calls $0.09
Dorex2007: folds 
*** FLOP *** [Js Kc 8c]
santibaron: checks 
mumisber: bets $0.36
MarcioGarcia_Cq: calls $0.36
santibaron: folds 
*** TURN *** [Js Kc 8c] [4s]
mumisber: bets $1.10
MarcioGarcia_Cq: calls $1.05 and is all-in
Uncalled bet ($0.05) returned to mumisber
Luigiams joins the table at seat #2 
*** RIVER *** [Js Kc 8c 4s] [Td]
*** SHOW DOWN ***
mumisber: shows [Ks Kh] (three of a kind, Kings)
MarcioGarcia_Cq: shows [Ts Qd] (a pair of Tens)
mumisber cashed out the hand for $2.46 | Cash Out Fee $0.02
MarcioGarcia_Cq cashed out the hand for $0.54 | Cash Out Fee $0.01
*** SUMMARY ***
Total pot $3.14 | Rake $0.11 
Board [Js Kc 8c 4s Td]
Seat 1: mumisber showed [Ks Kh] and won ($3.03) with three of a kind, Kings (pot not awarded as player cashed out)
Seat 3: olbap_104 folded before Flop (didn't bet)
Seat 4: MarcioGarcia_Cq (button) showed [Ts Qd] and lost with a pair of Tens (cashed out).
Seat 5: santibaron (small blind) folded on the Flop
Seat 7: Dorex2007 (big blind) folded before Flop
Seat 8: gezzer666 folded before Flop (didn't bet)



PokerStars Hand #237148522877:  Hold'em No Limit ($0.01/$0.02 USD) - 2022/07/03 19:29:05 PT [2022/07/03 22:29:05 ET]
Table 'Mimosa III' 9-max Seat #5 is the button
Seat 1: mumisber ($3.22 in chips) 
Seat 3: olbap_104 ($1.97 in chips) 
Seat 4: MarcioGarcia_Cq ($0.54 in chips) 
Seat 5: santibaron ($1.90 in chips) 
Seat 7: Dorex2007 ($4.16 in chips) 
Seat 8: gezzer666 ($3.48 in chips) 
Dorex2007: posts small blind $0.01
gezzer666: posts big blind $0.02
Luigiams: sits out 
*** HOLE CARDS ***
Dealt to Dorex2007 [Js 2c]
mumisber: folds 
olbap_104: calls $0.02
MarcioGarcia_Cq: folds 
santibaron: folds 
Dorex2007: calls $0.01
gezzer666: checks 
*** FLOP *** [5d 7c Ts]
Dorex2007: checks 
MarcioGarcia_Cq leaves the table
gezzer666: checks 
olbap_104: checks 
*** TURN *** [5d 7c Ts] [5c]
Dorex2007: checks 
gezzer666: checks 
olbap_104: checks 
*** RIVER *** [5d 7c Ts 5c] [Jh]
Dorex2007: checks 
gezzer666: checks 
olbap_104: checks 
*** SHOW DOWN ***
Dorex2007: shows [Js 2c] (two pair, Jacks and Fives)
gezzer666: mucks hand 
olbap_104: mucks hand 
Dorex2007 collected $0.06 from pot
*** SUMMARY ***
Total pot $0.06 | Rake $0 
Board [5d 7c Ts 5c Jh]
Seat 1: mumisber folded before Flop (didn't bet)
Seat 3: olbap_104 mucked [Kd Th]
Seat 4: MarcioGarcia_Cq folded before Flop (didn't bet)
Seat 5: santibaron (button) folded before Flop (didn't bet)
Seat 7: Dorex2007 (small blind) showed [Js 2c] and won ($0.06) with two pair, Jacks and Fives
Seat 8: gezzer666 (big blind) mucked [As 2s]



PokerStars Hand #237148531357:  Hold'em No Limit ($0.01/$0.02 USD) - 2022/07/03 19:29:58 PT [2022/07/03 22:29:58 ET]
Table 'Mimosa III' 9-max Seat #7 is the button
Seat 1: mumisber ($3.22 in chips) 
Seat 2: Luigiams ($2 in chips) 
Seat 3: olbap_104 ($1.95 in chips) 
Seat 5: santibaron ($1.90 in chips) 
Seat 7: Dorex2007 ($4.20 in chips) 
mumisber: posts small blind $0.01
Luigiams: posts big blind $0.02
*** HOLE CARDS ***
Dealt to Dorex2007 [5c Th]
olbap_104: folds 
gezzer666 leaves the table
santibaron: folds 
Dorex2007: folds 
mumisber: folds 
Uncalled bet ($0.01) returned to Luigiams
Luigiams collected $0.02 from pot
*** SUMMARY ***
Total pot $0.02 | Rake $0 
Seat 1: mumisber (small blind) folded before Flop
Seat 2: Luigiams (big blind) collected ($0.02)
Seat 3: olbap_104 folded before Flop (didn't bet)
Seat 5: santibaron folded before Flop (didn't bet)
Seat 7: Dorex2007 (button) folded before Flop (didn't bet)



PokerStars Hand #237148532849:  Hold'em No Limit ($0.01/$0.02 USD) - 2022/07/03 19:30:07 PT [2022/07/03 22:30:07 ET]
Table 'Mimosa III' 9-max Seat #1 is the button
Seat 1: mumisber ($3.21 in chips) 
Seat 2: Luigiams ($2.01 in chips) 
Seat 3: olbap_104 ($1.95 in chips) 
Seat 5: santibaron ($1.90 in chips) 
Seat 7: Dorex2007 ($4.20 in chips) 
Luigiams: posts small blind $0.01
olbap_104: posts big blind $0.02
*** HOLE CARDS ***
Dealt to Dorex2007 [3h Ah]
santibaron: folds 
Dorex2007: raises $0.02 to $0.04
santibaron leaves the table
mumisber: folds 
Luigiams: folds 
olbap_104: folds 
Uncalled bet ($0.02) returned to Dorex2007
Dorex2007 collected $0.05 from pot
*** SUMMARY ***
Total pot $0.05 | Rake $0 
Seat 1: mumisber (button) folded before Flop (didn't bet)
Seat 2: Luigiams (small blind) folded before Flop
Seat 3: olbap_104 (big blind) folded before Flop
Seat 5: santibaron folded before Flop (didn't bet)
Seat 7: Dorex2007 collected ($0.05)



PokerStars Hand #237148535643:  Hold'em No Limit ($0.01/$0.02 USD) - 2022/07/03 19:30:25 PT [2022/07/03 22:30:25 ET]
Table 'Mimosa III' 9-max Seat #2 is the button
Seat 1: mumisber ($3.21 in chips) 
Seat 2: Luigiams ($2 in chips) 
Seat 3: olbap_104 ($1.93 in chips) 
Seat 7: Dorex2007 ($4.23 in chips) 
olbap_104: posts small blind $0.01
Dorex2007: posts big blind $0.02
*** HOLE CARDS ***
Dealt to Dorex2007 [2h 5s]
mumisber: folds 
Luigiams: raises $0.02 to $0.04
olbap_104: folds 
Dorex2007: folds 
Uncalled bet ($0.02) returned to Luigiams
Luigiams collected $0.05 from pot
*** SUMMARY ***
Total pot $0.05 | Rake $0 
Seat 1: mumisber folded before Flop (didn't bet)
Seat 2: Luigiams (button) collected ($0.05)
Seat 3: olbap_104 (small blind) folded before Flop
Seat 7: Dorex2007 (big blind) folded before Flop



PokerStars Hand #237148536950:  Hold'em No Limit ($0.01/$0.02 USD) - 2022/07/03 19:30:33 PT [2022/07/03 22:30:33 ET]
Table 'Mimosa III' 9-max Seat #3 is the button
Seat 1: mumisber ($3.21 in chips) 
Seat 2: Luigiams ($2.03 in chips) 
Seat 3: olbap_104 ($1.92 in chips) 
Seat 7: Dorex2007 ($4.21 in chips) 
Dorex2007: posts small blind $0.01
mumisber: posts big blind $0.02
*** HOLE CARDS ***
Dealt to Dorex2007 [4c 2h]
Luigiams: folds 
olbap_104: calls $0.02
Dorex2007: folds 
mumisber: raises $0.08 to $0.10
olbap_104: calls $0.08
*** FLOP *** [Td 5c Ac]
mumisber: bets $0.24
olbap_104: folds 
Uncalled bet ($0.24) returned to mumisber
mumisber collected $0.20 from pot
*** SUMMARY ***
Total pot $0.21 | Rake $0.01 
Board [Td 5c Ac]
Seat 1: mumisber (big blind) collected ($0.20)
Seat 2: Luigiams folded before Flop (didn't bet)
Seat 3: olbap_104 (button) folded on the Flop
Seat 7: Dorex2007 (small blind) folded before Flop



PokerStars Hand #237148541881:  Hold'em No Limit ($0.01/$0.02 USD) - 2022/07/03 19:31:04 PT [2022/07/03 22:31:04 ET]
Table 'Mimosa III' 9-max Seat #7 is the button
Seat 1: mumisber ($3.31 in chips) 
Seat 3: olbap_104 ($1.82 in chips) 
Seat 7: Dorex2007 ($4.20 in chips) 
mumisber: posts small blind $0.01
Luigiams: is sitting out 
olbap_104: posts big blind $0.02
*** HOLE CARDS ***
Dealt to Dorex2007 [Th Ts]
godhiago joins the table at seat #4 
Dorex2007: raises $0.06 to $0.08
mumisber: folds 
olbap_104: calls $0.06
*** FLOP *** [Ks Qc Kd]
olbap_104: checks 
Luigiams leaves the table
Dorex2007: bets $0.08
olbap_104: calls $0.08
*** TURN *** [Ks Qc Kd] [8c]
olbap_104: checks 
Dorex2007: checks 
*** RIVER *** [Ks Qc Kd 8c] [5h]
olbap_104: bets $0.12
Dorex2007: folds 
Uncalled bet ($0.12) returned to olbap_104
olbap_104 collected $0.32 from pot
*** SUMMARY ***
Total pot $0.33 | Rake $0.01 
Board [Ks Qc Kd 8c 5h]
Seat 1: mumisber (small blind) folded before Flop
Seat 3: olbap_104 (big blind) collected ($0.32)
Seat 7: Dorex2007 (button) folded on the River



PokerStars Hand #237148548219:  Hold'em No Limit ($0.01/$0.02 USD) - 2022/07/03 19:31:44 PT [2022/07/03 22:31:44 ET]
Table 'Mimosa III' 9-max Seat #1 is the button
Seat 1: mumisber ($3.30 in chips) 
Seat 3: olbap_104 ($1.98 in chips) 
Seat 4: godhiago ($1.60 in chips) 
Seat 7: Dorex2007 ($4.04 in chips) 
olbap_104: posts small blind $0.01
godhiago: posts big blind $0.02
*** HOLE CARDS ***
Dealt to Dorex2007 [Ks 3c]
Dorex2007: folds 
mumisber: folds 
olbap_104: calls $0.01
godhiago: raises $0.02 to $0.04
olbap_104: calls $0.02
*** FLOP *** [Qh 9s Js]
olbap_104: checks 
godhiago: bets $0.04
olbap_104: calls $0.04
*** TURN *** [Qh 9s Js] [8s]
olbap_104: checks 
godhiago: checks 
*** RIVER *** [Qh 9s Js 8s] [Qd]
olbap_104: bets $0.04
godhiago: raises $0.10 to $0.14
olbap_104: calls $0.10
*** SHOW DOWN ***
godhiago: shows [5h Ah] (a pair of Queens)
olbap_104: shows [9c Ts] (a straight, Eight to Queen)
olbap_104 collected $0.42 from pot
*** SUMMARY ***
Total pot $0.44 | Rake $0.02 
Board [Qh 9s Js 8s Qd]
Seat 1: mumisber (button) folded before Flop (didn't bet)
Seat 3: olbap_104 (small blind) showed [9c Ts] and won ($0.42) with a straight, Eight to Queen
Seat 4: godhiago (big blind) showed [5h Ah] and lost with a pair of Queens
Seat 7: Dorex2007 folded before Flop (didn't bet)



PokerStars Hand #237148553806:  Hold'em No Limit ($0.01/$0.02 USD) - 2022/07/03 19:32:19 PT [2022/07/03 22:32:19 ET]
Table 'Mimosa III' 9-max Seat #3 is the button
Seat 1: mumisber ($3.30 in chips) 
Seat 3: olbap_104 ($2.18 in chips) 
Seat 4: godhiago ($1.38 in chips) 
Seat 7: Dorex2007 ($4.04 in chips) 
godhiago: posts small blind $0.01
Dorex2007: posts big blind $0.02
*** HOLE CARDS ***
Dealt to Dorex2007 [3d 4s]
mumisber: folds 
olbap_104: folds 
godhiago: raises $0.04 to $0.06
Dorex2007: folds 
Uncalled bet ($0.04) returned to godhiago
godhiago collected $0.04 from pot
*** SUMMARY ***
Total pot $0.04 | Rake $0 
Seat 1: mumisber folded before Flop (didn't bet)
Seat 3: olbap_104 (button) folded before Flop (didn't bet)
Seat 4: godhiago (small blind) collected ($0.04)
Seat 7: Dorex2007 (big blind) folded before Flop



PokerStars Hand #237148556466:  Hold'em No Limit ($0.01/$0.02 USD) - 2022/07/03 19:32:36 PT [2022/07/03 22:32:36 ET]
Table 'Mimosa III' 9-max Seat #7 is the button
Seat 4: godhiago ($1.40 in chips) 
Seat 7: Dorex2007 ($4.02 in chips) 
Dorex2007: posts small blind $0.01
mumisber: is sitting out 
olbap_104: is sitting out 
godhiago: posts big blind $0.02
*** HOLE CARDS ***
Dealt to Dorex2007 [3s Th]
Dorex2007: folds 
Uncalled bet ($0.01) returned to godhiago
olbap_104 leaves the table
godhiago collected $0.02 from pot
IronMycki leaves the table
*** SUMMARY ***
Total pot $0.02 | Rake $0 
Seat 4: godhiago (big blind) collected ($0.02)
Seat 7: Dorex2007 (button) (small blind) folded before Flop



PokerStars Hand #237148557512:  Hold'em No Limit ($0.01/$0.02 USD) - 2022/07/03 19:32:43 PT [2022/07/03 22:32:43 ET]
Table 'Mimosa III' 9-max Seat #4 is the button
Seat 4: godhiago ($1.41 in chips) 
Seat 7: Dorex2007 ($4.01 in chips) 
godhiago: posts small blind $0.01
Dorex2007: posts big blind $0.02
*** HOLE CARDS ***
Dealt to Dorex2007 [3c Js]
godhiago: folds 
Uncalled bet ($0.01) returned to Dorex2007
mumisber leaves the table
Dorex2007 collected $0.02 from pot
*** SUMMARY ***
Total pot $0.02 | Rake $0 
Seat 4: godhiago (button) (small blind) folded before Flop
Seat 7: Dorex2007 (big blind) collected ($0.02)



