PokerStars Hand #238884881855:  Hold'em No Limit ($0.02/$0.05 USD) - 2022/09/26 22:05:17 PT [2022/09/27 1:05:17 ET]
Table 'Sinon' 9-max Seat #6 is the button
Seat 2: diggerd44 ($3.68 in chips) 
Seat 3: JPimp2323 ($9.81 in chips) 
Seat 4: bauticius ($6.60 in chips) 
Seat 5: Dorex2007 ($5 in chips) 
Seat 6: dvdhmstar ($5.66 in chips) 
Seat 7: richard4848 ($5.14 in chips) 
Seat 8: pqokker ($5.27 in chips) 
richard4848: posts small blind $0.02
pqokker: posts big blind $0.05
Templar85: sits out 
ThiagoKbelo: sits out 
Dorex2007: posts big blind $0.05
*** HOLE CARDS ***
Dealt to Dorex2007 [6s 6d]
diggerd44: calls $0.05
JPimp2323: folds 
bauticius: folds 
Dorex2007: checks 
dvdhmstar: folds 
richard4848: calls $0.03
pqokker: raises $0.25 to $0.30
diggerd44: calls $0.25
Dorex2007: folds 
richard4848: folds 
*** FLOP *** [7h Ks 2d]
pqokker: bets $0.45
diggerd44: folds 
Uncalled bet ($0.45) returned to pqokker
pqokker collected $0.67 from pot
pqokker: doesn't show hand 
*** SUMMARY ***
Total pot $0.70 | Rake $0.03 
Board [7h Ks 2d]
Seat 2: diggerd44 folded on the Flop
Seat 3: JPimp2323 folded before Flop (didn't bet)
Seat 4: bauticius folded before Flop (didn't bet)
Seat 5: Dorex2007 folded before Flop (didn't bet)
Seat 6: dvdhmstar (button) folded before Flop (didn't bet)
Seat 7: richard4848 (small blind) folded before Flop
Seat 8: pqokker (big blind) collected ($0.67)



PokerStars Hand #238884887501:  Hold'em No Limit ($0.02/$0.05 USD) - 2022/09/26 22:06:09 PT [2022/09/27 1:06:09 ET]
Table 'Sinon' 9-max Seat #7 is the button
Seat 2: diggerd44 ($3.38 in chips) 
Seat 3: JPimp2323 ($9.81 in chips) 
Seat 4: bauticius ($6.60 in chips) 
Seat 5: Dorex2007 ($5 in chips) 
Seat 6: dvdhmstar ($5.66 in chips) 
Seat 7: richard4848 ($5.09 in chips) 
Seat 8: pqokker ($5.64 in chips) 
Seat 9: Templar85 ($5 in chips) 
pqokker: posts small blind $0.02
Templar85: posts big blind $0.05
ThiagoKbelo: sits out 
*** HOLE CARDS ***
Dealt to Dorex2007 [Ah 2h]
diggerd44: folds 
JPimp2323: folds 
bauticius: folds 
Dorex2007: folds 
dvdhmstar: folds 
richard4848: raises $0.10 to $0.15
pqokker: calls $0.13
Templar85: calls $0.10
*** FLOP *** [Jd 5d Qh]
pqokker: checks 
Templar85: checks 
richard4848: bets $0.30
pqokker: folds 
Templar85: calls $0.30
*** TURN *** [Jd 5d Qh] [8d]
Templar85: checks 
richard4848: checks 
*** RIVER *** [Jd 5d Qh 8d] [4d]
Templar85: bets $0.50
richard4848: folds 
Uncalled bet ($0.50) returned to Templar85
Templar85 collected $1.01 from pot
Templar85: doesn't show hand 
*** SUMMARY ***
Total pot $1.05 | Rake $0.04 
Board [Jd 5d Qh 8d 4d]
Seat 2: diggerd44 folded before Flop (didn't bet)
Seat 3: JPimp2323 folded before Flop (didn't bet)
Seat 4: bauticius folded before Flop (didn't bet)
Seat 5: Dorex2007 folded before Flop (didn't bet)
Seat 6: dvdhmstar folded before Flop (didn't bet)
Seat 7: richard4848 (button) folded on the River
Seat 8: pqokker (small blind) folded on the Flop
Seat 9: Templar85 (big blind) collected ($1.01)



PokerStars Hand #238884894066:  Hold'em No Limit ($0.02/$0.05 USD) - 2022/09/26 22:07:11 PT [2022/09/27 1:07:11 ET]
Table 'Sinon' 9-max Seat #8 is the button
Seat 1: ThiagoKbelo ($5 in chips) 
Seat 2: diggerd44 ($3.38 in chips) 
Seat 3: JPimp2323 ($9.81 in chips) 
Seat 4: bauticius ($6.60 in chips) 
Seat 5: Dorex2007 ($5 in chips) 
Seat 6: dvdhmstar ($5.66 in chips) 
Seat 7: richard4848 ($4.64 in chips) 
Seat 8: pqokker ($5.49 in chips) 
Seat 9: Templar85 ($5.56 in chips) 
Templar85: posts small blind $0.02
ThiagoKbelo: posts big blind $0.05
*** HOLE CARDS ***
Dealt to Dorex2007 [2h Js]
diggerd44 has timed out
diggerd44: folds 
JPimp2323: folds 
bauticius: folds 
Dorex2007: folds 
dvdhmstar: folds 
richard4848: raises $0.10 to $0.15
pqokker: folds 
Templar85: folds 
ThiagoKbelo: folds 
Uncalled bet ($0.10) returned to richard4848
richard4848 collected $0.12 from pot
richard4848: doesn't show hand 
*** SUMMARY ***
Total pot $0.12 | Rake $0 
Seat 1: ThiagoKbelo (big blind) folded before Flop
Seat 2: diggerd44 folded before Flop (didn't bet)
Seat 3: JPimp2323 folded before Flop (didn't bet)
Seat 4: bauticius folded before Flop (didn't bet)
Seat 5: Dorex2007 folded before Flop (didn't bet)
Seat 6: dvdhmstar folded before Flop (didn't bet)
Seat 7: richard4848 collected ($0.12)
Seat 8: pqokker (button) folded before Flop (didn't bet)
Seat 9: Templar85 (small blind) folded before Flop



PokerStars Hand #238884898940:  Hold'em No Limit ($0.02/$0.05 USD) - 2022/09/26 22:07:58 PT [2022/09/27 1:07:58 ET]
Table 'Sinon' 9-max Seat #9 is the button
Seat 1: ThiagoKbelo ($5 in chips) 
Seat 2: diggerd44 ($3.38 in chips) 
Seat 3: JPimp2323 ($9.81 in chips) 
Seat 4: bauticius ($6.60 in chips) 
Seat 5: Dorex2007 ($5 in chips) 
Seat 6: dvdhmstar ($5.66 in chips) 
Seat 7: richard4848 ($5 in chips) 
Seat 8: pqokker ($5.49 in chips) 
Seat 9: Templar85 ($5.54 in chips) 
ThiagoKbelo: posts small blind $0.02
diggerd44: posts big blind $0.05
*** HOLE CARDS ***
Dealt to Dorex2007 [5s Qc]
JPimp2323: folds 
bauticius: folds 
Dorex2007: folds 
dvdhmstar: folds 
richard4848: folds 
pqokker: folds 
Templar85: raises $0.07 to $0.12
ThiagoKbelo: folds 
diggerd44: calls $0.07
*** FLOP *** [7d 6s Jd]
diggerd44: checks 
Templar85: bets $0.15
diggerd44: folds 
Uncalled bet ($0.15) returned to Templar85
Templar85 collected $0.25 from pot
Templar85: doesn't show hand 
*** SUMMARY ***
Total pot $0.26 | Rake $0.01 
Board [7d 6s Jd]
Seat 1: ThiagoKbelo (small blind) folded before Flop
Seat 2: diggerd44 (big blind) folded on the Flop
Seat 3: JPimp2323 folded before Flop (didn't bet)
Seat 4: bauticius folded before Flop (didn't bet)
Seat 5: Dorex2007 folded before Flop (didn't bet)
Seat 6: dvdhmstar folded before Flop (didn't bet)
Seat 7: richard4848 folded before Flop (didn't bet)
Seat 8: pqokker folded before Flop (didn't bet)
Seat 9: Templar85 (button) collected ($0.25)



PokerStars Hand #238884902892:  Hold'em No Limit ($0.02/$0.05 USD) - 2022/09/26 22:08:36 PT [2022/09/27 1:08:36 ET]
Table 'Sinon' 9-max Seat #1 is the button
Seat 1: ThiagoKbelo ($5 in chips) 
Seat 2: diggerd44 ($3.26 in chips) 
Seat 3: JPimp2323 ($9.81 in chips) 
Seat 4: bauticius ($6.60 in chips) 
Seat 5: Dorex2007 ($5 in chips) 
Seat 6: dvdhmstar ($5.66 in chips) 
Seat 7: richard4848 ($5 in chips) 
Seat 8: pqokker ($5.49 in chips) 
Seat 9: Templar85 ($5.67 in chips) 
diggerd44: posts small blind $0.02
JPimp2323: posts big blind $0.05
*** HOLE CARDS ***
Dealt to Dorex2007 [3c 2c]
bauticius: folds 
Dorex2007: folds 
dvdhmstar: folds 
richard4848: folds 
pqokker: folds 
Templar85: folds 
ThiagoKbelo: folds 
diggerd44: calls $0.03
JPimp2323: checks 
*** FLOP *** [Ac Tc 6s]
diggerd44: bets $0.05
JPimp2323: folds 
Uncalled bet ($0.05) returned to diggerd44
diggerd44 collected $0.10 from pot
diggerd44: doesn't show hand 
*** SUMMARY ***
Total pot $0.10 | Rake $0 
Board [Ac Tc 6s]
Seat 1: ThiagoKbelo (button) folded before Flop (didn't bet)
Seat 2: diggerd44 (small blind) collected ($0.10)
Seat 3: JPimp2323 (big blind) folded on the Flop
Seat 4: bauticius folded before Flop (didn't bet)
Seat 5: Dorex2007 folded before Flop (didn't bet)
Seat 6: dvdhmstar folded before Flop (didn't bet)
Seat 7: richard4848 folded before Flop (didn't bet)
Seat 8: pqokker folded before Flop (didn't bet)
Seat 9: Templar85 folded before Flop (didn't bet)



PokerStars Hand #238884906609:  Hold'em No Limit ($0.02/$0.05 USD) - 2022/09/26 22:09:11 PT [2022/09/27 1:09:11 ET]
Table 'Sinon' 9-max Seat #2 is the button
Seat 1: ThiagoKbelo ($5 in chips) 
Seat 2: diggerd44 ($3.31 in chips) 
Seat 3: JPimp2323 ($9.76 in chips) 
Seat 4: bauticius ($6.60 in chips) 
Seat 5: Dorex2007 ($5 in chips) 
Seat 6: dvdhmstar ($5.66 in chips) 
Seat 7: richard4848 ($5 in chips) 
Seat 8: pqokker ($5.49 in chips) 
Seat 9: Templar85 ($5.67 in chips) 
JPimp2323: posts small blind $0.02
bauticius: posts big blind $0.05
*** HOLE CARDS ***
Dealt to Dorex2007 [9s 7h]
Dorex2007: folds 
dvdhmstar: folds 
richard4848: raises $0.20 to $0.25
pqokker: folds 
Templar85: calls $0.25
ThiagoKbelo: raises $0.90 to $1.15
diggerd44: folds 
JPimp2323: folds 
bauticius: folds 
richard4848: folds 
Templar85: folds 
Uncalled bet ($0.90) returned to ThiagoKbelo
ThiagoKbelo collected $0.82 from pot
ThiagoKbelo: doesn't show hand 
*** SUMMARY ***
Total pot $0.82 | Rake $0 
Seat 1: ThiagoKbelo collected ($0.82)
Seat 2: diggerd44 (button) folded before Flop (didn't bet)
Seat 3: JPimp2323 (small blind) folded before Flop
Seat 4: bauticius (big blind) folded before Flop
Seat 5: Dorex2007 folded before Flop (didn't bet)
Seat 6: dvdhmstar folded before Flop (didn't bet)
Seat 7: richard4848 folded before Flop
Seat 8: pqokker folded before Flop (didn't bet)
Seat 9: Templar85 folded before Flop



PokerStars Hand #238884912087:  Hold'em No Limit ($0.02/$0.05 USD) - 2022/09/26 22:10:04 PT [2022/09/27 1:10:04 ET]
Table 'Sinon' 9-max Seat #3 is the button
Seat 1: ThiagoKbelo ($5.57 in chips) 
Seat 2: diggerd44 ($3.31 in chips) 
Seat 3: JPimp2323 ($9.74 in chips) 
Seat 4: bauticius ($6.55 in chips) 
Seat 5: Dorex2007 ($5 in chips) 
Seat 6: dvdhmstar ($5.66 in chips) 
Seat 7: richard4848 ($5 in chips) 
Seat 8: pqokker ($5.49 in chips) 
Seat 9: Templar85 ($5.42 in chips) 
bauticius: posts small blind $0.02
Dorex2007: posts big blind $0.05
*** HOLE CARDS ***
Dealt to Dorex2007 [8c Js]
dvdhmstar: folds 
richard4848: folds 
pqokker: folds 
Templar85: raises $0.10 to $0.15
ThiagoKbelo: folds 
diggerd44: calls $0.15
JPimp2323: folds 
bauticius: calls $0.13
Dorex2007: folds 
*** FLOP *** [Kc Qh 8h]
bauticius: checks 
Templar85: checks 
diggerd44: checks 
*** TURN *** [Kc Qh 8h] [7s]
bauticius: bets $0.14
Templar85: folds 
diggerd44: calls $0.14
*** RIVER *** [Kc Qh 8h 7s] [4h]
bauticius: checks 
diggerd44: bets $0.75
bauticius: calls $0.75
*** SHOW DOWN ***
diggerd44: shows [5c 6d] (a straight, Four to Eight)
bauticius: mucks hand 
diggerd44 collected $2.19 from pot
*** SUMMARY ***
Total pot $2.28 | Rake $0.09 
Board [Kc Qh 8h 7s 4h]
Seat 1: ThiagoKbelo folded before Flop (didn't bet)
Seat 2: diggerd44 showed [5c 6d] and won ($2.19) with a straight, Four to Eight
Seat 3: JPimp2323 (button) folded before Flop (didn't bet)
Seat 4: bauticius (small blind) mucked [Ah Ks]
Seat 5: Dorex2007 (big blind) folded before Flop
Seat 6: dvdhmstar folded before Flop (didn't bet)
Seat 7: richard4848 folded before Flop (didn't bet)
Seat 8: pqokker folded before Flop (didn't bet)
Seat 9: Templar85 folded on the Turn



PokerStars Hand #238884918938:  Hold'em No Limit ($0.02/$0.05 USD) - 2022/09/26 22:11:08 PT [2022/09/27 1:11:08 ET]
Table 'Sinon' 9-max Seat #4 is the button
Seat 1: ThiagoKbelo ($5.57 in chips) 
Seat 2: diggerd44 ($4.46 in chips) 
Seat 3: JPimp2323 ($9.74 in chips) 
Seat 4: bauticius ($5.51 in chips) 
Seat 5: Dorex2007 ($5 in chips) 
Seat 6: dvdhmstar ($5.66 in chips) 
Seat 7: richard4848 ($5 in chips) 
Seat 8: pqokker ($5.49 in chips) 
Seat 9: Templar85 ($5.27 in chips) 
Dorex2007: posts small blind $0.02
dvdhmstar: posts big blind $0.05
*** HOLE CARDS ***
Dealt to Dorex2007 [2d As]
richard4848: folds 
pqokker: folds 
Templar85: folds 
ThiagoKbelo: folds 
diggerd44: folds 
JPimp2323: folds 
bauticius: folds 
Dorex2007: folds 
Uncalled bet ($0.03) returned to dvdhmstar
dvdhmstar collected $0.04 from pot
*** SUMMARY ***
Total pot $0.04 | Rake $0 
Seat 1: ThiagoKbelo folded before Flop (didn't bet)
Seat 2: diggerd44 folded before Flop (didn't bet)
Seat 3: JPimp2323 folded before Flop (didn't bet)
Seat 4: bauticius (button) folded before Flop (didn't bet)
Seat 5: Dorex2007 (small blind) folded before Flop
Seat 6: dvdhmstar (big blind) collected ($0.04)
Seat 7: richard4848 folded before Flop (didn't bet)
Seat 8: pqokker folded before Flop (didn't bet)
Seat 9: Templar85 folded before Flop (didn't bet)



PokerStars Hand #238884921714:  Hold'em No Limit ($0.02/$0.05 USD) - 2022/09/26 22:11:35 PT [2022/09/27 1:11:35 ET]
Table 'Sinon' 9-max Seat #5 is the button
Seat 1: ThiagoKbelo ($5.57 in chips) 
Seat 2: diggerd44 ($4.46 in chips) 
Seat 3: JPimp2323 ($9.74 in chips) 
Seat 4: bauticius ($5.51 in chips) 
Seat 5: Dorex2007 ($5 in chips) 
Seat 6: dvdhmstar ($5.68 in chips) 
Seat 7: richard4848 ($5 in chips) 
Seat 8: pqokker ($5.49 in chips) 
Seat 9: Templar85 ($5.27 in chips) 
dvdhmstar: posts small blind $0.02
richard4848: posts big blind $0.05
*** HOLE CARDS ***
Dealt to Dorex2007 [Kc 6d]
pqokker: folds 
Templar85: raises $0.10 to $0.15
ThiagoKbelo has timed out
ThiagoKbelo: folds 
diggerd44: calls $0.15
JPimp2323 has timed out
JPimp2323: folds 
bauticius: folds 
Dorex2007: folds 
dvdhmstar: folds 
richard4848: folds 
*** FLOP *** [Ah 8h 4d]
Templar85: bets $0.35
diggerd44: folds 
Uncalled bet ($0.35) returned to Templar85
Templar85 collected $0.35 from pot
Templar85: doesn't show hand 
*** SUMMARY ***
Total pot $0.37 | Rake $0.02 
Board [Ah 8h 4d]
Seat 1: ThiagoKbelo folded before Flop (didn't bet)
Seat 2: diggerd44 folded on the Flop
Seat 3: JPimp2323 folded before Flop (didn't bet)
Seat 4: bauticius folded before Flop (didn't bet)
Seat 5: Dorex2007 (button) folded before Flop (didn't bet)
Seat 6: dvdhmstar (small blind) folded before Flop
Seat 7: richard4848 (big blind) folded before Flop
Seat 8: pqokker folded before Flop (didn't bet)
Seat 9: Templar85 collected ($0.35)



PokerStars Hand #238884929739:  Hold'em No Limit ($0.02/$0.05 USD) - 2022/09/26 22:12:51 PT [2022/09/27 1:12:51 ET]
Table 'Sinon' 9-max Seat #6 is the button
Seat 1: ThiagoKbelo ($5.57 in chips) 
Seat 2: diggerd44 ($4.31 in chips) 
Seat 3: JPimp2323 ($9.74 in chips) 
Seat 4: bauticius ($5.51 in chips) 
Seat 5: Dorex2007 ($5 in chips) 
Seat 6: dvdhmstar ($5.66 in chips) 
Seat 7: richard4848 ($4.95 in chips) 
Seat 8: pqokker ($5.49 in chips) 
Seat 9: Templar85 ($5.47 in chips) 
richard4848: posts small blind $0.02
pqokker: posts big blind $0.05
*** HOLE CARDS ***
Dealt to Dorex2007 [Ad 8s]
Templar85: folds 
ThiagoKbelo: folds 
diggerd44: raises $0.12 to $0.17
JPimp2323: folds 
bauticius: folds 
Dorex2007: folds 
dvdhmstar: raises $0.43 to $0.60
richard4848: folds 
pqokker: folds 
diggerd44: calls $0.43
*** FLOP *** [7s Ks 7c]
diggerd44: checks 
dvdhmstar: bets $1.22
diggerd44: folds 
Uncalled bet ($1.22) returned to dvdhmstar
dvdhmstar collected $1.22 from pot
*** SUMMARY ***
Total pot $1.27 | Rake $0.05 
Board [7s Ks 7c]
Seat 1: ThiagoKbelo folded before Flop (didn't bet)
Seat 2: diggerd44 folded on the Flop
Seat 3: JPimp2323 folded before Flop (didn't bet)
Seat 4: bauticius folded before Flop (didn't bet)
Seat 5: Dorex2007 folded before Flop (didn't bet)
Seat 6: dvdhmstar (button) collected ($1.22)
Seat 7: richard4848 (small blind) folded before Flop
Seat 8: pqokker (big blind) folded before Flop
Seat 9: Templar85 folded before Flop (didn't bet)



PokerStars Hand #238884938178:  Hold'em No Limit ($0.02/$0.05 USD) - 2022/09/26 22:14:11 PT [2022/09/27 1:14:11 ET]
Table 'Sinon' 9-max Seat #7 is the button
Seat 1: ThiagoKbelo ($5.57 in chips) 
Seat 2: diggerd44 ($3.71 in chips) 
Seat 3: JPimp2323 ($9.74 in chips) 
Seat 4: bauticius ($5.51 in chips) 
Seat 5: Dorex2007 ($5 in chips) 
Seat 6: dvdhmstar ($6.28 in chips) 
Seat 7: richard4848 ($4.93 in chips) 
Seat 8: pqokker ($5.44 in chips) 
Seat 9: Templar85 ($5.47 in chips) 
pqokker: posts small blind $0.02
Templar85: posts big blind $0.05
*** HOLE CARDS ***
Dealt to Dorex2007 [3h 4h]
ThiagoKbelo: folds 
diggerd44: calls $0.05
JPimp2323: folds 
bauticius: folds 
Dorex2007: folds 
dvdhmstar: folds 
richard4848: raises $0.15 to $0.20
pqokker: folds 
Templar85: raises $0.60 to $0.80
diggerd44: folds 
richard4848: folds 
Uncalled bet ($0.60) returned to Templar85
Templar85 collected $0.47 from pot
Templar85: doesn't show hand 
*** SUMMARY ***
Total pot $0.47 | Rake $0 
Seat 1: ThiagoKbelo folded before Flop (didn't bet)
Seat 2: diggerd44 folded before Flop
Seat 3: JPimp2323 folded before Flop (didn't bet)
Seat 4: bauticius folded before Flop (didn't bet)
Seat 5: Dorex2007 folded before Flop (didn't bet)
Seat 6: dvdhmstar folded before Flop (didn't bet)
Seat 7: richard4848 (button) folded before Flop
Seat 8: pqokker (small blind) folded before Flop
Seat 9: Templar85 (big blind) collected ($0.47)



PokerStars Hand #238884943886:  Hold'em No Limit ($0.02/$0.05 USD) - 2022/09/26 22:15:06 PT [2022/09/27 1:15:06 ET]
Table 'Sinon' 9-max Seat #8 is the button
Seat 1: ThiagoKbelo ($5.57 in chips) 
Seat 2: diggerd44 ($3.66 in chips) 
Seat 3: JPimp2323 ($9.74 in chips) 
Seat 4: bauticius ($5.51 in chips) 
Seat 5: Dorex2007 ($5 in chips) 
Seat 6: dvdhmstar ($6.28 in chips) 
Seat 7: richard4848 ($5 in chips) 
Seat 8: pqokker ($5.42 in chips) 
Seat 9: Templar85 ($5.74 in chips) 
Templar85: posts small blind $0.02
ThiagoKbelo: posts big blind $0.05
*** HOLE CARDS ***
Dealt to Dorex2007 [8s Kd]
diggerd44: folds 
JPimp2323: folds 
bauticius: folds 
Dorex2007: folds 
dvdhmstar: folds 
richard4848: raises $0.10 to $0.15
pqokker: folds 
Templar85: folds 
ThiagoKbelo: folds 
Uncalled bet ($0.10) returned to richard4848
richard4848 collected $0.12 from pot
richard4848: doesn't show hand 
*** SUMMARY ***
Total pot $0.12 | Rake $0 
Seat 1: ThiagoKbelo (big blind) folded before Flop
Seat 2: diggerd44 folded before Flop (didn't bet)
Seat 3: JPimp2323 folded before Flop (didn't bet)
Seat 4: bauticius folded before Flop (didn't bet)
Seat 5: Dorex2007 folded before Flop (didn't bet)
Seat 6: dvdhmstar folded before Flop (didn't bet)
Seat 7: richard4848 collected ($0.12)
Seat 8: pqokker (button) folded before Flop (didn't bet)
Seat 9: Templar85 (small blind) folded before Flop



PokerStars Hand #238884946362:  Hold'em No Limit ($0.02/$0.05 USD) - 2022/09/26 22:15:30 PT [2022/09/27 1:15:30 ET]
Table 'Sinon' 9-max Seat #9 is the button
Seat 1: ThiagoKbelo ($5.52 in chips) 
Seat 2: diggerd44 ($3.66 in chips) 
Seat 3: JPimp2323 ($9.74 in chips) 
Seat 4: bauticius ($5.51 in chips) 
Seat 5: Dorex2007 ($5 in chips) 
Seat 6: dvdhmstar ($6.28 in chips) 
Seat 7: richard4848 ($5.07 in chips) 
Seat 8: pqokker ($5.42 in chips) 
Seat 9: Templar85 ($5.72 in chips) 
ThiagoKbelo: posts small blind $0.02
diggerd44: posts big blind $0.05
*** HOLE CARDS ***
Dealt to Dorex2007 [4s 2d]
JPimp2323 has timed out
JPimp2323: folds 
bauticius: folds 
Dorex2007: folds 
dvdhmstar: folds 
richard4848: raises $0.10 to $0.15
pqokker: folds 
Templar85: folds 
ThiagoKbelo: raises $0.30 to $0.45
diggerd44: folds 
richard4848: calls $0.30
*** FLOP *** [7d Ts 4d]
ThiagoKbelo: bets $0.45
richard4848: calls $0.45
*** TURN *** [7d Ts 4d] [Ah]
ThiagoKbelo: bets $1.22
richard4848: raises $2.95 to $4.17 and is all-in
ThiagoKbelo: calls $2.95
*** RIVER *** [7d Ts 4d Ah] [6s]
*** SHOW DOWN ***
ThiagoKbelo: shows [Ac Tc] (two pair, Aces and Tens)
richard4848: shows [4c Ad] (two pair, Aces and Fours)
ThiagoKbelo collected $9.77 from pot
*** SUMMARY ***
Total pot $10.19 | Rake $0.42 
Board [7d Ts 4d Ah 6s]
Seat 1: ThiagoKbelo (small blind) showed [Ac Tc] and won ($9.77) with two pair, Aces and Tens
Seat 2: diggerd44 (big blind) folded before Flop
Seat 3: JPimp2323 folded before Flop (didn't bet)
Seat 4: bauticius folded before Flop (didn't bet)
Seat 5: Dorex2007 folded before Flop (didn't bet)
Seat 6: dvdhmstar folded before Flop (didn't bet)
Seat 7: richard4848 showed [4c Ad] and lost with two pair, Aces and Fours
Seat 8: pqokker folded before Flop (didn't bet)
Seat 9: Templar85 (button) folded before Flop (didn't bet)



PokerStars Hand #238884954807:  Hold'em No Limit ($0.02/$0.05 USD) - 2022/09/26 22:16:51 PT [2022/09/27 1:16:51 ET]
Table 'Sinon' 9-max Seat #1 is the button
Seat 1: ThiagoKbelo ($10.22 in chips) 
Seat 2: diggerd44 ($3.61 in chips) 
Seat 3: JPimp2323 ($9.74 in chips) 
Seat 4: bauticius ($5.51 in chips) 
Seat 5: Dorex2007 ($5 in chips) 
Seat 6: dvdhmstar ($6.28 in chips) 
Seat 8: pqokker ($5.42 in chips) 
Seat 9: Templar85 ($5.72 in chips) 
diggerd44: posts small blind $0.02
JPimp2323: posts big blind $0.05
*** HOLE CARDS ***
Dealt to Dorex2007 [Kd 6c]
bauticius: raises $0.05 to $0.10
richard4848 leaves the table
Dorex2007: folds 
dvdhmstar: folds 
pqokker: folds 
Templar85: folds 
ThiagoKbelo: folds 
diggerd44: folds 
JPimp2323: folds 
Uncalled bet ($0.05) returned to bauticius
bauticius collected $0.12 from pot
bauticius: doesn't show hand 
*** SUMMARY ***
Total pot $0.12 | Rake $0 
Seat 1: ThiagoKbelo (button) folded before Flop (didn't bet)
Seat 2: diggerd44 (small blind) folded before Flop
Seat 3: JPimp2323 (big blind) folded before Flop
Seat 4: bauticius collected ($0.12)
Seat 5: Dorex2007 folded before Flop (didn't bet)
Seat 6: dvdhmstar folded before Flop (didn't bet)
Seat 8: pqokker folded before Flop (didn't bet)
Seat 9: Templar85 folded before Flop (didn't bet)



PokerStars Hand #238884958780:  Hold'em No Limit ($0.02/$0.05 USD) - 2022/09/26 22:17:29 PT [2022/09/27 1:17:29 ET]
Table 'Sinon' 9-max Seat #2 is the button
Seat 1: ThiagoKbelo ($10.22 in chips) 
Seat 2: diggerd44 ($3.59 in chips) 
Seat 3: JPimp2323 ($9.69 in chips) 
Seat 4: bauticius ($5.58 in chips) 
Seat 5: Dorex2007 ($5 in chips) 
Seat 6: dvdhmstar ($6.28 in chips) 
Seat 8: pqokker ($5.42 in chips) 
Seat 9: Templar85 ($5.72 in chips) 
JPimp2323: posts small blind $0.02
bauticius: posts big blind $0.05
*** HOLE CARDS ***
Dealt to Dorex2007 [Ad 6c]
Dorex2007: folds 
dvdhmstar: folds 
pqokker: folds 
Templar85: folds 
ThiagoKbelo: folds 
diggerd44: folds 
JPimp2323: calls $0.03
bauticius: checks 
*** FLOP *** [2d 4s Qs]
JPimp2323: bets $0.08
bauticius: folds 
Uncalled bet ($0.08) returned to JPimp2323
JPimp2323 collected $0.10 from pot
*** SUMMARY ***
Total pot $0.10 | Rake $0 
Board [2d 4s Qs]
Seat 1: ThiagoKbelo folded before Flop (didn't bet)
Seat 2: diggerd44 (button) folded before Flop (didn't bet)
Seat 3: JPimp2323 (small blind) collected ($0.10)
Seat 4: bauticius (big blind) folded on the Flop
Seat 5: Dorex2007 folded before Flop (didn't bet)
Seat 6: dvdhmstar folded before Flop (didn't bet)
Seat 8: pqokker folded before Flop (didn't bet)
Seat 9: Templar85 folded before Flop (didn't bet)



PokerStars Hand #238884962176:  Hold'em No Limit ($0.02/$0.05 USD) - 2022/09/26 22:18:01 PT [2022/09/27 1:18:01 ET]
Table 'Sinon' 9-max Seat #3 is the button
Seat 1: ThiagoKbelo ($10.22 in chips) 
Seat 2: diggerd44 ($3.59 in chips) 
Seat 3: JPimp2323 ($9.74 in chips) 
Seat 4: bauticius ($5.53 in chips) 
Seat 5: Dorex2007 ($5 in chips) 
Seat 6: dvdhmstar ($6.28 in chips) 
Seat 8: pqokker ($5.42 in chips) 
Seat 9: Templar85 ($5.72 in chips) 
bauticius: posts small blind $0.02
Dorex2007: posts big blind $0.05
*** HOLE CARDS ***
Dealt to Dorex2007 [2d 7s]
dvdhmstar: folds 
pqokker: folds 
Templar85: folds 
ThiagoKbelo: folds 
diggerd44: folds 
chaquawet joins the table at seat #7 
JPimp2323 has timed out
JPimp2323: folds 
bauticius: calls $0.03
Dorex2007: checks 
*** FLOP *** [2s 5h 8d]
bauticius: checks 
Dorex2007: checks 
*** TURN *** [2s 5h 8d] [5c]
bauticius: checks 
Dorex2007: bets $0.07
bauticius: calls $0.07
*** RIVER *** [2s 5h 8d 5c] [Td]
bauticius: checks 
Dorex2007: checks 
*** SHOW DOWN ***
bauticius: shows [7d 9s] (a pair of Fives)
Dorex2007: shows [2d 7s] (two pair, Fives and Deuces)
Dorex2007 collected $0.23 from pot
*** SUMMARY ***
Total pot $0.24 | Rake $0.01 
Board [2s 5h 8d 5c Td]
Seat 1: ThiagoKbelo folded before Flop (didn't bet)
Seat 2: diggerd44 folded before Flop (didn't bet)
Seat 3: JPimp2323 (button) folded before Flop (didn't bet)
Seat 4: bauticius (small blind) showed [7d 9s] and lost with a pair of Fives
Seat 5: Dorex2007 (big blind) showed [2d 7s] and won ($0.23) with two pair, Fives and Deuces
Seat 6: dvdhmstar folded before Flop (didn't bet)
Seat 8: pqokker folded before Flop (didn't bet)
Seat 9: Templar85 folded before Flop (didn't bet)



PokerStars Hand #238884969160:  Hold'em No Limit ($0.02/$0.05 USD) - 2022/09/26 22:19:08 PT [2022/09/27 1:19:08 ET]
Table 'Sinon' 9-max Seat #4 is the button
Seat 1: ThiagoKbelo ($10.22 in chips) 
Seat 2: diggerd44 ($3.59 in chips) 
Seat 3: JPimp2323 ($9.74 in chips) 
Seat 4: bauticius ($5.41 in chips) 
Seat 5: Dorex2007 ($5.11 in chips) 
Seat 6: dvdhmstar ($6.28 in chips) 
Seat 8: pqokker ($5.42 in chips) 
Seat 9: Templar85 ($5.72 in chips) 
Dorex2007: posts small blind $0.02
dvdhmstar: posts big blind $0.05
chaquawet: sits out 
*** HOLE CARDS ***
Dealt to Dorex2007 [Qs 4h]
pqokker: folds 
Templar85: raises $0.10 to $0.15
ThiagoKbelo: raises $0.30 to $0.45
diggerd44: folds 
JPimp2323: folds 
bauticius: folds 
Dorex2007: folds 
dvdhmstar: calls $0.40
Templar85: folds 
*** FLOP *** [8c 3h 7s]
dvdhmstar: checks 
ThiagoKbelo: bets $0.40
dvdhmstar: folds 
Uncalled bet ($0.40) returned to ThiagoKbelo
ThiagoKbelo collected $1.03 from pot
ThiagoKbelo: doesn't show hand 
*** SUMMARY ***
Total pot $1.07 | Rake $0.04 
Board [8c 3h 7s]
Seat 1: ThiagoKbelo collected ($1.03)
Seat 2: diggerd44 folded before Flop (didn't bet)
Seat 3: JPimp2323 folded before Flop (didn't bet)
Seat 4: bauticius (button) folded before Flop (didn't bet)
Seat 5: Dorex2007 (small blind) folded before Flop
Seat 6: dvdhmstar (big blind) folded on the Flop
Seat 8: pqokker folded before Flop (didn't bet)
Seat 9: Templar85 folded before Flop



PokerStars Hand #238884973378:  Hold'em No Limit ($0.02/$0.05 USD) - 2022/09/26 22:19:48 PT [2022/09/27 1:19:48 ET]
Table 'Sinon' 9-max Seat #5 is the button
Seat 1: ThiagoKbelo ($10.80 in chips) 
Seat 2: diggerd44 ($3.59 in chips) 
Seat 3: JPimp2323 ($9.74 in chips) 
Seat 4: bauticius ($5.41 in chips) 
Seat 5: Dorex2007 ($5.09 in chips) 
Seat 6: dvdhmstar ($5.83 in chips) 
Seat 7: chaquawet ($4.04 in chips) 
Seat 8: pqokker ($5.42 in chips) 
Seat 9: Templar85 ($5.57 in chips) 
dvdhmstar: posts small blind $0.02
chaquawet: posts big blind $0.05
*** HOLE CARDS ***
Dealt to Dorex2007 [6h 3s]
pqokker: folds 
Templar85: folds 
ThiagoKbelo: folds 
diggerd44: folds 
JPimp2323: folds 
bauticius: folds 
Dorex2007: folds 
dvdhmstar: folds 
Uncalled bet ($0.03) returned to chaquawet
chaquawet collected $0.04 from pot
*** SUMMARY ***
Total pot $0.04 | Rake $0 
Seat 1: ThiagoKbelo folded before Flop (didn't bet)
Seat 2: diggerd44 folded before Flop (didn't bet)
Seat 3: JPimp2323 folded before Flop (didn't bet)
Seat 4: bauticius folded before Flop (didn't bet)
Seat 5: Dorex2007 (button) folded before Flop (didn't bet)
Seat 6: dvdhmstar (small blind) folded before Flop
Seat 7: chaquawet (big blind) collected ($0.04)
Seat 8: pqokker folded before Flop (didn't bet)
Seat 9: Templar85 folded before Flop (didn't bet)



PokerStars Hand #238884976651:  Hold'em No Limit ($0.02/$0.05 USD) - 2022/09/26 22:20:20 PT [2022/09/27 1:20:20 ET]
Table 'Sinon' 9-max Seat #6 is the button
Seat 1: ThiagoKbelo ($10.80 in chips) 
Seat 2: diggerd44 ($3.59 in chips) 
Seat 3: JPimp2323 ($9.74 in chips) 
Seat 4: bauticius ($5.41 in chips) 
Seat 5: Dorex2007 ($5.09 in chips) 
Seat 6: dvdhmstar ($5.81 in chips) 
Seat 7: chaquawet ($4.06 in chips) 
Seat 8: pqokker ($5.42 in chips) 
Seat 9: Templar85 ($5.57 in chips) 
chaquawet: posts small blind $0.02
pqokker: posts big blind $0.05
*** HOLE CARDS ***
Dealt to Dorex2007 [5c Th]
Templar85: folds 
ThiagoKbelo: folds 
diggerd44: folds 
JPimp2323: folds 
bauticius: folds 
Dorex2007: folds 
dvdhmstar: folds 
chaquawet: folds 
Uncalled bet ($0.03) returned to pqokker
pqokker collected $0.04 from pot
pqokker: doesn't show hand 
*** SUMMARY ***
Total pot $0.04 | Rake $0 
Seat 1: ThiagoKbelo folded before Flop (didn't bet)
Seat 2: diggerd44 folded before Flop (didn't bet)
Seat 3: JPimp2323 folded before Flop (didn't bet)
Seat 4: bauticius folded before Flop (didn't bet)
Seat 5: Dorex2007 folded before Flop (didn't bet)
Seat 6: dvdhmstar (button) folded before Flop (didn't bet)
Seat 7: chaquawet (small blind) folded before Flop
Seat 8: pqokker (big blind) collected ($0.04)
Seat 9: Templar85 folded before Flop (didn't bet)



PokerStars Hand #238884979359:  Hold'em No Limit ($0.02/$0.05 USD) - 2022/09/26 22:20:46 PT [2022/09/27 1:20:46 ET]
Table 'Sinon' 9-max Seat #7 is the button
Seat 1: ThiagoKbelo ($10.80 in chips) 
Seat 2: diggerd44 ($3.59 in chips) 
Seat 3: JPimp2323 ($9.74 in chips) 
Seat 4: bauticius ($5.41 in chips) 
Seat 5: Dorex2007 ($5.09 in chips) 
Seat 6: dvdhmstar ($5.81 in chips) 
Seat 7: chaquawet ($4.04 in chips) 
Seat 8: pqokker ($5.44 in chips) 
pqokker: posts small blind $0.02
Templar85: is sitting out 
ThiagoKbelo: posts big blind $0.05
*** HOLE CARDS ***
Dealt to Dorex2007 [5d 9d]
diggerd44: calls $0.05
JPimp2323: folds 
bauticius: folds 
Dorex2007: folds 
dvdhmstar: raises $0.45 to $0.50
chaquawet: folds 
pqokker: folds 
ThiagoKbelo: folds 
Templar85 leaves the table
diggerd44: folds 
Uncalled bet ($0.45) returned to dvdhmstar
dvdhmstar collected $0.17 from pot
*** SUMMARY ***
Total pot $0.17 | Rake $0 
Seat 1: ThiagoKbelo (big blind) folded before Flop
Seat 2: diggerd44 folded before Flop
Seat 3: JPimp2323 folded before Flop (didn't bet)
Seat 4: bauticius folded before Flop (didn't bet)
Seat 5: Dorex2007 folded before Flop (didn't bet)
Seat 6: dvdhmstar collected ($0.17)
Seat 7: chaquawet (button) folded before Flop (didn't bet)
Seat 8: pqokker (small blind) folded before Flop



PokerStars Hand #238884983557:  Hold'em No Limit ($0.02/$0.05 USD) - 2022/09/26 22:21:26 PT [2022/09/27 1:21:26 ET]
Table 'Sinon' 9-max Seat #8 is the button
Seat 1: ThiagoKbelo ($10.75 in chips) 
Seat 2: diggerd44 ($3.54 in chips) 
Seat 3: JPimp2323 ($9.74 in chips) 
Seat 4: bauticius ($5.41 in chips) 
Seat 5: Dorex2007 ($5.09 in chips) 
Seat 6: dvdhmstar ($5.93 in chips) 
Seat 7: chaquawet ($4.04 in chips) 
Seat 8: pqokker ($5.42 in chips) 
ThiagoKbelo: posts small blind $0.02
diggerd44: posts big blind $0.05
*** HOLE CARDS ***
Dealt to Dorex2007 [4h 4d]
JPimp2323: folds 
bauticius: calls $0.05
Dorex2007: calls $0.05
dvdhmstar: folds 
chaquawet: folds 
pqokker: folds 
ThiagoKbelo: folds 
diggerd44: checks 
*** FLOP *** [Ks Td 7d]
diggerd44: checks 
bauticius: bets $0.05
Dorex2007: folds 
diggerd44: calls $0.05
*** TURN *** [Ks Td 7d] [Ah]
diggerd44: checks 
bauticius: bets $0.20
diggerd44: folds 
Uncalled bet ($0.20) returned to bauticius
bauticius collected $0.26 from pot
bauticius: doesn't show hand 
*** SUMMARY ***
Total pot $0.27 | Rake $0.01 
Board [Ks Td 7d Ah]
Seat 1: ThiagoKbelo (small blind) folded before Flop
Seat 2: diggerd44 (big blind) folded on the Turn
Seat 3: JPimp2323 folded before Flop (didn't bet)
Seat 4: bauticius collected ($0.26)
Seat 5: Dorex2007 folded on the Flop
Seat 6: dvdhmstar folded before Flop (didn't bet)
Seat 7: chaquawet folded before Flop (didn't bet)
Seat 8: pqokker (button) folded before Flop (didn't bet)



PokerStars Hand #238884988016:  Hold'em No Limit ($0.02/$0.05 USD) - 2022/09/26 22:22:08 PT [2022/09/27 1:22:08 ET]
Table 'Sinon' 9-max Seat #1 is the button
Seat 1: ThiagoKbelo ($10.73 in chips) 
Seat 2: diggerd44 ($3.44 in chips) 
Seat 3: JPimp2323 ($9.74 in chips) 
Seat 4: bauticius ($5.57 in chips) 
Seat 5: Dorex2007 ($5.04 in chips) 
Seat 6: dvdhmstar ($5.93 in chips) 
Seat 7: chaquawet ($4.04 in chips) 
Seat 8: pqokker ($5.42 in chips) 
diggerd44: posts small blind $0.02
JPimp2323: posts big blind $0.05
*** HOLE CARDS ***
Dealt to Dorex2007 [Ac Ts]
bauticius: raises $0.10 to $0.15
Dorex2007: calls $0.15
dvdhmstar: folds 
chaquawet: folds 
pqokker: calls $0.15
ThiagoKbelo: folds 
diggerd44: folds 
JPimp2323: folds 
*** FLOP *** [8d 9c 3s]
bauticius: checks 
Templar85 joins the table at seat #9 
Dorex2007: checks 
pqokker: bets $0.25
bauticius: folds 
Dorex2007: folds 
Uncalled bet ($0.25) returned to pqokker
pqokker collected $0.50 from pot
pqokker: doesn't show hand 
*** SUMMARY ***
Total pot $0.52 | Rake $0.02 
Board [8d 9c 3s]
Seat 1: ThiagoKbelo (button) folded before Flop (didn't bet)
Seat 2: diggerd44 (small blind) folded before Flop
Seat 3: JPimp2323 (big blind) folded before Flop
Seat 4: bauticius folded on the Flop
Seat 5: Dorex2007 folded on the Flop
Seat 6: dvdhmstar folded before Flop (didn't bet)
Seat 7: chaquawet folded before Flop (didn't bet)
Seat 8: pqokker collected ($0.50)



PokerStars Hand #238884994265:  Hold'em No Limit ($0.02/$0.05 USD) - 2022/09/26 22:23:08 PT [2022/09/27 1:23:08 ET]
Table 'Sinon' 9-max Seat #2 is the button
Seat 1: ThiagoKbelo ($10.73 in chips) 
Seat 2: diggerd44 ($3.42 in chips) 
Seat 3: JPimp2323 ($9.69 in chips) 
Seat 4: bauticius ($5.42 in chips) 
Seat 5: Dorex2007 ($5 in chips) 
Seat 6: dvdhmstar ($5.93 in chips) 
Seat 7: chaquawet ($4.04 in chips) 
Seat 8: pqokker ($5.77 in chips) 
JPimp2323: posts small blind $0.02
bauticius: posts big blind $0.05
Templar85: sits out 
*** HOLE CARDS ***
Dealt to Dorex2007 [9s 4c]
Dorex2007: folds 
dvdhmstar: folds 
chaquawet: folds 
pqokker: folds 
ThiagoKbelo: raises $0.07 to $0.12
diggerd44: raises $0.33 to $0.45
JPimp2323: folds 
bauticius: folds 
ThiagoKbelo: folds 
Uncalled bet ($0.33) returned to diggerd44
diggerd44 collected $0.31 from pot
diggerd44: doesn't show hand 
*** SUMMARY ***
Total pot $0.31 | Rake $0 
Seat 1: ThiagoKbelo folded before Flop
Seat 2: diggerd44 (button) collected ($0.31)
Seat 3: JPimp2323 (small blind) folded before Flop
Seat 4: bauticius (big blind) folded before Flop
Seat 5: Dorex2007 folded before Flop (didn't bet)
Seat 6: dvdhmstar folded before Flop (didn't bet)
Seat 7: chaquawet folded before Flop (didn't bet)
Seat 8: pqokker folded before Flop (didn't bet)



PokerStars Hand #238884996999:  Hold'em No Limit ($0.02/$0.05 USD) - 2022/09/26 22:23:33 PT [2022/09/27 1:23:33 ET]
Table 'Sinon' 9-max Seat #3 is the button
Seat 1: ThiagoKbelo ($10.61 in chips) 
Seat 2: diggerd44 ($3.61 in chips) 
Seat 3: JPimp2323 ($9.67 in chips) 
Seat 4: bauticius ($5.37 in chips) 
Seat 5: Dorex2007 ($5 in chips) 
Seat 6: dvdhmstar ($5.93 in chips) 
Seat 7: chaquawet ($4.04 in chips) 
Seat 8: pqokker ($5.77 in chips) 
bauticius: posts small blind $0.02
Dorex2007: posts big blind $0.05
Templar85: sits out 
*** HOLE CARDS ***
Dealt to Dorex2007 [Qs 7h]
dvdhmstar: folds 
chaquawet: folds 
pqokker: raises $0.10 to $0.15
ThiagoKbelo: folds 
diggerd44: folds 
JPimp2323: folds 
bauticius: calls $0.13
Dorex2007: folds 
*** FLOP *** [9h Qc 4h]
bauticius: checks 
pqokker: bets $0.17
bauticius: calls $0.17
*** TURN *** [9h Qc 4h] [6d]
bauticius: checks 
pqokker: bets $0.44
bauticius: calls $0.44
*** RIVER *** [9h Qc 4h 6d] [8h]
bauticius: checks 
pqokker: bets $0.75
bauticius: calls $0.75
*** SHOW DOWN ***
pqokker: shows [9s 9c] (three of a kind, Nines)
bauticius: mucks hand 
pqokker collected $2.94 from pot
*** SUMMARY ***
Total pot $3.07 | Rake $0.13 
Board [9h Qc 4h 6d 8h]
Seat 1: ThiagoKbelo folded before Flop (didn't bet)
Seat 2: diggerd44 folded before Flop (didn't bet)
Seat 3: JPimp2323 (button) folded before Flop (didn't bet)
Seat 4: bauticius (small blind) mucked [Ks Qd]
Seat 5: Dorex2007 (big blind) folded before Flop
Seat 6: dvdhmstar folded before Flop (didn't bet)
Seat 7: chaquawet folded before Flop (didn't bet)
Seat 8: pqokker showed [9s 9c] and won ($2.94) with three of a kind, Nines



PokerStars Hand #238885002647:  Hold'em No Limit ($0.02/$0.05 USD) - 2022/09/26 22:24:26 PT [2022/09/27 1:24:26 ET]
Table 'Sinon' 9-max Seat #4 is the button
Seat 1: ThiagoKbelo ($10.61 in chips) 
Seat 2: diggerd44 ($3.61 in chips) 
Seat 3: JPimp2323 ($9.67 in chips) 
Seat 4: bauticius ($3.86 in chips) 
Seat 5: Dorex2007 ($5 in chips) 
Seat 6: dvdhmstar ($5.93 in chips) 
Seat 7: chaquawet ($4.04 in chips) 
Seat 8: pqokker ($7.20 in chips) 
Dorex2007: posts small blind $0.02
dvdhmstar: posts big blind $0.05
Templar85: sits out 
*** HOLE CARDS ***
Dealt to Dorex2007 [Ac 2s]
chaquawet: folds 
pqokker: folds 
ThiagoKbelo: folds 
diggerd44: folds 
JPimp2323: raises $0.10 to $0.15
bauticius: folds 
Dorex2007: folds 
dvdhmstar: calls $0.10
*** FLOP *** [Jc 7s 4d]
dvdhmstar: checks 
JPimp2323: bets $0.35
dvdhmstar: folds 
Uncalled bet ($0.35) returned to JPimp2323
JPimp2323 collected $0.31 from pot
*** SUMMARY ***
Total pot $0.32 | Rake $0.01 
Board [Jc 7s 4d]
Seat 1: ThiagoKbelo folded before Flop (didn't bet)
Seat 2: diggerd44 folded before Flop (didn't bet)
Seat 3: JPimp2323 collected ($0.31)
Seat 4: bauticius (button) folded before Flop (didn't bet)
Seat 5: Dorex2007 (small blind) folded before Flop
Seat 6: dvdhmstar (big blind) folded on the Flop
Seat 7: chaquawet folded before Flop (didn't bet)
Seat 8: pqokker folded before Flop (didn't bet)



PokerStars Hand #238885007527:  Hold'em No Limit ($0.02/$0.05 USD) - 2022/09/26 22:25:12 PT [2022/09/27 1:25:12 ET]
Table 'Sinon' 9-max Seat #5 is the button
Seat 1: ThiagoKbelo ($10.61 in chips) 
Seat 2: diggerd44 ($3.61 in chips) 
Seat 3: JPimp2323 ($9.83 in chips) 
Seat 4: bauticius ($3.86 in chips) 
Seat 5: Dorex2007 ($5 in chips) 
Seat 6: dvdhmstar ($5.78 in chips) 
Seat 7: chaquawet ($4.04 in chips) 
Seat 8: pqokker ($7.20 in chips) 
dvdhmstar: posts small blind $0.02
chaquawet: posts big blind $0.05
Templar85: sits out 
*** HOLE CARDS ***
Dealt to Dorex2007 [6h 3d]
pqokker: folds 
ThiagoKbelo: raises $0.10 to $0.15
diggerd44: calls $0.15
JPimp2323: folds 
bauticius: folds 
Dorex2007: folds 
dvdhmstar: folds 
chaquawet: calls $0.10
*** FLOP *** [7c 3h 2h]
chaquawet: checks 
ThiagoKbelo: checks 
diggerd44: checks 
*** TURN *** [7c 3h 2h] [Qc]
chaquawet: checks 
ThiagoKbelo: bets $0.25
diggerd44: calls $0.25
chaquawet: folds 
*** RIVER *** [7c 3h 2h Qc] [5d]
ThiagoKbelo: bets $0.69
diggerd44: calls $0.69
*** SHOW DOWN ***
ThiagoKbelo: shows [Ts 8s] (high card Queen)
diggerd44: shows [Kc Qs] (a pair of Queens)
diggerd44 collected $2.25 from pot
*** SUMMARY ***
Total pot $2.35 | Rake $0.10 
Board [7c 3h 2h Qc 5d]
Seat 1: ThiagoKbelo showed [Ts 8s] and lost with high card Queen
Seat 2: diggerd44 showed [Kc Qs] and won ($2.25) with a pair of Queens
Seat 3: JPimp2323 folded before Flop (didn't bet)
Seat 4: bauticius folded before Flop (didn't bet)
Seat 5: Dorex2007 (button) folded before Flop (didn't bet)
Seat 6: dvdhmstar (small blind) folded before Flop
Seat 7: chaquawet (big blind) folded on the Turn
Seat 8: pqokker folded before Flop (didn't bet)



PokerStars Hand #238885013755:  Hold'em No Limit ($0.02/$0.05 USD) - 2022/09/26 22:26:12 PT [2022/09/27 1:26:12 ET]
Table 'Sinon' 9-max Seat #6 is the button
Seat 1: ThiagoKbelo ($9.52 in chips) 
Seat 2: diggerd44 ($4.77 in chips) 
Seat 3: JPimp2323 ($9.83 in chips) 
Seat 4: bauticius ($5 in chips) 
Seat 5: Dorex2007 ($5 in chips) 
Seat 6: dvdhmstar ($5.76 in chips) 
Seat 7: chaquawet ($3.89 in chips) 
Seat 8: pqokker ($7.20 in chips) 
chaquawet: posts small blind $0.02
pqokker: posts big blind $0.05
Templar85: sits out 
*** HOLE CARDS ***
Dealt to Dorex2007 [Tc 6s]
ThiagoKbelo: folds 
diggerd44: folds 
JPimp2323: folds 
bauticius: folds 
Dorex2007: folds 
dvdhmstar: folds 
chaquawet: raises $0.10 to $0.15
pqokker: calls $0.10
*** FLOP *** [As Jd 5c]
chaquawet: bets $0.19
pqokker: calls $0.19
*** TURN *** [As Jd 5c] [Ts]
chaquawet: bets $0.20
pqokker: calls $0.20
*** RIVER *** [As Jd 5c Ts] [9s]
chaquawet: bets $0.30
pqokker: calls $0.30
*** SHOW DOWN ***
chaquawet: shows [Kh Js] (a pair of Jacks)
pqokker: shows [7s Ac] (a pair of Aces)
pqokker collected $1.61 from pot
*** SUMMARY ***
Total pot $1.68 | Rake $0.07 
Board [As Jd 5c Ts 9s]
Seat 1: ThiagoKbelo folded before Flop (didn't bet)
Seat 2: diggerd44 folded before Flop (didn't bet)
Seat 3: JPimp2323 folded before Flop (didn't bet)
Seat 4: bauticius folded before Flop (didn't bet)
Seat 5: Dorex2007 folded before Flop (didn't bet)
Seat 6: dvdhmstar (button) folded before Flop (didn't bet)
Seat 7: chaquawet (small blind) showed [Kh Js] and lost with a pair of Jacks
Seat 8: pqokker (big blind) showed [7s Ac] and won ($1.61) with a pair of Aces



PokerStars Hand #238885023282:  Hold'em No Limit ($0.02/$0.05 USD) - 2022/09/26 22:27:44 PT [2022/09/27 1:27:44 ET]
Table 'Sinon' 9-max Seat #7 is the button
Seat 1: ThiagoKbelo ($9.52 in chips) 
Seat 2: diggerd44 ($4.77 in chips) 
Seat 3: JPimp2323 ($9.83 in chips) 
Seat 4: bauticius ($5 in chips) 
Seat 5: Dorex2007 ($5 in chips) 
Seat 6: dvdhmstar ($5.76 in chips) 
Seat 7: chaquawet ($3.05 in chips) 
Seat 8: pqokker ($7.97 in chips) 
Seat 9: Templar85 ($5.57 in chips) 
pqokker: posts small blind $0.02
Templar85: posts big blind $0.05
*** HOLE CARDS ***
Dealt to Dorex2007 [Td Qd]
ThiagoKbelo: folds 
diggerd44: folds 
JPimp2323: calls $0.05
bauticius: folds 
Dorex2007: calls $0.05
dvdhmstar: folds 
chaquawet: folds 
pqokker: folds 
Templar85: checks 
*** FLOP *** [3s 8c Ac]
Templar85: checks 
JPimp2323: bets $0.13
Dorex2007: folds 
Templar85: folds 
Uncalled bet ($0.13) returned to JPimp2323
JPimp2323 collected $0.16 from pot
*** SUMMARY ***
Total pot $0.17 | Rake $0.01 
Board [3s 8c Ac]
Seat 1: ThiagoKbelo folded before Flop (didn't bet)
Seat 2: diggerd44 folded before Flop (didn't bet)
Seat 3: JPimp2323 collected ($0.16)
Seat 4: bauticius folded before Flop (didn't bet)
Seat 5: Dorex2007 folded on the Flop
Seat 6: dvdhmstar folded before Flop (didn't bet)
Seat 7: chaquawet (button) folded before Flop (didn't bet)
Seat 8: pqokker (small blind) folded before Flop
Seat 9: Templar85 (big blind) folded on the Flop



PokerStars Hand #238885027963:  Hold'em No Limit ($0.02/$0.05 USD) - 2022/09/26 22:28:29 PT [2022/09/27 1:28:29 ET]
Table 'Sinon' 9-max Seat #8 is the button
Seat 1: ThiagoKbelo ($9.52 in chips) 
Seat 2: diggerd44 ($4.77 in chips) 
Seat 3: JPimp2323 ($9.94 in chips) 
Seat 4: bauticius ($5 in chips) 
Seat 5: Dorex2007 ($5 in chips) 
Seat 6: dvdhmstar ($5.76 in chips) 
Seat 7: chaquawet ($3.05 in chips) 
Seat 8: pqokker ($7.95 in chips) 
Seat 9: Templar85 ($5.52 in chips) 
Templar85: posts small blind $0.02
ThiagoKbelo: posts big blind $0.05
*** HOLE CARDS ***
Dealt to Dorex2007 [As 5c]
diggerd44: folds 
JPimp2323: folds 
bauticius: folds 
Dorex2007: folds 
dvdhmstar: folds 
chaquawet: folds 
pqokker: folds 
Templar85: raises $0.10 to $0.15
ThiagoKbelo: calls $0.10
*** FLOP *** [6c Jd 4s]
Templar85: bets $0.19
ThiagoKbelo: calls $0.19
*** TURN *** [6c Jd 4s] [7c]
Templar85: bets $0.32
ThiagoKbelo: calls $0.32
*** RIVER *** [6c Jd 4s 7c] [6s]
Templar85: bets $0.63
ThiagoKbelo: raises $8.23 to $8.86 and is all-in
Templar85: folds 
Uncalled bet ($8.23) returned to ThiagoKbelo
ThiagoKbelo collected $2.47 from pot
ThiagoKbelo: doesn't show hand 
*** SUMMARY ***
Total pot $2.58 | Rake $0.11 
Board [6c Jd 4s 7c 6s]
Seat 1: ThiagoKbelo (big blind) collected ($2.47)
Seat 2: diggerd44 folded before Flop (didn't bet)
Seat 3: JPimp2323 folded before Flop (didn't bet)
Seat 4: bauticius folded before Flop (didn't bet)
Seat 5: Dorex2007 folded before Flop (didn't bet)
Seat 6: dvdhmstar folded before Flop (didn't bet)
Seat 7: chaquawet folded before Flop (didn't bet)
Seat 8: pqokker (button) folded before Flop (didn't bet)
Seat 9: Templar85 (small blind) folded on the River



PokerStars Hand #238885037107:  Hold'em No Limit ($0.02/$0.05 USD) - 2022/09/26 22:29:57 PT [2022/09/27 1:29:57 ET]
Table 'Sinon' 9-max Seat #9 is the button
Seat 1: ThiagoKbelo ($10.70 in chips) 
Seat 2: diggerd44 ($4.77 in chips) 
Seat 3: JPimp2323 ($9.94 in chips) 
Seat 4: bauticius ($5 in chips) 
Seat 5: Dorex2007 ($5 in chips) 
Seat 6: dvdhmstar ($5.76 in chips) 
Seat 7: chaquawet ($3.05 in chips) 
Seat 8: pqokker ($7.95 in chips) 
Seat 9: Templar85 ($5 in chips) 
ThiagoKbelo: posts small blind $0.02
diggerd44: posts big blind $0.05
*** HOLE CARDS ***
Dealt to Dorex2007 [5h 3h]
JPimp2323: folds 
bauticius: folds 
Dorex2007: folds 
dvdhmstar: folds 
chaquawet: folds 
pqokker: raises $0.10 to $0.15
Templar85: folds 
ThiagoKbelo: folds 
diggerd44: folds 
Uncalled bet ($0.10) returned to pqokker
pqokker collected $0.12 from pot
pqokker: doesn't show hand 
*** SUMMARY ***
Total pot $0.12 | Rake $0 
Seat 1: ThiagoKbelo (small blind) folded before Flop
Seat 2: diggerd44 (big blind) folded before Flop
Seat 3: JPimp2323 folded before Flop (didn't bet)
Seat 4: bauticius folded before Flop (didn't bet)
Seat 5: Dorex2007 folded before Flop (didn't bet)
Seat 6: dvdhmstar folded before Flop (didn't bet)
Seat 7: chaquawet folded before Flop (didn't bet)
Seat 8: pqokker collected ($0.12)
Seat 9: Templar85 (button) folded before Flop (didn't bet)



PokerStars Hand #238885039773:  Hold'em No Limit ($0.02/$0.05 USD) - 2022/09/26 22:30:23 PT [2022/09/27 1:30:23 ET]
Table 'Sinon' 9-max Seat #1 is the button
Seat 1: ThiagoKbelo ($10.68 in chips) 
Seat 2: diggerd44 ($4.72 in chips) 
Seat 3: JPimp2323 ($9.94 in chips) 
Seat 4: bauticius ($5 in chips) 
Seat 5: Dorex2007 ($5 in chips) 
Seat 6: dvdhmstar ($5.76 in chips) 
Seat 7: chaquawet ($3.05 in chips) 
Seat 8: pqokker ($8.02 in chips) 
Seat 9: Templar85 ($5 in chips) 
diggerd44: posts small blind $0.02
JPimp2323: posts big blind $0.05
*** HOLE CARDS ***
Dealt to Dorex2007 [4s Kd]
bauticius: raises $0.10 to $0.15
Dorex2007: folds 
dvdhmstar: folds 
chaquawet: folds 
pqokker: folds 
Templar85: folds 
ThiagoKbelo: folds 
diggerd44: folds 
JPimp2323: folds 
Uncalled bet ($0.10) returned to bauticius
bauticius collected $0.12 from pot
bauticius: doesn't show hand 
*** SUMMARY ***
Total pot $0.12 | Rake $0 
Seat 1: ThiagoKbelo (button) folded before Flop (didn't bet)
Seat 2: diggerd44 (small blind) folded before Flop
Seat 3: JPimp2323 (big blind) folded before Flop
Seat 4: bauticius collected ($0.12)
Seat 5: Dorex2007 folded before Flop (didn't bet)
Seat 6: dvdhmstar folded before Flop (didn't bet)
Seat 7: chaquawet folded before Flop (didn't bet)
Seat 8: pqokker folded before Flop (didn't bet)
Seat 9: Templar85 folded before Flop (didn't bet)



PokerStars Hand #238885043441:  Hold'em No Limit ($0.02/$0.05 USD) - 2022/09/26 22:30:59 PT [2022/09/27 1:30:59 ET]
Table 'Sinon' 9-max Seat #2 is the button
Seat 1: ThiagoKbelo ($10.68 in chips) 
Seat 2: diggerd44 ($4.70 in chips) 
Seat 3: JPimp2323 ($9.89 in chips) 
Seat 4: bauticius ($5.07 in chips) 
Seat 5: Dorex2007 ($5 in chips) 
Seat 6: dvdhmstar ($5.76 in chips) 
Seat 7: chaquawet ($3.05 in chips) 
Seat 8: pqokker ($8.02 in chips) 
Seat 9: Templar85 ($5 in chips) 
JPimp2323: posts small blind $0.02
bauticius: posts big blind $0.05
*** HOLE CARDS ***
Dealt to Dorex2007 [Kc 6c]
Dorex2007: folds 
dvdhmstar: folds 
chaquawet: folds 
pqokker: folds 
Templar85: folds 
ThiagoKbelo: folds 
diggerd44: folds 
JPimp2323: calls $0.03
bauticius: checks 
*** FLOP *** [Jh Qc 6d]
JPimp2323: checks 
bauticius: bets $0.10
JPimp2323: folds 
Uncalled bet ($0.10) returned to bauticius
bauticius collected $0.10 from pot
bauticius: doesn't show hand 
*** SUMMARY ***
Total pot $0.10 | Rake $0 
Board [Jh Qc 6d]
Seat 1: ThiagoKbelo folded before Flop (didn't bet)
Seat 2: diggerd44 (button) folded before Flop (didn't bet)
Seat 3: JPimp2323 (small blind) folded on the Flop
Seat 4: bauticius (big blind) collected ($0.10)
Seat 5: Dorex2007 folded before Flop (didn't bet)
Seat 6: dvdhmstar folded before Flop (didn't bet)
Seat 7: chaquawet folded before Flop (didn't bet)
Seat 8: pqokker folded before Flop (didn't bet)
Seat 9: Templar85 folded before Flop (didn't bet)



PokerStars Hand #238885047381:  Hold'em No Limit ($0.02/$0.05 USD) - 2022/09/26 22:31:38 PT [2022/09/27 1:31:38 ET]
Table 'Sinon' 9-max Seat #3 is the button
Seat 1: ThiagoKbelo ($10.68 in chips) 
Seat 2: diggerd44 ($4.70 in chips) 
Seat 3: JPimp2323 ($9.84 in chips) 
Seat 4: bauticius ($5.12 in chips) 
Seat 5: Dorex2007 ($5 in chips) 
Seat 6: dvdhmstar ($5.76 in chips) 
Seat 7: chaquawet ($3.05 in chips) 
Seat 8: pqokker ($8.02 in chips) 
Seat 9: Templar85 ($5 in chips) 
bauticius: posts small blind $0.02
Dorex2007: posts big blind $0.05
*** HOLE CARDS ***
Dealt to Dorex2007 [2c Ac]
dvdhmstar: folds 
chaquawet: folds 
pqokker: folds 
Templar85: folds 
ThiagoKbelo: folds 
diggerd44: calls $0.05
JPimp2323: folds 
bauticius: calls $0.03
Dorex2007: checks 
*** FLOP *** [3d As 4h]
bauticius: checks 
Dorex2007: bets $0.09
diggerd44: folds 
bauticius: folds 
Uncalled bet ($0.09) returned to Dorex2007
Dorex2007 collected $0.14 from pot
Dorex2007: doesn't show hand 
*** SUMMARY ***
Total pot $0.15 | Rake $0.01 
Board [3d As 4h]
Seat 1: ThiagoKbelo folded before Flop (didn't bet)
Seat 2: diggerd44 folded on the Flop
Seat 3: JPimp2323 (button) folded before Flop (didn't bet)
Seat 4: bauticius (small blind) folded on the Flop
Seat 5: Dorex2007 (big blind) collected ($0.14)
Seat 6: dvdhmstar folded before Flop (didn't bet)
Seat 7: chaquawet folded before Flop (didn't bet)
Seat 8: pqokker folded before Flop (didn't bet)
Seat 9: Templar85 folded before Flop (didn't bet)



PokerStars Hand #238885051828:  Hold'em No Limit ($0.02/$0.05 USD) - 2022/09/26 22:32:21 PT [2022/09/27 1:32:21 ET]
Table 'Sinon' 9-max Seat #4 is the button
Seat 1: ThiagoKbelo ($10.68 in chips) 
Seat 2: diggerd44 ($4.65 in chips) 
Seat 3: JPimp2323 ($9.84 in chips) 
Seat 4: bauticius ($5.07 in chips) 
Seat 5: Dorex2007 ($5.09 in chips) 
Seat 6: dvdhmstar ($5.76 in chips) 
Seat 7: chaquawet ($3.05 in chips) 
Seat 8: pqokker ($8.02 in chips) 
Seat 9: Templar85 ($5 in chips) 
Dorex2007: posts small blind $0.02
dvdhmstar: posts big blind $0.05
*** HOLE CARDS ***
Dealt to Dorex2007 [Td 9d]
chaquawet: folds 
pqokker: folds 
Templar85: folds 
ThiagoKbelo: folds 
diggerd44: folds 
JPimp2323: folds 
bauticius has timed out
bauticius: folds 
Dorex2007: folds 
Uncalled bet ($0.03) returned to dvdhmstar
dvdhmstar collected $0.04 from pot
*** SUMMARY ***
Total pot $0.04 | Rake $0 
Seat 1: ThiagoKbelo folded before Flop (didn't bet)
Seat 2: diggerd44 folded before Flop (didn't bet)
Seat 3: JPimp2323 folded before Flop (didn't bet)
Seat 4: bauticius (button) folded before Flop (didn't bet)
Seat 5: Dorex2007 (small blind) folded before Flop
Seat 6: dvdhmstar (big blind) collected ($0.04)
Seat 7: chaquawet folded before Flop (didn't bet)
Seat 8: pqokker folded before Flop (didn't bet)
Seat 9: Templar85 folded before Flop (didn't bet)



PokerStars Hand #238885054477:  Hold'em No Limit ($0.02/$0.05 USD) - 2022/09/26 22:32:47 PT [2022/09/27 1:32:47 ET]
Table 'Sinon' 9-max Seat #5 is the button
Seat 1: ThiagoKbelo ($10.68 in chips) 
Seat 2: diggerd44 ($4.65 in chips) 
Seat 3: JPimp2323 ($9.84 in chips) 
Seat 5: Dorex2007 ($5.07 in chips) 
Seat 6: dvdhmstar ($5.78 in chips) 
Seat 7: chaquawet ($3.05 in chips) 
Seat 8: pqokker ($8.02 in chips) 
Seat 9: Templar85 ($5 in chips) 
dvdhmstar: posts small blind $0.02
chaquawet: posts big blind $0.05
*** HOLE CARDS ***
Dealt to Dorex2007 [Qs Th]
pqokker: folds 
Templar85: raises $0.10 to $0.15
ThiagoKbelo: folds 
diggerd44: calls $0.15
JPimp2323: folds 
Dorex2007: folds 
dvdhmstar: folds 
chaquawet: folds 
*** FLOP *** [3c 3d 9s]
Templar85: checks 
diggerd44: checks 
*** TURN *** [3c 3d 9s] [2c]
Templar85: bets $0.17
diggerd44: calls $0.17
*** RIVER *** [3c 3d 9s 2c] [Qd]
Templar85: checks 
diggerd44: checks 
*** SHOW DOWN ***
Templar85: shows [6h 6s] (two pair, Sixes and Threes)
diggerd44: shows [9h Ac] (two pair, Nines and Threes)
diggerd44 collected $0.68 from pot
*** SUMMARY ***
Total pot $0.71 | Rake $0.03 
Board [3c 3d 9s 2c Qd]
Seat 1: ThiagoKbelo folded before Flop (didn't bet)
Seat 2: diggerd44 showed [9h Ac] and won ($0.68) with two pair, Nines and Threes
Seat 3: JPimp2323 folded before Flop (didn't bet)
Seat 5: Dorex2007 (button) folded before Flop (didn't bet)
Seat 6: dvdhmstar (small blind) folded before Flop
Seat 7: chaquawet (big blind) folded before Flop
Seat 8: pqokker folded before Flop (didn't bet)
Seat 9: Templar85 showed [6h 6s] and lost with two pair, Sixes and Threes



PokerStars Hand #238885060338:  Hold'em No Limit ($0.02/$0.05 USD) - 2022/09/26 22:33:45 PT [2022/09/27 1:33:45 ET]
Table 'Sinon' 9-max Seat #6 is the button
Seat 1: ThiagoKbelo ($10.68 in chips) 
Seat 2: diggerd44 ($5.01 in chips) 
Seat 3: JPimp2323 ($9.84 in chips) 
Seat 4: bauticius ($5.07 in chips) 
Seat 5: Dorex2007 ($5.07 in chips) 
Seat 6: dvdhmstar ($5.76 in chips) 
Seat 7: chaquawet ($3 in chips) 
Seat 8: pqokker ($8.02 in chips) 
Seat 9: Templar85 ($5 in chips) 
chaquawet: posts small blind $0.02
pqokker: posts big blind $0.05
*** HOLE CARDS ***
Dealt to Dorex2007 [3c 4c]
Templar85: folds 
ThiagoKbelo: raises $0.07 to $0.12
diggerd44: folds 
JPimp2323: folds 
bauticius: calls $0.12
Dorex2007: folds 
dvdhmstar: folds 
chaquawet: folds 
pqokker: folds 
*** FLOP *** [6c 4d Td]
ThiagoKbelo: bets $0.15
bauticius: calls $0.15
*** TURN *** [6c 4d Td] [6d]
ThiagoKbelo: checks 
bauticius: checks 
*** RIVER *** [6c 4d Td 6d] [8h]
ThiagoKbelo: bets $0.29
bauticius: calls $0.29
*** SHOW DOWN ***
ThiagoKbelo: shows [Ah Ts] (two pair, Tens and Sixes)
bauticius: mucks hand 
ThiagoKbelo collected $1.14 from pot
*** SUMMARY ***
Total pot $1.19 | Rake $0.05 
Board [6c 4d Td 6d 8h]
Seat 1: ThiagoKbelo showed [Ah Ts] and won ($1.14) with two pair, Tens and Sixes
Seat 2: diggerd44 folded before Flop (didn't bet)
Seat 3: JPimp2323 folded before Flop (didn't bet)
Seat 4: bauticius mucked [As Qs]
Seat 5: Dorex2007 folded before Flop (didn't bet)
Seat 6: dvdhmstar (button) folded before Flop (didn't bet)
Seat 7: chaquawet (small blind) folded before Flop
Seat 8: pqokker (big blind) folded before Flop
Seat 9: Templar85 folded before Flop (didn't bet)



PokerStars Hand #238885067339:  Hold'em No Limit ($0.02/$0.05 USD) - 2022/09/26 22:34:54 PT [2022/09/27 1:34:54 ET]
Table 'Sinon' 9-max Seat #7 is the button
Seat 1: ThiagoKbelo ($11.26 in chips) 
Seat 2: diggerd44 ($5.01 in chips) 
Seat 3: JPimp2323 ($9.84 in chips) 
Seat 4: bauticius ($4.51 in chips) 
Seat 5: Dorex2007 ($5.07 in chips) 
Seat 6: dvdhmstar ($5.76 in chips) 
Seat 7: chaquawet ($2.98 in chips) 
Seat 8: pqokker ($7.97 in chips) 
Seat 9: Templar85 ($5 in chips) 
pqokker: posts small blind $0.02
Templar85: posts big blind $0.05
*** HOLE CARDS ***
Dealt to Dorex2007 [3c 3h]
ThiagoKbelo: raises $0.10 to $0.15
diggerd44: calls $0.15
JPimp2323: folds 
bauticius: folds 
Dorex2007: calls $0.15
dvdhmstar: folds 
chaquawet: calls $0.15
pqokker: folds 
Templar85: folds 
*** FLOP *** [6c 4h Jd]
ThiagoKbelo: checks 
diggerd44: bets $0.10
Dorex2007: calls $0.10
chaquawet: calls $0.10
ThiagoKbelo: calls $0.10
*** TURN *** [6c 4h Jd] [9h]
ThiagoKbelo: checks 
diggerd44: checks 
Dorex2007: checks 
chaquawet: checks 
*** RIVER *** [6c 4h Jd 9h] [7h]
ThiagoKbelo: checks 
diggerd44: bets $0.05
Dorex2007: folds 
chaquawet: raises $0.25 to $0.30
ThiagoKbelo: folds 
diggerd44: folds 
Uncalled bet ($0.25) returned to chaquawet
chaquawet collected $1.12 from pot
*** SUMMARY ***
Total pot $1.17 | Rake $0.05 
Board [6c 4h Jd 9h 7h]
Seat 1: ThiagoKbelo folded on the River
Seat 2: diggerd44 folded on the River
Seat 3: JPimp2323 folded before Flop (didn't bet)
Seat 4: bauticius folded before Flop (didn't bet)
Seat 5: Dorex2007 folded on the River
Seat 6: dvdhmstar folded before Flop (didn't bet)
Seat 7: chaquawet (button) collected ($1.12)
Seat 8: pqokker (small blind) folded before Flop
Seat 9: Templar85 (big blind) folded before Flop



PokerStars Hand #238885076637:  Hold'em No Limit ($0.02/$0.05 USD) - 2022/09/26 22:36:25 PT [2022/09/27 1:36:25 ET]
Table 'Sinon' 9-max Seat #8 is the button
Seat 1: ThiagoKbelo ($11.01 in chips) 
Seat 2: diggerd44 ($4.71 in chips) 
Seat 3: JPimp2323 ($9.84 in chips) 
Seat 4: bauticius ($4.51 in chips) 
Seat 5: Dorex2007 ($5 in chips) 
Seat 6: dvdhmstar ($5.76 in chips) 
Seat 7: chaquawet ($3.80 in chips) 
Seat 8: pqokker ($7.95 in chips) 
Seat 9: Templar85 ($5 in chips) 
Templar85: posts small blind $0.02
ThiagoKbelo: posts big blind $0.05
*** HOLE CARDS ***
Dealt to Dorex2007 [8d 2d]
diggerd44: folds 
JPimp2323: folds 
bauticius: folds 
Dorex2007: folds 
dvdhmstar: folds 
chaquawet: folds 
pqokker: raises $0.10 to $0.15
Templar85: raises $0.45 to $0.60
ThiagoKbelo: folds 
pqokker: calls $0.45
*** FLOP *** [9s 8s 5s]
Templar85: bets $4.40 and is all-in
pqokker: folds 
Uncalled bet ($4.40) returned to Templar85
Templar85 collected $1.20 from pot
Templar85: doesn't show hand 
*** SUMMARY ***
Total pot $1.25 | Rake $0.05 
Board [9s 8s 5s]
Seat 1: ThiagoKbelo (big blind) folded before Flop
Seat 2: diggerd44 folded before Flop (didn't bet)
Seat 3: JPimp2323 folded before Flop (didn't bet)
Seat 4: bauticius folded before Flop (didn't bet)
Seat 5: Dorex2007 folded before Flop (didn't bet)
Seat 6: dvdhmstar folded before Flop (didn't bet)
Seat 7: chaquawet folded before Flop (didn't bet)
Seat 8: pqokker (button) folded on the Flop
Seat 9: Templar85 (small blind) collected ($1.20)



PokerStars Hand #238885084347:  Hold'em No Limit ($0.02/$0.05 USD) - 2022/09/26 22:37:41 PT [2022/09/27 1:37:41 ET]
Table 'Sinon' 9-max Seat #9 is the button
Seat 1: ThiagoKbelo ($10.96 in chips) 
Seat 2: diggerd44 ($4.71 in chips) 
Seat 3: JPimp2323 ($9.84 in chips) 
Seat 4: bauticius ($4.51 in chips) 
Seat 5: Dorex2007 ($5 in chips) 
Seat 6: dvdhmstar ($5.76 in chips) 
Seat 7: chaquawet ($3.80 in chips) 
Seat 8: pqokker ($7.35 in chips) 
Seat 9: Templar85 ($5.60 in chips) 
ThiagoKbelo: posts small blind $0.02
diggerd44: posts big blind $0.05
*** HOLE CARDS ***
Dealt to Dorex2007 [3h Td]
JPimp2323: folds 
bauticius: folds 
Dorex2007: folds 
dvdhmstar: folds 
chaquawet: folds 
pqokker: folds 
Templar85: raises $0.07 to $0.12
ThiagoKbelo: calls $0.10
diggerd44: folds 
*** FLOP *** [Jh 6d 8h]
ThiagoKbelo: checks 
Templar85: bets $0.19
ThiagoKbelo: calls $0.19
*** TURN *** [Jh 6d 8h] [3s]
ThiagoKbelo: checks 
Templar85: checks 
*** RIVER *** [Jh 6d 8h 3s] [Kd]
ThiagoKbelo: checks 
Templar85: checks 
*** SHOW DOWN ***
ThiagoKbelo: shows [8d 8c] (three of a kind, Eights)
Templar85: mucks hand 
ThiagoKbelo collected $0.64 from pot
*** SUMMARY ***
Total pot $0.67 | Rake $0.03 
Board [Jh 6d 8h 3s Kd]
Seat 1: ThiagoKbelo (small blind) showed [8d 8c] and won ($0.64) with three of a kind, Eights
Seat 2: diggerd44 (big blind) folded before Flop
Seat 3: JPimp2323 folded before Flop (didn't bet)
Seat 4: bauticius folded before Flop (didn't bet)
Seat 5: Dorex2007 folded before Flop (didn't bet)
Seat 6: dvdhmstar folded before Flop (didn't bet)
Seat 7: chaquawet folded before Flop (didn't bet)
Seat 8: pqokker folded before Flop (didn't bet)
Seat 9: Templar85 (button) mucked [2s As]



PokerStars Hand #238885092464:  Hold'em No Limit ($0.02/$0.05 USD) - 2022/09/26 22:39:00 PT [2022/09/27 1:39:00 ET]
Table 'Sinon' 9-max Seat #1 is the button
Seat 1: ThiagoKbelo ($11.29 in chips) 
Seat 2: diggerd44 ($4.66 in chips) 
Seat 4: bauticius ($4.51 in chips) 
Seat 5: Dorex2007 ($5 in chips) 
Seat 6: dvdhmstar ($5.76 in chips) 
Seat 7: chaquawet ($3.80 in chips) 
Seat 8: pqokker ($7.35 in chips) 
Seat 9: Templar85 ($5.29 in chips) 
diggerd44: posts small blind $0.02
JPimp2323: is sitting out 
bauticius: posts big blind $0.05
*** HOLE CARDS ***
Dealt to Dorex2007 [5d Jd]
Dorex2007: folds 
dvdhmstar: raises $0.05 to $0.10
chaquawet: folds 
pqokker: folds 
Templar85: folds 
ThiagoKbelo: folds 
diggerd44: calls $0.08
bauticius: folds 
*** FLOP *** [Js 7d 4d]
diggerd44: checks 
dvdhmstar: bets $0.24
diggerd44: calls $0.24
*** TURN *** [Js 7d 4d] [6c]
diggerd44: bets $0.05
dvdhmstar: raises $0.30 to $0.35
diggerd44: calls $0.30
*** RIVER *** [Js 7d 4d 6c] [8s]
diggerd44: checks 
dvdhmstar: checks 
*** SHOW DOWN ***
diggerd44: shows [8h 7h] (two pair, Eights and Sevens)
dvdhmstar: mucks hand 
diggerd44 collected $1.37 from pot
*** SUMMARY ***
Total pot $1.43 | Rake $0.06 
Board [Js 7d 4d 6c 8s]
Seat 1: ThiagoKbelo (button) folded before Flop (didn't bet)
Seat 2: diggerd44 (small blind) showed [8h 7h] and won ($1.37) with two pair, Eights and Sevens
Seat 4: bauticius (big blind) folded before Flop
Seat 5: Dorex2007 folded before Flop (didn't bet)
Seat 6: dvdhmstar mucked [9h 9s]
Seat 7: chaquawet folded before Flop (didn't bet)
Seat 8: pqokker folded before Flop (didn't bet)
Seat 9: Templar85 folded before Flop (didn't bet)



PokerStars Hand #238885099150:  Hold'em No Limit ($0.02/$0.05 USD) - 2022/09/26 22:40:04 PT [2022/09/27 1:40:04 ET]
Table 'Sinon' 9-max Seat #2 is the button
Seat 1: ThiagoKbelo ($11.29 in chips) 
Seat 2: diggerd44 ($5.34 in chips) 
Seat 4: bauticius ($4.46 in chips) 
Seat 5: Dorex2007 ($5 in chips) 
Seat 6: dvdhmstar ($5.07 in chips) 
Seat 7: chaquawet ($3.80 in chips) 
Seat 8: pqokker ($7.35 in chips) 
Seat 9: Templar85 ($5.29 in chips) 
bauticius: posts small blind $0.02
Dorex2007: posts big blind $0.05
*** HOLE CARDS ***
Dealt to Dorex2007 [Ad Jc]
dvdhmstar: folds 
dvdhmstar leaves the table
chaquawet: folds 
pqokker: folds 
w3sby joins the table at seat #6 
Templar85: raises $0.07 to $0.12
ThiagoKbelo: folds 
diggerd44: folds 
bauticius: folds 
Dorex2007: calls $0.07
*** FLOP *** [8c 7d 4s]
Dorex2007: checks 
Templar85: checks 
*** TURN *** [8c 7d 4s] [6h]
w3sby leaves the table
Dorex2007: checks 
Templar85: checks 
*** RIVER *** [8c 7d 4s 6h] [Qd]
Dorex2007: bets $0.12
Templar85: calls $0.12
*** SHOW DOWN ***
Dorex2007: shows [Ad Jc] (high card Ace)
Templar85: shows [Qs Jh] (a pair of Queens)
Templar85 collected $0.48 from pot
*** SUMMARY ***
Total pot $0.50 | Rake $0.02 
Board [8c 7d 4s 6h Qd]
Seat 1: ThiagoKbelo folded before Flop (didn't bet)
Seat 2: diggerd44 (button) folded before Flop (didn't bet)
Seat 4: bauticius (small blind) folded before Flop
Seat 5: Dorex2007 (big blind) showed [Ad Jc] and lost with high card Ace
Seat 6: dvdhmstar folded before Flop (didn't bet)
Seat 7: chaquawet folded before Flop (didn't bet)
Seat 8: pqokker folded before Flop (didn't bet)
Seat 9: Templar85 showed [Qs Jh] and won ($0.48) with a pair of Queens



PokerStars Hand #238885103629:  Hold'em No Limit ($0.02/$0.05 USD) - 2022/09/26 22:40:47 PT [2022/09/27 1:40:47 ET]
Table 'Sinon' 9-max Seat #4 is the button
Seat 1: ThiagoKbelo ($11.29 in chips) 
Seat 2: diggerd44 ($5.34 in chips) 
Seat 4: bauticius ($4.44 in chips) 
Seat 5: Dorex2007 ($5 in chips) 
Seat 7: chaquawet ($3.80 in chips) 
Seat 8: pqokker ($7.35 in chips) 
Seat 9: Templar85 ($5.53 in chips) 
Dorex2007: posts small blind $0.02
chaquawet: posts big blind $0.05
*** HOLE CARDS ***
Dealt to Dorex2007 [9s 6c]
pqokker: folds 
Templar85: folds 
ThiagoKbelo: folds 
diggerd44: folds 
bauticius: folds 
Dorex2007: folds 
Uncalled bet ($0.03) returned to chaquawet
chaquawet collected $0.04 from pot
*** SUMMARY ***
Total pot $0.04 | Rake $0 
Seat 1: ThiagoKbelo folded before Flop (didn't bet)
Seat 2: diggerd44 folded before Flop (didn't bet)
Seat 4: bauticius (button) folded before Flop (didn't bet)
Seat 5: Dorex2007 (small blind) folded before Flop
Seat 7: chaquawet (big blind) collected ($0.04)
Seat 8: pqokker folded before Flop (didn't bet)
Seat 9: Templar85 folded before Flop (didn't bet)



PokerStars Hand #238885104802:  Hold'em No Limit ($0.02/$0.05 USD) - 2022/09/26 22:40:59 PT [2022/09/27 1:40:59 ET]
Table 'Sinon' 9-max Seat #5 is the button
Seat 1: ThiagoKbelo ($11.29 in chips) 
Seat 2: diggerd44 ($5.34 in chips) 
Seat 4: bauticius ($4.44 in chips) 
Seat 5: Dorex2007 ($5 in chips) 
Seat 7: chaquawet ($3.82 in chips) 
Seat 8: pqokker ($7.35 in chips) 
Seat 9: Templar85 ($5.53 in chips) 
chaquawet: posts small blind $0.02
pqokker: posts big blind $0.05
*** HOLE CARDS ***
Dealt to Dorex2007 [2d As]
Templar85: raises $0.10 to $0.15
ThiagoKbelo: folds 
diggerd44: folds 
bauticius: folds 
Dorex2007: folds 
chaquawet: folds 
pqokker: folds 
Uncalled bet ($0.10) returned to Templar85
Templar85 collected $0.12 from pot
Templar85: doesn't show hand 
*** SUMMARY ***
Total pot $0.12 | Rake $0 
Seat 1: ThiagoKbelo folded before Flop (didn't bet)
Seat 2: diggerd44 folded before Flop (didn't bet)
Seat 4: bauticius folded before Flop (didn't bet)
Seat 5: Dorex2007 (button) folded before Flop (didn't bet)
Seat 7: chaquawet (small blind) folded before Flop
Seat 8: pqokker (big blind) folded before Flop
Seat 9: Templar85 collected ($0.12)



PokerStars Hand #238885106927:  Hold'em No Limit ($0.02/$0.05 USD) - 2022/09/26 22:41:20 PT [2022/09/27 1:41:20 ET]
Table 'Sinon' 9-max Seat #7 is the button
Seat 1: ThiagoKbelo ($11.29 in chips) 
Seat 2: diggerd44 ($5.34 in chips) 
Seat 4: bauticius ($4.44 in chips) 
Seat 5: Dorex2007 ($5 in chips) 
Seat 7: chaquawet ($3.80 in chips) 
Seat 8: pqokker ($7.30 in chips) 
Seat 9: Templar85 ($5.60 in chips) 
pqokker: posts small blind $0.02
Templar85: posts big blind $0.05
*** HOLE CARDS ***
Dealt to Dorex2007 [Jc Qs]
ThiagoKbelo: raises $0.07 to $0.12
maysixtyeight joins the table at seat #6 
diggerd44: folds 
bauticius: folds 
Dorex2007: folds 
chaquawet: folds 
pqokker: calls $0.10
Templar85: folds 
*** FLOP *** [7c Th 6h]
pqokker: checks 
ThiagoKbelo: bets $0.18
pqokker: raises $0.32 to $0.50
ThiagoKbelo: calls $0.32
*** TURN *** [7c Th 6h] [5d]
pqokker: bets $0.83
ThiagoKbelo: calls $0.83
*** RIVER *** [7c Th 6h 5d] [4h]
pqokker: bets $5.85 and is all-in
ThiagoKbelo: calls $5.85
*** SHOW DOWN ***
pqokker: shows [Qc 9c] (high card Queen)
ThiagoKbelo: shows [Ah 9h] (a flush, Ace high)
ThiagoKbelo collected $14.04 from pot
*** SUMMARY ***
Total pot $14.65 | Rake $0.61 
Board [7c Th 6h 5d 4h]
Seat 1: ThiagoKbelo showed [Ah 9h] and won ($14.04) with a flush, Ace high
Seat 2: diggerd44 folded before Flop (didn't bet)
Seat 4: bauticius folded before Flop (didn't bet)
Seat 5: Dorex2007 folded before Flop (didn't bet)
Seat 7: chaquawet (button) folded before Flop (didn't bet)
Seat 8: pqokker (small blind) showed [Qc 9c] and lost with high card Queen
Seat 9: Templar85 (big blind) folded before Flop



PokerStars Hand #238885121590:  Hold'em No Limit ($0.02/$0.05 USD) - 2022/09/26 22:43:43 PT [2022/09/27 1:43:43 ET]
Table 'Sinon' 9-max Seat #8 is the button
Seat 1: ThiagoKbelo ($18.03 in chips) 
Seat 2: diggerd44 ($5.34 in chips) 
Seat 4: bauticius ($4.44 in chips) 
Seat 5: Dorex2007 ($5 in chips) 
Seat 6: maysixtyeight ($4 in chips) 
Seat 7: chaquawet ($3.80 in chips) 
Seat 8: pqokker ($5 in chips) 
Seat 9: Templar85 ($5.55 in chips) 
Templar85: posts small blind $0.02
ThiagoKbelo: posts big blind $0.05
maysixtyeight: posts big blind $0.05
*** HOLE CARDS ***
Dealt to Dorex2007 [5s 4h]
diggerd44: calls $0.05
bauticius: folds 
Dorex2007: folds 
maysixtyeight: checks 
chaquawet: folds 
pqokker: folds 
Templar85: folds 
ThiagoKbelo: checks 
*** FLOP *** [Th 8d Ks]
ThiagoKbelo: checks 
diggerd44: checks 
maysixtyeight: checks 
*** TURN *** [Th 8d Ks] [Qc]
ThiagoKbelo: checks 
diggerd44: checks 
maysixtyeight: checks 
*** RIVER *** [Th 8d Ks Qc] [Ts]
ThiagoKbelo: checks 
diggerd44: checks 
maysixtyeight: checks 
*** SHOW DOWN ***
ThiagoKbelo: shows [Ah 9d] (a pair of Tens)
diggerd44: shows [6c As] (a pair of Tens)
maysixtyeight: mucks hand 
ThiagoKbelo collected $0.08 from pot
diggerd44 collected $0.08 from pot
*** SUMMARY ***
Total pot $0.17 | Rake $0.01 
Board [Th 8d Ks Qc Ts]
Seat 1: ThiagoKbelo (big blind) showed [Ah 9d] and won ($0.08) with a pair of Tens
Seat 2: diggerd44 showed [6c As] and won ($0.08) with a pair of Tens
Seat 4: bauticius folded before Flop (didn't bet)
Seat 5: Dorex2007 folded before Flop (didn't bet)
Seat 6: maysixtyeight mucked [9h 4c]
Seat 7: chaquawet folded before Flop (didn't bet)
Seat 8: pqokker (button) folded before Flop (didn't bet)
Seat 9: Templar85 (small blind) folded before Flop



PokerStars Hand #238885128407:  Hold'em No Limit ($0.02/$0.05 USD) - 2022/09/26 22:44:50 PT [2022/09/27 1:44:50 ET]
Table 'Sinon' 9-max Seat #9 is the button
Seat 1: ThiagoKbelo ($18.06 in chips) 
Seat 2: diggerd44 ($5.37 in chips) 
Seat 4: bauticius ($4.44 in chips) 
Seat 5: Dorex2007 ($5 in chips) 
Seat 6: maysixtyeight ($3.95 in chips) 
Seat 7: chaquawet ($3.80 in chips) 
Seat 8: pqokker ($5 in chips) 
Seat 9: Templar85 ($5.53 in chips) 
ThiagoKbelo: posts small blind $0.02
diggerd44: posts big blind $0.05
*** HOLE CARDS ***
Dealt to Dorex2007 [Th 5c]
bauticius: folds 
Dorex2007: folds 
maysixtyeight: folds 
chaquawet: folds 
pqokker: folds 
Templar85: raises $0.07 to $0.12
ThiagoKbelo: folds 
diggerd44: folds 
Uncalled bet ($0.07) returned to Templar85
Templar85 collected $0.12 from pot
Templar85: doesn't show hand 
*** SUMMARY ***
Total pot $0.12 | Rake $0 
Seat 1: ThiagoKbelo (small blind) folded before Flop
Seat 2: diggerd44 (big blind) folded before Flop
Seat 4: bauticius folded before Flop (didn't bet)
Seat 5: Dorex2007 folded before Flop (didn't bet)
Seat 6: maysixtyeight folded before Flop (didn't bet)
Seat 7: chaquawet folded before Flop (didn't bet)
Seat 8: pqokker folded before Flop (didn't bet)
Seat 9: Templar85 (button) collected ($0.12)



PokerStars Hand #238885130343:  Hold'em No Limit ($0.02/$0.05 USD) - 2022/09/26 22:45:08 PT [2022/09/27 1:45:08 ET]
Table 'Sinon' 9-max Seat #1 is the button
Seat 1: ThiagoKbelo ($18.04 in chips) 
Seat 2: diggerd44 ($5.32 in chips) 
Seat 4: bauticius ($4.44 in chips) 
Seat 5: Dorex2007 ($5 in chips) 
Seat 6: maysixtyeight ($3.95 in chips) 
Seat 7: chaquawet ($3.80 in chips) 
Seat 8: pqokker ($5 in chips) 
Seat 9: Templar85 ($5.60 in chips) 
diggerd44: posts small blind $0.02
bauticius: posts big blind $0.05
*** HOLE CARDS ***
Dealt to Dorex2007 [Qh 6d]
Dorex2007: folds 
maysixtyeight: folds 
chaquawet: folds 
pqokker: raises $0.10 to $0.15
Templar85: folds 
ThiagoKbelo: folds 
diggerd44: folds 
bauticius: calls $0.10
*** FLOP *** [Js 2h 3h]
chaquawet leaves the table
bauticius: checks 
pqokker: bets $0.10
bauticius: folds 
Uncalled bet ($0.10) returned to pqokker
pqokker collected $0.31 from pot
pqokker: doesn't show hand 
*** SUMMARY ***
Total pot $0.32 | Rake $0.01 
Board [Js 2h 3h]
Seat 1: ThiagoKbelo (button) folded before Flop (didn't bet)
Seat 2: diggerd44 (small blind) folded before Flop
Seat 4: bauticius (big blind) folded on the Flop
Seat 5: Dorex2007 folded before Flop (didn't bet)
Seat 6: maysixtyeight folded before Flop (didn't bet)
Seat 7: chaquawet folded before Flop (didn't bet)
Seat 8: pqokker collected ($0.31)
Seat 9: Templar85 folded before Flop (didn't bet)



