PokerStars Hand #237281248820:  Hold'em No Limit ($0.01/$0.02 USD) - 2022/07/10 13:16:45 PT [2022/07/10 16:16:45 ET]
Table 'Arethusa III' 9-max Seat #5 is the button
Seat 2: pepasaol ($1.94 in chips) 
Seat 4: Félix83 ($0.72 in chips) 
Seat 5: Alfarr ($0.82 in chips) 
Seat 6: raffacoelho ($0.77 in chips) 
Seat 7: Dorex2007 ($2 in chips) 
Seat 8: perffect16 ($3.56 in chips) 
raffacoelho: posts small blind $0.01
Dorex2007: posts big blind $0.02
*** HOLE CARDS ***
Dealt to Dorex2007 [Th 7d]
perffect16: raises $0.04 to $0.06
pepasaol: folds 
Félix83: folds 
Alfarr: folds 
weverson315 joins the table at seat #3 
raffacoelho: folds 
Dorex2007: folds 
Uncalled bet ($0.04) returned to perffect16
perffect16 collected $0.05 from pot
*** SUMMARY ***
Total pot $0.05 | Rake $0 
Seat 2: pepasaol folded before Flop (didn't bet)
Seat 4: Félix83 folded before Flop (didn't bet)
Seat 5: Alfarr (button) folded before Flop (didn't bet)
Seat 6: raffacoelho (small blind) folded before Flop
Seat 7: Dorex2007 (big blind) folded before Flop
Seat 8: perffect16 collected ($0.05)



PokerStars Hand #237281256393:  Hold'em No Limit ($0.01/$0.02 USD) - 2022/07/10 13:17:02 PT [2022/07/10 16:17:02 ET]
Table 'Arethusa III' 9-max Seat #6 is the button
Seat 2: pepasaol ($1.94 in chips) 
Seat 3: weverson315 ($2 in chips) 
Seat 4: Félix83 ($0.72 in chips) 
Seat 5: Alfarr ($0.82 in chips) 
Seat 6: raffacoelho ($0.76 in chips) 
Seat 7: Dorex2007 ($2 in chips) 
Seat 8: perffect16 ($3.59 in chips) 
Dorex2007: posts small blind $0.01
perffect16: posts big blind $0.02
weverson315: posts big blind $0.02
*** HOLE CARDS ***
Dealt to Dorex2007 [Js Qc]
pepasaol: raises $0.02 to $0.04
weverson315: calls $0.02
Félix83: folds 
Alfarr: folds 
raffacoelho: folds 
Dorex2007: calls $0.03
perffect16: raises $0.02 to $0.06
pepasaol: calls $0.02
weverson315: calls $0.02
Dorex2007: calls $0.02
*** FLOP *** [5s Kc 6c]
Foszi68 joins the table at seat #9 
Dorex2007: checks 
perffect16: bets $0.11
pepasaol: folds 
weverson315: folds 
Dorex2007: folds 
Uncalled bet ($0.11) returned to perffect16
perffect16 collected $0.23 from pot
*** SUMMARY ***
Total pot $0.24 | Rake $0.01 
Board [5s Kc 6c]
Seat 2: pepasaol folded on the Flop
Seat 3: weverson315 folded on the Flop
Seat 4: Félix83 folded before Flop (didn't bet)
Seat 5: Alfarr folded before Flop (didn't bet)
Seat 6: raffacoelho (button) folded before Flop (didn't bet)
Seat 7: Dorex2007 (small blind) folded on the Flop
Seat 8: perffect16 (big blind) collected ($0.23)



PokerStars Hand #237281280522:  Hold'em No Limit ($0.01/$0.02 USD) - 2022/07/10 13:17:57 PT [2022/07/10 16:17:57 ET]
Table 'Arethusa III' 9-max Seat #7 is the button
Seat 2: pepasaol ($1.88 in chips) 
Seat 3: weverson315 ($2 in chips) 
Seat 4: Félix83 ($0.72 in chips) 
Seat 5: Alfarr ($0.82 in chips) 
Seat 6: raffacoelho ($0.76 in chips) 
Seat 7: Dorex2007 ($2 in chips) 
Seat 8: perffect16 ($3.76 in chips) 
Seat 9: Foszi68 ($0.80 in chips) 
perffect16: posts small blind $0.01
Foszi68: posts big blind $0.02
*** HOLE CARDS ***
Dealt to Dorex2007 [4c Th]
pepasaol: folds 
weverson315: folds 
Félix83: folds 
Alfarr: folds 
raffacoelho: folds 
Dorex2007: folds 
perffect16: calls $0.01
Foszi68: checks 
*** FLOP *** [6h 5d 2s]
perffect16: checks 
Foszi68: checks 
*** TURN *** [6h 5d 2s] [Ac]
perffect16: checks 
Foszi68: checks 
*** RIVER *** [6h 5d 2s Ac] [8s]
perffect16: checks 
Foszi68: checks 
*** SHOW DOWN ***
perffect16: shows [Kd 8c] (a pair of Eights)
Foszi68: mucks hand 
perffect16 collected $0.04 from pot
*** SUMMARY ***
Total pot $0.04 | Rake $0 
Board [6h 5d 2s Ac 8s]
Seat 2: pepasaol folded before Flop (didn't bet)
Seat 3: weverson315 folded before Flop (didn't bet)
Seat 4: Félix83 folded before Flop (didn't bet)
Seat 5: Alfarr folded before Flop (didn't bet)
Seat 6: raffacoelho folded before Flop (didn't bet)
Seat 7: Dorex2007 (button) folded before Flop (didn't bet)
Seat 8: perffect16 (small blind) showed [Kd 8c] and won ($0.04) with a pair of Eights
Seat 9: Foszi68 (big blind) mucked [2h 3h]



PokerStars Hand #237281305507:  Hold'em No Limit ($0.01/$0.02 USD) - 2022/07/10 13:18:55 PT [2022/07/10 16:18:55 ET]
Table 'Arethusa III' 9-max Seat #8 is the button
Seat 2: pepasaol ($1.88 in chips) 
Seat 3: weverson315 ($2 in chips) 
Seat 4: Félix83 ($0.72 in chips) 
Seat 5: Alfarr ($0.82 in chips) 
Seat 6: raffacoelho ($0.76 in chips) 
Seat 7: Dorex2007 ($2 in chips) 
Seat 8: perffect16 ($3.78 in chips) 
Seat 9: Foszi68 ($0.78 in chips) 
Foszi68: posts small blind $0.01
pepasaol: posts big blind $0.02
*** HOLE CARDS ***
Dealt to Dorex2007 [Th 5h]
weverson315: raises $0.02 to $0.04
Félix83: folds 
perffect16 is disconnected 
Alfarr: folds 
raffacoelho: folds 
Dorex2007: folds 
raffacoelho leaves the table
perffect16 has timed out while disconnected
perffect16: folds 
Foszi68: folds 
pepasaol: folds 
Uncalled bet ($0.02) returned to weverson315
weverson315 collected $0.05 from pot
*** SUMMARY ***
Total pot $0.05 | Rake $0 
Seat 2: pepasaol (big blind) folded before Flop
Seat 3: weverson315 collected ($0.05)
Seat 4: Félix83 folded before Flop (didn't bet)
Seat 5: Alfarr folded before Flop (didn't bet)
Seat 6: raffacoelho folded before Flop (didn't bet)
Seat 7: Dorex2007 folded before Flop (didn't bet)
Seat 8: perffect16 (button) folded before Flop (didn't bet)
Seat 9: Foszi68 (small blind) folded before Flop



PokerStars Hand #237281329255:  Hold'em No Limit ($0.01/$0.02 USD) - 2022/07/10 13:19:49 PT [2022/07/10 16:19:49 ET]
Table 'Arethusa III' 9-max Seat #9 is the button
Seat 2: pepasaol ($1.86 in chips) 
Seat 3: weverson315 ($2.03 in chips) 
Seat 4: Félix83 ($0.72 in chips) 
Seat 5: Alfarr ($0.82 in chips) 
Seat 7: Dorex2007 ($2 in chips) 
Seat 8: perffect16 ($3.78 in chips) 
Seat 9: Foszi68 ($0.77 in chips) 
pepasaol: posts small blind $0.01
weverson315: posts big blind $0.02
*** HOLE CARDS ***
Dealt to Dorex2007 [6h 2d]
Félix83 has timed out
Félix83: folds 
Murcaz joins the table at seat #6 
Alfarr: folds 
Dorex2007: folds 
perffect16: folds 
Foszi68: folds 
pepasaol: calls $0.01
weverson315: checks 
*** FLOP *** [5c 9c Kh]
pepasaol: bets $0.02
weverson315: folds 
Uncalled bet ($0.02) returned to pepasaol
pepasaol collected $0.04 from pot
*** SUMMARY ***
Total pot $0.04 | Rake $0 
Board [5c 9c Kh]
Seat 2: pepasaol (small blind) collected ($0.04)
Seat 3: weverson315 (big blind) folded on the Flop
Seat 4: Félix83 folded before Flop (didn't bet)
Seat 5: Alfarr folded before Flop (didn't bet)
Seat 7: Dorex2007 folded before Flop (didn't bet)
Seat 8: perffect16 folded before Flop (didn't bet)
Seat 9: Foszi68 (button) folded before Flop (didn't bet)



PokerStars Hand #237281344983:  Hold'em No Limit ($0.01/$0.02 USD) - 2022/07/10 13:20:24 PT [2022/07/10 16:20:24 ET]
Table 'Arethusa III' 9-max Seat #2 is the button
Seat 2: pepasaol ($1.88 in chips) 
Seat 3: weverson315 ($2.01 in chips) 
Seat 4: Félix83 ($0.72 in chips) 
Seat 5: Alfarr ($0.82 in chips) 
Seat 6: Murcaz ($2 in chips) 
Seat 7: Dorex2007 ($2 in chips) 
Seat 8: perffect16 ($3.78 in chips) 
Seat 9: Foszi68 ($0.77 in chips) 
weverson315: posts small blind $0.01
Félix83: posts big blind $0.02
Murcaz: posts big blind $0.02
*** HOLE CARDS ***
Dealt to Dorex2007 [6s 4c]
Alfarr: folds 
Murcaz: checks 
Dorex2007: folds 
perffect16: folds 
Foszi68: folds 
pepasaol: folds 
weverson315: calls $0.01
Félix83: checks 
*** FLOP *** [6d 9c 2h]
weverson315: checks 
Félix83: checks 
Murcaz: checks 
*** TURN *** [6d 9c 2h] [Qd]
weverson315: bets $0.06
Félix83: folds 
Murcaz: folds 
Uncalled bet ($0.06) returned to weverson315
weverson315 collected $0.06 from pot
*** SUMMARY ***
Total pot $0.06 | Rake $0 
Board [6d 9c 2h Qd]
Seat 2: pepasaol (button) folded before Flop (didn't bet)
Seat 3: weverson315 (small blind) collected ($0.06)
Seat 4: Félix83 (big blind) folded on the Turn
Seat 5: Alfarr folded before Flop (didn't bet)
Seat 6: Murcaz folded on the Turn (didn't bet)
Seat 7: Dorex2007 folded before Flop (didn't bet)
Seat 8: perffect16 folded before Flop (didn't bet)
Seat 9: Foszi68 folded before Flop (didn't bet)



PokerStars Hand #237281369513:  Hold'em No Limit ($0.01/$0.02 USD) - 2022/07/10 13:21:20 PT [2022/07/10 16:21:20 ET]
Table 'Arethusa III' 9-max Seat #3 is the button
Seat 2: pepasaol ($1.88 in chips) 
Seat 3: weverson315 ($2.05 in chips) 
Seat 4: Félix83 ($0.70 in chips) 
Seat 5: Alfarr ($0.82 in chips) 
Seat 6: Murcaz ($1.98 in chips) 
Seat 7: Dorex2007 ($2 in chips) 
Seat 8: perffect16 ($3.78 in chips) 
Seat 9: Foszi68 ($0.77 in chips) 
Félix83: posts small blind $0.01
Alfarr: posts big blind $0.02
*** HOLE CARDS ***
Dealt to Dorex2007 [Ah 3h]
perffect16 is disconnected 
Murcaz: calls $0.02
Dorex2007: folds 
perffect16 has timed out while disconnected
perffect16: folds 
Foszi68: calls $0.02
pepasaol: raises $0.02 to $0.04
weverson315: folds 
Félix83: calls $0.03
Alfarr: folds 
Murcaz: calls $0.02
Foszi68: calls $0.02
*** FLOP *** [6d Qd Ad]
Félix83: checks 
Murcaz: checks 
Foszi68: checks 
pepasaol: bets $0.08
Félix83: calls $0.08
Murcaz: folds 
Foszi68: folds 
*** TURN *** [6d Qd Ad] [Qh]
Félix83: checks 
pepasaol: bets $0.16
Félix83: calls $0.16
*** RIVER *** [6d Qd Ad Qh] [Qs]
Félix83: bets $0.42 and is all-in
pepasaol: calls $0.42
*** SHOW DOWN ***
Félix83: shows [5s As] (a full house, Queens full of Aces)
pepasaol: shows [6c 6s] (a full house, Queens full of Sixes)
Félix83 collected $1.45 from pot
*** SUMMARY ***
Total pot $1.50 | Rake $0.05 
Board [6d Qd Ad Qh Qs]
Seat 2: pepasaol showed [6c 6s] and lost with a full house, Queens full of Sixes
Seat 3: weverson315 (button) folded before Flop (didn't bet)
Seat 4: Félix83 (small blind) showed [5s As] and won ($1.45) with a full house, Queens full of Aces
Seat 5: Alfarr (big blind) folded before Flop
Seat 6: Murcaz folded on the Flop
Seat 7: Dorex2007 folded before Flop (didn't bet)
Seat 8: perffect16 folded before Flop (didn't bet)
Seat 9: Foszi68 folded on the Flop



PokerStars Hand #237281422476:  Hold'em No Limit ($0.01/$0.02 USD) - 2022/07/10 13:23:21 PT [2022/07/10 16:23:21 ET]
Table 'Arethusa III' 9-max Seat #4 is the button
Seat 2: pepasaol ($1.18 in chips) 
Seat 3: weverson315 ($2.05 in chips) 
Seat 4: Félix83 ($1.45 in chips) 
Seat 5: Alfarr ($0.80 in chips) 
Seat 6: Murcaz ($1.94 in chips) 
Seat 7: Dorex2007 ($2 in chips) 
Seat 8: perffect16 ($3.78 in chips) 
Seat 9: Foszi68 ($0.73 in chips) 
Alfarr: posts small blind $0.01
Murcaz: posts big blind $0.02
*** HOLE CARDS ***
Dealt to Dorex2007 [Ks 2h]
Dorex2007: folds 
perffect16: folds 
Foszi68: folds 
pepasaol: folds 
weverson315: raises $0.02 to $0.04
Félix83: folds 
Alfarr: folds 
Murcaz: calls $0.02
*** FLOP *** [4d Jd 5c]
Murcaz: bets $0.06
weverson315: folds 
Uncalled bet ($0.06) returned to Murcaz
Murcaz collected $0.09 from pot
*** SUMMARY ***
Total pot $0.09 | Rake $0 
Board [4d Jd 5c]
Seat 2: pepasaol folded before Flop (didn't bet)
Seat 3: weverson315 folded on the Flop
Seat 4: Félix83 (button) folded before Flop (didn't bet)
Seat 5: Alfarr (small blind) folded before Flop
Seat 6: Murcaz (big blind) collected ($0.09)
Seat 7: Dorex2007 folded before Flop (didn't bet)
Seat 8: perffect16 folded before Flop (didn't bet)
Seat 9: Foszi68 folded before Flop (didn't bet)



PokerStars Hand #237281438956:  Hold'em No Limit ($0.01/$0.02 USD) - 2022/07/10 13:24:00 PT [2022/07/10 16:24:00 ET]
Table 'Arethusa III' 9-max Seat #5 is the button
Seat 2: pepasaol ($1.18 in chips) 
Seat 3: weverson315 ($2.01 in chips) 
Seat 4: Félix83 ($1.45 in chips) 
Seat 5: Alfarr ($0.79 in chips) 
Seat 6: Murcaz ($1.99 in chips) 
Seat 7: Dorex2007 ($2 in chips) 
Seat 8: perffect16 ($3.78 in chips) 
Seat 9: Foszi68 ($0.73 in chips) 
Murcaz: posts small blind $0.01
Dorex2007: posts big blind $0.02
*** HOLE CARDS ***
Dealt to Dorex2007 [3s Qh]
perffect16: folds 
Foszi68: folds 
pepasaol: folds 
weverson315: raises $0.02 to $0.04
Félix83: folds 
Alfarr: folds 
Murcaz: raises $0.08 to $0.12
Dorex2007: folds 
weverson315: calls $0.08
*** FLOP *** [4h 8s Kc]
Murcaz: checks 
weverson315: checks 
*** TURN *** [4h 8s Kc] [Kd]
AA Cepera AA leaves the table
Murcaz: bets $0.10
weverson315: folds 
Uncalled bet ($0.10) returned to Murcaz
Murcaz collected $0.25 from pot
*** SUMMARY ***
Total pot $0.26 | Rake $0.01 
Board [4h 8s Kc Kd]
Seat 2: pepasaol folded before Flop (didn't bet)
Seat 3: weverson315 folded on the Turn
Seat 4: Félix83 folded before Flop (didn't bet)
Seat 5: Alfarr (button) folded before Flop (didn't bet)
Seat 6: Murcaz (small blind) collected ($0.25)
Seat 7: Dorex2007 (big blind) folded before Flop
Seat 8: perffect16 folded before Flop (didn't bet)
Seat 9: Foszi68 folded before Flop (didn't bet)



PokerStars Hand #237281465398:  Hold'em No Limit ($0.01/$0.02 USD) - 2022/07/10 13:25:00 PT [2022/07/10 16:25:00 ET]
Table 'Arethusa III' 9-max Seat #6 is the button
Seat 2: pepasaol ($1.18 in chips) 
Seat 3: weverson315 ($2 in chips) 
Seat 4: Félix83 ($1.45 in chips) 
Seat 5: Alfarr ($0.79 in chips) 
Seat 6: Murcaz ($2.12 in chips) 
Seat 7: Dorex2007 ($2 in chips) 
Seat 8: perffect16 ($3.78 in chips) 
Seat 9: Foszi68 ($0.73 in chips) 
Dorex2007: posts small blind $0.01
perffect16: posts big blind $0.02
*** HOLE CARDS ***
Dealt to Dorex2007 [5d 6s]
Foszi68: calls $0.02
pepasaol: raises $0.07 to $0.09
weverson315: folds 
Félix83: folds 
Alfarr: folds 
Murcaz: folds 
Dorex2007: folds 
perffect16: folds 
Foszi68: folds 
Uncalled bet ($0.07) returned to pepasaol
pepasaol collected $0.07 from pot
*** SUMMARY ***
Total pot $0.07 | Rake $0 
Seat 2: pepasaol collected ($0.07)
Seat 3: weverson315 folded before Flop (didn't bet)
Seat 4: Félix83 folded before Flop (didn't bet)
Seat 5: Alfarr folded before Flop (didn't bet)
Seat 6: Murcaz (button) folded before Flop (didn't bet)
Seat 7: Dorex2007 (small blind) folded before Flop
Seat 8: perffect16 (big blind) folded before Flop
Seat 9: Foszi68 folded before Flop



PokerStars Hand #237281477058:  Hold'em No Limit ($0.01/$0.02 USD) - 2022/07/10 13:25:27 PT [2022/07/10 16:25:27 ET]
Table 'Arethusa III' 9-max Seat #7 is the button
Seat 2: pepasaol ($1.23 in chips) 
Seat 3: weverson315 ($2 in chips) 
Seat 4: Félix83 ($1.45 in chips) 
Seat 5: Alfarr ($0.79 in chips) 
Seat 6: Murcaz ($2.12 in chips) 
Seat 7: Dorex2007 ($2 in chips) 
Seat 8: perffect16 ($3.76 in chips) 
Seat 9: Foszi68 ($0.71 in chips) 
perffect16: posts small blind $0.01
Foszi68: posts big blind $0.02
*** HOLE CARDS ***
Dealt to Dorex2007 [6h 3d]
pepasaol: raises $0.02 to $0.04
weverson315: calls $0.04
Félix83: raises $0.02 to $0.06
Alfarr: folds 
Murcaz: raises $0.12 to $0.18
Dorex2007: folds 
perffect16: folds 
Foszi68: folds 
pepasaol: calls $0.14
weverson315: calls $0.14
Félix83: calls $0.12
*** FLOP *** [8h 6d 5s]
pepasaol: checks 
weverson315: bets $0.02
Félix83: calls $0.02
AAyloedxa joins the table at seat #1 
Murcaz: calls $0.02
pepasaol: raises $0.02 to $0.04
weverson315: calls $0.02
Félix83: calls $0.02
Murcaz: calls $0.02
*** TURN *** [8h 6d 5s] [Qd]
pepasaol: bets $0.44
weverson315: folds 
Félix83: folds 
Murcaz: raises $1.46 to $1.90 and is all-in
pepasaol: calls $0.57 and is all-in
Uncalled bet ($0.89) returned to Murcaz
*** RIVER *** [8h 6d 5s Qd] [Jc]
*** SHOW DOWN ***
pepasaol: shows [5d 5h] (three of a kind, Fives)
Murcaz: shows [Ah Qh] (a pair of Queens)
pepasaol collected $2.83 from pot
*** SUMMARY ***
Total pot $2.93 | Rake $0.10 
Board [8h 6d 5s Qd Jc]
Seat 2: pepasaol showed [5d 5h] and won ($2.83) with three of a kind, Fives
Seat 3: weverson315 folded on the Turn
Seat 4: Félix83 folded on the Turn
Seat 5: Alfarr folded before Flop (didn't bet)
Seat 6: Murcaz showed [Ah Qh] and lost with a pair of Queens
Seat 7: Dorex2007 (button) folded before Flop (didn't bet)
Seat 8: perffect16 (small blind) folded before Flop
Seat 9: Foszi68 (big blind) folded before Flop



PokerStars Hand #237281537038:  Hold'em No Limit ($0.01/$0.02 USD) - 2022/07/10 13:27:46 PT [2022/07/10 16:27:46 ET]
Table 'Arethusa III' 9-max Seat #8 is the button
Seat 1: AAyloedxa ($2 in chips) 
Seat 2: pepasaol ($2.83 in chips) 
Seat 3: weverson315 ($2 in chips) 
Seat 4: Félix83 ($1.23 in chips) 
Seat 5: Alfarr ($0.79 in chips) 
Seat 6: Murcaz ($0.89 in chips) 
Seat 7: Dorex2007 ($2 in chips) 
Seat 8: perffect16 ($3.75 in chips) 
Seat 9: Foszi68 ($0.69 in chips) 
Foszi68: posts small blind $0.01
AAyloedxa: posts big blind $0.02
*** HOLE CARDS ***
Dealt to Dorex2007 [7s 4d]
pepasaol: folds 
weverson315: folds 
Félix83: folds 
Alfarr: folds 
Murcaz: folds 
Dorex2007: folds 
perffect16: calls $0.02
Foszi68: calls $0.01
AAyloedxa: raises $1.98 to $2 and is all-in
perffect16: folds 
Foszi68: folds 
Uncalled bet ($1.98) returned to AAyloedxa
AAyloedxa collected $0.06 from pot
*** SUMMARY ***
Total pot $0.06 | Rake $0 
Seat 1: AAyloedxa (big blind) collected ($0.06)
Seat 2: pepasaol folded before Flop (didn't bet)
Seat 3: weverson315 folded before Flop (didn't bet)
Seat 4: Félix83 folded before Flop (didn't bet)
Seat 5: Alfarr folded before Flop (didn't bet)
Seat 6: Murcaz folded before Flop (didn't bet)
Seat 7: Dorex2007 folded before Flop (didn't bet)
Seat 8: perffect16 (button) folded before Flop
Seat 9: Foszi68 (small blind) folded before Flop



PokerStars Hand #237281552643:  Hold'em No Limit ($0.01/$0.02 USD) - 2022/07/10 13:28:22 PT [2022/07/10 16:28:22 ET]
Table 'Arethusa III' 9-max Seat #9 is the button
Seat 2: pepasaol ($2.83 in chips) 
Seat 3: weverson315 ($2 in chips) 
Seat 4: Félix83 ($1.23 in chips) 
Seat 5: Alfarr ($0.79 in chips) 
Seat 6: Murcaz ($0.89 in chips) 
Seat 7: Dorex2007 ($2 in chips) 
Seat 8: perffect16 ($3.73 in chips) 
Seat 9: Foszi68 ($0.67 in chips) 
AAyloedxa leaves the table
pepasaol: posts small blind $0.01
weverson315: posts big blind $0.02
*** HOLE CARDS ***
Dealt to Dorex2007 [Ks 8s]
Félix83: calls $0.02
Alfarr: folds 
Murcaz: folds 
Dorex2007: folds 
perffect16: folds 
Foszi68: folds 
pepasaol: raises $0.04 to $0.06
weverson315: calls $0.04
Félix83: calls $0.04
*** FLOP *** [Kc 6s 3s]
pepasaol: checks 
weverson315: checks 
Félix83: checks 
*** TURN *** [Kc 6s 3s] [4d]
pepasaol: checks 
weverson315: checks 
Félix83: checks 
*** RIVER *** [Kc 6s 3s 4d] [4s]
pepasaol: checks 
weverson315: checks 
Félix83: checks 
*** SHOW DOWN ***
pepasaol: shows [Ad Qd] (a pair of Fours)
weverson315: mucks hand 
Félix83: shows [6d Jd] (two pair, Sixes and Fours)
Félix83 collected $0.17 from pot
*** SUMMARY ***
Total pot $0.18 | Rake $0.01 
Board [Kc 6s 3s 4d 4s]
Seat 2: pepasaol (small blind) showed [Ad Qd] and lost with a pair of Fours
Seat 3: weverson315 (big blind) mucked [5c 9c]
Seat 4: Félix83 showed [6d Jd] and won ($0.17) with two pair, Sixes and Fours
Seat 5: Alfarr folded before Flop (didn't bet)
Seat 6: Murcaz folded before Flop (didn't bet)
Seat 7: Dorex2007 folded before Flop (didn't bet)
Seat 8: perffect16 folded before Flop (didn't bet)
Seat 9: Foszi68 (button) folded before Flop (didn't bet)



PokerStars Hand #237281590561:  Hold'em No Limit ($0.01/$0.02 USD) - 2022/07/10 13:29:25 PT [2022/07/10 16:29:25 ET]
Table 'Arethusa III' 9-max Seat #2 is the button
Seat 2: pepasaol ($2.77 in chips) 
Seat 3: weverson315 ($2 in chips) 
Seat 4: Félix83 ($1.34 in chips) 
Seat 5: Alfarr ($0.79 in chips) 
Seat 6: Murcaz ($0.89 in chips) 
Seat 7: Dorex2007 ($2 in chips) 
Seat 8: perffect16 ($3.73 in chips) 
Seat 9: Foszi68 ($0.67 in chips) 
weverson315: posts small blind $0.01
Félix83: posts big blind $0.02
*** HOLE CARDS ***
Dealt to Dorex2007 [7d 6c]
Alfarr: folds 
Murcaz: folds 
Dorex2007: folds 
perffect16: folds 
Foszi68: folds 
pepasaol: folds 
weverson315: raises $0.02 to $0.04
Alfarr leaves the table
Félix83: folds 
Uncalled bet ($0.02) returned to weverson315
weverson315 collected $0.04 from pot
*** SUMMARY ***
Total pot $0.04 | Rake $0 
Seat 2: pepasaol (button) folded before Flop (didn't bet)
Seat 3: weverson315 (small blind) collected ($0.04)
Seat 4: Félix83 (big blind) folded before Flop
Seat 5: Alfarr folded before Flop (didn't bet)
Seat 6: Murcaz folded before Flop (didn't bet)
Seat 7: Dorex2007 folded before Flop (didn't bet)
Seat 8: perffect16 folded before Flop (didn't bet)
Seat 9: Foszi68 folded before Flop (didn't bet)



PokerStars Hand #237281599397:  Hold'em No Limit ($0.01/$0.02 USD) - 2022/07/10 13:29:45 PT [2022/07/10 16:29:45 ET]
Table 'Arethusa III' 9-max Seat #3 is the button
Seat 2: pepasaol ($2.77 in chips) 
Seat 3: weverson315 ($2.02 in chips) 
Seat 4: Félix83 ($1.32 in chips) 
Seat 6: Murcaz ($0.89 in chips) 
Seat 7: Dorex2007 ($2 in chips) 
Seat 8: perffect16 ($3.73 in chips) 
Seat 9: Foszi68 ($0.67 in chips) 
Félix83: posts small blind $0.01
Murcaz: posts big blind $0.02
*** HOLE CARDS ***
Dealt to Dorex2007 [7h Qd]
Dorex2007: folds 
perffect16: folds 
Foszi68: folds 
pepasaol: folds 
weverson315: folds 
Félix83: folds 
Uncalled bet ($0.01) returned to Murcaz
Murcaz collected $0.02 from pot
*** SUMMARY ***
Total pot $0.02 | Rake $0 
Seat 2: pepasaol folded before Flop (didn't bet)
Seat 3: weverson315 (button) folded before Flop (didn't bet)
Seat 4: Félix83 (small blind) folded before Flop
Seat 6: Murcaz (big blind) collected ($0.02)
Seat 7: Dorex2007 folded before Flop (didn't bet)
Seat 8: perffect16 folded before Flop (didn't bet)
Seat 9: Foszi68 folded before Flop (didn't bet)



PokerStars Hand #237281606496:  Hold'em No Limit ($0.01/$0.02 USD) - 2022/07/10 13:30:02 PT [2022/07/10 16:30:02 ET]
Table 'Arethusa III' 9-max Seat #4 is the button
Seat 2: pepasaol ($2.77 in chips) 
Seat 3: weverson315 ($2.02 in chips) 
Seat 4: Félix83 ($1.31 in chips) 
Seat 6: Murcaz ($0.90 in chips) 
Seat 7: Dorex2007 ($2 in chips) 
Seat 8: perffect16 ($3.73 in chips) 
Seat 9: Foszi68 ($0.67 in chips) 
Murcaz: posts small blind $0.01
Dorex2007: posts big blind $0.02
*** HOLE CARDS ***
Dealt to Dorex2007 [Th Jc]
perffect16: folds 
Foszi68: calls $0.02
pepasaol: folds 
weverson315: folds 
Félix83: calls $0.02
Murcaz: calls $0.01
Dorex2007: checks 
*** FLOP *** [7c Ts 4c]
Murcaz: checks 
Dorex2007: bets $0.08
Foszi68: folds 
Félix83: folds 
Murcaz: folds 
Uncalled bet ($0.08) returned to Dorex2007
Dorex2007 collected $0.08 from pot
*** SUMMARY ***
Total pot $0.08 | Rake $0 
Board [7c Ts 4c]
Seat 2: pepasaol folded before Flop (didn't bet)
Seat 3: weverson315 folded before Flop (didn't bet)
Seat 4: Félix83 (button) folded on the Flop
Seat 6: Murcaz (small blind) folded on the Flop
Seat 7: Dorex2007 (big blind) collected ($0.08)
Seat 8: perffect16 folded before Flop (didn't bet)
Seat 9: Foszi68 folded on the Flop



PokerStars Hand #237281626807:  Hold'em No Limit ($0.01/$0.02 USD) - 2022/07/10 13:30:49 PT [2022/07/10 16:30:49 ET]
Table 'Arethusa III' 9-max Seat #6 is the button
Seat 2: pepasaol ($2.77 in chips) 
Seat 3: weverson315 ($2.02 in chips) 
Seat 4: Félix83 ($1.29 in chips) 
Seat 6: Murcaz ($0.88 in chips) 
Seat 7: Dorex2007 ($2.06 in chips) 
Seat 8: perffect16 ($3.73 in chips) 
Seat 9: Foszi68 ($0.65 in chips) 
Dorex2007: posts small blind $0.01
perffect16: posts big blind $0.02
*** HOLE CARDS ***
Dealt to Dorex2007 [Qs Jc]
Foszi68: calls $0.02
gloommyrat joins the table at seat #1 
pepasaol: folds 
weverson315: folds 
Félix83: folds 
Murcaz: folds 
watersofain joins the table at seat #5 
Dorex2007: raises $0.02 to $0.04
perffect16: folds 
Foszi68: calls $0.02
*** FLOP *** [9h 9s Ts]
Dorex2007: checks 
Foszi68: checks 
*** TURN *** [9h 9s Ts] [Qd]
Dorex2007: bets $0.07
Foszi68: calls $0.07
*** RIVER *** [9h 9s Ts Qd] [5c]
Dorex2007: bets $0.11
Foszi68: calls $0.11
*** SHOW DOWN ***
Dorex2007: shows [Qs Jc] (two pair, Queens and Nines)
Foszi68: mucks hand 
Dorex2007 collected $0.44 from pot
*** SUMMARY ***
Total pot $0.46 | Rake $0.02 
Board [9h 9s Ts Qd 5c]
Seat 2: pepasaol folded before Flop (didn't bet)
Seat 3: weverson315 folded before Flop (didn't bet)
Seat 4: Félix83 folded before Flop (didn't bet)
Seat 6: Murcaz (button) folded before Flop (didn't bet)
Seat 7: Dorex2007 (small blind) showed [Qs Jc] and won ($0.44) with two pair, Queens and Nines
Seat 8: perffect16 (big blind) folded before Flop
Seat 9: Foszi68 mucked [Kd 8d]



PokerStars Hand #237281672260:  Hold'em No Limit ($0.01/$0.02 USD) - 2022/07/10 13:32:14 PT [2022/07/10 16:32:14 ET]
Table 'Arethusa III' 9-max Seat #7 is the button
Seat 2: pepasaol ($2.77 in chips) 
Seat 3: weverson315 ($2.02 in chips) 
Seat 4: Félix83 ($1.29 in chips) 
Seat 5: watersofain ($0.86 in chips) 
Seat 6: Murcaz ($0.88 in chips) 
Seat 7: Dorex2007 ($2.28 in chips) 
Seat 8: perffect16 ($3.71 in chips) 
Seat 9: Foszi68 ($0.43 in chips) 
perffect16: posts small blind $0.01
Foszi68: posts big blind $0.02
gloommyrat: sits out 
watersofain: posts big blind $0.02
*** HOLE CARDS ***
Dealt to Dorex2007 [3d 2s]
pepasaol has timed out
pepasaol: folds 
weverson315: folds 
Félix83: folds 
watersofain: checks 
Murcaz: raises $0.08 to $0.10
Dorex2007: folds 
perffect16: folds 
Foszi68: folds 
watersofain: folds 
Uncalled bet ($0.08) returned to Murcaz
Murcaz collected $0.07 from pot
*** SUMMARY ***
Total pot $0.07 | Rake $0 
Seat 2: pepasaol folded before Flop (didn't bet)
Seat 3: weverson315 folded before Flop (didn't bet)
Seat 4: Félix83 folded before Flop (didn't bet)
Seat 5: watersofain folded before Flop (didn't bet)
Seat 6: Murcaz collected ($0.07)
Seat 7: Dorex2007 (button) folded before Flop (didn't bet)
Seat 8: perffect16 (small blind) folded before Flop
Seat 9: Foszi68 (big blind) folded before Flop



PokerStars Hand #237281691918:  Hold'em No Limit ($0.01/$0.02 USD) - 2022/07/10 13:33:00 PT [2022/07/10 16:33:00 ET]
Table 'Arethusa III' 9-max Seat #8 is the button
Seat 1: gloommyrat ($2 in chips) 
Seat 2: pepasaol ($2.77 in chips) 
Seat 3: weverson315 ($2.02 in chips) 
Seat 4: Félix83 ($1.29 in chips) 
Seat 5: watersofain ($0.84 in chips) 
Seat 6: Murcaz ($0.93 in chips) 
Seat 7: Dorex2007 ($2.28 in chips) 
Seat 8: perffect16 ($3.70 in chips) 
Seat 9: Foszi68 ($0.41 in chips) 
Foszi68: posts small blind $0.01
gloommyrat: posts big blind $0.02
*** HOLE CARDS ***
Dealt to Dorex2007 [4h 2d]
pepasaol has timed out
pepasaol: folds 
weverson315: raises $0.02 to $0.04
Félix83: folds 
watersofain: calls $0.04
Murcaz: folds 
Dorex2007: folds 
perffect16: raises $0.04 to $0.08
Foszi68: folds 
gloommyrat: folds 
weverson315: calls $0.04
pepasaol leaves the table
watersofain: calls $0.04
*** FLOP *** [8s Ah Th]
lemontr3 joins the table at seat #2 
weverson315: checks 
watersofain: checks 
perffect16: bets $0.13
weverson315: calls $0.13
watersofain: folds 
*** TURN *** [8s Ah Th] [9h]
weverson315: checks 
perffect16: checks 
*** RIVER *** [8s Ah Th 9h] [Ks]
weverson315: checks 
perffect16: checks 
*** SHOW DOWN ***
weverson315: shows [Jc 9c] (a pair of Nines)
perffect16: shows [Jh Ac] (a pair of Aces)
perffect16 collected $0.51 from pot
*** SUMMARY ***
Total pot $0.53 | Rake $0.02 
Board [8s Ah Th 9h Ks]
Seat 1: gloommyrat (big blind) folded before Flop
Seat 2: pepasaol folded before Flop (didn't bet)
Seat 3: weverson315 showed [Jc 9c] and lost with a pair of Nines
Seat 4: Félix83 folded before Flop (didn't bet)
Seat 5: watersofain folded on the Flop
Seat 6: Murcaz folded before Flop (didn't bet)
Seat 7: Dorex2007 folded before Flop (didn't bet)
Seat 8: perffect16 (button) showed [Jh Ac] and won ($0.51) with a pair of Aces
Seat 9: Foszi68 (small blind) folded before Flop



PokerStars Hand #237281737765:  Hold'em No Limit ($0.01/$0.02 USD) - 2022/07/10 13:34:48 PT [2022/07/10 16:34:48 ET]
Table 'Arethusa III' 9-max Seat #9 is the button
Seat 1: gloommyrat ($2 in chips) 
Seat 2: lemontr3 ($2 in chips) 
Seat 3: weverson315 ($2 in chips) 
Seat 4: Félix83 ($1.29 in chips) 
Seat 5: watersofain ($0.76 in chips) 
Seat 6: Murcaz ($0.93 in chips) 
Seat 7: Dorex2007 ($2.28 in chips) 
Seat 8: perffect16 ($4 in chips) 
Seat 9: Foszi68 ($0.40 in chips) 
gloommyrat: posts small blind $0.01
lemontr3: posts big blind $0.02
*** HOLE CARDS ***
Dealt to Dorex2007 [3d 4d]
weverson315: folds 
Félix83: folds 
watersofain: folds 
Murcaz: calls $0.02
Dorex2007: folds 
perffect16: folds 
Foszi68: folds 
gloommyrat: folds 
lemontr3: checks 
*** FLOP *** [6d Jd Kh]
lemontr3: checks 
Murcaz: checks 
*** TURN *** [6d Jd Kh] [9d]
lemontr3: bets $0.03
Murcaz: calls $0.03
*** RIVER *** [6d Jd Kh 9d] [Ah]
lemontr3: checks 
Murcaz: bets $0.88 and is all-in
lemontr3: folds 
Uncalled bet ($0.88) returned to Murcaz
Murcaz collected $0.11 from pot
*** SUMMARY ***
Total pot $0.11 | Rake $0 
Board [6d Jd Kh 9d Ah]
Seat 1: gloommyrat (small blind) folded before Flop
Seat 2: lemontr3 (big blind) folded on the River
Seat 3: weverson315 folded before Flop (didn't bet)
Seat 4: Félix83 folded before Flop (didn't bet)
Seat 5: watersofain folded before Flop (didn't bet)
Seat 6: Murcaz collected ($0.11)
Seat 7: Dorex2007 folded before Flop (didn't bet)
Seat 8: perffect16 folded before Flop (didn't bet)
Seat 9: Foszi68 (button) folded before Flop (didn't bet)



PokerStars Hand #237281764792:  Hold'em No Limit ($0.01/$0.02 USD) - 2022/07/10 13:35:51 PT [2022/07/10 16:35:51 ET]
Table 'Arethusa III' 9-max Seat #1 is the button
Seat 1: gloommyrat ($2 in chips) 
Seat 2: lemontr3 ($2 in chips) 
Seat 3: weverson315 ($2 in chips) 
Seat 4: Félix83 ($1.29 in chips) 
Seat 5: watersofain ($0.76 in chips) 
Seat 6: Murcaz ($0.99 in chips) 
Seat 7: Dorex2007 ($2.28 in chips) 
Seat 8: perffect16 ($4 in chips) 
Seat 9: Foszi68 ($0.40 in chips) 
lemontr3: posts small blind $0.01
weverson315: posts big blind $0.02
*** HOLE CARDS ***
Dealt to Dorex2007 [Kd 6s]
Félix83 has timed out
Félix83: folds 
watersofain has timed out
watersofain: folds 
Murcaz: folds 
Dorex2007: folds 
perffect16: folds 
Foszi68: folds 
gloommyrat: raises $0.04 to $0.06
lemontr3: folds 
weverson315: folds 
Uncalled bet ($0.04) returned to gloommyrat
gloommyrat collected $0.05 from pot
*** SUMMARY ***
Total pot $0.05 | Rake $0 
Seat 1: gloommyrat (button) collected ($0.05)
Seat 2: lemontr3 (small blind) folded before Flop
Seat 3: weverson315 (big blind) folded before Flop
Seat 4: Félix83 folded before Flop (didn't bet)
Seat 5: watersofain folded before Flop (didn't bet)
Seat 6: Murcaz folded before Flop (didn't bet)
Seat 7: Dorex2007 folded before Flop (didn't bet)
Seat 8: perffect16 folded before Flop (didn't bet)
Seat 9: Foszi68 folded before Flop (didn't bet)



PokerStars Hand #237281817142:  Hold'em No Limit ($0.01/$0.02 USD) - 2022/07/10 13:37:54 PT [2022/07/10 16:37:54 ET]
Table 'Arethusa III' 9-max Seat #5 is the button
Seat 1: gloommyrat ($2 in chips) 
Seat 2: lemontr3 ($2.19 in chips) 
Seat 3: weverson315 ($2 in chips) 
Seat 4: Félix83 ($1.29 in chips) 
Seat 5: watersofain ($0.73 in chips) 
Seat 6: Murcaz ($0.97 in chips) 
Seat 7: Dorex2007 ($2.28 in chips) 
Seat 8: perffect16 ($4 in chips) 
Seat 9: Foszi68 ($0.30 in chips) 
Murcaz: posts small blind $0.01
Dorex2007: posts big blind $0.02
Félix83: posts small & big blinds $0.03
*** HOLE CARDS ***
Dealt to Dorex2007 [Qc 8h]
perffect16: raises $0.08 to $0.10
Foszi68: folds 
gloommyrat: folds 
lemontr3: folds 
weverson315: folds 
Félix83: folds 
watersofain: folds 
Murcaz: folds 
Dorex2007: folds 
Uncalled bet ($0.08) returned to perffect16
perffect16 collected $0.08 from pot
*** SUMMARY ***
Total pot $0.08 | Rake $0 
Seat 1: gloommyrat folded before Flop (didn't bet)
Seat 2: lemontr3 folded before Flop (didn't bet)
Seat 3: weverson315 folded before Flop (didn't bet)
Seat 4: Félix83 folded before Flop (didn't bet)
Seat 5: watersofain (button) folded before Flop (didn't bet)
Seat 6: Murcaz (small blind) folded before Flop
Seat 7: Dorex2007 (big blind) folded before Flop
Seat 8: perffect16 collected ($0.08)
Seat 9: Foszi68 folded before Flop (didn't bet)



PokerStars Hand #237281829755:  Hold'em No Limit ($0.01/$0.02 USD) - 2022/07/10 13:38:24 PT [2022/07/10 16:38:24 ET]
Table 'Arethusa III' 9-max Seat #6 is the button
Seat 1: gloommyrat ($2 in chips) 
Seat 2: lemontr3 ($2.19 in chips) 
Seat 3: weverson315 ($2 in chips) 
Seat 4: Félix83 ($1.26 in chips) 
Seat 5: watersofain ($0.73 in chips) 
Seat 6: Murcaz ($0.96 in chips) 
Seat 7: Dorex2007 ($2.26 in chips) 
Seat 8: perffect16 ($4.06 in chips) 
Seat 9: Foszi68 ($0.30 in chips) 
Dorex2007: posts small blind $0.01
perffect16: posts big blind $0.02
*** HOLE CARDS ***
Dealt to Dorex2007 [Kh Kd]
Foszi68: folds 
gloommyrat: folds 
lemontr3: folds 
weverson315: folds 
Félix83: folds 
watersofain has timed out
watersofain: folds 
Murcaz: folds 
Dorex2007: raises $0.08 to $0.10
perffect16: calls $0.08
*** FLOP *** [4h 3d Ad]
Dorex2007: checks 
perffect16: bets $0.09
Dorex2007: folds 
Uncalled bet ($0.09) returned to perffect16
perffect16 collected $0.19 from pot
*** SUMMARY ***
Total pot $0.20 | Rake $0.01 
Board [4h 3d Ad]
Seat 1: gloommyrat folded before Flop (didn't bet)
Seat 2: lemontr3 folded before Flop (didn't bet)
Seat 3: weverson315 folded before Flop (didn't bet)
Seat 4: Félix83 folded before Flop (didn't bet)
Seat 5: watersofain folded before Flop (didn't bet)
Seat 6: Murcaz (button) folded before Flop (didn't bet)
Seat 7: Dorex2007 (small blind) folded on the Flop
Seat 8: perffect16 (big blind) collected ($0.19)
Seat 9: Foszi68 folded before Flop (didn't bet)



PokerStars Hand #237281846428:  Hold'em No Limit ($0.01/$0.02 USD) - 2022/07/10 13:39:03 PT [2022/07/10 16:39:03 ET]
Table 'Arethusa III' 9-max Seat #7 is the button
Seat 1: gloommyrat ($2 in chips) 
Seat 2: lemontr3 ($2.19 in chips) 
Seat 3: weverson315 ($2 in chips) 
Seat 4: Félix83 ($1.26 in chips) 
Seat 5: watersofain ($0.73 in chips) 
Seat 6: Murcaz ($0.96 in chips) 
Seat 7: Dorex2007 ($2.16 in chips) 
Seat 8: perffect16 ($4.15 in chips) 
Seat 9: Foszi68 ($0.30 in chips) 
perffect16: posts small blind $0.01
Foszi68: posts big blind $0.02
*** HOLE CARDS ***
Dealt to Dorex2007 [4s 5d]
gloommyrat: folds 
lemontr3: folds 
weverson315: raises $0.02 to $0.04
Félix83: folds 
watersofain: folds 
Murcaz: folds 
Dorex2007: folds 
perffect16: folds 
Foszi68: folds 
Uncalled bet ($0.02) returned to weverson315
weverson315 collected $0.05 from pot
*** SUMMARY ***
Total pot $0.05 | Rake $0 
Seat 1: gloommyrat folded before Flop (didn't bet)
Seat 2: lemontr3 folded before Flop (didn't bet)
Seat 3: weverson315 collected ($0.05)
Seat 4: Félix83 folded before Flop (didn't bet)
Seat 5: watersofain folded before Flop (didn't bet)
Seat 6: Murcaz folded before Flop (didn't bet)
Seat 7: Dorex2007 (button) folded before Flop (didn't bet)
Seat 8: perffect16 (small blind) folded before Flop
Seat 9: Foszi68 (big blind) folded before Flop



PokerStars Hand #237281859618:  Hold'em No Limit ($0.01/$0.02 USD) - 2022/07/10 13:39:34 PT [2022/07/10 16:39:34 ET]
Table 'Arethusa III' 9-max Seat #8 is the button
Seat 1: gloommyrat ($2 in chips) 
Seat 2: lemontr3 ($2.19 in chips) 
Seat 3: weverson315 ($2.03 in chips) 
Seat 4: Félix83 ($1.26 in chips) 
Seat 5: watersofain ($0.73 in chips) 
Seat 6: Murcaz ($0.96 in chips) 
Seat 7: Dorex2007 ($2.16 in chips) 
Seat 8: perffect16 ($4.14 in chips) 
Seat 9: Foszi68 ($0.28 in chips) 
Foszi68: posts small blind $0.01
gloommyrat: posts big blind $0.02
*** HOLE CARDS ***
Dealt to Dorex2007 [7h Ah]
lemontr3: folds 
weverson315: folds 
Félix83: folds 
watersofain: folds 
Murcaz: folds 
Dorex2007: raises $0.04 to $0.06
perffect16: folds 
Foszi68: folds 
gloommyrat: folds 
Uncalled bet ($0.04) returned to Dorex2007
Dorex2007 collected $0.05 from pot
*** SUMMARY ***
Total pot $0.05 | Rake $0 
Seat 1: gloommyrat (big blind) folded before Flop
Seat 2: lemontr3 folded before Flop (didn't bet)
Seat 3: weverson315 folded before Flop (didn't bet)
Seat 4: Félix83 folded before Flop (didn't bet)
Seat 5: watersofain folded before Flop (didn't bet)
Seat 6: Murcaz folded before Flop (didn't bet)
Seat 7: Dorex2007 collected ($0.05)
Seat 8: perffect16 (button) folded before Flop (didn't bet)
Seat 9: Foszi68 (small blind) folded before Flop



PokerStars Hand #237281872564:  Hold'em No Limit ($0.01/$0.02 USD) - 2022/07/10 13:40:05 PT [2022/07/10 16:40:05 ET]
Table 'Arethusa III' 9-max Seat #9 is the button
Seat 1: gloommyrat ($2 in chips) 
Seat 2: lemontr3 ($2.19 in chips) 
Seat 3: weverson315 ($2.03 in chips) 
Seat 4: Félix83 ($1.26 in chips) 
Seat 5: watersofain ($0.73 in chips) 
Seat 6: Murcaz ($0.96 in chips) 
Seat 7: Dorex2007 ($2.19 in chips) 
Seat 8: perffect16 ($4.14 in chips) 
Seat 9: Foszi68 ($0.27 in chips) 
gloommyrat: posts small blind $0.01
lemontr3: posts big blind $0.02
*** HOLE CARDS ***
Dealt to Dorex2007 [Tc 3c]
weverson315: folds 
Félix83: folds 
watersofain: raises $0.04 to $0.06
Murcaz: folds 
Dorex2007: folds 
perffect16: folds 
Foszi68: folds 
gloommyrat: folds 
lemontr3: folds 
Uncalled bet ($0.04) returned to watersofain
watersofain collected $0.05 from pot
*** SUMMARY ***
Total pot $0.05 | Rake $0 
Seat 1: gloommyrat (small blind) folded before Flop
Seat 2: lemontr3 (big blind) folded before Flop
Seat 3: weverson315 folded before Flop (didn't bet)
Seat 4: Félix83 folded before Flop (didn't bet)
Seat 5: watersofain collected ($0.05)
Seat 6: Murcaz folded before Flop (didn't bet)
Seat 7: Dorex2007 folded before Flop (didn't bet)
Seat 8: perffect16 folded before Flop (didn't bet)
Seat 9: Foszi68 (button) folded before Flop (didn't bet)



PokerStars Hand #237281883474:  Hold'em No Limit ($0.01/$0.02 USD) - 2022/07/10 13:40:31 PT [2022/07/10 16:40:31 ET]
Table 'Arethusa III' 9-max Seat #1 is the button
Seat 1: gloommyrat ($2 in chips) 
Seat 2: lemontr3 ($2.17 in chips) 
Seat 3: weverson315 ($2.03 in chips) 
Seat 4: Félix83 ($1.26 in chips) 
Seat 5: watersofain ($0.76 in chips) 
Seat 6: Murcaz ($0.96 in chips) 
Seat 7: Dorex2007 ($2.19 in chips) 
Seat 8: perffect16 ($4.14 in chips) 
Seat 9: Foszi68 ($0.27 in chips) 
lemontr3: posts small blind $0.01
weverson315: posts big blind $0.02
*** HOLE CARDS ***
Dealt to Dorex2007 [Ks 3c]
Félix83: folds 
watersofain: folds 
Murcaz: calls $0.02
Dorex2007: folds 
perffect16: folds 
Foszi68: calls $0.02
gloommyrat: raises $0.06 to $0.08
lemontr3: folds 
weverson315: folds 
Murcaz: raises $0.88 to $0.96 and is all-in
Foszi68: calls $0.25 and is all-in
gloommyrat: folds 
Uncalled bet ($0.69) returned to Murcaz
*** FLOP *** [Ac Ts Td]
*** TURN *** [Ac Ts Td] [2d]
*** RIVER *** [Ac Ts Td 2d] [3s]
*** SHOW DOWN ***
Murcaz: shows [Kd Tc] (three of a kind, Tens)
Foszi68: shows [Ad 4d] (two pair, Aces and Tens)
Murcaz collected $0.63 from pot
*** SUMMARY ***
Total pot $0.65 | Rake $0.02 
Board [Ac Ts Td 2d 3s]
Seat 1: gloommyrat (button) folded before Flop
Seat 2: lemontr3 (small blind) folded before Flop
Seat 3: weverson315 (big blind) folded before Flop
Seat 4: Félix83 folded before Flop (didn't bet)
Seat 5: watersofain folded before Flop (didn't bet)
Seat 6: Murcaz showed [Kd Tc] and won ($0.63) with three of a kind, Tens
Seat 7: Dorex2007 folded before Flop (didn't bet)
Seat 8: perffect16 folded before Flop (didn't bet)
Seat 9: Foszi68 showed [Ad 4d] and lost with two pair, Aces and Tens



PokerStars Hand #237281908575:  Hold'em No Limit ($0.01/$0.02 USD) - 2022/07/10 13:41:31 PT [2022/07/10 16:41:31 ET]
Table 'Arethusa III' 9-max Seat #2 is the button
Seat 1: gloommyrat ($2 in chips) 
Seat 2: lemontr3 ($2.16 in chips) 
Seat 3: weverson315 ($2.01 in chips) 
Seat 4: Félix83 ($1.26 in chips) 
Seat 5: watersofain ($0.76 in chips) 
Seat 6: Murcaz ($1.32 in chips) 
Seat 7: Dorex2007 ($2.19 in chips) 
Seat 8: perffect16 ($4.14 in chips) 
weverson315: posts small blind $0.01
Félix83: posts big blind $0.02
*** HOLE CARDS ***
Dealt to Dorex2007 [Ah Ks]
watersofain: folds 
Murcaz: folds 
Dorex2007: raises $0.06 to $0.08
perffect16: folds 
gloommyrat: folds 
lemontr3: folds 
weverson315: folds 
Félix83: folds 
Uncalled bet ($0.06) returned to Dorex2007
Dorex2007 collected $0.05 from pot
*** SUMMARY ***
Total pot $0.05 | Rake $0 
Seat 1: gloommyrat folded before Flop (didn't bet)
Seat 2: lemontr3 (button) folded before Flop (didn't bet)
Seat 3: weverson315 (small blind) folded before Flop
Seat 4: Félix83 (big blind) folded before Flop
Seat 5: watersofain folded before Flop (didn't bet)
Seat 6: Murcaz folded before Flop (didn't bet)
Seat 7: Dorex2007 collected ($0.05)
Seat 8: perffect16 folded before Flop (didn't bet)



PokerStars Hand #237281919217:  Hold'em No Limit ($0.01/$0.02 USD) - 2022/07/10 13:41:56 PT [2022/07/10 16:41:56 ET]
Table 'Arethusa III' 9-max Seat #3 is the button
Seat 1: gloommyrat ($2 in chips) 
Seat 2: lemontr3 ($2.16 in chips) 
Seat 3: weverson315 ($2 in chips) 
Seat 4: Félix83 ($1.24 in chips) 
Seat 5: watersofain ($0.76 in chips) 
Seat 6: Murcaz ($1.32 in chips) 
Seat 7: Dorex2007 ($2.22 in chips) 
Seat 8: perffect16 ($4.14 in chips) 
Félix83: posts small blind $0.01
watersofain: posts big blind $0.02
*** HOLE CARDS ***
Dealt to Dorex2007 [7d Qc]
Murcaz: folds 
Dorex2007: folds 
perffect16: folds 
gloommyrat: folds 
lemontr3: folds 
weverson315: folds 
Félix83: calls $0.01
watersofain: checks 
*** FLOP *** [Qh 3h 5h]
Félix83: checks 
watersofain: checks 
*** TURN *** [Qh 3h 5h] [Ks]
Félix83: checks 
watersofain: checks 
*** RIVER *** [Qh 3h 5h Ks] [6d]
Félix83: bets $0.02
watersofain: folds 
Uncalled bet ($0.02) returned to Félix83
Félix83 collected $0.04 from pot
*** SUMMARY ***
Total pot $0.04 | Rake $0 
Board [Qh 3h 5h Ks 6d]
Seat 1: gloommyrat folded before Flop (didn't bet)
Seat 2: lemontr3 folded before Flop (didn't bet)
Seat 3: weverson315 (button) folded before Flop (didn't bet)
Seat 4: Félix83 (small blind) collected ($0.04)
Seat 5: watersofain (big blind) folded on the River
Seat 6: Murcaz folded before Flop (didn't bet)
Seat 7: Dorex2007 folded before Flop (didn't bet)
Seat 8: perffect16 folded before Flop (didn't bet)



PokerStars Hand #237281949825:  Hold'em No Limit ($0.01/$0.02 USD) - 2022/07/10 13:43:09 PT [2022/07/10 16:43:09 ET]
Table 'Arethusa III' 9-max Seat #4 is the button
Seat 1: gloommyrat ($2 in chips) 
Seat 2: lemontr3 ($2.16 in chips) 
Seat 3: weverson315 ($2 in chips) 
Seat 4: Félix83 ($1.26 in chips) 
Seat 5: watersofain ($0.74 in chips) 
Seat 6: Murcaz ($1.32 in chips) 
Seat 7: Dorex2007 ($2.22 in chips) 
Seat 8: perffect16 ($4.14 in chips) 
watersofain: posts small blind $0.01
Murcaz: posts big blind $0.02
*** HOLE CARDS ***
Dealt to Dorex2007 [7d Ks]
Dorex2007: folds 
perffect16: folds 
gloommyrat: folds 
lemontr3: raises $0.04 to $0.06
weverson315: folds 
Félix83: calls $0.06
watersofain: folds 
Murcaz: raises $0.12 to $0.18
lemontr3: folds 
Félix83: calls $0.12
*** FLOP *** [4s 7c 6c]
Murcaz: bets $1.14 and is all-in
Félix83: folds 
Uncalled bet ($1.14) returned to Murcaz
Murcaz collected $0.41 from pot
*** SUMMARY ***
Total pot $0.43 | Rake $0.02 
Board [4s 7c 6c]
Seat 1: gloommyrat folded before Flop (didn't bet)
Seat 2: lemontr3 folded before Flop
Seat 3: weverson315 folded before Flop (didn't bet)
Seat 4: Félix83 (button) folded on the Flop
Seat 5: watersofain (small blind) folded before Flop
Seat 6: Murcaz (big blind) collected ($0.41)
Seat 7: Dorex2007 folded before Flop (didn't bet)
Seat 8: perffect16 folded before Flop (didn't bet)



PokerStars Hand #237281981197:  Hold'em No Limit ($0.01/$0.02 USD) - 2022/07/10 13:44:23 PT [2022/07/10 16:44:23 ET]
Table 'Arethusa III' 9-max Seat #5 is the button
Seat 1: gloommyrat ($2 in chips) 
Seat 2: lemontr3 ($2.10 in chips) 
Seat 3: weverson315 ($2 in chips) 
Seat 4: Félix83 ($1.08 in chips) 
Seat 5: watersofain ($0.73 in chips) 
Seat 6: Murcaz ($1.55 in chips) 
Seat 7: Dorex2007 ($2.22 in chips) 
Seat 8: perffect16 ($4.14 in chips) 
Murcaz: posts small blind $0.01
Dorex2007: posts big blind $0.02
*** HOLE CARDS ***
Dealt to Dorex2007 [7d Ad]
perffect16: folds 
gloommyrat: folds 
lemontr3: folds 
weverson315: folds 
Félix83: folds 
watersofain: folds 
Murcaz: calls $0.01
Dorex2007: checks 
*** FLOP *** [Th 6c Ac]
Murcaz: checks 
Dorex2007: bets $0.04
Murcaz: calls $0.04
*** TURN *** [Th 6c Ac] [5s]
Murcaz: bets $0.10
Dorex2007: folds 
Uncalled bet ($0.10) returned to Murcaz
Murcaz collected $0.12 from pot
*** SUMMARY ***
Total pot $0.12 | Rake $0 
Board [Th 6c Ac 5s]
Seat 1: gloommyrat folded before Flop (didn't bet)
Seat 2: lemontr3 folded before Flop (didn't bet)
Seat 3: weverson315 folded before Flop (didn't bet)
Seat 4: Félix83 folded before Flop (didn't bet)
Seat 5: watersofain (button) folded before Flop (didn't bet)
Seat 6: Murcaz (small blind) collected ($0.12)
Seat 7: Dorex2007 (big blind) folded on the Turn
Seat 8: perffect16 folded before Flop (didn't bet)



PokerStars Hand #237282008611:  Hold'em No Limit ($0.01/$0.02 USD) - 2022/07/10 13:45:28 PT [2022/07/10 16:45:28 ET]
Table 'Arethusa III' 9-max Seat #6 is the button
Seat 1: gloommyrat ($2 in chips) 
Seat 2: lemontr3 ($2.10 in chips) 
Seat 3: weverson315 ($2 in chips) 
Seat 4: Félix83 ($1.08 in chips) 
Seat 5: watersofain ($0.73 in chips) 
Seat 6: Murcaz ($1.61 in chips) 
Seat 7: Dorex2007 ($2.16 in chips) 
Seat 8: perffect16 ($4.14 in chips) 
Dorex2007: posts small blind $0.01
perffect16: posts big blind $0.02
*** HOLE CARDS ***
Dealt to Dorex2007 [Jc 3c]
gloommyrat: raises $0.04 to $0.06
lemontr3: raises $0.12 to $0.18
weverson315: folds 
Félix83: folds 
watersofain: folds 
Murcaz: folds 
Dorex2007: folds 
perffect16: folds 
gloommyrat: folds 
Uncalled bet ($0.12) returned to lemontr3
lemontr3 collected $0.15 from pot
*** SUMMARY ***
Total pot $0.15 | Rake $0 
Seat 1: gloommyrat folded before Flop
Seat 2: lemontr3 collected ($0.15)
Seat 3: weverson315 folded before Flop (didn't bet)
Seat 4: Félix83 folded before Flop (didn't bet)
Seat 5: watersofain folded before Flop (didn't bet)
Seat 6: Murcaz (button) folded before Flop (didn't bet)
Seat 7: Dorex2007 (small blind) folded before Flop
Seat 8: perffect16 (big blind) folded before Flop



PokerStars Hand #237282023081:  Hold'em No Limit ($0.01/$0.02 USD) - 2022/07/10 13:45:51 PT [2022/07/10 16:45:51 ET]
Table 'Arethusa III' 9-max Seat #7 is the button
Seat 1: gloommyrat ($2 in chips) 
Seat 2: lemontr3 ($2.19 in chips) 
Seat 3: weverson315 ($2 in chips) 
Seat 4: Félix83 ($1.08 in chips) 
Seat 5: watersofain ($0.73 in chips) 
Seat 6: Murcaz ($1.61 in chips) 
Seat 7: Dorex2007 ($2.15 in chips) 
Seat 8: perffect16 ($4.12 in chips) 
perffect16: posts small blind $0.01
gloommyrat: posts big blind $0.02
*** HOLE CARDS ***
Dealt to Dorex2007 [3s Tc]
lemontr3: folds 
weverson315: raises $0.02 to $0.04
Félix83: folds 
watersofain: calls $0.04
Murcaz: folds 
Dorex2007: folds 
perffect16: folds 
gloommyrat: folds 
*** FLOP *** [9h Ah Ts]
weverson315: checks 
watersofain: bets $0.08
weverson315: folds 
Uncalled bet ($0.08) returned to watersofain
watersofain collected $0.11 from pot
*** SUMMARY ***
Total pot $0.11 | Rake $0 
Board [9h Ah Ts]
Seat 1: gloommyrat (big blind) folded before Flop
Seat 2: lemontr3 folded before Flop (didn't bet)
Seat 3: weverson315 folded on the Flop
Seat 4: Félix83 folded before Flop (didn't bet)
Seat 5: watersofain collected ($0.11)
Seat 6: Murcaz folded before Flop (didn't bet)
Seat 7: Dorex2007 (button) folded before Flop (didn't bet)
Seat 8: perffect16 (small blind) folded before Flop



PokerStars Hand #237282036250:  Hold'em No Limit ($0.01/$0.02 USD) - 2022/07/10 13:46:22 PT [2022/07/10 16:46:22 ET]
Table 'Arethusa III' 9-max Seat #8 is the button
Seat 1: gloommyrat ($2 in chips) 
Seat 2: lemontr3 ($2.19 in chips) 
Seat 3: weverson315 ($2 in chips) 
Seat 4: Félix83 ($1.08 in chips) 
Seat 5: watersofain ($0.80 in chips) 
Seat 6: Murcaz ($1.61 in chips) 
Seat 7: Dorex2007 ($2.15 in chips) 
Seat 8: perffect16 ($4.11 in chips) 
gloommyrat: posts small blind $0.01
lemontr3: posts big blind $0.02
*** HOLE CARDS ***
Dealt to Dorex2007 [Td 6h]
weverson315: folds 
Félix83: folds 
watersofain: calls $0.02
Murcaz: folds 
Dorex2007: folds 
perffect16: calls $0.02
gloommyrat: raises $0.02 to $0.04
lemontr3: folds 
watersofain: calls $0.02
perffect16: calls $0.02
*** FLOP *** [Th Ts Ks]
gloommyrat: checks 
watersofain: checks 
perffect16: checks 
*** TURN *** [Th Ts Ks] [3c]
gloommyrat: checks 
watersofain: bets $0.07
perffect16: folds 
gloommyrat: folds 
Uncalled bet ($0.07) returned to watersofain
watersofain collected $0.14 from pot
*** SUMMARY ***
Total pot $0.14 | Rake $0 
Board [Th Ts Ks 3c]
Seat 1: gloommyrat (small blind) folded on the Turn
Seat 2: lemontr3 (big blind) folded before Flop
Seat 3: weverson315 folded before Flop (didn't bet)
Seat 4: Félix83 folded before Flop (didn't bet)
Seat 5: watersofain collected ($0.14)
Seat 6: Murcaz folded before Flop (didn't bet)
Seat 7: Dorex2007 folded before Flop (didn't bet)
Seat 8: perffect16 (button) folded on the Turn



PokerStars Hand #237282063246:  Hold'em No Limit ($0.01/$0.02 USD) - 2022/07/10 13:47:26 PT [2022/07/10 16:47:26 ET]
Table 'Arethusa III' 9-max Seat #1 is the button
Seat 1: gloommyrat ($2 in chips) 
Seat 2: lemontr3 ($2.17 in chips) 
Seat 3: weverson315 ($2 in chips) 
Seat 4: Félix83 ($1.08 in chips) 
Seat 5: watersofain ($0.90 in chips) 
Seat 6: Murcaz ($1.61 in chips) 
Seat 7: Dorex2007 ($2.15 in chips) 
Seat 8: perffect16 ($4.07 in chips) 
lemontr3: posts small blind $0.01
weverson315: posts big blind $0.02
*** HOLE CARDS ***
Dealt to Dorex2007 [Qd 5h]
Félix83: folds 
watersofain: folds 
Murcaz: calls $0.02
Dorex2007: folds 
perffect16: folds 
gloommyrat: calls $0.02
lemontr3: folds 
weverson315: checks 
*** FLOP *** [7s 6s 4d]
weverson315: checks 
Murcaz: bets $0.07
gloommyrat: raises $0.15 to $0.22
weverson315: folds 
Murcaz: raises $1.37 to $1.59 and is all-in
gloommyrat: calls $1.37
*** TURN *** [7s 6s 4d] [6c]
*** RIVER *** [7s 6s 4d 6c] [5d]
*** SHOW DOWN ***
Murcaz: shows [7d As] (two pair, Sevens and Sixes)
gloommyrat: shows [6d 7h] (a full house, Sixes full of Sevens)
gloommyrat collected $3.14 from pot
*** SUMMARY ***
Total pot $3.25 | Rake $0.11 
Board [7s 6s 4d 6c 5d]
Seat 1: gloommyrat (button) showed [6d 7h] and won ($3.14) with a full house, Sixes full of Sevens
Seat 2: lemontr3 (small blind) folded before Flop
Seat 3: weverson315 (big blind) folded on the Flop
Seat 4: Félix83 folded before Flop (didn't bet)
Seat 5: watersofain folded before Flop (didn't bet)
Seat 6: Murcaz showed [7d As] and lost with two pair, Sevens and Sixes
Seat 7: Dorex2007 folded before Flop (didn't bet)
Seat 8: perffect16 folded before Flop (didn't bet)



PokerStars Hand #237282097023:  Hold'em No Limit ($0.01/$0.02 USD) - 2022/07/10 13:48:47 PT [2022/07/10 16:48:47 ET]
Table 'Arethusa III' 9-max Seat #2 is the button
Seat 1: gloommyrat ($3.53 in chips) 
Seat 2: lemontr3 ($2.16 in chips) 
Seat 3: weverson315 ($2 in chips) 
Seat 4: Félix83 ($1.08 in chips) 
Seat 5: watersofain ($0.90 in chips) 
Seat 7: Dorex2007 ($2.15 in chips) 
Seat 8: perffect16 ($4.07 in chips) 
Seat 9: Foszi68 ($0.80 in chips) 
weverson315: posts small blind $0.01
Félix83: posts big blind $0.02
Foszi68: posts small & big blinds $0.03
*** HOLE CARDS ***
Dealt to Dorex2007 [6d 4d]
Murcaz leaves the table
watersofain: folds 
Dorex2007: folds 
perffect16: folds 
Foszi68: checks 
gloommyrat: raises $0.04 to $0.06
lemontr3: raises $0.11 to $0.17
weverson315: folds 
Félix83: folds 
Foszi68: calls $0.15
gloommyrat: calls $0.11
*** FLOP *** [Jd Qd 2h]
Foszi68: checks 
gloommyrat: checks 
lemontr3: bets $0.26
Foszi68: folds 
gloommyrat: folds 
Uncalled bet ($0.26) returned to lemontr3
lemontr3 collected $0.53 from pot
*** SUMMARY ***
Total pot $0.55 | Rake $0.02 
Board [Jd Qd 2h]
Seat 1: gloommyrat folded on the Flop
Seat 2: lemontr3 (button) collected ($0.53)
Seat 3: weverson315 (small blind) folded before Flop
Seat 4: Félix83 (big blind) folded before Flop
Seat 5: watersofain folded before Flop (didn't bet)
Seat 7: Dorex2007 folded before Flop (didn't bet)
Seat 8: perffect16 folded before Flop (didn't bet)
Seat 9: Foszi68 folded on the Flop



PokerStars Hand #237282125690:  Hold'em No Limit ($0.01/$0.02 USD) - 2022/07/10 13:49:54 PT [2022/07/10 16:49:54 ET]
Table 'Arethusa III' 9-max Seat #3 is the button
Seat 1: gloommyrat ($3.36 in chips) 
Seat 2: lemontr3 ($2.52 in chips) 
Seat 3: weverson315 ($2 in chips) 
Seat 4: Félix83 ($1.06 in chips) 
Seat 5: watersofain ($0.90 in chips) 
Seat 7: Dorex2007 ($2.15 in chips) 
Seat 8: perffect16 ($4.07 in chips) 
Seat 9: Foszi68 ($0.62 in chips) 
Félix83: posts small blind $0.01
watersofain: posts big blind $0.02
Nachtogen1: sits out 
*** HOLE CARDS ***
Dealt to Dorex2007 [3c 8s]
Dorex2007: folds 
perffect16: folds 
Foszi68: calls $0.02
gloommyrat: folds 
lemontr3: folds 
weverson315: folds 
Félix83: calls $0.01
watersofain: raises $0.04 to $0.06
Foszi68: calls $0.04
Félix83: calls $0.04
*** FLOP *** [Tc 5s Ks]
Félix83: checks 
watersofain: checks 
Foszi68: bets $0.02
Félix83: raises $0.11 to $0.13
watersofain: folds 
Foszi68: raises $0.43 to $0.56 and is all-in
Félix83: calls $0.43
*** TURN *** [Tc 5s Ks] [6d]
*** RIVER *** [Tc 5s Ks 6d] [9d]
*** SHOW DOWN ***
Félix83: shows [8c Kd] (a pair of Kings)
Foszi68: shows [Kc Qc] (a pair of Kings - Queen kicker)
Foszi68 collected $1.25 from pot
Félix83 cashed out the hand for $0.17
*** SUMMARY ***
Total pot $1.30 | Rake $0.05 
Board [Tc 5s Ks 6d 9d]
Seat 1: gloommyrat folded before Flop (didn't bet)
Seat 2: lemontr3 folded before Flop (didn't bet)
Seat 3: weverson315 (button) folded before Flop (didn't bet)
Seat 4: Félix83 (small blind) showed [8c Kd] and lost with a pair of Kings (cashed out).
Seat 5: watersofain (big blind) folded on the Flop
Seat 7: Dorex2007 folded before Flop (didn't bet)
Seat 8: perffect16 folded before Flop (didn't bet)
Seat 9: Foszi68 showed [Kc Qc] and won ($1.25) with a pair of Kings



PokerStars Hand #237282166204:  Hold'em No Limit ($0.01/$0.02 USD) - 2022/07/10 13:51:31 PT [2022/07/10 16:51:31 ET]
Table 'Arethusa III' 9-max Seat #4 is the button
Seat 1: gloommyrat ($3.36 in chips) 
Seat 2: lemontr3 ($2.52 in chips) 
Seat 3: weverson315 ($2 in chips) 
Seat 4: Félix83 ($0.61 in chips) 
Seat 5: watersofain ($0.84 in chips) 
Seat 6: Nachtogen1 ($2 in chips) 
Seat 7: Dorex2007 ($2.15 in chips) 
Seat 8: perffect16 ($4.07 in chips) 
Seat 9: Foszi68 ($1.25 in chips) 
watersofain: posts small blind $0.01
Nachtogen1: posts big blind $0.02
*** HOLE CARDS ***
Dealt to Dorex2007 [Js 6c]
Dorex2007: folds 
perffect16: folds 
Foszi68: folds 
gloommyrat: folds 
lemontr3: folds 
weverson315: folds 
Félix83: calls $0.02
watersofain: raises $0.04 to $0.06
Nachtogen1: folds 
Félix83: calls $0.04
*** FLOP *** [4s 3c Jh]
perffect16 is disconnected 
watersofain: bets $0.07
Félix83: folds 
Uncalled bet ($0.07) returned to watersofain
watersofain collected $0.14 from pot
*** SUMMARY ***
Total pot $0.14 | Rake $0 
Board [4s 3c Jh]
Seat 1: gloommyrat folded before Flop (didn't bet)
Seat 2: lemontr3 folded before Flop (didn't bet)
Seat 3: weverson315 folded before Flop (didn't bet)
Seat 4: Félix83 (button) folded on the Flop
Seat 5: watersofain (small blind) collected ($0.14)
Seat 6: Nachtogen1 (big blind) folded before Flop
Seat 7: Dorex2007 folded before Flop (didn't bet)
Seat 8: perffect16 folded before Flop (didn't bet)
Seat 9: Foszi68 folded before Flop (didn't bet)



PokerStars Hand #237282183354:  Hold'em No Limit ($0.01/$0.02 USD) - 2022/07/10 13:52:12 PT [2022/07/10 16:52:12 ET]
Table 'Arethusa III' 9-max Seat #5 is the button
Seat 1: gloommyrat ($3.36 in chips) 
Seat 2: lemontr3 ($2.52 in chips) 
Seat 3: weverson315 ($2 in chips) 
Seat 4: Félix83 ($0.55 in chips) 
Seat 5: watersofain ($0.92 in chips) 
Seat 6: Nachtogen1 ($1.98 in chips) 
Seat 7: Dorex2007 ($2.15 in chips) 
Seat 8: perffect16 ($4.07 in chips) 
Seat 9: Foszi68 ($1.25 in chips) 
Nachtogen1: posts small blind $0.01
Dorex2007: posts big blind $0.02
*** HOLE CARDS ***
Dealt to Dorex2007 [9d Th]
perffect16 has timed out while disconnected
perffect16: folds 
Foszi68: calls $0.02
gloommyrat: folds 
lemontr3: folds 
weverson315: folds 
Félix83: folds 
watersofain: folds 
Nachtogen1: folds 
Dorex2007: checks 
*** FLOP *** [9h 3c Ah]
Dorex2007: checks 
Foszi68: checks 
*** TURN *** [9h 3c Ah] [8s]
Dorex2007: bets $0.05
Foszi68: folds 
Uncalled bet ($0.05) returned to Dorex2007
Dorex2007 collected $0.05 from pot
*** SUMMARY ***
Total pot $0.05 | Rake $0 
Board [9h 3c Ah 8s]
Seat 1: gloommyrat folded before Flop (didn't bet)
Seat 2: lemontr3 folded before Flop (didn't bet)
Seat 3: weverson315 folded before Flop (didn't bet)
Seat 4: Félix83 folded before Flop (didn't bet)
Seat 5: watersofain (button) folded before Flop (didn't bet)
Seat 6: Nachtogen1 (small blind) folded before Flop
Seat 7: Dorex2007 (big blind) collected ($0.05)
Seat 8: perffect16 folded before Flop (didn't bet)
Seat 9: Foszi68 folded on the Turn



PokerStars Hand #237282197886:  Hold'em No Limit ($0.01/$0.02 USD) - 2022/07/10 13:52:48 PT [2022/07/10 16:52:48 ET]
Table 'Arethusa III' 9-max Seat #6 is the button
Seat 1: gloommyrat ($3.36 in chips) 
Seat 2: lemontr3 ($2.52 in chips) 
Seat 3: weverson315 ($2 in chips) 
Seat 4: Félix83 ($0.55 in chips) 
Seat 5: watersofain ($0.92 in chips) 
Seat 6: Nachtogen1 ($1.97 in chips) 
Seat 7: Dorex2007 ($2.18 in chips) 
Seat 9: Foszi68 ($1.23 in chips) 
Dorex2007: posts small blind $0.01
Foszi68: posts big blind $0.02
*** HOLE CARDS ***
Dealt to Dorex2007 [2h 3d]
gloommyrat: folds 
lemontr3: raises $0.04 to $0.06
weverson315 has timed out
weverson315: folds 
Félix83: folds 
watersofain: folds 
Nachtogen1: folds 
Dorex2007: folds 
Foszi68: folds 
Uncalled bet ($0.04) returned to lemontr3
lemontr3 collected $0.05 from pot
*** SUMMARY ***
Total pot $0.05 | Rake $0 
Seat 1: gloommyrat folded before Flop (didn't bet)
Seat 2: lemontr3 collected ($0.05)
Seat 3: weverson315 folded before Flop (didn't bet)
Seat 4: Félix83 folded before Flop (didn't bet)
Seat 5: watersofain folded before Flop (didn't bet)
Seat 6: Nachtogen1 (button) folded before Flop (didn't bet)
Seat 7: Dorex2007 (small blind) folded before Flop
Seat 9: Foszi68 (big blind) folded before Flop



PokerStars Hand #237282214256:  Hold'em No Limit ($0.01/$0.02 USD) - 2022/07/10 13:53:28 PT [2022/07/10 16:53:28 ET]
Table 'Arethusa III' 9-max Seat #7 is the button
Seat 1: gloommyrat ($3.36 in chips) 
Seat 2: lemontr3 ($2.55 in chips) 
Seat 3: weverson315 ($2 in chips) 
Seat 4: Félix83 ($0.55 in chips) 
Seat 5: watersofain ($0.92 in chips) 
Seat 6: Nachtogen1 ($1.97 in chips) 
Seat 7: Dorex2007 ($2.17 in chips) 
Seat 9: Foszi68 ($1.21 in chips) 
Foszi68: posts small blind $0.01
gloommyrat: posts big blind $0.02
*** HOLE CARDS ***
Dealt to Dorex2007 [9c Qs]
lemontr3: folds 
weverson315: folds 
Félix83: folds 
watersofain: calls $0.02
Nachtogen1: folds 
Dorex2007: folds 
Foszi68: calls $0.01
gloommyrat: checks 
*** FLOP *** [7s Jh Tc]
Foszi68: checks 
gloommyrat: bets $0.04
watersofain: folds 
Foszi68: folds 
Uncalled bet ($0.04) returned to gloommyrat
gloommyrat collected $0.06 from pot
*** SUMMARY ***
Total pot $0.06 | Rake $0 
Board [7s Jh Tc]
Seat 1: gloommyrat (big blind) collected ($0.06)
Seat 2: lemontr3 folded before Flop (didn't bet)
Seat 3: weverson315 folded before Flop (didn't bet)
Seat 4: Félix83 folded before Flop (didn't bet)
Seat 5: watersofain folded on the Flop
Seat 6: Nachtogen1 folded before Flop (didn't bet)
Seat 7: Dorex2007 (button) folded before Flop (didn't bet)
Seat 9: Foszi68 (small blind) folded on the Flop



PokerStars Hand #237282231094:  Hold'em No Limit ($0.01/$0.02 USD) - 2022/07/10 13:54:08 PT [2022/07/10 16:54:08 ET]
Table 'Arethusa III' 9-max Seat #9 is the button
Seat 1: gloommyrat ($3.40 in chips) 
Seat 2: lemontr3 ($2.55 in chips) 
Seat 3: weverson315 ($2 in chips) 
Seat 4: Félix83 ($0.55 in chips) 
Seat 5: watersofain ($0.90 in chips) 
Seat 6: Nachtogen1 ($1.97 in chips) 
Seat 7: Dorex2007 ($2.17 in chips) 
Seat 9: Foszi68 ($1.19 in chips) 
gloommyrat: posts small blind $0.01
lemontr3: posts big blind $0.02
perffect16: is sitting out 
*** HOLE CARDS ***
Dealt to Dorex2007 [Jh 5d]
perffect16 leaves the table
weverson315: calls $0.02
Félix83: folds 
watersofain: folds 
Nachtogen1: folds 
Dorex2007: folds 
Foszi68: folds 
gloommyrat: raises $0.06 to $0.08
lemontr3: folds 
weverson315: calls $0.06
*** FLOP *** [9s Jc Th]
gloommyrat: bets $0.10
weverson315: calls $0.10
*** TURN *** [9s Jc Th] [Jd]
gloommyrat: checks 
weverson315: checks 
*** RIVER *** [9s Jc Th Jd] [Kh]
gloommyrat: bets $0.20
weverson315: calls $0.20
*** SHOW DOWN ***
gloommyrat: shows [Qs Qd] (a straight, Nine to King)
djkimera joins the table at seat #8 
weverson315: mucks hand 
gloommyrat collected $0.75 from pot
*** SUMMARY ***
Total pot $0.78 | Rake $0.03 
Board [9s Jc Th Jd Kh]
Seat 1: gloommyrat (small blind) showed [Qs Qd] and won ($0.75) with a straight, Nine to King
Seat 2: lemontr3 (big blind) folded before Flop
Seat 3: weverson315 mucked [2d Kd]
Seat 4: Félix83 folded before Flop (didn't bet)
Seat 5: watersofain folded before Flop (didn't bet)
Seat 6: Nachtogen1 folded before Flop (didn't bet)
Seat 7: Dorex2007 folded before Flop (didn't bet)
Seat 9: Foszi68 (button) folded before Flop (didn't bet)



PokerStars Hand #237282248545:  Hold'em No Limit ($0.01/$0.02 USD) - 2022/07/10 13:54:51 PT [2022/07/10 16:54:51 ET]
Table 'Arethusa III' 9-max Seat #1 is the button
Seat 1: gloommyrat ($3.77 in chips) 
Seat 2: lemontr3 ($2.53 in chips) 
Seat 3: weverson315 ($2 in chips) 
Seat 4: Félix83 ($0.55 in chips) 
Seat 5: watersofain ($0.90 in chips) 
Seat 6: Nachtogen1 ($1.97 in chips) 
Seat 7: Dorex2007 ($2.17 in chips) 
Seat 9: Foszi68 ($1.19 in chips) 
lemontr3: posts small blind $0.01
weverson315: posts big blind $0.02
djkimera: sits out 
*** HOLE CARDS ***
Dealt to Dorex2007 [Qh Kh]
Félix83: folds 
watersofain: folds 
Nachtogen1: folds 
Dorex2007: raises $0.04 to $0.06
Foszi68: folds 
gloommyrat: calls $0.06
lemontr3: folds 
weverson315: calls $0.04
*** FLOP *** [Jh 4d Jc]
weverson315: checks 
Dorex2007: checks 
gloommyrat: checks 
*** TURN *** [Jh 4d Jc] [Kd]
weverson315: checks 
Dorex2007: bets $0.12
gloommyrat: calls $0.12
weverson315: folds 
*** RIVER *** [Jh 4d Jc Kd] [Qs]
Dorex2007: bets $0.20
gloommyrat: raises $0.28 to $0.48
Dorex2007: calls $0.28
*** SHOW DOWN ***
gloommyrat: shows [Ac Js] (three of a kind, Jacks)
Dorex2007: mucks hand 
gloommyrat collected $1.34 from pot
*** SUMMARY ***
Total pot $1.39 | Rake $0.05 
Board [Jh 4d Jc Kd Qs]
Seat 1: gloommyrat (button) showed [Ac Js] and won ($1.34) with three of a kind, Jacks
Seat 2: lemontr3 (small blind) folded before Flop
Seat 3: weverson315 (big blind) folded on the Turn
Seat 4: Félix83 folded before Flop (didn't bet)
Seat 5: watersofain folded before Flop (didn't bet)
Seat 6: Nachtogen1 folded before Flop (didn't bet)
Seat 7: Dorex2007 mucked [Qh Kh]
Seat 9: Foszi68 folded before Flop (didn't bet)



PokerStars Hand #237282263854:  Hold'em No Limit ($0.01/$0.02 USD) - 2022/07/10 13:55:40 PT [2022/07/10 16:55:40 ET]
Table 'Arethusa III' 9-max Seat #2 is the button
Seat 1: gloommyrat ($4.45 in chips) 
Seat 2: lemontr3 ($2.52 in chips) 
Seat 3: weverson315 ($2 in chips) 
Seat 4: Félix83 ($0.55 in chips) 
Seat 5: watersofain ($0.90 in chips) 
Seat 6: Nachtogen1 ($1.97 in chips) 
Seat 7: Dorex2007 ($2 in chips) 
Seat 8: djkimera ($2 in chips) 
Seat 9: Foszi68 ($1.19 in chips) 
weverson315: posts small blind $0.01
Félix83: posts big blind $0.02
djkimera: posts big blind $0.02
*** HOLE CARDS ***
Dealt to Dorex2007 [Qs 6c]
watersofain: folds 
Nachtogen1: folds 
Dorex2007: folds 
djkimera: checks 
Foszi68: folds 
gloommyrat: raises $0.06 to $0.08
lemontr3: folds 
Foszi68 leaves the table
weverson315: folds 
Félix83: folds 
djkimera: folds 
Uncalled bet ($0.06) returned to gloommyrat
gloommyrat collected $0.07 from pot
*** SUMMARY ***
Total pot $0.07 | Rake $0 
Seat 1: gloommyrat collected ($0.07)
Seat 2: lemontr3 (button) folded before Flop (didn't bet)
Seat 3: weverson315 (small blind) folded before Flop
Seat 4: Félix83 (big blind) folded before Flop
Seat 5: watersofain folded before Flop (didn't bet)
Seat 6: Nachtogen1 folded before Flop (didn't bet)
Seat 7: Dorex2007 folded before Flop (didn't bet)
Seat 8: djkimera folded before Flop (didn't bet)
Seat 9: Foszi68 folded before Flop (didn't bet)



PokerStars Hand #237282271516:  Hold'em No Limit ($0.01/$0.02 USD) - 2022/07/10 13:56:08 PT [2022/07/10 16:56:08 ET]
Table 'Arethusa III' 9-max Seat #3 is the button
Seat 1: gloommyrat ($4.50 in chips) 
Seat 2: lemontr3 ($2.52 in chips) 
Seat 3: weverson315 ($2 in chips) 
Seat 4: Félix83 ($0.53 in chips) 
Seat 5: watersofain ($0.90 in chips) 
Seat 6: Nachtogen1 ($1.97 in chips) 
Seat 7: Dorex2007 ($2 in chips) 
Seat 8: djkimera ($2 in chips) 
Félix83: posts small blind $0.01
watersofain: posts big blind $0.02
*** HOLE CARDS ***
Dealt to Dorex2007 [Jc Td]
Nachtogen1: folds 
polAAgt joins the table at seat #9 
Dorex2007: folds 
djkimera: folds 
gloommyrat: folds 
lemontr3: folds 
weverson315: folds 
Félix83: calls $0.01
watersofain: checks 
*** FLOP *** [6c 8c Ah]
Félix83: checks 
watersofain: checks 
*** TURN *** [6c 8c Ah] [9d]
Félix83: checks 
polAAgt leaves the table
watersofain: checks 
*** RIVER *** [6c 8c Ah 9d] [Qs]
ktsiaras joins the table at seat #9 
Félix83: checks 
watersofain: checks 
*** SHOW DOWN ***
Félix83: shows [5h 3c] (high card Ace)
watersofain: shows [7h 4c] (high card Ace - Queen+Nine+Eight+Seven kicker)
watersofain collected $0.04 from pot
*** SUMMARY ***
Total pot $0.04 | Rake $0 
Board [6c 8c Ah 9d Qs]
Seat 1: gloommyrat folded before Flop (didn't bet)
Seat 2: lemontr3 folded before Flop (didn't bet)
Seat 3: weverson315 (button) folded before Flop (didn't bet)
Seat 4: Félix83 (small blind) showed [5h 3c] and lost with high card Ace
Seat 5: watersofain (big blind) showed [7h 4c] and won ($0.04) with high card Ace
Seat 6: Nachtogen1 folded before Flop (didn't bet)
Seat 7: Dorex2007 folded before Flop (didn't bet)
Seat 8: djkimera folded before Flop (didn't bet)



PokerStars Hand #237282296928:  Hold'em No Limit ($0.01/$0.02 USD) - 2022/07/10 13:57:39 PT [2022/07/10 16:57:39 ET]
Table 'Arethusa III' 9-max Seat #4 is the button
Seat 1: gloommyrat ($4.50 in chips) 
Seat 2: lemontr3 ($2.52 in chips) 
Seat 3: weverson315 ($2 in chips) 
Seat 4: Félix83 ($0.51 in chips) 
Seat 5: watersofain ($0.92 in chips) 
Seat 6: Nachtogen1 ($1.97 in chips) 
Seat 7: Dorex2007 ($2 in chips) 
Seat 8: djkimera ($2 in chips) 
Seat 9: ktsiaras ($2 in chips) 
watersofain: posts small blind $0.01
Nachtogen1: posts big blind $0.02
ktsiaras: posts big blind $0.02
*** HOLE CARDS ***
Dealt to Dorex2007 [Kc 2c]
Dorex2007: folds 
djkimera: folds 
ktsiaras: checks 
gloommyrat: folds 
lemontr3: folds 
weverson315: folds 
Félix83: folds 
watersofain: raises $0.04 to $0.06
Nachtogen1: folds 
ktsiaras: folds 
Uncalled bet ($0.04) returned to watersofain
watersofain collected $0.06 from pot
*** SUMMARY ***
Total pot $0.06 | Rake $0 
Seat 1: gloommyrat folded before Flop (didn't bet)
Seat 2: lemontr3 folded before Flop (didn't bet)
Seat 3: weverson315 folded before Flop (didn't bet)
Seat 4: Félix83 (button) folded before Flop (didn't bet)
Seat 5: watersofain (small blind) collected ($0.06)
Seat 6: Nachtogen1 (big blind) folded before Flop
Seat 7: Dorex2007 folded before Flop (didn't bet)
Seat 8: djkimera folded before Flop (didn't bet)
Seat 9: ktsiaras folded before Flop (didn't bet)



PokerStars Hand #237282304950:  Hold'em No Limit ($0.01/$0.02 USD) - 2022/07/10 13:58:08 PT [2022/07/10 16:58:08 ET]
Table 'Arethusa III' 9-max Seat #5 is the button
Seat 1: gloommyrat ($4.50 in chips) 
Seat 2: lemontr3 ($2.52 in chips) 
Seat 3: weverson315 ($2 in chips) 
Seat 4: Félix83 ($0.51 in chips) 
Seat 5: watersofain ($0.96 in chips) 
Seat 6: Nachtogen1 ($1.95 in chips) 
Seat 7: Dorex2007 ($2 in chips) 
Seat 8: djkimera ($2 in chips) 
Seat 9: ktsiaras ($1.98 in chips) 
Nachtogen1: posts small blind $0.01
Dorex2007: posts big blind $0.02
*** HOLE CARDS ***
Dealt to Dorex2007 [4s Td]
djkimera: raises $0.03 to $0.05
ktsiaras: folds 
gloommyrat: folds 
lemontr3: folds 
weverson315: folds 
Félix83: folds 
watersofain: calls $0.05
Nachtogen1: calls $0.04
Dorex2007: folds 
*** FLOP *** [Ad As Tc]
Nachtogen1: checks 
djkimera: checks 
watersofain: checks 
*** TURN *** [Ad As Tc] [2s]
Nachtogen1: checks 
djkimera: checks 
watersofain: checks 
*** RIVER *** [Ad As Tc 2s] [Th]
Nachtogen1: checks 
djkimera: checks 
watersofain: checks 
*** SHOW DOWN ***
Nachtogen1: shows [Kh Qc] (two pair, Aces and Tens)
djkimera: mucks hand 
watersofain: mucks hand 
Nachtogen1 collected $0.16 from pot
*** SUMMARY ***
Total pot $0.17 | Rake $0.01 
Board [Ad As Tc 2s Th]
Seat 1: gloommyrat folded before Flop (didn't bet)
Seat 2: lemontr3 folded before Flop (didn't bet)
Seat 3: weverson315 folded before Flop (didn't bet)
Seat 4: Félix83 folded before Flop (didn't bet)
Seat 5: watersofain (button) mucked [6h 5h]
Seat 6: Nachtogen1 (small blind) showed [Kh Qc] and won ($0.16) with two pair, Aces and Tens
Seat 7: Dorex2007 (big blind) folded before Flop
Seat 8: djkimera mucked [Qd 8d]
Seat 9: ktsiaras folded before Flop (didn't bet)



PokerStars Hand #237282320661:  Hold'em No Limit ($0.01/$0.02 USD) - 2022/07/10 13:59:04 PT [2022/07/10 16:59:04 ET]
Table 'Arethusa III' 9-max Seat #6 is the button
Seat 1: gloommyrat ($4.50 in chips) 
Seat 2: lemontr3 ($2.52 in chips) 
Seat 3: weverson315 ($2 in chips) 
Seat 4: Félix83 ($0.51 in chips) 
Seat 5: watersofain ($0.91 in chips) 
Seat 6: Nachtogen1 ($2.06 in chips) 
Seat 7: Dorex2007 ($2 in chips) 
Seat 8: djkimera ($2 in chips) 
Seat 9: ktsiaras ($1.98 in chips) 
Dorex2007: posts small blind $0.01
djkimera: posts big blind $0.02
*** HOLE CARDS ***
Dealt to Dorex2007 [8h 6d]
ktsiaras: folds 
gloommyrat: raises $0.04 to $0.06
lemontr3: folds 
weverson315: folds 
Félix83: folds 
watersofain: folds 
Nachtogen1: raises $0.16 to $0.22
Dorex2007: folds 
djkimera: folds 
gloommyrat: folds 
Uncalled bet ($0.16) returned to Nachtogen1
Nachtogen1 collected $0.15 from pot
*** SUMMARY ***
Total pot $0.15 | Rake $0 
Seat 1: gloommyrat folded before Flop
Seat 2: lemontr3 folded before Flop (didn't bet)
Seat 3: weverson315 folded before Flop (didn't bet)
Seat 4: Félix83 folded before Flop (didn't bet)
Seat 5: watersofain folded before Flop (didn't bet)
Seat 6: Nachtogen1 (button) collected ($0.15)
Seat 7: Dorex2007 (small blind) folded before Flop
Seat 8: djkimera (big blind) folded before Flop
Seat 9: ktsiaras folded before Flop (didn't bet)



PokerStars Hand #237282330809:  Hold'em No Limit ($0.01/$0.02 USD) - 2022/07/10 13:59:40 PT [2022/07/10 16:59:40 ET]
Table 'Arethusa III' 9-max Seat #7 is the button
Seat 1: gloommyrat ($4.44 in chips) 
Seat 2: lemontr3 ($2.52 in chips) 
Seat 3: weverson315 ($2 in chips) 
Seat 4: Félix83 ($0.51 in chips) 
Seat 5: watersofain ($0.91 in chips) 
Seat 6: Nachtogen1 ($2.15 in chips) 
Seat 7: Dorex2007 ($2 in chips) 
Seat 8: djkimera ($2 in chips) 
Seat 9: ktsiaras ($1.98 in chips) 
djkimera: posts small blind $0.01
ktsiaras: posts big blind $0.02
*** HOLE CARDS ***
Dealt to Dorex2007 [3s 5s]
gloommyrat: folds 
lemontr3: folds 
weverson315: raises $0.02 to $0.04
Félix83: folds 
watersofain: folds 
Nachtogen1: folds 
Dorex2007: folds 
djkimera: calls $0.03
ktsiaras: calls $0.02
*** FLOP *** [9h Ah 3c]
djkimera: checks 
ktsiaras: checks 
weverson315: checks 
*** TURN *** [9h Ah 3c] [Qs]
djkimera: bets $0.12
ktsiaras: folds 
weverson315: folds 
Uncalled bet ($0.12) returned to djkimera
djkimera collected $0.12 from pot
*** SUMMARY ***
Total pot $0.12 | Rake $0 
Board [9h Ah 3c Qs]
Seat 1: gloommyrat folded before Flop (didn't bet)
Seat 2: lemontr3 folded before Flop (didn't bet)
Seat 3: weverson315 folded on the Turn
Seat 4: Félix83 folded before Flop (didn't bet)
Seat 5: watersofain folded before Flop (didn't bet)
Seat 6: Nachtogen1 folded before Flop (didn't bet)
Seat 7: Dorex2007 (button) folded before Flop (didn't bet)
Seat 8: djkimera (small blind) collected ($0.12)
Seat 9: ktsiaras (big blind) folded on the Turn



PokerStars Hand #237282340427:  Hold'em No Limit ($0.01/$0.02 USD) - 2022/07/10 14:00:14 PT [2022/07/10 17:00:14 ET]
Table 'Arethusa III' 9-max Seat #8 is the button
Seat 1: gloommyrat ($4.44 in chips) 
Seat 2: lemontr3 ($2.52 in chips) 
Seat 3: weverson315 ($2 in chips) 
Seat 4: Félix83 ($0.51 in chips) 
Seat 5: watersofain ($0.91 in chips) 
Seat 6: Nachtogen1 ($2.15 in chips) 
Seat 7: Dorex2007 ($2 in chips) 
Seat 8: djkimera ($2.08 in chips) 
Seat 9: ktsiaras ($1.94 in chips) 
ktsiaras: posts small blind $0.01
gloommyrat: posts big blind $0.02
*** HOLE CARDS ***
Dealt to Dorex2007 [Qc Ah]
lemontr3: folds 
weverson315: raises $0.02 to $0.04
Félix83: folds 
watersofain: folds 
Nachtogen1: folds 
Dorex2007: folds 
djkimera: folds 
watersofain leaves the table
ktsiaras: folds 
gloommyrat: folds 
Uncalled bet ($0.02) returned to weverson315
weverson315 collected $0.05 from pot
*** SUMMARY ***
Total pot $0.05 | Rake $0 
Seat 1: gloommyrat (big blind) folded before Flop
Seat 2: lemontr3 folded before Flop (didn't bet)
Seat 3: weverson315 collected ($0.05)
Seat 4: Félix83 folded before Flop (didn't bet)
Seat 5: watersofain folded before Flop (didn't bet)
Seat 6: Nachtogen1 folded before Flop (didn't bet)
Seat 7: Dorex2007 folded before Flop (didn't bet)
Seat 8: djkimera (button) folded before Flop (didn't bet)
Seat 9: ktsiaras (small blind) folded before Flop



PokerStars Hand #237282350294:  Hold'em No Limit ($0.01/$0.02 USD) - 2022/07/10 14:00:46 PT [2022/07/10 17:00:46 ET]
Table 'Arethusa III' 9-max Seat #9 is the button
Seat 1: gloommyrat ($4.42 in chips) 
Seat 2: lemontr3 ($2.52 in chips) 
Seat 3: weverson315 ($2.03 in chips) 
Seat 4: Félix83 ($0.51 in chips) 
Seat 6: Nachtogen1 ($2.15 in chips) 
Seat 7: Dorex2007 ($2 in chips) 
Seat 8: djkimera ($2.08 in chips) 
Seat 9: ktsiaras ($1.93 in chips) 
gloommyrat: posts small blind $0.01
lemontr3: posts big blind $0.02
*** HOLE CARDS ***
Dealt to Dorex2007 [Qd 9h]
weverson315: folds 
Félix83: calls $0.02
Nachtogen1: folds 
Dorex2007: folds 
djkimera: folds 
ktsiaras: folds 
gloommyrat: raises $0.04 to $0.06
lemontr3: folds 
Félix83: calls $0.04
*** FLOP *** [6h 2s Ts]
f95 düsseldo joins the table at seat #5 
gloommyrat: checks 
Félix83: checks 
*** TURN *** [6h 2s Ts] [7s]
gloommyrat: bets $0.08
Félix83: calls $0.08
*** RIVER *** [6h 2s Ts 7s] [4c]
gloommyrat: bets $0.18
Félix83: calls $0.18
*** SHOW DOWN ***
gloommyrat: shows [8c 9c] (a straight, Six to Ten)
Félix83: mucks hand 
gloommyrat collected $0.64 from pot
*** SUMMARY ***
Total pot $0.66 | Rake $0.02 
Board [6h 2s Ts 7s 4c]
Seat 1: gloommyrat (small blind) showed [8c 9c] and won ($0.64) with a straight, Six to Ten
Seat 2: lemontr3 (big blind) folded before Flop
Seat 3: weverson315 folded before Flop (didn't bet)
Seat 4: Félix83 mucked [As 6d]
Seat 6: Nachtogen1 folded before Flop (didn't bet)
Seat 7: Dorex2007 folded before Flop (didn't bet)
Seat 8: djkimera folded before Flop (didn't bet)
Seat 9: ktsiaras (button) folded before Flop (didn't bet)



PokerStars Hand #237282372272:  Hold'em No Limit ($0.01/$0.02 USD) - 2022/07/10 14:01:37 PT [2022/07/10 17:01:37 ET]
Table 'Arethusa III' 9-max Seat #1 is the button
Seat 1: gloommyrat ($4.74 in chips) 
Seat 2: lemontr3 ($2.50 in chips) 
Seat 3: weverson315 ($2.03 in chips) 
Seat 4: Félix83 ($0.19 in chips) 
Seat 6: Nachtogen1 ($2.15 in chips) 
Seat 7: Dorex2007 ($2 in chips) 
Seat 8: djkimera ($2.08 in chips) 
Seat 9: ktsiaras ($1.93 in chips) 
lemontr3: posts small blind $0.01
weverson315: posts big blind $0.02
f95 düsseldo: sits out 
*** HOLE CARDS ***
Dealt to Dorex2007 [2s Kh]
Félix83: folds 
Nachtogen1: folds 
Dorex2007: folds 
djkimera: raises $0.03 to $0.05
ktsiaras: folds 
gloommyrat: raises $0.11 to $0.16
lemontr3: folds 
weverson315: folds 
djkimera: folds 
Uncalled bet ($0.11) returned to gloommyrat
gloommyrat collected $0.13 from pot
*** SUMMARY ***
Total pot $0.13 | Rake $0 
Seat 1: gloommyrat (button) collected ($0.13)
Seat 2: lemontr3 (small blind) folded before Flop
Seat 3: weverson315 (big blind) folded before Flop
Seat 4: Félix83 folded before Flop (didn't bet)
Seat 6: Nachtogen1 folded before Flop (didn't bet)
Seat 7: Dorex2007 folded before Flop (didn't bet)
Seat 8: djkimera folded before Flop
Seat 9: ktsiaras folded before Flop (didn't bet)



PokerStars Hand #237282385597:  Hold'em No Limit ($0.01/$0.02 USD) - 2022/07/10 14:02:10 PT [2022/07/10 17:02:10 ET]
Table 'Arethusa III' 9-max Seat #2 is the button
Seat 1: gloommyrat ($4.82 in chips) 
Seat 2: lemontr3 ($2.49 in chips) 
Seat 3: weverson315 ($2.01 in chips) 
Seat 4: Félix83 ($0.19 in chips) 
Seat 6: Nachtogen1 ($2.15 in chips) 
Seat 7: Dorex2007 ($2 in chips) 
Seat 8: djkimera ($2.03 in chips) 
Seat 9: ktsiaras ($1.93 in chips) 
weverson315: posts small blind $0.01
Félix83: posts big blind $0.02
f95 düsseldo: sits out 
*** HOLE CARDS ***
Dealt to Dorex2007 [8h 5d]
Nachtogen1: folds 
Dorex2007: folds 
djkimera: raises $0.03 to $0.05
ktsiaras: folds 
gloommyrat: folds 
lemontr3: folds 
weverson315: calls $0.04
Félix83: folds 
*** FLOP *** [2h Kc Kd]
weverson315: checks 
djkimera: bets $0.06
weverson315: folds 
Uncalled bet ($0.06) returned to djkimera
djkimera collected $0.12 from pot
*** SUMMARY ***
Total pot $0.12 | Rake $0 
Board [2h Kc Kd]
Seat 1: gloommyrat folded before Flop (didn't bet)
Seat 2: lemontr3 (button) folded before Flop (didn't bet)
Seat 3: weverson315 (small blind) folded on the Flop
Seat 4: Félix83 (big blind) folded before Flop
Seat 6: Nachtogen1 folded before Flop (didn't bet)
Seat 7: Dorex2007 folded before Flop (didn't bet)
Seat 8: djkimera collected ($0.12)
Seat 9: ktsiaras folded before Flop (didn't bet)



PokerStars Hand #237282394437:  Hold'em No Limit ($0.01/$0.02 USD) - 2022/07/10 14:02:33 PT [2022/07/10 17:02:33 ET]
Table 'Arethusa III' 9-max Seat #3 is the button
Seat 1: gloommyrat ($4.82 in chips) 
Seat 2: lemontr3 ($2.49 in chips) 
Seat 3: weverson315 ($2 in chips) 
Seat 4: Félix83 ($0.17 in chips) 
Seat 5: f95 düsseldo ($1.99 in chips) 
Seat 6: Nachtogen1 ($2.15 in chips) 
Seat 7: Dorex2007 ($2 in chips) 
Seat 8: djkimera ($2.10 in chips) 
Seat 9: ktsiaras ($1.93 in chips) 
Félix83: posts small blind $0.01
f95 düsseldo: posts big blind $0.02
*** HOLE CARDS ***
Dealt to Dorex2007 [9s 7d]
Nachtogen1: raises $0.02 to $0.04
Dorex2007: folds 
djkimera: folds 
ktsiaras: folds 
gloommyrat: folds 
lemontr3: raises $0.05 to $0.09
weverson315: folds 
Félix83: calls $0.08
f95 düsseldo: folds 
Nachtogen1: calls $0.05
*** FLOP *** [5d 8c Kh]
Félix83: checks 
Nachtogen1: checks 
lemontr3: bets $0.15
Félix83: calls $0.08 and is all-in
Nachtogen1: raises $0.25 to $0.40
lemontr3: folds 
Uncalled bet ($0.25) returned to Nachtogen1
*** TURN *** [5d 8c Kh] [Qs]
*** RIVER *** [5d 8c Kh Qs] [2s]
*** SHOW DOWN ***
Nachtogen1: shows [Jc Ks] (a pair of Kings)
Nachtogen1 collected $0.14 from side pot
Félix83: shows [Td Ah] (high card Ace)
Nachtogen1 collected $0.51 from main pot
Félix83 cashed out the hand for $0.07
*** SUMMARY ***
Total pot $0.67 Main pot $0.51. Side pot $0.14. | Rake $0.02 
Board [5d 8c Kh Qs 2s]
Seat 1: gloommyrat folded before Flop (didn't bet)
Seat 2: lemontr3 folded on the Flop
Seat 3: weverson315 (button) folded before Flop (didn't bet)
Seat 4: Félix83 (small blind) showed [Td Ah] and lost with high card Ace (cashed out).
Seat 5: f95 düsseldo (big blind) folded before Flop
Seat 6: Nachtogen1 showed [Jc Ks] and won ($0.65) with a pair of Kings
Seat 7: Dorex2007 folded before Flop (didn't bet)
Seat 8: djkimera folded before Flop (didn't bet)
Seat 9: ktsiaras folded before Flop (didn't bet)



PokerStars Hand #237282423892:  Hold'em No Limit ($0.01/$0.02 USD) - 2022/07/10 14:03:46 PT [2022/07/10 17:03:46 ET]
Table 'Arethusa III' 9-max Seat #4 is the button
Seat 1: gloommyrat ($4.82 in chips) 
Seat 2: lemontr3 ($2.25 in chips) 
Seat 3: weverson315 ($2 in chips) 
Seat 4: Félix83 ($0.07 in chips) 
Seat 5: f95 düsseldo ($1.97 in chips) 
Seat 6: Nachtogen1 ($2.56 in chips) 
Seat 7: Dorex2007 ($2 in chips) 
Seat 8: djkimera ($2.10 in chips) 
Seat 9: ktsiaras ($1.93 in chips) 
f95 düsseldo: posts small blind $0.01
Nachtogen1: posts big blind $0.02
*** HOLE CARDS ***
Dealt to Dorex2007 [Qh Kd]
Dorex2007: folds 
djkimera: raises $0.03 to $0.05
ktsiaras: folds 
gloommyrat: folds 
lemontr3: folds 
weverson315: folds 
Félix83: raises $0.02 to $0.07 and is all-in
f95 düsseldo: folds 
Nachtogen1: folds 
djkimera: calls $0.02
*** FLOP *** [2d Qd 3c]
*** TURN *** [2d Qd 3c] [4d]
*** RIVER *** [2d Qd 3c 4d] [7c]
*** SHOW DOWN ***
djkimera: shows [Ks As] (high card Ace)
Félix83: shows [4s Qs] (two pair, Queens and Fours)
Félix83 collected $0.16 from pot
*** SUMMARY ***
Total pot $0.17 | Rake $0.01 
Board [2d Qd 3c 4d 7c]
Seat 1: gloommyrat folded before Flop (didn't bet)
Seat 2: lemontr3 folded before Flop (didn't bet)
Seat 3: weverson315 folded before Flop (didn't bet)
Seat 4: Félix83 (button) showed [4s Qs] and won ($0.16) with two pair, Queens and Fours
Seat 5: f95 düsseldo (small blind) folded before Flop
Seat 6: Nachtogen1 (big blind) folded before Flop
Seat 7: Dorex2007 folded before Flop (didn't bet)
Seat 8: djkimera showed [Ks As] and lost with high card Ace
Seat 9: ktsiaras folded before Flop (didn't bet)



PokerStars Hand #237282437630:  Hold'em No Limit ($0.01/$0.02 USD) - 2022/07/10 14:04:19 PT [2022/07/10 17:04:19 ET]
Table 'Arethusa III' 9-max Seat #5 is the button
Seat 1: gloommyrat ($4.82 in chips) 
Seat 2: lemontr3 ($2.25 in chips) 
Seat 3: weverson315 ($2 in chips) 
Seat 4: Félix83 ($0.16 in chips) 
Seat 5: f95 düsseldo ($1.96 in chips) 
Seat 6: Nachtogen1 ($2.54 in chips) 
Seat 7: Dorex2007 ($2 in chips) 
Seat 8: djkimera ($2.03 in chips) 
Seat 9: ktsiaras ($1.93 in chips) 
Nachtogen1: posts small blind $0.01
Dorex2007: posts big blind $0.02
*** HOLE CARDS ***
Dealt to Dorex2007 [Ts Jd]
djkimera: folds 
ktsiaras: folds 
gloommyrat: folds 
lemontr3: folds 
weverson315: folds 
Félix83: folds 
f95 düsseldo: folds 
Nachtogen1: raises $0.03 to $0.05
Dorex2007: folds 
Uncalled bet ($0.03) returned to Nachtogen1
Nachtogen1 collected $0.04 from pot
*** SUMMARY ***
Total pot $0.04 | Rake $0 
Seat 1: gloommyrat folded before Flop (didn't bet)
Seat 2: lemontr3 folded before Flop (didn't bet)
Seat 3: weverson315 folded before Flop (didn't bet)
Seat 4: Félix83 folded before Flop (didn't bet)
Seat 5: f95 düsseldo (button) folded before Flop (didn't bet)
Seat 6: Nachtogen1 (small blind) collected ($0.04)
Seat 7: Dorex2007 (big blind) folded before Flop
Seat 8: djkimera folded before Flop (didn't bet)
Seat 9: ktsiaras folded before Flop (didn't bet)



PokerStars Hand #237282446714:  Hold'em No Limit ($0.01/$0.02 USD) - 2022/07/10 14:04:41 PT [2022/07/10 17:04:41 ET]
Table 'Arethusa III' 9-max Seat #6 is the button
Seat 1: gloommyrat ($4.82 in chips) 
Seat 2: lemontr3 ($2.25 in chips) 
Seat 3: weverson315 ($2 in chips) 
Seat 4: Félix83 ($0.16 in chips) 
Seat 5: f95 düsseldo ($1.96 in chips) 
Seat 6: Nachtogen1 ($2.56 in chips) 
Seat 7: Dorex2007 ($2 in chips) 
Seat 8: djkimera ($2.03 in chips) 
Seat 9: ktsiaras ($1.93 in chips) 
Dorex2007: posts small blind $0.01
djkimera: posts big blind $0.02
*** HOLE CARDS ***
Dealt to Dorex2007 [3d 9s]
ktsiaras: raises $0.08 to $0.10
gloommyrat: folds 
lemontr3: folds 
weverson315: folds 
Félix83: folds 
f95 düsseldo: folds 
Nachtogen1: folds 
Dorex2007: folds 
djkimera: folds 
Uncalled bet ($0.08) returned to ktsiaras
ktsiaras collected $0.05 from pot
*** SUMMARY ***
Total pot $0.05 | Rake $0 
Seat 1: gloommyrat folded before Flop (didn't bet)
Seat 2: lemontr3 folded before Flop (didn't bet)
Seat 3: weverson315 folded before Flop (didn't bet)
Seat 4: Félix83 folded before Flop (didn't bet)
Seat 5: f95 düsseldo folded before Flop (didn't bet)
Seat 6: Nachtogen1 (button) folded before Flop (didn't bet)
Seat 7: Dorex2007 (small blind) folded before Flop
Seat 8: djkimera (big blind) folded before Flop
Seat 9: ktsiaras collected ($0.05)



PokerStars Hand #237282455199:  Hold'em No Limit ($0.01/$0.02 USD) - 2022/07/10 14:05:02 PT [2022/07/10 17:05:02 ET]
Table 'Arethusa III' 9-max Seat #7 is the button
Seat 1: gloommyrat ($4.82 in chips) 
Seat 2: lemontr3 ($2.25 in chips) 
Seat 3: weverson315 ($2 in chips) 
Seat 4: Félix83 ($0.16 in chips) 
Seat 5: f95 düsseldo ($1.96 in chips) 
Seat 6: Nachtogen1 ($2.56 in chips) 
Seat 7: Dorex2007 ($2 in chips) 
Seat 8: djkimera ($2.01 in chips) 
Seat 9: ktsiaras ($1.96 in chips) 
djkimera: posts small blind $0.01
ktsiaras: posts big blind $0.02
*** HOLE CARDS ***
Dealt to Dorex2007 [5h 4s]
gloommyrat: calls $0.02
lemontr3: folds 
weverson315: calls $0.02
Félix83: folds 
f95 düsseldo: calls $0.02
Nachtogen1: folds 
Dorex2007: folds 
djkimera: calls $0.01
ktsiaras: checks 
*** FLOP *** [Qd Qh Qc]
djkimera: checks 
ktsiaras: checks 
gloommyrat: checks 
weverson315: checks 
f95 düsseldo: checks 
*** TURN *** [Qd Qh Qc] [3d]
djkimera: checks 
ktsiaras: checks 
gloommyrat: checks 
weverson315: checks 
f95 düsseldo: checks 
*** RIVER *** [Qd Qh Qc 3d] [8c]
djkimera: checks 
ktsiaras: checks 
gloommyrat: bets $0.04
weverson315: calls $0.04
f95 düsseldo: folds 
djkimera: folds 
ktsiaras: folds 
*** SHOW DOWN ***
gloommyrat: shows [7h 3h] (a full house, Queens full of Threes)
weverson315: shows [Kd 8d] (a full house, Queens full of Eights)
weverson315 collected $0.17 from pot
*** SUMMARY ***
Total pot $0.18 | Rake $0.01 
Board [Qd Qh Qc 3d 8c]
Seat 1: gloommyrat showed [7h 3h] and lost with a full house, Queens full of Threes
Seat 2: lemontr3 folded before Flop (didn't bet)
Seat 3: weverson315 showed [Kd 8d] and won ($0.17) with a full house, Queens full of Eights
Seat 4: Félix83 folded before Flop (didn't bet)
Seat 5: f95 düsseldo folded on the River
Seat 6: Nachtogen1 folded before Flop (didn't bet)
Seat 7: Dorex2007 (button) folded before Flop (didn't bet)
Seat 8: djkimera (small blind) folded on the River
Seat 9: ktsiaras (big blind) folded on the River



PokerStars Hand #237282485152:  Hold'em No Limit ($0.01/$0.02 USD) - 2022/07/10 14:06:14 PT [2022/07/10 17:06:14 ET]
Table 'Arethusa III' 9-max Seat #8 is the button
Seat 1: gloommyrat ($4.76 in chips) 
Seat 2: lemontr3 ($2.25 in chips) 
Seat 3: weverson315 ($2.11 in chips) 
Seat 4: Félix83 ($0.16 in chips) 
Seat 5: f95 düsseldo ($1.94 in chips) 
Seat 6: Nachtogen1 ($2.56 in chips) 
Seat 7: Dorex2007 ($2 in chips) 
Seat 8: djkimera ($2 in chips) 
Seat 9: ktsiaras ($1.94 in chips) 
ktsiaras: posts small blind $0.01
gloommyrat: posts big blind $0.02
*** HOLE CARDS ***
Dealt to Dorex2007 [As 2c]
lemontr3: folds 
weverson315: folds 
Félix83: folds 
f95 düsseldo: calls $0.02
Nachtogen1: folds 
Dorex2007: folds 
djkimera: folds 
ktsiaras: calls $0.01
gloommyrat: checks 
*** FLOP *** [7s 5h 3d]
ktsiaras: checks 
gloommyrat: checks 
f95 düsseldo: checks 
*** TURN *** [7s 5h 3d] [Kh]
ktsiaras: bets $0.03
gloommyrat: folds 
f95 düsseldo: folds 
Uncalled bet ($0.03) returned to ktsiaras
ktsiaras collected $0.06 from pot
*** SUMMARY ***
Total pot $0.06 | Rake $0 
Board [7s 5h 3d Kh]
Seat 1: gloommyrat (big blind) folded on the Turn
Seat 2: lemontr3 folded before Flop (didn't bet)
Seat 3: weverson315 folded before Flop (didn't bet)
Seat 4: Félix83 folded before Flop (didn't bet)
Seat 5: f95 düsseldo folded on the Turn
Seat 6: Nachtogen1 folded before Flop (didn't bet)
Seat 7: Dorex2007 folded before Flop (didn't bet)
Seat 8: djkimera (button) folded before Flop (didn't bet)
Seat 9: ktsiaras (small blind) collected ($0.06)



PokerStars Hand #237282502729:  Hold'em No Limit ($0.01/$0.02 USD) - 2022/07/10 14:06:57 PT [2022/07/10 17:06:57 ET]
Table 'Arethusa III' 9-max Seat #9 is the button
Seat 1: gloommyrat ($4.74 in chips) 
Seat 2: lemontr3 ($2.25 in chips) 
Seat 3: weverson315 ($2.11 in chips) 
Seat 4: Félix83 ($0.16 in chips) 
Seat 5: f95 düsseldo ($1.92 in chips) 
Seat 6: Nachtogen1 ($2.56 in chips) 
Seat 7: Dorex2007 ($2 in chips) 
Seat 8: djkimera ($2 in chips) 
Seat 9: ktsiaras ($1.98 in chips) 
gloommyrat: posts small blind $0.01
lemontr3: posts big blind $0.02
*** HOLE CARDS ***
Dealt to Dorex2007 [Ks 4d]
weverson315: folds 
Félix83: folds 
f95 düsseldo: folds 
Nachtogen1: folds 
Dorex2007: folds 
djkimera: folds 
ktsiaras: raises $0.05 to $0.07
gloommyrat: folds 
lemontr3: folds 
Uncalled bet ($0.05) returned to ktsiaras
ktsiaras collected $0.05 from pot
*** SUMMARY ***
Total pot $0.05 | Rake $0 
Seat 1: gloommyrat (small blind) folded before Flop
Seat 2: lemontr3 (big blind) folded before Flop
Seat 3: weverson315 folded before Flop (didn't bet)
Seat 4: Félix83 folded before Flop (didn't bet)
Seat 5: f95 düsseldo folded before Flop (didn't bet)
Seat 6: Nachtogen1 folded before Flop (didn't bet)
Seat 7: Dorex2007 folded before Flop (didn't bet)
Seat 8: djkimera folded before Flop (didn't bet)
Seat 9: ktsiaras (button) collected ($0.05)



PokerStars Hand #237282510199:  Hold'em No Limit ($0.01/$0.02 USD) - 2022/07/10 14:07:15 PT [2022/07/10 17:07:15 ET]
Table 'Arethusa III' 9-max Seat #1 is the button
Seat 1: gloommyrat ($4.73 in chips) 
Seat 2: lemontr3 ($2.23 in chips) 
Seat 3: weverson315 ($2.11 in chips) 
Seat 4: Félix83 ($0.16 in chips) 
Seat 5: f95 düsseldo ($1.92 in chips) 
Seat 6: Nachtogen1 ($2.56 in chips) 
Seat 7: Dorex2007 ($2 in chips) 
Seat 8: djkimera ($2 in chips) 
Seat 9: ktsiaras ($2.01 in chips) 
lemontr3: posts small blind $0.01
weverson315: posts big blind $0.02
*** HOLE CARDS ***
Dealt to Dorex2007 [Th Tc]
Félix83: calls $0.02
f95 düsseldo: folds 
Nachtogen1: folds 
Dorex2007: raises $0.06 to $0.08
djkimera: calls $0.08
ktsiaras: folds 
gloommyrat: folds 
lemontr3: folds 
weverson315: calls $0.06
Félix83: calls $0.06
*** FLOP *** [2d Qh Jh]
weverson315: checks 
Félix83: checks 
Dorex2007: checks 
djkimera: checks 
*** TURN *** [2d Qh Jh] [4c]
weverson315: checks 
Félix83: checks 
Dorex2007: bets $0.06
djkimera: raises $0.44 to $0.50
weverson315: folds 
Félix83: folds 
Dorex2007: folds 
Uncalled bet ($0.44) returned to djkimera
djkimera collected $0.43 from pot
*** SUMMARY ***
Total pot $0.45 | Rake $0.02 
Board [2d Qh Jh 4c]
Seat 1: gloommyrat (button) folded before Flop (didn't bet)
Seat 2: lemontr3 (small blind) folded before Flop
Seat 3: weverson315 (big blind) folded on the Turn
Seat 4: Félix83 folded on the Turn
Seat 5: f95 düsseldo folded before Flop (didn't bet)
Seat 6: Nachtogen1 folded before Flop (didn't bet)
Seat 7: Dorex2007 folded on the Turn
Seat 8: djkimera collected ($0.43)
Seat 9: ktsiaras folded before Flop (didn't bet)



PokerStars Hand #237282538788:  Hold'em No Limit ($0.01/$0.02 USD) - 2022/07/10 14:08:24 PT [2022/07/10 17:08:24 ET]
Table 'Arethusa III' 9-max Seat #2 is the button
Seat 1: gloommyrat ($4.73 in chips) 
Seat 2: lemontr3 ($2.22 in chips) 
Seat 3: weverson315 ($2.03 in chips) 
Seat 4: Félix83 ($0.08 in chips) 
Seat 5: f95 düsseldo ($1.92 in chips) 
Seat 6: Nachtogen1 ($2.56 in chips) 
Seat 7: Dorex2007 ($2 in chips) 
Seat 8: djkimera ($2.29 in chips) 
Seat 9: ktsiaras ($2.01 in chips) 
weverson315: posts small blind $0.01
Félix83: posts big blind $0.02
*** HOLE CARDS ***
Dealt to Dorex2007 [3d 5d]
f95 düsseldo: folds 
Nachtogen1: folds 
Dorex2007: folds 
djkimera: raises $0.03 to $0.05
ktsiaras: folds 
gloommyrat: folds 
lemontr3: folds 
weverson315: calls $0.04
Félix83: calls $0.03
*** FLOP *** [9c 7s 4d]
weverson315: checks 
Félix83: checks 
djkimera: checks 
*** TURN *** [9c 7s 4d] [7h]
weverson315: checks 
Félix83: checks 
djkimera: checks 
*** RIVER *** [9c 7s 4d 7h] [Js]
weverson315: checks 
Félix83: bets $0.03 and is all-in
djkimera: calls $0.03
weverson315: folds 
*** SHOW DOWN ***
Félix83: shows [Jd As] (two pair, Jacks and Sevens)
djkimera: shows [Ts Jc] (two pair, Jacks and Sevens - lower kicker)
Félix83 collected $0.20 from pot
*** SUMMARY ***
Total pot $0.21 | Rake $0.01 
Board [9c 7s 4d 7h Js]
Seat 1: gloommyrat folded before Flop (didn't bet)
Seat 2: lemontr3 (button) folded before Flop (didn't bet)
Seat 3: weverson315 (small blind) folded on the River
Seat 4: Félix83 (big blind) showed [Jd As] and won ($0.20) with two pair, Jacks and Sevens
Seat 5: f95 düsseldo folded before Flop (didn't bet)
Seat 6: Nachtogen1 folded before Flop (didn't bet)
Seat 7: Dorex2007 folded before Flop (didn't bet)
Seat 8: djkimera showed [Ts Jc] and lost with two pair, Jacks and Sevens
Seat 9: ktsiaras folded before Flop (didn't bet)



PokerStars Hand #237282570258:  Hold'em No Limit ($0.01/$0.02 USD) - 2022/07/10 14:09:41 PT [2022/07/10 17:09:41 ET]
Table 'Arethusa III' 9-max Seat #3 is the button
Seat 1: gloommyrat ($4.73 in chips) 
Seat 2: lemontr3 ($2.22 in chips) 
Seat 3: weverson315 ($1.98 in chips) 
Seat 4: Félix83 ($0.20 in chips) 
Seat 5: f95 düsseldo ($1.92 in chips) 
Seat 6: Nachtogen1 ($2.56 in chips) 
Seat 7: Dorex2007 ($2 in chips) 
Seat 8: djkimera ($2.21 in chips) 
Seat 9: ktsiaras ($2.01 in chips) 
Félix83: posts small blind $0.01
f95 düsseldo: posts big blind $0.02
*** HOLE CARDS ***
Dealt to Dorex2007 [8s 2c]
Nachtogen1: folds 
Dorex2007: folds 
djkimera: raises $0.03 to $0.05
ktsiaras is disconnected 
ktsiaras has timed out while being disconnected
ktsiaras: folds 
gloommyrat: folds 
lemontr3: raises $0.06 to $0.11
weverson315: folds 
Félix83: folds 
f95 düsseldo: calls $0.09
djkimera: calls $0.06
*** FLOP *** [4d Jc 7c]
f95 düsseldo: bets $0.16
djkimera: folds 
lemontr3: folds 
Uncalled bet ($0.16) returned to f95 düsseldo
f95 düsseldo collected $0.33 from pot
*** SUMMARY ***
Total pot $0.34 | Rake $0.01 
Board [4d Jc 7c]
Seat 1: gloommyrat folded before Flop (didn't bet)
Seat 2: lemontr3 folded on the Flop
Seat 3: weverson315 (button) folded before Flop (didn't bet)
Seat 4: Félix83 (small blind) folded before Flop
Seat 5: f95 düsseldo (big blind) collected ($0.33)
Seat 6: Nachtogen1 folded before Flop (didn't bet)
Seat 7: Dorex2007 folded before Flop (didn't bet)
Seat 8: djkimera folded on the Flop
Seat 9: ktsiaras folded before Flop (didn't bet)



PokerStars Hand #237282598886:  Hold'em No Limit ($0.01/$0.02 USD) - 2022/07/10 14:10:51 PT [2022/07/10 17:10:51 ET]
Table 'Arethusa III' 9-max Seat #4 is the button
Seat 1: gloommyrat ($4.73 in chips) 
Seat 2: lemontr3 ($2.11 in chips) 
Seat 3: weverson315 ($1.98 in chips) 
Seat 4: Félix83 ($0.19 in chips) 
Seat 5: f95 düsseldo ($2.14 in chips) 
Seat 6: Nachtogen1 ($2.56 in chips) 
Seat 7: Dorex2007 ($2 in chips) 
Seat 8: djkimera ($2.10 in chips) 
f95 düsseldo: posts small blind $0.01
Nachtogen1: posts big blind $0.02
*** HOLE CARDS ***
Dealt to Dorex2007 [3d Ts]
Dorex2007: folds 
djkimera: folds 
gloommyrat: folds 
lemontr3: folds 
weverson315: folds 
Félix83: calls $0.02
f95 düsseldo: calls $0.01
Nachtogen1: checks 
*** FLOP *** [7s 6h 8s]
f95 düsseldo: checks 
Nachtogen1: checks 
Félix83: bets $0.17 and is all-in
f95 düsseldo: folds 
Nachtogen1: folds 
Uncalled bet ($0.17) returned to Félix83
Félix83 collected $0.06 from pot
*** SUMMARY ***
Total pot $0.06 | Rake $0 
Board [7s 6h 8s]
Seat 1: gloommyrat folded before Flop (didn't bet)
Seat 2: lemontr3 folded before Flop (didn't bet)
Seat 3: weverson315 folded before Flop (didn't bet)
Seat 4: Félix83 (button) collected ($0.06)
Seat 5: f95 düsseldo (small blind) folded on the Flop
Seat 6: Nachtogen1 (big blind) folded on the Flop
Seat 7: Dorex2007 folded before Flop (didn't bet)
Seat 8: djkimera folded before Flop (didn't bet)



PokerStars Hand #237282617691:  Hold'em No Limit ($0.01/$0.02 USD) - 2022/07/10 14:11:37 PT [2022/07/10 17:11:37 ET]
Table 'Arethusa III' 9-max Seat #5 is the button
Seat 1: gloommyrat ($4.73 in chips) 
Seat 2: lemontr3 ($2.11 in chips) 
Seat 3: weverson315 ($1.98 in chips) 
Seat 4: Félix83 ($0.23 in chips) 
Seat 5: f95 düsseldo ($2.12 in chips) 
Seat 6: Nachtogen1 ($2.54 in chips) 
Seat 7: Dorex2007 ($2 in chips) 
Seat 8: djkimera ($2.10 in chips) 
Nachtogen1: posts small blind $0.01
Dorex2007: posts big blind $0.02
*** HOLE CARDS ***
Dealt to Dorex2007 [4c 2c]
djkimera: folds 
gloommyrat: folds 
lemontr3: folds 
weverson315: folds 
Félix83: raises $0.06 to $0.08
f95 düsseldo: folds 
Nachtogen1: folds 
Dorex2007: folds 
Uncalled bet ($0.06) returned to Félix83
Félix83 collected $0.05 from pot
*** SUMMARY ***
Total pot $0.05 | Rake $0 
Seat 1: gloommyrat folded before Flop (didn't bet)
Seat 2: lemontr3 folded before Flop (didn't bet)
Seat 3: weverson315 folded before Flop (didn't bet)
Seat 4: Félix83 collected ($0.05)
Seat 5: f95 düsseldo (button) folded before Flop (didn't bet)
Seat 6: Nachtogen1 (small blind) folded before Flop
Seat 7: Dorex2007 (big blind) folded before Flop
Seat 8: djkimera folded before Flop (didn't bet)



PokerStars Hand #237282625533:  Hold'em No Limit ($0.01/$0.02 USD) - 2022/07/10 14:11:56 PT [2022/07/10 17:11:56 ET]
Table 'Arethusa III' 9-max Seat #6 is the button
Seat 1: gloommyrat ($4.73 in chips) 
Seat 2: lemontr3 ($2.11 in chips) 
Seat 3: weverson315 ($1.98 in chips) 
Seat 4: Félix83 ($0.26 in chips) 
Seat 5: f95 düsseldo ($2.12 in chips) 
Seat 6: Nachtogen1 ($2.53 in chips) 
Seat 7: Dorex2007 ($2 in chips) 
Seat 8: djkimera ($2.10 in chips) 
Seat 9: ktsiaras ($2.01 in chips) 
Dorex2007: posts small blind $0.01
djkimera: posts big blind $0.02
*** HOLE CARDS ***
Dealt to Dorex2007 [6d 9c]
ktsiaras: folds 
gloommyrat: folds 
lemontr3: folds 
weverson315: folds 
Félix83: folds 
f95 düsseldo: folds 
Nachtogen1: folds 
Dorex2007: folds 
Uncalled bet ($0.01) returned to djkimera
djkimera collected $0.02 from pot
*** SUMMARY ***
Total pot $0.02 | Rake $0 
Seat 1: gloommyrat folded before Flop (didn't bet)
Seat 2: lemontr3 folded before Flop (didn't bet)
Seat 3: weverson315 folded before Flop (didn't bet)
Seat 4: Félix83 folded before Flop (didn't bet)
Seat 5: f95 düsseldo folded before Flop (didn't bet)
Seat 6: Nachtogen1 (button) folded before Flop (didn't bet)
Seat 7: Dorex2007 (small blind) folded before Flop
Seat 8: djkimera (big blind) collected ($0.02)
Seat 9: ktsiaras folded before Flop (didn't bet)



PokerStars Hand #237282633408:  Hold'em No Limit ($0.01/$0.02 USD) - 2022/07/10 14:12:15 PT [2022/07/10 17:12:15 ET]
Table 'Arethusa III' 9-max Seat #7 is the button
Seat 1: gloommyrat ($4.73 in chips) 
Seat 2: lemontr3 ($2.11 in chips) 
Seat 3: weverson315 ($1.98 in chips) 
Seat 4: Félix83 ($0.26 in chips) 
Seat 5: f95 düsseldo ($2.12 in chips) 
Seat 6: Nachtogen1 ($2.53 in chips) 
Seat 7: Dorex2007 ($2 in chips) 
Seat 8: djkimera ($2.11 in chips) 
Seat 9: ktsiaras ($2.01 in chips) 
djkimera: posts small blind $0.01
ktsiaras: posts big blind $0.02
*** HOLE CARDS ***
Dealt to Dorex2007 [Ah Jc]
gloommyrat: raises $0.02 to $0.04
lemontr3: folds 
weverson315: folds 
Félix83: folds 
f95 düsseldo: folds 
Nachtogen1: folds 
Dorex2007: calls $0.04
djkimera: folds 
ktsiaras: raises $0.56 to $0.60
gloommyrat: folds 
Dorex2007: folds 
Uncalled bet ($0.56) returned to ktsiaras
ktsiaras collected $0.13 from pot
*** SUMMARY ***
Total pot $0.13 | Rake $0 
Seat 1: gloommyrat folded before Flop
Seat 2: lemontr3 folded before Flop (didn't bet)
Seat 3: weverson315 folded before Flop (didn't bet)
Seat 4: Félix83 folded before Flop (didn't bet)
Seat 5: f95 düsseldo folded before Flop (didn't bet)
Seat 6: Nachtogen1 folded before Flop (didn't bet)
Seat 7: Dorex2007 (button) folded before Flop
Seat 8: djkimera (small blind) folded before Flop
Seat 9: ktsiaras (big blind) collected ($0.13)



PokerStars Hand #237282644233:  Hold'em No Limit ($0.01/$0.02 USD) - 2022/07/10 14:12:42 PT [2022/07/10 17:12:42 ET]
Table 'Arethusa III' 9-max Seat #8 is the button
Seat 1: gloommyrat ($4.69 in chips) 
Seat 2: lemontr3 ($2.11 in chips) 
Seat 3: weverson315 ($1.98 in chips) 
Seat 4: Félix83 ($0.26 in chips) 
Seat 5: f95 düsseldo ($2.12 in chips) 
Seat 6: Nachtogen1 ($2.53 in chips) 
Seat 7: Dorex2007 ($2 in chips) 
Seat 8: djkimera ($2.10 in chips) 
Seat 9: ktsiaras ($2.10 in chips) 
ktsiaras: posts small blind $0.01
gloommyrat: posts big blind $0.02
*** HOLE CARDS ***
Dealt to Dorex2007 [Ah 3h]
lemontr3: folds 
weverson315: folds 
Félix83: calls $0.02
f95 düsseldo: calls $0.02
Nachtogen1: folds 
Dorex2007: calls $0.02
djkimera: folds 
ktsiaras: calls $0.01
gloommyrat: raises $0.06 to $0.08
Félix83: folds 
f95 düsseldo: folds 
Dorex2007: calls $0.06
ktsiaras: calls $0.06
*** FLOP *** [3d 4s 9d]
ktsiaras: checks 
gloommyrat: bets $0.14
Dorex2007: folds 
ktsiaras: folds 
Uncalled bet ($0.14) returned to gloommyrat
gloommyrat collected $0.27 from pot
*** SUMMARY ***
Total pot $0.28 | Rake $0.01 
Board [3d 4s 9d]
Seat 1: gloommyrat (big blind) collected ($0.27)
Seat 2: lemontr3 folded before Flop (didn't bet)
Seat 3: weverson315 folded before Flop (didn't bet)
Seat 4: Félix83 folded before Flop
Seat 5: f95 düsseldo folded before Flop
Seat 6: Nachtogen1 folded before Flop (didn't bet)
Seat 7: Dorex2007 folded on the Flop
Seat 8: djkimera (button) folded before Flop (didn't bet)
Seat 9: ktsiaras (small blind) folded on the Flop



PokerStars Hand #237282665714:  Hold'em No Limit ($0.01/$0.02 USD) - 2022/07/10 14:13:34 PT [2022/07/10 17:13:34 ET]
Table 'Arethusa III' 9-max Seat #9 is the button
Seat 1: gloommyrat ($4.88 in chips) 
Seat 2: lemontr3 ($2.11 in chips) 
Seat 3: weverson315 ($1.98 in chips) 
Seat 4: Félix83 ($0.24 in chips) 
Seat 5: f95 düsseldo ($2.10 in chips) 
Seat 6: Nachtogen1 ($2.53 in chips) 
Seat 7: Dorex2007 ($2 in chips) 
Seat 8: djkimera ($2.10 in chips) 
Seat 9: ktsiaras ($2.02 in chips) 
gloommyrat: posts small blind $0.01
lemontr3: posts big blind $0.02
*** HOLE CARDS ***
Dealt to Dorex2007 [Qh Kc]
weverson315: raises $0.02 to $0.04
Félix83: folds 
f95 düsseldo: folds 
Nachtogen1: folds 
Dorex2007: folds 
djkimera: folds 
ktsiaras: folds 
gloommyrat: calls $0.03
lemontr3: raises $0.08 to $0.12
Félix83 leaves the table
weverson315: calls $0.08
gloommyrat: calls $0.08
*** FLOP *** [5s Ts Kh]
gloommyrat: checks 
lemontr3: bets $0.20
weverson315: folds 
gloommyrat: calls $0.20
*** TURN *** [5s Ts Kh] [4s]
gloommyrat: checks 
lemontr3: checks 
*** RIVER *** [5s Ts Kh 4s] [Kd]
gloommyrat: bets $0.46
lemontr3: folds 
Uncalled bet ($0.46) returned to gloommyrat
gloommyrat collected $0.73 from pot
*** SUMMARY ***
Total pot $0.76 | Rake $0.03 
Board [5s Ts Kh 4s Kd]
Seat 1: gloommyrat (small blind) collected ($0.73)
Seat 2: lemontr3 (big blind) folded on the River
Seat 3: weverson315 folded on the Flop
Seat 4: Félix83 folded before Flop (didn't bet)
Seat 5: f95 düsseldo folded before Flop (didn't bet)
Seat 6: Nachtogen1 folded before Flop (didn't bet)
Seat 7: Dorex2007 folded before Flop (didn't bet)
Seat 8: djkimera folded before Flop (didn't bet)
Seat 9: ktsiaras (button) folded before Flop (didn't bet)



PokerStars Hand #237282698399:  Hold'em No Limit ($0.01/$0.02 USD) - 2022/07/10 14:14:50 PT [2022/07/10 17:14:50 ET]
Table 'Arethusa III' 9-max Seat #1 is the button
Seat 1: gloommyrat ($5.29 in chips) 
Seat 2: lemontr3 ($2 in chips) 
Seat 3: weverson315 ($1.86 in chips) 
Seat 5: f95 düsseldo ($2.10 in chips) 
Seat 6: Nachtogen1 ($2.53 in chips) 
Seat 7: Dorex2007 ($2 in chips) 
Seat 8: djkimera ($2.10 in chips) 
Seat 9: ktsiaras ($2.02 in chips) 
lemontr3: posts small blind $0.01
weverson315: posts big blind $0.02
*** HOLE CARDS ***
Dealt to Dorex2007 [3h 5s]
f95 düsseldo: calls $0.02
Nachtogen1: folds 
Dorex2007: folds 
djkimera: folds 
ktsiaras: folds 
gloommyrat: raises $0.06 to $0.08
lemontr3: folds 
weverson315: raises $1.78 to $1.86 and is all-in
f95 düsseldo: folds 
gloommyrat: folds 
Uncalled bet ($1.78) returned to weverson315
weverson315 collected $0.19 from pot
*** SUMMARY ***
Total pot $0.19 | Rake $0 
Seat 1: gloommyrat (button) folded before Flop
Seat 2: lemontr3 (small blind) folded before Flop
Seat 3: weverson315 (big blind) collected ($0.19)
Seat 5: f95 düsseldo folded before Flop
Seat 6: Nachtogen1 folded before Flop (didn't bet)
Seat 7: Dorex2007 folded before Flop (didn't bet)
Seat 8: djkimera folded before Flop (didn't bet)
Seat 9: ktsiaras folded before Flop (didn't bet)



PokerStars Hand #237282710307:  Hold'em No Limit ($0.01/$0.02 USD) - 2022/07/10 14:15:19 PT [2022/07/10 17:15:19 ET]
Table 'Arethusa III' 9-max Seat #2 is the button
Seat 1: gloommyrat ($5.21 in chips) 
Seat 2: lemontr3 ($2 in chips) 
Seat 3: weverson315 ($1.97 in chips) 
Seat 5: f95 düsseldo ($2.08 in chips) 
Seat 6: Nachtogen1 ($2.53 in chips) 
Seat 7: Dorex2007 ($2 in chips) 
Seat 8: djkimera ($2.10 in chips) 
Seat 9: ktsiaras ($2.02 in chips) 
weverson315: posts small blind $0.01
f95 düsseldo: posts big blind $0.02
*** HOLE CARDS ***
Dealt to Dorex2007 [8c 3s]
Nachtogen1: folds 
Dorex2007: folds 
djkimera: raises $0.02 to $0.04
ktsiaras: folds 
gloommyrat: folds 
lemontr3: folds 
weverson315: calls $0.03
f95 düsseldo: calls $0.02
*** FLOP *** [4d 9s Td]
weverson315: checks 
f95 düsseldo: checks 
djkimera: bets $0.06
weverson315: raises $0.06 to $0.12
f95 düsseldo: folds 
djkimera: calls $0.06
*** TURN *** [4d 9s Td] [3d]
weverson315: bets $0.18
djkimera: folds 
Uncalled bet ($0.18) returned to weverson315
weverson315 collected $0.35 from pot
*** SUMMARY ***
Total pot $0.36 | Rake $0.01 
Board [4d 9s Td 3d]
Seat 1: gloommyrat folded before Flop (didn't bet)
Seat 2: lemontr3 (button) folded before Flop (didn't bet)
Seat 3: weverson315 (small blind) collected ($0.35)
Seat 5: f95 düsseldo (big blind) folded on the Flop
Seat 6: Nachtogen1 folded before Flop (didn't bet)
Seat 7: Dorex2007 folded before Flop (didn't bet)
Seat 8: djkimera folded on the Turn
Seat 9: ktsiaras folded before Flop (didn't bet)



PokerStars Hand #237282735553:  Hold'em No Limit ($0.01/$0.02 USD) - 2022/07/10 14:16:21 PT [2022/07/10 17:16:21 ET]
Table 'Arethusa III' 9-max Seat #3 is the button
Seat 1: gloommyrat ($5.21 in chips) 
Seat 2: lemontr3 ($2 in chips) 
Seat 3: weverson315 ($2.16 in chips) 
Seat 5: f95 düsseldo ($2.04 in chips) 
Seat 6: Nachtogen1 ($2.53 in chips) 
Seat 7: Dorex2007 ($2 in chips) 
Seat 8: djkimera ($2 in chips) 
f95 düsseldo: posts small blind $0.01
Nachtogen1: posts big blind $0.02
*** HOLE CARDS ***
Dealt to Dorex2007 [Js 2h]
Dorex2007: folds 
djkimera: folds 
gloommyrat: folds 
lemontr3: folds 
weverson315: calls $0.02
f95 düsseldo: calls $0.01
Nachtogen1: checks 
*** FLOP *** [Qh 9d 4c]
f95 düsseldo: checks 
Nachtogen1: checks 
weverson315: checks 
*** TURN *** [Qh 9d 4c] [Qd]
f95 düsseldo: checks 
Nachtogen1: checks 
weverson315: checks 
*** RIVER *** [Qh 9d 4c Qd] [4h]
f95 düsseldo: bets $0.03
Nachtogen1: folds 
weverson315: folds 
Uncalled bet ($0.03) returned to f95 düsseldo
f95 düsseldo collected $0.06 from pot
*** SUMMARY ***
Total pot $0.06 | Rake $0 
Board [Qh 9d 4c Qd 4h]
Seat 1: gloommyrat folded before Flop (didn't bet)
Seat 2: lemontr3 folded before Flop (didn't bet)
Seat 3: weverson315 (button) folded on the River
Seat 5: f95 düsseldo (small blind) collected ($0.06)
Seat 6: Nachtogen1 (big blind) folded on the River
Seat 7: Dorex2007 folded before Flop (didn't bet)
Seat 8: djkimera folded before Flop (didn't bet)



PokerStars Hand #237282758430:  Hold'em No Limit ($0.01/$0.02 USD) - 2022/07/10 14:17:19 PT [2022/07/10 17:17:19 ET]
Table 'Arethusa III' 9-max Seat #5 is the button
Seat 1: gloommyrat ($5.21 in chips) 
Seat 2: lemontr3 ($2 in chips) 
Seat 3: weverson315 ($2.14 in chips) 
Seat 5: f95 düsseldo ($2.08 in chips) 
Seat 6: Nachtogen1 ($2.51 in chips) 
Seat 7: Dorex2007 ($2 in chips) 
Seat 8: djkimera ($2 in chips) 
Nachtogen1: posts small blind $0.01
Dorex2007: posts big blind $0.02
*** HOLE CARDS ***
Dealt to Dorex2007 [Kd 2c]
djkimera: folds 
gloommyrat: folds 
lemontr3: folds 
weverson315: folds 
f95 düsseldo: folds 
Nachtogen1: folds 
Uncalled bet ($0.01) returned to Dorex2007
Dorex2007 collected $0.02 from pot
*** SUMMARY ***
Total pot $0.02 | Rake $0 
Seat 1: gloommyrat folded before Flop (didn't bet)
Seat 2: lemontr3 folded before Flop (didn't bet)
Seat 3: weverson315 folded before Flop (didn't bet)
Seat 5: f95 düsseldo (button) folded before Flop (didn't bet)
Seat 6: Nachtogen1 (small blind) folded before Flop
Seat 7: Dorex2007 (big blind) collected ($0.02)
Seat 8: djkimera folded before Flop (didn't bet)



PokerStars Hand #237282767529:  Hold'em No Limit ($0.01/$0.02 USD) - 2022/07/10 14:17:42 PT [2022/07/10 17:17:42 ET]
Table 'Arethusa III' 9-max Seat #6 is the button
Seat 1: gloommyrat ($5.21 in chips) 
Seat 2: lemontr3 ($2 in chips) 
Seat 3: weverson315 ($2.14 in chips) 
Seat 5: f95 düsseldo ($2.08 in chips) 
Seat 6: Nachtogen1 ($2.50 in chips) 
Seat 7: Dorex2007 ($2.01 in chips) 
Seat 8: djkimera ($2 in chips) 
Dorex2007: posts small blind $0.01
djkimera: posts big blind $0.02
*** HOLE CARDS ***
Dealt to Dorex2007 [Kd Qs]
gloommyrat: folds 
lemontr3: folds 
weverson315: folds 
f95 düsseldo: calls $0.02
Nachtogen1: folds 
Dorex2007: raises $0.08 to $0.10
djkimera: folds 
f95 düsseldo: folds 
Uncalled bet ($0.08) returned to Dorex2007
Dorex2007 collected $0.06 from pot
*** SUMMARY ***
Total pot $0.06 | Rake $0 
Seat 1: gloommyrat folded before Flop (didn't bet)
Seat 2: lemontr3 folded before Flop (didn't bet)
Seat 3: weverson315 folded before Flop (didn't bet)
Seat 5: f95 düsseldo folded before Flop
Seat 6: Nachtogen1 (button) folded before Flop (didn't bet)
Seat 7: Dorex2007 (small blind) collected ($0.06)
Seat 8: djkimera (big blind) folded before Flop



PokerStars Hand #237282783035:  Hold'em No Limit ($0.01/$0.02 USD) - 2022/07/10 14:18:21 PT [2022/07/10 17:18:21 ET]
Table 'Arethusa III' 9-max Seat #7 is the button
Seat 1: gloommyrat ($5.21 in chips) 
Seat 2: lemontr3 ($2 in chips) 
Seat 3: weverson315 ($2.14 in chips) 
Seat 5: f95 düsseldo ($2.06 in chips) 
Seat 6: Nachtogen1 ($2.50 in chips) 
Seat 7: Dorex2007 ($2.05 in chips) 
Seat 8: djkimera ($2 in chips) 
djkimera: posts small blind $0.01
gloommyrat: posts big blind $0.02
*** HOLE CARDS ***
Dealt to Dorex2007 [Td Qc]
lemontr3: raises $0.04 to $0.06
weverson315: folds 
f95 düsseldo: folds 
Nachtogen1: folds 
Dorex2007: folds 
djkimera: folds 
gloommyrat: calls $0.04
*** FLOP *** [Jh Jd Ks]
gloommyrat: checks 
lemontr3: bets $0.09
gloommyrat: folds 
Uncalled bet ($0.09) returned to lemontr3
lemontr3 collected $0.13 from pot
*** SUMMARY ***
Total pot $0.13 | Rake $0 
Board [Jh Jd Ks]
Seat 1: gloommyrat (big blind) folded on the Flop
Seat 2: lemontr3 collected ($0.13)
Seat 3: weverson315 folded before Flop (didn't bet)
Seat 5: f95 düsseldo folded before Flop (didn't bet)
Seat 6: Nachtogen1 folded before Flop (didn't bet)
Seat 7: Dorex2007 (button) folded before Flop (didn't bet)
Seat 8: djkimera (small blind) folded before Flop



PokerStars Hand #237282794049:  Hold'em No Limit ($0.01/$0.02 USD) - 2022/07/10 14:18:48 PT [2022/07/10 17:18:48 ET]
Table 'Arethusa III' 9-max Seat #8 is the button
Seat 1: gloommyrat ($5.15 in chips) 
Seat 3: weverson315 ($2.14 in chips) 
Seat 5: f95 düsseldo ($2.06 in chips) 
Seat 6: Nachtogen1 ($2.50 in chips) 
Seat 7: Dorex2007 ($2.05 in chips) 
Seat 8: djkimera ($2 in chips) 
gloommyrat: posts small blind $0.01
lemontr3: is sitting out 
weverson315: posts big blind $0.02
*** HOLE CARDS ***
Dealt to Dorex2007 [5s 2c]
f95 düsseldo: folds 
Nachtogen1: folds 
Dorex2007: folds 
djkimera: folds 
gloommyrat: folds 
Uncalled bet ($0.01) returned to weverson315
weverson315 collected $0.02 from pot
*** SUMMARY ***
Total pot $0.02 | Rake $0 
Seat 1: gloommyrat (small blind) folded before Flop
Seat 3: weverson315 (big blind) collected ($0.02)
Seat 5: f95 düsseldo folded before Flop (didn't bet)
Seat 6: Nachtogen1 folded before Flop (didn't bet)
Seat 7: Dorex2007 folded before Flop (didn't bet)
Seat 8: djkimera (button) folded before Flop (didn't bet)



