PokerStars Hand #237570672971:  Hold'em No Limit ($0.02/$0.05 USD) - 2022/07/24 21:00:28 PT [2022/07/25 0:00:28 ET]
Table 'Walbeck' 9-max Seat #8 is the button
Seat 1: Almanza63 ($5.49 in chips) 
Seat 2: Jer(11:11)(x) ($7.82 in chips) 
Seat 3: Pablocachux ($5.56 in chips) 
Seat 4: Dorex2007 ($5 in chips) 
Seat 5: cubicroot ($10.37 in chips) 
Seat 6: ASpiror ($5 in chips) 
Seat 7: features86 ($5.41 in chips) 
Seat 8: abobora71 ($8.34 in chips) 
Seat 9: herick H ($9.17 in chips) 
herick H: posts small blind $0.02
Almanza63: posts big blind $0.05
*** HOLE CARDS ***
Dealt to Dorex2007 [5s 6s]
Jer(11:11)(x) has timed out
Jer(11:11)(x): folds 
Pablocachux: folds 
Dorex2007: folds 
cubicroot: folds 
ASpiror: folds 
features86: raises $0.10 to $0.15
abobora71: folds 
herick H: calls $0.13
Almanza63: calls $0.10
*** FLOP *** [8c 3c 2s]
herick H: checks 
Almanza63: bets $0.21
features86: folds 
herick H: folds 
Uncalled bet ($0.21) returned to Almanza63
Almanza63 collected $0.43 from pot
*** SUMMARY ***
Total pot $0.45 | Rake $0.02 
Board [8c 3c 2s]
Seat 1: Almanza63 (big blind) collected ($0.43)
Seat 2: Jer(11:11)(x) folded before Flop (didn't bet)
Seat 3: Pablocachux folded before Flop (didn't bet)
Seat 4: Dorex2007 folded before Flop (didn't bet)
Seat 5: cubicroot folded before Flop (didn't bet)
Seat 6: ASpiror folded before Flop (didn't bet)
Seat 7: features86 folded on the Flop
Seat 8: abobora71 (button) folded before Flop (didn't bet)
Seat 9: herick H (small blind) folded on the Flop



PokerStars Hand #237570680109:  Hold'em No Limit ($0.02/$0.05 USD) - 2022/07/24 21:01:27 PT [2022/07/25 0:01:27 ET]
Table 'Walbeck' 9-max Seat #9 is the button
Seat 1: Almanza63 ($5.77 in chips) 
Seat 2: Jer(11:11)(x) ($7.82 in chips) 
Seat 3: Pablocachux ($5.56 in chips) 
Seat 4: Dorex2007 ($5 in chips) 
Seat 5: cubicroot ($10.37 in chips) 
Seat 6: ASpiror ($5 in chips) 
Seat 7: features86 ($5.26 in chips) 
Seat 8: abobora71 ($8.34 in chips) 
Seat 9: herick H ($9.02 in chips) 
Almanza63: posts small blind $0.02
Jer(11:11)(x): posts big blind $0.05
*** HOLE CARDS ***
Dealt to Dorex2007 [8h Qs]
Pablocachux: raises $0.05 to $0.10
Dorex2007: folds 
cubicroot: folds 
ASpiror: calls $0.10
features86: raises $0.37 to $0.47
abobora71: folds 
herick H: folds 
Almanza63: folds 
Jer(11:11)(x): folds 
Pablocachux: raises $1.11 to $1.58
ASpiror: folds 
features86: raises $3.68 to $5.26 and is all-in
Pablocachux: calls $3.68
*** FLOP *** [3h As Jd]
*** TURN *** [3h As Jd] [3c]
*** RIVER *** [3h As Jd 3c] [9s]
*** SHOW DOWN ***
Pablocachux: shows [Qd Qh] (two pair, Queens and Threes)
features86: shows [Ah Ac] (a full house, Aces full of Threes)
features86 collected $10.25 from pot
*** SUMMARY ***
Total pot $10.69 | Rake $0.44 
Board [3h As Jd 3c 9s]
Seat 1: Almanza63 (small blind) folded before Flop
Seat 2: Jer(11:11)(x) (big blind) folded before Flop
Seat 3: Pablocachux showed [Qd Qh] and lost with two pair, Queens and Threes
Seat 4: Dorex2007 folded before Flop (didn't bet)
Seat 5: cubicroot folded before Flop (didn't bet)
Seat 6: ASpiror folded before Flop
Seat 7: features86 showed [Ah Ac] and won ($10.25) with a full house, Aces full of Threes
Seat 8: abobora71 folded before Flop (didn't bet)
Seat 9: herick H (button) folded before Flop (didn't bet)



PokerStars Hand #237570685237:  Hold'em No Limit ($0.02/$0.05 USD) - 2022/07/24 21:02:08 PT [2022/07/25 0:02:08 ET]
Table 'Walbeck' 9-max Seat #1 is the button
Seat 1: Almanza63 ($5.75 in chips) 
Seat 2: Jer(11:11)(x) ($7.77 in chips) 
Seat 3: Pablocachux ($5 in chips) 
Seat 4: Dorex2007 ($5 in chips) 
Seat 5: cubicroot ($10.37 in chips) 
Seat 6: ASpiror ($4.90 in chips) 
Seat 7: features86 ($10.25 in chips) 
Seat 8: abobora71 ($8.34 in chips) 
Seat 9: herick H ($9.02 in chips) 
Jer(11:11)(x): posts small blind $0.02
Pablocachux: posts big blind $0.05
*** HOLE CARDS ***
Dealt to Dorex2007 [Ad 6s]
Dorex2007: folds 
cubicroot: folds 
ASpiror: folds 
features86: folds 
abobora71: calls $0.05
herick H: raises $0.10 to $0.15
Almanza63: folds 
Jer(11:11)(x): folds 
Pablocachux: folds 
abobora71: calls $0.10
*** FLOP *** [Qs Ts 4c]
abobora71: checks 
herick H: checks 
*** TURN *** [Qs Ts 4c] [2d]
abobora71: bets $0.12
herick H: folds 
Uncalled bet ($0.12) returned to abobora71
abobora71 collected $0.35 from pot
*** SUMMARY ***
Total pot $0.37 | Rake $0.02 
Board [Qs Ts 4c 2d]
Seat 1: Almanza63 (button) folded before Flop (didn't bet)
Seat 2: Jer(11:11)(x) (small blind) folded before Flop
Seat 3: Pablocachux (big blind) folded before Flop
Seat 4: Dorex2007 folded before Flop (didn't bet)
Seat 5: cubicroot folded before Flop (didn't bet)
Seat 6: ASpiror folded before Flop (didn't bet)
Seat 7: features86 folded before Flop (didn't bet)
Seat 8: abobora71 collected ($0.35)
Seat 9: herick H folded on the Turn



PokerStars Hand #237570691226:  Hold'em No Limit ($0.02/$0.05 USD) - 2022/07/24 21:02:56 PT [2022/07/25 0:02:56 ET]
Table 'Walbeck' 9-max Seat #2 is the button
Seat 1: Almanza63 ($5.75 in chips) 
Seat 2: Jer(11:11)(x) ($7.75 in chips) 
Seat 3: Pablocachux ($5 in chips) 
Seat 4: Dorex2007 ($5 in chips) 
Seat 5: cubicroot ($10.37 in chips) 
Seat 6: ASpiror ($4.90 in chips) 
Seat 7: features86 ($10.25 in chips) 
Seat 8: abobora71 ($8.54 in chips) 
Seat 9: herick H ($8.87 in chips) 
Pablocachux: posts small blind $0.02
Dorex2007: posts big blind $0.05
*** HOLE CARDS ***
Dealt to Dorex2007 [Th 2d]
cubicroot: folds 
ASpiror: folds 
features86: raises $0.10 to $0.15
abobora71: folds 
herick H: calls $0.15
Almanza63: folds 
Jer(11:11)(x): folds 
Pablocachux: folds 
Dorex2007: folds 
*** FLOP *** [5d Qd 3h]
features86: checks 
herick H: bets $0.10
features86: raises $0.18 to $0.28
herick H: calls $0.18
*** TURN *** [5d Qd 3h] [Jc]
features86: checks 
herick H: bets $0.44
features86: folds 
Uncalled bet ($0.44) returned to herick H
herick H collected $0.89 from pot
*** SUMMARY ***
Total pot $0.93 | Rake $0.04 
Board [5d Qd 3h Jc]
Seat 1: Almanza63 folded before Flop (didn't bet)
Seat 2: Jer(11:11)(x) (button) folded before Flop (didn't bet)
Seat 3: Pablocachux (small blind) folded before Flop
Seat 4: Dorex2007 (big blind) folded before Flop
Seat 5: cubicroot folded before Flop (didn't bet)
Seat 6: ASpiror folded before Flop (didn't bet)
Seat 7: features86 folded on the Turn
Seat 8: abobora71 folded before Flop (didn't bet)
Seat 9: herick H collected ($0.89)



PokerStars Hand #237570698475:  Hold'em No Limit ($0.02/$0.05 USD) - 2022/07/24 21:03:54 PT [2022/07/25 0:03:54 ET]
Table 'Walbeck' 9-max Seat #3 is the button
Seat 1: Almanza63 ($5.75 in chips) 
Seat 2: Jer(11:11)(x) ($7.75 in chips) 
Seat 3: Pablocachux ($5 in chips) 
Seat 4: Dorex2007 ($5 in chips) 
Seat 5: cubicroot ($10.37 in chips) 
Seat 6: ASpiror ($4.90 in chips) 
Seat 7: features86 ($9.82 in chips) 
Seat 8: abobora71 ($8.54 in chips) 
Seat 9: herick H ($9.33 in chips) 
Dorex2007: posts small blind $0.02
cubicroot: posts big blind $0.05
*** HOLE CARDS ***
Dealt to Dorex2007 [2s Ks]
ASpiror: folds 
features86: folds 
abobora71: raises $0.12 to $0.17
herick H: folds 
Almanza63: folds 
Jer(11:11)(x): folds 
Pablocachux: folds 
Dorex2007: folds 
cubicroot: folds 
Uncalled bet ($0.12) returned to abobora71
abobora71 collected $0.12 from pot
*** SUMMARY ***
Total pot $0.12 | Rake $0 
Seat 1: Almanza63 folded before Flop (didn't bet)
Seat 2: Jer(11:11)(x) folded before Flop (didn't bet)
Seat 3: Pablocachux (button) folded before Flop (didn't bet)
Seat 4: Dorex2007 (small blind) folded before Flop
Seat 5: cubicroot (big blind) folded before Flop
Seat 6: ASpiror folded before Flop (didn't bet)
Seat 7: features86 folded before Flop (didn't bet)
Seat 8: abobora71 collected ($0.12)
Seat 9: herick H folded before Flop (didn't bet)



PokerStars Hand #237570701418:  Hold'em No Limit ($0.02/$0.05 USD) - 2022/07/24 21:04:18 PT [2022/07/25 0:04:18 ET]
Table 'Walbeck' 9-max Seat #4 is the button
Seat 1: Almanza63 ($5.75 in chips) 
Seat 2: Jer(11:11)(x) ($7.75 in chips) 
Seat 3: Pablocachux ($5 in chips) 
Seat 4: Dorex2007 ($5 in chips) 
Seat 5: cubicroot ($10.32 in chips) 
Seat 6: ASpiror ($4.90 in chips) 
Seat 7: features86 ($9.82 in chips) 
Seat 8: abobora71 ($8.61 in chips) 
Seat 9: herick H ($9.33 in chips) 
cubicroot: posts small blind $0.02
ASpiror: posts big blind $0.05
*** HOLE CARDS ***
Dealt to Dorex2007 [Ks Ah]
features86: folds 
abobora71: folds 
herick H: raises $0.15 to $0.20
Almanza63: calls $0.20
Jer(11:11)(x): folds 
Pablocachux: folds 
Dorex2007: calls $0.20
cubicroot: folds 
ASpiror: folds 
*** FLOP *** [Td Jd 9c]
herick H: bets $0.15
Almanza63: calls $0.15
Dorex2007: calls $0.15
*** TURN *** [Td Jd 9c] [Qc]
herick H: checks 
Almanza63: bets $0.93
Dorex2007: raises $3.72 to $4.65 and is all-in
herick H: folds 
Almanza63: calls $3.72
*** RIVER *** [Td Jd 9c Qc] [6c]
*** SHOW DOWN ***
Almanza63: shows [Ad Kc] (a straight, Ten to Ace)
Dorex2007: shows [Ks Ah] (a straight, Ten to Ace)
Almanza63 collected $5 from pot
Dorex2007 collected $4.99 from pot
*** SUMMARY ***
Total pot $10.42 | Rake $0.43 
Board [Td Jd 9c Qc 6c]
Seat 1: Almanza63 showed [Ad Kc] and won ($5) with a straight, Ten to Ace
Seat 2: Jer(11:11)(x) folded before Flop (didn't bet)
Seat 3: Pablocachux folded before Flop (didn't bet)
Seat 4: Dorex2007 (button) showed [Ks Ah] and won ($4.99) with a straight, Ten to Ace
Seat 5: cubicroot (small blind) folded before Flop
Seat 6: ASpiror (big blind) folded before Flop
Seat 7: features86 folded before Flop (didn't bet)
Seat 8: abobora71 folded before Flop (didn't bet)
Seat 9: herick H folded on the Turn



PokerStars Hand #237570712488:  Hold'em No Limit ($0.02/$0.05 USD) - 2022/07/24 21:05:45 PT [2022/07/25 0:05:45 ET]
Table 'Walbeck' 9-max Seat #5 is the button
Seat 1: Almanza63 ($5.75 in chips) 
Seat 2: Jer(11:11)(x) ($7.75 in chips) 
Seat 3: Pablocachux ($5 in chips) 
Seat 4: Dorex2007 ($5 in chips) 
Seat 5: cubicroot ($10.30 in chips) 
Seat 6: ASpiror ($4.85 in chips) 
Seat 7: features86 ($9.82 in chips) 
Seat 8: abobora71 ($8.61 in chips) 
Seat 9: herick H ($8.98 in chips) 
ASpiror: posts small blind $0.02
features86: posts big blind $0.05
*** HOLE CARDS ***
Dealt to Dorex2007 [4s 4c]
abobora71: folds 
herick H: raises $0.15 to $0.20
Almanza63: folds 
Jer(11:11)(x): calls $0.20
Pablocachux: folds 
Dorex2007: folds 
cubicroot: folds 
ASpiror: folds 
features86: folds 
*** FLOP *** [Ks 5d 5c]
herick H: checks 
Jer(11:11)(x): bets $0.30
herick H: calls $0.30
*** TURN *** [Ks 5d 5c] [Qh]
herick H: checks 
Jer(11:11)(x): checks 
*** RIVER *** [Ks 5d 5c Qh] [3d]
herick H: bets $0.51
Jer(11:11)(x): calls $0.51
*** SHOW DOWN ***
herick H: shows [As 8s] (a pair of Fives)
Jer(11:11)(x): shows [Jd Jc] (two pair, Jacks and Fives)
Jer(11:11)(x) collected $2 from pot
*** SUMMARY ***
Total pot $2.09 | Rake $0.09 
Board [Ks 5d 5c Qh 3d]
Seat 1: Almanza63 folded before Flop (didn't bet)
Seat 2: Jer(11:11)(x) showed [Jd Jc] and won ($2) with two pair, Jacks and Fives
Seat 3: Pablocachux folded before Flop (didn't bet)
Seat 4: Dorex2007 folded before Flop (didn't bet)
Seat 5: cubicroot (button) folded before Flop (didn't bet)
Seat 6: ASpiror (small blind) folded before Flop
Seat 7: features86 (big blind) folded before Flop
Seat 8: abobora71 folded before Flop (didn't bet)
Seat 9: herick H showed [As 8s] and lost with a pair of Fives



PokerStars Hand #237570717879:  Hold'em No Limit ($0.02/$0.05 USD) - 2022/07/24 21:06:28 PT [2022/07/25 0:06:28 ET]
Table 'Walbeck' 9-max Seat #6 is the button
Seat 1: Almanza63 ($5.75 in chips) 
Seat 2: Jer(11:11)(x) ($8.74 in chips) 
Seat 3: Pablocachux ($5 in chips) 
Seat 4: Dorex2007 ($5 in chips) 
Seat 5: cubicroot ($10.30 in chips) 
Seat 6: ASpiror ($4.83 in chips) 
Seat 7: features86 ($9.77 in chips) 
Seat 8: abobora71 ($8.61 in chips) 
Seat 9: herick H ($7.97 in chips) 
features86: posts small blind $0.02
abobora71: posts big blind $0.05
*** HOLE CARDS ***
Dealt to Dorex2007 [5s 2d]
herick H: folds 
Almanza63: folds 
Jer(11:11)(x): calls $0.05
Pablocachux: folds 
Dorex2007: folds 
cubicroot: calls $0.05
ASpiror: calls $0.05
features86: folds 
abobora71: raises $0.12 to $0.17
Jer(11:11)(x): folds 
cubicroot: calls $0.12
ASpiror: raises $0.18 to $0.35
abobora71: calls $0.18
cubicroot: calls $0.18
*** FLOP *** [Th Ts 8c]
abobora71: checks 
cubicroot: checks 
ASpiror: checks 
*** TURN *** [Th Ts 8c] [Qc]
abobora71: checks 
cubicroot: checks 
ASpiror: checks 
*** RIVER *** [Th Ts 8c Qc] [9d]
abobora71: bets $0.05
cubicroot: raises $0.10 to $0.15
ASpiror: folds 
abobora71: raises $8.11 to $8.26 and is all-in
cubicroot: folds 
Uncalled bet ($8.11) returned to abobora71
abobora71 collected $1.36 from pot
*** SUMMARY ***
Total pot $1.42 | Rake $0.06 
Board [Th Ts 8c Qc 9d]
Seat 1: Almanza63 folded before Flop (didn't bet)
Seat 2: Jer(11:11)(x) folded before Flop
Seat 3: Pablocachux folded before Flop (didn't bet)
Seat 4: Dorex2007 folded before Flop (didn't bet)
Seat 5: cubicroot folded on the River
Seat 6: ASpiror (button) folded on the River
Seat 7: features86 (small blind) folded before Flop
Seat 8: abobora71 (big blind) collected ($1.36)
Seat 9: herick H folded before Flop (didn't bet)



PokerStars Hand #237570736260:  Hold'em No Limit ($0.02/$0.05 USD) - 2022/07/24 21:08:58 PT [2022/07/25 0:08:58 ET]
Table 'Walbeck' 9-max Seat #7 is the button
Seat 1: Almanza63 ($5.75 in chips) 
Seat 2: Jer(11:11)(x) ($8.69 in chips) 
Seat 3: Pablocachux ($5 in chips) 
Seat 4: Dorex2007 ($5 in chips) 
Seat 5: cubicroot ($9.80 in chips) 
Seat 6: ASpiror ($5 in chips) 
Seat 7: features86 ($9.75 in chips) 
Seat 8: abobora71 ($9.47 in chips) 
Seat 9: herick H ($7.97 in chips) 
abobora71: posts small blind $0.02
herick H: posts big blind $0.05
*** HOLE CARDS ***
Dealt to Dorex2007 [9c Qc]
Almanza63: folds 
Jer(11:11)(x): calls $0.05
Pablocachux: folds 
Dorex2007: folds 
cubicroot: folds 
ASpiror: folds 
features86: folds 
abobora71: folds 
herick H: checks 
*** FLOP *** [6c 2h Td]
herick H: checks 
Jer(11:11)(x): bets $0.10
herick H: folds 
Uncalled bet ($0.10) returned to Jer(11:11)(x)
Jer(11:11)(x) collected $0.12 from pot
*** SUMMARY ***
Total pot $0.12 | Rake $0 
Board [6c 2h Td]
Seat 1: Almanza63 folded before Flop (didn't bet)
Seat 2: Jer(11:11)(x) collected ($0.12)
Seat 3: Pablocachux folded before Flop (didn't bet)
Seat 4: Dorex2007 folded before Flop (didn't bet)
Seat 5: cubicroot folded before Flop (didn't bet)
Seat 6: ASpiror folded before Flop (didn't bet)
Seat 7: features86 (button) folded before Flop (didn't bet)
Seat 8: abobora71 (small blind) folded before Flop
Seat 9: herick H (big blind) folded on the Flop



PokerStars Hand #237570741397:  Hold'em No Limit ($0.02/$0.05 USD) - 2022/07/24 21:09:40 PT [2022/07/25 0:09:40 ET]
Table 'Walbeck' 9-max Seat #8 is the button
Seat 1: Almanza63 ($5.75 in chips) 
Seat 2: Jer(11:11)(x) ($8.76 in chips) 
Seat 3: Pablocachux ($5 in chips) 
Seat 4: Dorex2007 ($5 in chips) 
Seat 5: cubicroot ($9.80 in chips) 
Seat 6: ASpiror ($5 in chips) 
Seat 7: features86 ($9.75 in chips) 
Seat 8: abobora71 ($9.45 in chips) 
Seat 9: herick H ($7.92 in chips) 
herick H: posts small blind $0.02
Almanza63: posts big blind $0.05
*** HOLE CARDS ***
Dealt to Dorex2007 [Jc 5c]
Jer(11:11)(x) has timed out
Jer(11:11)(x): folds 
Pablocachux: folds 
Dorex2007: folds 
cubicroot: folds 
ASpiror: raises $0.05 to $0.10
features86: raises $0.18 to $0.28
abobora71: folds 
herick H: folds 
Almanza63: folds 
ASpiror: folds 
Uncalled bet ($0.18) returned to features86
features86 collected $0.27 from pot
*** SUMMARY ***
Total pot $0.27 | Rake $0 
Seat 1: Almanza63 (big blind) folded before Flop
Seat 2: Jer(11:11)(x) folded before Flop (didn't bet)
Seat 3: Pablocachux folded before Flop (didn't bet)
Seat 4: Dorex2007 folded before Flop (didn't bet)
Seat 5: cubicroot folded before Flop (didn't bet)
Seat 6: ASpiror folded before Flop
Seat 7: features86 collected ($0.27)
Seat 8: abobora71 (button) folded before Flop (didn't bet)
Seat 9: herick H (small blind) folded before Flop



PokerStars Hand #237570746981:  Hold'em No Limit ($0.02/$0.05 USD) - 2022/07/24 21:10:25 PT [2022/07/25 0:10:25 ET]
Table 'Walbeck' 9-max Seat #9 is the button
Seat 1: Almanza63 ($5.70 in chips) 
Seat 2: Jer(11:11)(x) ($8.76 in chips) 
Seat 3: Pablocachux ($5 in chips) 
Seat 4: Dorex2007 ($5 in chips) 
Seat 5: cubicroot ($9.80 in chips) 
Seat 6: ASpiror ($4.90 in chips) 
Seat 7: features86 ($9.92 in chips) 
Seat 8: abobora71 ($9.45 in chips) 
Seat 9: herick H ($7.90 in chips) 
Almanza63: posts small blind $0.02
Jer(11:11)(x): posts big blind $0.05
*** HOLE CARDS ***
Dealt to Dorex2007 [Ts 4h]
Pablocachux: raises $0.05 to $0.10
Dorex2007: folds 
cubicroot: folds 
ASpiror: folds 
features86: folds 
abobora71: folds 
herick H: folds 
Almanza63: folds 
Jer(11:11)(x): calls $0.05
*** FLOP *** [2h Tc Jd]
Jer(11:11)(x): bets $0.15
Pablocachux: calls $0.15
*** TURN *** [2h Tc Jd] [Qd]
Jer(11:11)(x): checks 
Pablocachux: bets $0.25
Jer(11:11)(x): raises $0.25 to $0.50
Pablocachux: calls $0.25
*** RIVER *** [2h Tc Jd Qd] [Js]
Jer(11:11)(x): bets $0.25
Pablocachux: raises $4 to $4.25 and is all-in
Jer(11:11)(x): folds 
Uncalled bet ($4) returned to Pablocachux
Pablocachux collected $1.94 from pot
*** SUMMARY ***
Total pot $2.02 | Rake $0.08 
Board [2h Tc Jd Qd Js]
Seat 1: Almanza63 (small blind) folded before Flop
Seat 2: Jer(11:11)(x) (big blind) folded on the River
Seat 3: Pablocachux collected ($1.94)
Seat 4: Dorex2007 folded before Flop (didn't bet)
Seat 5: cubicroot folded before Flop (didn't bet)
Seat 6: ASpiror folded before Flop (didn't bet)
Seat 7: features86 folded before Flop (didn't bet)
Seat 8: abobora71 folded before Flop (didn't bet)
Seat 9: herick H (button) folded before Flop (didn't bet)



PokerStars Hand #237570756870:  Hold'em No Limit ($0.02/$0.05 USD) - 2022/07/24 21:11:47 PT [2022/07/25 0:11:47 ET]
Table 'Walbeck' 9-max Seat #1 is the button
Seat 1: Almanza63 ($5.68 in chips) 
Seat 2: Jer(11:11)(x) ($7.76 in chips) 
Seat 3: Pablocachux ($5.94 in chips) 
Seat 4: Dorex2007 ($5 in chips) 
Seat 5: cubicroot ($9.80 in chips) 
Seat 6: ASpiror ($4.90 in chips) 
Seat 7: features86 ($9.92 in chips) 
Seat 8: abobora71 ($9.45 in chips) 
Seat 9: herick H ($7.90 in chips) 
Jer(11:11)(x): posts small blind $0.02
Pablocachux: posts big blind $0.05
*** HOLE CARDS ***
Dealt to Dorex2007 [2c 4c]
Dorex2007: folds 
cubicroot: folds 
ASpiror: folds 
features86: folds 
abobora71: folds 
herick H: folds 
Almanza63: folds 
Jer(11:11)(x): folds 
Uncalled bet ($0.03) returned to Pablocachux
Pablocachux collected $0.04 from pot
*** SUMMARY ***
Total pot $0.04 | Rake $0 
Seat 1: Almanza63 (button) folded before Flop (didn't bet)
Seat 2: Jer(11:11)(x) (small blind) folded before Flop
Seat 3: Pablocachux (big blind) collected ($0.04)
Seat 4: Dorex2007 folded before Flop (didn't bet)
Seat 5: cubicroot folded before Flop (didn't bet)
Seat 6: ASpiror folded before Flop (didn't bet)
Seat 7: features86 folded before Flop (didn't bet)
Seat 8: abobora71 folded before Flop (didn't bet)
Seat 9: herick H folded before Flop (didn't bet)



PokerStars Hand #237570760461:  Hold'em No Limit ($0.02/$0.05 USD) - 2022/07/24 21:12:17 PT [2022/07/25 0:12:17 ET]
Table 'Walbeck' 9-max Seat #2 is the button
Seat 1: Almanza63 ($5.68 in chips) 
Seat 2: Jer(11:11)(x) ($7.74 in chips) 
Seat 3: Pablocachux ($5.96 in chips) 
Seat 4: Dorex2007 ($5 in chips) 
Seat 5: cubicroot ($9.80 in chips) 
Seat 6: ASpiror ($4.90 in chips) 
Seat 7: features86 ($9.92 in chips) 
Seat 8: abobora71 ($9.45 in chips) 
Seat 9: herick H ($7.90 in chips) 
Pablocachux: posts small blind $0.02
Dorex2007: posts big blind $0.05
*** HOLE CARDS ***
Dealt to Dorex2007 [Ks 3c]
cubicroot: folds 
ASpiror: raises $0.05 to $0.10
features86: folds 
abobora71: folds 
herick H: calls $0.10
Almanza63: folds 
Jer(11:11)(x): calls $0.10
Pablocachux: folds 
Dorex2007: folds 
*** FLOP *** [4d Ah 9c]
ASpiror: checks 
herick H: checks 
Jer(11:11)(x): bets $0.40
ASpiror: folds 
herick H: folds 
Uncalled bet ($0.40) returned to Jer(11:11)(x)
Jer(11:11)(x) collected $0.35 from pot
*** SUMMARY ***
Total pot $0.37 | Rake $0.02 
Board [4d Ah 9c]
Seat 1: Almanza63 folded before Flop (didn't bet)
Seat 2: Jer(11:11)(x) (button) collected ($0.35)
Seat 3: Pablocachux (small blind) folded before Flop
Seat 4: Dorex2007 (big blind) folded before Flop
Seat 5: cubicroot folded before Flop (didn't bet)
Seat 6: ASpiror folded on the Flop
Seat 7: features86 folded before Flop (didn't bet)
Seat 8: abobora71 folded before Flop (didn't bet)
Seat 9: herick H folded on the Flop



PokerStars Hand #237570766074:  Hold'em No Limit ($0.02/$0.05 USD) - 2022/07/24 21:13:03 PT [2022/07/25 0:13:03 ET]
Table 'Walbeck' 9-max Seat #3 is the button
Seat 1: Almanza63 ($5.68 in chips) 
Seat 2: Jer(11:11)(x) ($7.99 in chips) 
Seat 3: Pablocachux ($5.94 in chips) 
Seat 4: Dorex2007 ($5 in chips) 
Seat 5: cubicroot ($9.80 in chips) 
Seat 6: ASpiror ($4.80 in chips) 
Seat 7: features86 ($9.92 in chips) 
Seat 8: abobora71 ($9.45 in chips) 
Seat 9: herick H ($7.80 in chips) 
Dorex2007: posts small blind $0.02
cubicroot: posts big blind $0.05
*** HOLE CARDS ***
Dealt to Dorex2007 [4d 4h]
ASpiror: folds 
features86: folds 
abobora71: calls $0.05
herick H: folds 
Almanza63: folds 
Jer(11:11)(x): calls $0.05
Pablocachux: raises $0.22 to $0.27
Dorex2007: folds 
cubicroot: folds 
abobora71: folds 
Jer(11:11)(x): calls $0.22
*** FLOP *** [Qc 8d 6c]
Jer(11:11)(x): bets $0.15
Pablocachux: raises $0.93 to $1.08
Jer(11:11)(x): folds 
Uncalled bet ($0.93) returned to Pablocachux
Pablocachux collected $0.92 from pot
*** SUMMARY ***
Total pot $0.96 | Rake $0.04 
Board [Qc 8d 6c]
Seat 1: Almanza63 folded before Flop (didn't bet)
Seat 2: Jer(11:11)(x) folded on the Flop
Seat 3: Pablocachux (button) collected ($0.92)
Seat 4: Dorex2007 (small blind) folded before Flop
Seat 5: cubicroot (big blind) folded before Flop
Seat 6: ASpiror folded before Flop (didn't bet)
Seat 7: features86 folded before Flop (didn't bet)
Seat 8: abobora71 folded before Flop
Seat 9: herick H folded before Flop (didn't bet)



PokerStars Hand #237570772225:  Hold'em No Limit ($0.02/$0.05 USD) - 2022/07/24 21:13:54 PT [2022/07/25 0:13:54 ET]
Table 'Walbeck' 9-max Seat #4 is the button
Seat 1: Almanza63 ($5.68 in chips) 
Seat 2: Jer(11:11)(x) ($7.57 in chips) 
Seat 3: Pablocachux ($6.44 in chips) 
Seat 4: Dorex2007 ($5 in chips) 
Seat 5: cubicroot ($9.75 in chips) 
Seat 6: ASpiror ($4.80 in chips) 
Seat 7: features86 ($9.92 in chips) 
Seat 8: abobora71 ($9.40 in chips) 
Seat 9: herick H ($7.80 in chips) 
cubicroot: posts small blind $0.02
ASpiror: posts big blind $0.05
*** HOLE CARDS ***
Dealt to Dorex2007 [5s 2c]
features86: raises $0.10 to $0.15
abobora71: folds 
herick H: calls $0.15
Almanza63: folds 
Jer(11:11)(x): calls $0.15
Pablocachux: calls $0.15
Dorex2007: folds 
cubicroot: folds 
ASpiror: calls $0.10
*** FLOP *** [6s 9c 4d]
ASpiror: checks 
features86: checks 
herick H: checks 
Jer(11:11)(x): bets $0.10
Pablocachux: folds 
ASpiror: folds 
features86: calls $0.10
ASpiror leaves the table
herick H: raises $0.30 to $0.40
Jer(11:11)(x): folds 
features86: calls $0.30
*** TURN *** [6s 9c 4d] [3h]
features86: checks 
herick H: bets $0.50
features86: folds 
Uncalled bet ($0.50) returned to herick H
herick H collected $1.60 from pot
*** SUMMARY ***
Total pot $1.67 | Rake $0.07 
Board [6s 9c 4d 3h]
Seat 1: Almanza63 folded before Flop (didn't bet)
Seat 2: Jer(11:11)(x) folded on the Flop
Seat 3: Pablocachux folded on the Flop
Seat 4: Dorex2007 (button) folded before Flop (didn't bet)
Seat 5: cubicroot (small blind) folded before Flop
Seat 6: ASpiror (big blind) folded on the Flop
Seat 7: features86 folded on the Turn
Seat 8: abobora71 folded before Flop (didn't bet)
Seat 9: herick H collected ($1.60)



PokerStars Hand #237570785552:  Hold'em No Limit ($0.02/$0.05 USD) - 2022/07/24 21:15:12 PT [2022/07/25 0:15:12 ET]
Table 'Walbeck' 9-max Seat #5 is the button
Seat 1: Almanza63 ($5.68 in chips) 
Seat 3: Pablocachux ($6.29 in chips) 
Seat 4: Dorex2007 ($5 in chips) 
Seat 5: cubicroot ($9.73 in chips) 
Seat 7: features86 ($9.37 in chips) 
Seat 8: abobora71 ($9.40 in chips) 
Seat 9: herick H ($8.85 in chips) 
features86: posts small blind $0.02
abobora71: posts big blind $0.05
*** HOLE CARDS ***
Dealt to Dorex2007 [7h As]
herick H: folds 
Almanza63: folds 
Pablocachux: folds 
Dorex2007: folds 
cubicroot: folds 
features86: folds 
Uncalled bet ($0.03) returned to abobora71
abobora71 collected $0.04 from pot
*** SUMMARY ***
Total pot $0.04 | Rake $0 
Seat 1: Almanza63 folded before Flop (didn't bet)
Seat 3: Pablocachux folded before Flop (didn't bet)
Seat 4: Dorex2007 folded before Flop (didn't bet)
Seat 5: cubicroot (button) folded before Flop (didn't bet)
Seat 7: features86 (small blind) folded before Flop
Seat 8: abobora71 (big blind) collected ($0.04)
Seat 9: herick H folded before Flop (didn't bet)



PokerStars Hand #237570787472:  Hold'em No Limit ($0.02/$0.05 USD) - 2022/07/24 21:15:27 PT [2022/07/25 0:15:27 ET]
Table 'Walbeck' 9-max Seat #7 is the button
Seat 1: Almanza63 ($5.68 in chips) 
Seat 3: Pablocachux ($6.29 in chips) 
Seat 4: Dorex2007 ($5 in chips) 
Seat 5: cubicroot ($9.73 in chips) 
Seat 7: features86 ($9.35 in chips) 
Seat 8: abobora71 ($9.42 in chips) 
Seat 9: herick H ($8.85 in chips) 
abobora71: posts small blind $0.02
herick H: posts big blind $0.05
*** HOLE CARDS ***
Dealt to Dorex2007 [Js 8h]
Almanza63: folds 
Pablocachux: folds 
Dorex2007: folds 
cubicroot: folds 
features86: raises $0.10 to $0.15
abobora71: folds 
herick H: folds 
Uncalled bet ($0.10) returned to features86
features86 collected $0.12 from pot
*** SUMMARY ***
Total pot $0.12 | Rake $0 
Seat 1: Almanza63 folded before Flop (didn't bet)
Seat 3: Pablocachux folded before Flop (didn't bet)
Seat 4: Dorex2007 folded before Flop (didn't bet)
Seat 5: cubicroot folded before Flop (didn't bet)
Seat 7: features86 (button) collected ($0.12)
Seat 8: abobora71 (small blind) folded before Flop
Seat 9: herick H (big blind) folded before Flop



PokerStars Hand #237570790101:  Hold'em No Limit ($0.02/$0.05 USD) - 2022/07/24 21:15:49 PT [2022/07/25 0:15:49 ET]
Table 'Walbeck' 9-max Seat #8 is the button
Seat 1: Almanza63 ($5.68 in chips) 
Seat 3: Pablocachux ($6.29 in chips) 
Seat 4: Dorex2007 ($5 in chips) 
Seat 5: cubicroot ($9.73 in chips) 
Seat 7: features86 ($9.42 in chips) 
Seat 8: abobora71 ($9.40 in chips) 
Seat 9: herick H ($8.80 in chips) 
herick H: posts small blind $0.02
Almanza63: posts big blind $0.05
*** HOLE CARDS ***
Dealt to Dorex2007 [4d 6h]
Pablocachux: folds 
Dorex2007: folds 
cubicroot: folds 
features86: folds 
abobora71: calls $0.05
wALEXSANDRw joins the table at seat #6 
herick H: raises $0.10 to $0.15
Almanza63: calls $0.10
abobora71: calls $0.10
*** FLOP *** [Qd 9h 3d]
herick H: checks 
Almanza63: checks 
abobora71: bets $0.29
herick H: folds 
Almanza63: calls $0.29
*** TURN *** [Qd 9h 3d] [Jd]
Almanza63: checks 
abobora71: checks 
*** RIVER *** [Qd 9h 3d Jd] [7h]
Almanza63: bets $1.70
abobora71: folds 
Uncalled bet ($1.70) returned to Almanza63
Almanza63 collected $0.99 from pot
*** SUMMARY ***
Total pot $1.03 | Rake $0.04 
Board [Qd 9h 3d Jd 7h]
Seat 1: Almanza63 (big blind) collected ($0.99)
Seat 3: Pablocachux folded before Flop (didn't bet)
Seat 4: Dorex2007 folded before Flop (didn't bet)
Seat 5: cubicroot folded before Flop (didn't bet)
Seat 7: features86 folded before Flop (didn't bet)
Seat 8: abobora71 (button) folded on the River
Seat 9: herick H (small blind) folded on the Flop



PokerStars Hand #237570796415:  Hold'em No Limit ($0.02/$0.05 USD) - 2022/07/24 21:16:43 PT [2022/07/25 0:16:43 ET]
Table 'Walbeck' 9-max Seat #9 is the button
Seat 1: Almanza63 ($6.23 in chips) 
Seat 3: Pablocachux ($6.29 in chips) 
Seat 4: Dorex2007 ($5 in chips) 
Seat 5: cubicroot ($9.73 in chips) 
Seat 7: features86 ($9.42 in chips) 
Seat 8: abobora71 ($8.96 in chips) 
Seat 9: herick H ($8.65 in chips) 
Almanza63: posts small blind $0.02
Pablocachux: posts big blind $0.05
wALEXSANDRw: sits out 
*** HOLE CARDS ***
Dealt to Dorex2007 [7d 5c]
Dorex2007: folds 
cubicroot: folds 
features86: folds 
abobora71: folds 
herick H: raises $0.05 to $0.10
Almanza63: calls $0.08
Pablocachux: folds 
*** FLOP *** [Qh Jd 2d]
Almanza63: checks 
herick H: bets $0.10
Almanza63: raises $0.10 to $0.20
herick H: calls $0.10
*** TURN *** [Qh Jd 2d] [7c]
Almanza63: checks 
herick H: checks 
*** RIVER *** [Qh Jd 2d 7c] [Ks]
Almanza63: bets $0.62
herick H: folds 
Uncalled bet ($0.62) returned to Almanza63
Almanza63 collected $0.62 from pot
*** SUMMARY ***
Total pot $0.65 | Rake $0.03 
Board [Qh Jd 2d 7c Ks]
Seat 1: Almanza63 (small blind) collected ($0.62)
Seat 3: Pablocachux (big blind) folded before Flop
Seat 4: Dorex2007 folded before Flop (didn't bet)
Seat 5: cubicroot folded before Flop (didn't bet)
Seat 7: features86 folded before Flop (didn't bet)
Seat 8: abobora71 folded before Flop (didn't bet)
Seat 9: herick H (button) folded on the River



PokerStars Hand #237570803320:  Hold'em No Limit ($0.02/$0.05 USD) - 2022/07/24 21:17:40 PT [2022/07/25 0:17:40 ET]
Table 'Walbeck' 9-max Seat #1 is the button
Seat 1: Almanza63 ($6.55 in chips) 
Seat 3: Pablocachux ($6.24 in chips) 
Seat 4: Dorex2007 ($5 in chips) 
Seat 5: cubicroot ($9.73 in chips) 
Seat 7: features86 ($9.42 in chips) 
Seat 8: abobora71 ($8.96 in chips) 
Seat 9: herick H ($8.35 in chips) 
Pablocachux: posts small blind $0.02
Dorex2007: posts big blind $0.05
wALEXSANDRw: sits out 
*** HOLE CARDS ***
Dealt to Dorex2007 [2c Th]
cubicroot: raises $0.15 to $0.20
features86: raises $0.38 to $0.58
abobora71: folds 
herick H: folds 
Almanza63: folds 
Pablocachux: folds 
Dorex2007: folds 
cubicroot: raises $9.15 to $9.73 and is all-in
features86: calls $8.84 and is all-in
Uncalled bet ($0.31) returned to cubicroot
*** FLOP *** [8h 6c Ac]
*** TURN *** [8h 6c Ac] [Ks]
*** RIVER *** [8h 6c Ac Ks] [2s]
*** SHOW DOWN ***
cubicroot: shows [Qc Qh] (a pair of Queens)
features86: shows [Ah Kc] (two pair, Aces and Kings)
features86 collected $18.13 from pot
*** SUMMARY ***
Total pot $18.91 | Rake $0.78 
Board [8h 6c Ac Ks 2s]
Seat 1: Almanza63 (button) folded before Flop (didn't bet)
Seat 3: Pablocachux (small blind) folded before Flop
Seat 4: Dorex2007 (big blind) folded before Flop
Seat 5: cubicroot showed [Qc Qh] and lost with a pair of Queens
Seat 7: features86 showed [Ah Kc] and won ($18.13) with two pair, Aces and Kings
Seat 8: abobora71 folded before Flop (didn't bet)
Seat 9: herick H folded before Flop (didn't bet)



PokerStars Hand #237570811630:  Hold'em No Limit ($0.02/$0.05 USD) - 2022/07/24 21:18:50 PT [2022/07/25 0:18:50 ET]
Table 'Walbeck' 9-max Seat #3 is the button
Seat 1: Almanza63 ($6.55 in chips) 
Seat 3: Pablocachux ($6.22 in chips) 
Seat 4: Dorex2007 ($5 in chips) 
Seat 5: cubicroot ($0.31 in chips) 
Seat 7: features86 ($18.13 in chips) 
Seat 8: abobora71 ($8.96 in chips) 
Seat 9: herick H ($8.35 in chips) 
Dorex2007: posts small blind $0.02
cubicroot: posts big blind $0.05
wALEXSANDRw: sits out 
*** HOLE CARDS ***
Dealt to Dorex2007 [Jh 5s]
features86: folds 
abobora71: folds 
herick H: folds 
Almanza63: folds 
Pablocachux: raises $0.10 to $0.15
Dorex2007: folds 
cubicroot: calls $0.10
*** FLOP *** [2d 7h 5d]
cubicroot: checks 
Pablocachux: bets $0.31
cubicroot: calls $0.16 and is all-in
Uncalled bet ($0.15) returned to Pablocachux
*** TURN *** [2d 7h 5d] [9d]
*** RIVER *** [2d 7h 5d 9d] [Qc]
*** SHOW DOWN ***
cubicroot: shows [5h 9h] (two pair, Nines and Fives)
Pablocachux: shows [Ad Ah] (a pair of Aces)
cubicroot collected $0.61 from pot
*** SUMMARY ***
Total pot $0.64 | Rake $0.03 
Board [2d 7h 5d 9d Qc]
Seat 1: Almanza63 folded before Flop (didn't bet)
Seat 3: Pablocachux (button) showed [Ad Ah] and lost with a pair of Aces
Seat 4: Dorex2007 (small blind) folded before Flop
Seat 5: cubicroot (big blind) showed [5h 9h] and won ($0.61) with two pair, Nines and Fives
Seat 7: features86 folded before Flop (didn't bet)
Seat 8: abobora71 folded before Flop (didn't bet)
Seat 9: herick H folded before Flop (didn't bet)



PokerStars Hand #237570817438:  Hold'em No Limit ($0.02/$0.05 USD) - 2022/07/24 21:19:38 PT [2022/07/25 0:19:38 ET]
Table 'Walbeck' 9-max Seat #4 is the button
Seat 1: Almanza63 ($6.55 in chips) 
Seat 3: Pablocachux ($5.91 in chips) 
Seat 4: Dorex2007 ($5 in chips) 
Seat 5: cubicroot ($0.61 in chips) 
Seat 6: wALEXSANDRw ($4 in chips) 
Seat 7: features86 ($18.13 in chips) 
Seat 8: abobora71 ($8.96 in chips) 
Seat 9: herick H ($8.35 in chips) 
cubicroot: posts small blind $0.02
wALEXSANDRw: posts big blind $0.05
*** HOLE CARDS ***
Dealt to Dorex2007 [9h 2d]
features86: folds 
abobora71: folds 
herick H: folds 
Almanza63: folds 
Pablocachux: folds 
Dorex2007: folds 
cubicroot: calls $0.03
wALEXSANDRw: checks 
*** FLOP *** [Th 4c 9d]
cubicroot: checks 
wALEXSANDRw: checks 
*** TURN *** [Th 4c 9d] [Ah]
cubicroot: checks 
wALEXSANDRw: bets $0.05
cubicroot: folds 
Uncalled bet ($0.05) returned to wALEXSANDRw
wALEXSANDRw collected $0.10 from pot
*** SUMMARY ***
Total pot $0.10 | Rake $0 
Board [Th 4c 9d Ah]
Seat 1: Almanza63 folded before Flop (didn't bet)
Seat 3: Pablocachux folded before Flop (didn't bet)
Seat 4: Dorex2007 (button) folded before Flop (didn't bet)
Seat 5: cubicroot (small blind) folded on the Turn
Seat 6: wALEXSANDRw (big blind) collected ($0.10)
Seat 7: features86 folded before Flop (didn't bet)
Seat 8: abobora71 folded before Flop (didn't bet)
Seat 9: herick H folded before Flop (didn't bet)



PokerStars Hand #237570823859:  Hold'em No Limit ($0.02/$0.05 USD) - 2022/07/24 21:20:32 PT [2022/07/25 0:20:32 ET]
Table 'Walbeck' 9-max Seat #5 is the button
Seat 1: Almanza63 ($6.55 in chips) 
Seat 2: Jer(11:11)(x) ($7.32 in chips) 
Seat 3: Pablocachux ($5.91 in chips) 
Seat 4: Dorex2007 ($5 in chips) 
Seat 5: cubicroot ($5 in chips) 
Seat 6: wALEXSANDRw ($4.05 in chips) 
Seat 7: features86 ($18.13 in chips) 
Seat 8: abobora71 ($8.96 in chips) 
Seat 9: herick H ($8.35 in chips) 
wALEXSANDRw: posts small blind $0.02
features86: posts big blind $0.05
Jer(11:11)(x): posts small & big blinds $0.07
*** HOLE CARDS ***
Dealt to Dorex2007 [2h 2c]
abobora71: folds 
herick H: raises $0.15 to $0.20
Almanza63: folds 
Jer(11:11)(x): calls $0.15
Pablocachux: folds 
Dorex2007: folds 
cubicroot: calls $0.20
wALEXSANDRw: folds 
Pablocachux leaves the table
features86: calls $0.15
*** FLOP *** [3d 9h Qs]
features86: checks 
Maria1995587 joins the table at seat #3 
herick H: checks 
Jer(11:11)(x): bets $0.20
cubicroot: folds 
features86: raises $0.40 to $0.60
herick H: folds 
Jer(11:11)(x): folds 
Uncalled bet ($0.40) returned to features86
features86 collected $1.19 from pot
*** SUMMARY ***
Total pot $1.24 | Rake $0.05 
Board [3d 9h Qs]
Seat 1: Almanza63 folded before Flop (didn't bet)
Seat 2: Jer(11:11)(x) folded on the Flop
Seat 3: Pablocachux folded before Flop (didn't bet)
Seat 4: Dorex2007 folded before Flop (didn't bet)
Seat 5: cubicroot (button) folded on the Flop
Seat 6: wALEXSANDRw (small blind) folded before Flop
Seat 7: features86 (big blind) collected ($1.19)
Seat 8: abobora71 folded before Flop (didn't bet)
Seat 9: herick H folded on the Flop



PokerStars Hand #237570833974:  Hold'em No Limit ($0.02/$0.05 USD) - 2022/07/24 21:21:57 PT [2022/07/25 0:21:57 ET]
Table 'Walbeck' 9-max Seat #6 is the button
Seat 1: Almanza63 ($6.55 in chips) 
Seat 2: Jer(11:11)(x) ($6.90 in chips) 
Seat 3: Maria1995587 ($5 in chips) 
Seat 4: Dorex2007 ($5 in chips) 
Seat 5: cubicroot ($4.80 in chips) 
Seat 6: wALEXSANDRw ($4.03 in chips) 
Seat 7: features86 ($18.92 in chips) 
Seat 8: abobora71 ($8.96 in chips) 
Seat 9: herick H ($8.15 in chips) 
features86: posts small blind $0.02
abobora71: posts big blind $0.05
Maria1995587: posts big blind $0.05
*** HOLE CARDS ***
Dealt to Dorex2007 [Th 5c]
herick H: folds 
Almanza63: folds 
Jer(11:11)(x): folds 
Maria1995587: checks 
Dorex2007: folds 
cubicroot: calls $0.05
wALEXSANDRw: calls $0.05
features86: calls $0.03
abobora71: checks 
*** FLOP *** [Qh 2s Ad]
features86: checks 
abobora71: checks 
Maria1995587: checks 
cubicroot: bets $0.12
wALEXSANDRw: calls $0.12
features86: calls $0.12
abobora71: folds 
Maria1995587: folds 
*** TURN *** [Qh 2s Ad] [4h]
features86: checks 
cubicroot: bets $0.35
wALEXSANDRw: folds 
features86: folds 
Uncalled bet ($0.35) returned to cubicroot
cubicroot collected $0.58 from pot
*** SUMMARY ***
Total pot $0.61 | Rake $0.03 
Board [Qh 2s Ad 4h]
Seat 1: Almanza63 folded before Flop (didn't bet)
Seat 2: Jer(11:11)(x) folded before Flop (didn't bet)
Seat 3: Maria1995587 folded on the Flop (didn't bet)
Seat 4: Dorex2007 folded before Flop (didn't bet)
Seat 5: cubicroot collected ($0.58)
Seat 6: wALEXSANDRw (button) folded on the Turn
Seat 7: features86 (small blind) folded on the Turn
Seat 8: abobora71 (big blind) folded on the Flop
Seat 9: herick H folded before Flop (didn't bet)



PokerStars Hand #237570844033:  Hold'em No Limit ($0.02/$0.05 USD) - 2022/07/24 21:23:21 PT [2022/07/25 0:23:21 ET]
Table 'Walbeck' 9-max Seat #7 is the button
Seat 1: Almanza63 ($6.55 in chips) 
Seat 2: Jer(11:11)(x) ($6.90 in chips) 
Seat 3: Maria1995587 ($4.95 in chips) 
Seat 4: Dorex2007 ($5 in chips) 
Seat 5: cubicroot ($5.21 in chips) 
Seat 6: wALEXSANDRw ($3.86 in chips) 
Seat 7: features86 ($18.75 in chips) 
Seat 8: abobora71 ($8.91 in chips) 
Seat 9: herick H ($8.15 in chips) 
abobora71: posts small blind $0.02
herick H: posts big blind $0.05
*** HOLE CARDS ***
Dealt to Dorex2007 [5s 7h]
Almanza63: folds 
Jer(11:11)(x): calls $0.05
Maria1995587: calls $0.05
Dorex2007: folds 
cubicroot: calls $0.05
wALEXSANDRw: folds 
features86: folds 
abobora71: calls $0.03
herick H: checks 
*** FLOP *** [Jd 7s Kd]
abobora71: checks 
herick H: checks 
Jer(11:11)(x): bets $0.18
Maria1995587: folds 
cubicroot: calls $0.18
abobora71: folds 
herick H: folds 
*** TURN *** [Jd 7s Kd] [Ks]
Jer(11:11)(x): checks 
cubicroot: checks 
*** RIVER *** [Jd 7s Kd Ks] [Qs]
Jer(11:11)(x): checks 
cubicroot: checks 
*** SHOW DOWN ***
Jer(11:11)(x): shows [Td 2d] (a pair of Kings)
cubicroot: shows [3s 3d] (two pair, Kings and Threes)
cubicroot collected $0.58 from pot
*** SUMMARY ***
Total pot $0.61 | Rake $0.03 
Board [Jd 7s Kd Ks Qs]
Seat 1: Almanza63 folded before Flop (didn't bet)
Seat 2: Jer(11:11)(x) showed [Td 2d] and lost with a pair of Kings
Seat 3: Maria1995587 folded on the Flop
Seat 4: Dorex2007 folded before Flop (didn't bet)
Seat 5: cubicroot showed [3s 3d] and won ($0.58) with two pair, Kings and Threes
Seat 6: wALEXSANDRw folded before Flop (didn't bet)
Seat 7: features86 (button) folded before Flop (didn't bet)
Seat 8: abobora71 (small blind) folded on the Flop
Seat 9: herick H (big blind) folded on the Flop



PokerStars Hand #237570853807:  Hold'em No Limit ($0.02/$0.05 USD) - 2022/07/24 21:24:43 PT [2022/07/25 0:24:43 ET]
Table 'Walbeck' 9-max Seat #8 is the button
Seat 1: Almanza63 ($6.55 in chips) 
Seat 2: Jer(11:11)(x) ($6.67 in chips) 
Seat 3: Maria1995587 ($4.90 in chips) 
Seat 4: Dorex2007 ($5 in chips) 
Seat 5: cubicroot ($5.56 in chips) 
Seat 6: wALEXSANDRw ($3.86 in chips) 
Seat 7: features86 ($18.75 in chips) 
Seat 8: abobora71 ($8.86 in chips) 
Seat 9: herick H ($8.10 in chips) 
herick H: posts small blind $0.02
Almanza63: posts big blind $0.05
*** HOLE CARDS ***
Dealt to Dorex2007 [Jc 7s]
Jer(11:11)(x): folds 
Maria1995587: folds 
Dorex2007: folds 
cubicroot: folds 
wALEXSANDRw: raises $0.05 to $0.10
features86: folds 
abobora71: folds 
herick H: calls $0.08
Almanza63: raises $0.35 to $0.45
wALEXSANDRw: folds 
herick H: folds 
Uncalled bet ($0.35) returned to Almanza63
Almanza63 collected $0.30 from pot
*** SUMMARY ***
Total pot $0.30 | Rake $0 
Seat 1: Almanza63 (big blind) collected ($0.30)
Seat 2: Jer(11:11)(x) folded before Flop (didn't bet)
Seat 3: Maria1995587 folded before Flop (didn't bet)
Seat 4: Dorex2007 folded before Flop (didn't bet)
Seat 5: cubicroot folded before Flop (didn't bet)
Seat 6: wALEXSANDRw folded before Flop
Seat 7: features86 folded before Flop (didn't bet)
Seat 8: abobora71 (button) folded before Flop (didn't bet)
Seat 9: herick H (small blind) folded before Flop



PokerStars Hand #237570857040:  Hold'em No Limit ($0.02/$0.05 USD) - 2022/07/24 21:25:10 PT [2022/07/25 0:25:10 ET]
Table 'Walbeck' 9-max Seat #9 is the button
Seat 1: Almanza63 ($6.75 in chips) 
Seat 2: Jer(11:11)(x) ($6.67 in chips) 
Seat 3: Maria1995587 ($4.90 in chips) 
Seat 4: Dorex2007 ($5 in chips) 
Seat 5: cubicroot ($5.56 in chips) 
Seat 6: wALEXSANDRw ($3.76 in chips) 
Seat 7: features86 ($18.75 in chips) 
Seat 8: abobora71 ($8.86 in chips) 
Seat 9: herick H ($8 in chips) 
Almanza63: posts small blind $0.02
Jer(11:11)(x): posts big blind $0.05
*** HOLE CARDS ***
Dealt to Dorex2007 [5h 7c]
Maria1995587: folds 
Dorex2007: folds 
cubicroot: folds 
wALEXSANDRw: raises $0.05 to $0.10
features86: folds 
abobora71: folds 
herick H: folds 
Almanza63: folds 
Jer(11:11)(x): calls $0.05
*** FLOP *** [Kc 2h Ts]
Jer(11:11)(x): checks 
wALEXSANDRw: bets $0.05
Jer(11:11)(x): raises $0.29 to $0.34
wALEXSANDRw: folds 
Uncalled bet ($0.29) returned to Jer(11:11)(x)
Jer(11:11)(x) collected $0.31 from pot
*** SUMMARY ***
Total pot $0.32 | Rake $0.01 
Board [Kc 2h Ts]
Seat 1: Almanza63 (small blind) folded before Flop
Seat 2: Jer(11:11)(x) (big blind) collected ($0.31)
Seat 3: Maria1995587 folded before Flop (didn't bet)
Seat 4: Dorex2007 folded before Flop (didn't bet)
Seat 5: cubicroot folded before Flop (didn't bet)
Seat 6: wALEXSANDRw folded on the Flop
Seat 7: features86 folded before Flop (didn't bet)
Seat 8: abobora71 folded before Flop (didn't bet)
Seat 9: herick H (button) folded before Flop (didn't bet)



PokerStars Hand #237570861145:  Hold'em No Limit ($0.02/$0.05 USD) - 2022/07/24 21:25:45 PT [2022/07/25 0:25:45 ET]
Table 'Walbeck' 9-max Seat #1 is the button
Seat 1: Almanza63 ($6.73 in chips) 
Seat 2: Jer(11:11)(x) ($6.83 in chips) 
Seat 3: Maria1995587 ($4.90 in chips) 
Seat 4: Dorex2007 ($5 in chips) 
Seat 5: cubicroot ($5.56 in chips) 
Seat 6: wALEXSANDRw ($3.61 in chips) 
Seat 7: features86 ($18.75 in chips) 
Seat 8: abobora71 ($8.86 in chips) 
Seat 9: herick H ($8 in chips) 
Jer(11:11)(x): posts small blind $0.02
Maria1995587: posts big blind $0.05
*** HOLE CARDS ***
Dealt to Dorex2007 [2s 3h]
Dorex2007: folds 
cubicroot: folds 
wALEXSANDRw: folds 
features86: raises $0.10 to $0.15
abobora71: calls $0.15
herick H: calls $0.15
Almanza63: folds 
Jer(11:11)(x): folds 
Maria1995587: calls $0.10
*** FLOP *** [Jd 2h Qc]
Maria1995587: checks 
features86: checks 
abobora71: checks 
herick H: checks 
*** TURN *** [Jd 2h Qc] [9h]
Maria1995587: checks 
features86: checks 
abobora71: checks 
herick H: bets $0.15
Maria1995587: raises $4.60 to $4.75 and is all-in
features86: folds 
abobora71: folds 
herick H: calls $4.60
*** RIVER *** [Jd 2h Qc 9h] [Kh]
*** SHOW DOWN ***
Maria1995587: shows [9d Qd] (two pair, Queens and Nines)
herick H: shows [Td Ks] (a straight, Nine to King)
herick H collected $9.70 from pot
*** SUMMARY ***
Total pot $10.12 | Rake $0.42 
Board [Jd 2h Qc 9h Kh]
Seat 1: Almanza63 (button) folded before Flop (didn't bet)
Seat 2: Jer(11:11)(x) (small blind) folded before Flop
Seat 3: Maria1995587 (big blind) showed [9d Qd] and lost with two pair, Queens and Nines
Seat 4: Dorex2007 folded before Flop (didn't bet)
Seat 5: cubicroot folded before Flop (didn't bet)
Seat 6: wALEXSANDRw folded before Flop (didn't bet)
Seat 7: features86 folded on the Turn
Seat 8: abobora71 folded on the Turn
Seat 9: herick H showed [Td Ks] and won ($9.70) with a straight, Nine to King



PokerStars Hand #237570870079:  Hold'em No Limit ($0.02/$0.05 USD) - 2022/07/24 21:27:00 PT [2022/07/25 0:27:00 ET]
Table 'Walbeck' 9-max Seat #2 is the button
Seat 1: Almanza63 ($6.73 in chips) 
Seat 2: Jer(11:11)(x) ($6.81 in chips) 
Seat 4: Dorex2007 ($5 in chips) 
Seat 5: cubicroot ($5.56 in chips) 
Seat 6: wALEXSANDRw ($3.61 in chips) 
Seat 7: features86 ($18.60 in chips) 
Seat 9: herick H ($12.80 in chips) 
Dorex2007: posts small blind $0.02
cubicroot: posts big blind $0.05
*** HOLE CARDS ***
Dealt to Dorex2007 [3d Qd]
wALEXSANDRw: folds 
Maria1995587 leaves the table
features86: calls $0.05
herick H: folds 
Almanza63: raises $0.15 to $0.20
Jer(11:11)(x): folds 
Dorex2007: folds 
herick H leaves the table
cubicroot: folds 
features86: calls $0.15
*** FLOP *** [Kh 3h 2c]
features86: checks 
Almanza63: bets $0.27
features86: folds 
Uncalled bet ($0.27) returned to Almanza63
Almanza63 collected $0.45 from pot
*** SUMMARY ***
Total pot $0.47 | Rake $0.02 
Board [Kh 3h 2c]
Seat 1: Almanza63 collected ($0.45)
Seat 2: Jer(11:11)(x) (button) folded before Flop (didn't bet)
Seat 4: Dorex2007 (small blind) folded before Flop
Seat 5: cubicroot (big blind) folded before Flop
Seat 6: wALEXSANDRw folded before Flop (didn't bet)
Seat 7: features86 folded on the Flop
Seat 9: herick H folded before Flop (didn't bet)



PokerStars Hand #237570875621:  Hold'em No Limit ($0.02/$0.05 USD) - 2022/07/24 21:27:47 PT [2022/07/25 0:27:47 ET]
Table 'Walbeck' 9-max Seat #4 is the button
Seat 1: Almanza63 ($6.98 in chips) 
Seat 2: Jer(11:11)(x) ($6.81 in chips) 
Seat 4: Dorex2007 ($5 in chips) 
Seat 5: cubicroot ($5.51 in chips) 
Seat 6: wALEXSANDRw ($3.61 in chips) 
Seat 7: features86 ($18.40 in chips) 
cubicroot: posts small blind $0.02
wALEXSANDRw: posts big blind $0.05
*** HOLE CARDS ***
Dealt to Dorex2007 [8h 3c]
features86: folds 
Almanza63: folds 
Jer(11:11)(x): calls $0.05
Dorex2007: folds 
cubicroot: calls $0.03
wALEXSANDRw: checks 
*** FLOP *** [2s Js 9s]
cubicroot: checks 
wALEXSANDRw: checks 
Jer(11:11)(x): bets $0.25
cubicroot: folds 
vkorgik joins the table at seat #3 
wALEXSANDRw: folds 
Uncalled bet ($0.25) returned to Jer(11:11)(x)
Jer(11:11)(x) collected $0.14 from pot
*** SUMMARY ***
Total pot $0.15 | Rake $0.01 
Board [2s Js 9s]
Seat 1: Almanza63 folded before Flop (didn't bet)
Seat 2: Jer(11:11)(x) collected ($0.14)
Seat 4: Dorex2007 (button) folded before Flop (didn't bet)
Seat 5: cubicroot (small blind) folded on the Flop
Seat 6: wALEXSANDRw (big blind) folded on the Flop
Seat 7: features86 folded before Flop (didn't bet)



PokerStars Hand #237570881845:  Hold'em No Limit ($0.02/$0.05 USD) - 2022/07/24 21:28:34 PT [2022/07/25 0:28:34 ET]
Table 'Walbeck' 9-max Seat #5 is the button
Seat 1: Almanza63 ($6.98 in chips) 
Seat 2: Jer(11:11)(x) ($6.90 in chips) 
Seat 4: Dorex2007 ($5 in chips) 
Seat 5: cubicroot ($5.46 in chips) 
Seat 6: wALEXSANDRw ($3.56 in chips) 
Seat 7: features86 ($18.40 in chips) 
wALEXSANDRw: posts small blind $0.02
features86: posts big blind $0.05
vkorgik: sits out 
*** HOLE CARDS ***
Dealt to Dorex2007 [Ts 6d]
Almanza63: raises $0.15 to $0.20
Jer(11:11)(x): folds 
Dorex2007: folds 
cubicroot: folds 
Gummi feiti joins the table at seat #9 
wALEXSANDRw: folds 
features86: calls $0.15
*** FLOP *** [3s 8d 7c]
features86: checks 
Almanza63: bets $0.22
features86: folds 
Uncalled bet ($0.22) returned to Almanza63
Almanza63 collected $0.40 from pot
*** SUMMARY ***
Total pot $0.42 | Rake $0.02 
Board [3s 8d 7c]
Seat 1: Almanza63 collected ($0.40)
Seat 2: Jer(11:11)(x) folded before Flop (didn't bet)
Seat 4: Dorex2007 folded before Flop (didn't bet)
Seat 5: cubicroot (button) folded before Flop (didn't bet)
Seat 6: wALEXSANDRw (small blind) folded before Flop
Seat 7: features86 (big blind) folded on the Flop



PokerStars Hand #237570885514:  Hold'em No Limit ($0.02/$0.05 USD) - 2022/07/24 21:29:06 PT [2022/07/25 0:29:06 ET]
Table 'Walbeck' 9-max Seat #6 is the button
Seat 1: Almanza63 ($7.18 in chips) 
Seat 2: Jer(11:11)(x) ($6.90 in chips) 
Seat 4: Dorex2007 ($5 in chips) 
Seat 5: cubicroot ($5.46 in chips) 
Seat 6: wALEXSANDRw ($3.54 in chips) 
Seat 7: features86 ($18.20 in chips) 
Seat 9: Gummi feiti ($4 in chips) 
features86: posts small blind $0.02
Gummi feiti: posts big blind $0.05
vkorgik: sits out 
*** HOLE CARDS ***
Dealt to Dorex2007 [Ts Td]
Almanza63: folds 
Jer(11:11)(x): calls $0.05
Dorex2007: raises $0.10 to $0.15
cubicroot: folds 
wALEXSANDRw: folds 
features86: folds 
Gummi feiti: calls $0.10
Jer(11:11)(x): calls $0.10
*** FLOP *** [5d Ac 3s]
Gummi feiti: checks 
Jer(11:11)(x): checks 
Dorex2007: bets $0.22
Gummi feiti: calls $0.22
Jer(11:11)(x): folds 
*** TURN *** [5d Ac 3s] [3d]
Gummi feiti: checks 
Dorex2007: checks 
*** RIVER *** [5d Ac 3s 3d] [Ad]
Gummi feiti: checks 
Dorex2007: checks 
*** SHOW DOWN ***
Gummi feiti: shows [6h Qs] (two pair, Aces and Threes)
Dorex2007: shows [Ts Td] (two pair, Aces and Tens)
Dorex2007 collected $0.87 from pot
*** SUMMARY ***
Total pot $0.91 | Rake $0.04 
Board [5d Ac 3s 3d Ad]
Seat 1: Almanza63 folded before Flop (didn't bet)
Seat 2: Jer(11:11)(x) folded on the Flop
Seat 4: Dorex2007 showed [Ts Td] and won ($0.87) with two pair, Aces and Tens
Seat 5: cubicroot folded before Flop (didn't bet)
Seat 6: wALEXSANDRw (button) folded before Flop (didn't bet)
Seat 7: features86 (small blind) folded before Flop
Seat 9: Gummi feiti (big blind) showed [6h Qs] and lost with two pair, Aces and Threes



PokerStars Hand #237570892959:  Hold'em No Limit ($0.02/$0.05 USD) - 2022/07/24 21:30:10 PT [2022/07/25 0:30:10 ET]
Table 'Walbeck' 9-max Seat #7 is the button
Seat 1: Almanza63 ($7.18 in chips) 
Seat 2: Jer(11:11)(x) ($6.75 in chips) 
Seat 4: Dorex2007 ($5.50 in chips) 
Seat 5: cubicroot ($5.46 in chips) 
Seat 6: wALEXSANDRw ($3.54 in chips) 
Seat 7: features86 ($18.18 in chips) 
Seat 9: Gummi feiti ($3.63 in chips) 
Gummi feiti: posts small blind $0.02
Almanza63: posts big blind $0.05
vkorgik: sits out 
*** HOLE CARDS ***
Dealt to Dorex2007 [5h 3d]
Jer(11:11)(x): calls $0.05
Dorex2007: folds 
cubicroot: folds 
wALEXSANDRw: folds 
features86: raises $0.15 to $0.20
Gummi feiti: calls $0.18
Almanza63: folds 
Jer(11:11)(x): calls $0.15
*** FLOP *** [8c 3c Ts]
Gummi feiti: checks 
Jer(11:11)(x): checks 
features86: bets $0.34
Gummi feiti: calls $0.34
Jer(11:11)(x): folds 
*** TURN *** [8c 3c Ts] [6h]
Gummi feiti: checks 
features86: bets $0.74
Gummi feiti: folds 
Uncalled bet ($0.74) returned to features86
features86 collected $1.27 from pot
*** SUMMARY ***
Total pot $1.33 | Rake $0.06 
Board [8c 3c Ts 6h]
Seat 1: Almanza63 (big blind) folded before Flop
Seat 2: Jer(11:11)(x) folded on the Flop
Seat 4: Dorex2007 folded before Flop (didn't bet)
Seat 5: cubicroot folded before Flop (didn't bet)
Seat 6: wALEXSANDRw folded before Flop (didn't bet)
Seat 7: features86 (button) collected ($1.27)
Seat 9: Gummi feiti (small blind) folded on the Turn



PokerStars Hand #237570898717:  Hold'em No Limit ($0.02/$0.05 USD) - 2022/07/24 21:31:00 PT [2022/07/25 0:31:00 ET]
Table 'Walbeck' 9-max Seat #9 is the button
Seat 1: Almanza63 ($7.13 in chips) 
Seat 2: Jer(11:11)(x) ($6.55 in chips) 
Seat 4: Dorex2007 ($5.50 in chips) 
Seat 5: cubicroot ($5.46 in chips) 
Seat 6: wALEXSANDRw ($3.54 in chips) 
Seat 7: features86 ($18.91 in chips) 
Seat 9: Gummi feiti ($3.09 in chips) 
Almanza63: posts small blind $0.02
Jer(11:11)(x): posts big blind $0.05
vkorgik: sits out 
*** HOLE CARDS ***
Dealt to Dorex2007 [9s 7s]
Dorex2007: folds 
cubicroot has timed out
cubicroot: folds 
wALEXSANDRw: folds 
features86: folds 
Gummi feiti: folds 
Almanza63: raises $0.15 to $0.20
Jer(11:11)(x): raises $6.35 to $6.55 and is all-in
Almanza63: folds 
Uncalled bet ($6.35) returned to Jer(11:11)(x)
Jer(11:11)(x) collected $0.40 from pot
*** SUMMARY ***
Total pot $0.40 | Rake $0 
Seat 1: Almanza63 (small blind) folded before Flop
Seat 2: Jer(11:11)(x) (big blind) collected ($0.40)
Seat 4: Dorex2007 folded before Flop (didn't bet)
Seat 5: cubicroot folded before Flop (didn't bet)
Seat 6: wALEXSANDRw folded before Flop (didn't bet)
Seat 7: features86 folded before Flop (didn't bet)
Seat 9: Gummi feiti (button) folded before Flop (didn't bet)



PokerStars Hand #237570911793:  Hold'em No Limit ($0.02/$0.05 USD) - 2022/07/24 21:31:50 PT [2022/07/25 0:31:50 ET]
Table 'Walbeck' 9-max Seat #1 is the button
Seat 1: Almanza63 ($6.93 in chips) 
Seat 2: Jer(11:11)(x) ($6.75 in chips) 
Seat 3: vkorgik ($4 in chips) 
Seat 4: Dorex2007 ($5.50 in chips) 
Seat 5: cubicroot ($5.46 in chips) 
Seat 6: wALEXSANDRw ($3.54 in chips) 
Seat 7: features86 ($18.91 in chips) 
Seat 9: Gummi feiti ($3.09 in chips) 
Jer(11:11)(x): posts small blind $0.02
vkorgik: posts big blind $0.05
*** HOLE CARDS ***
Dealt to Dorex2007 [7d Kc]
Dorex2007: folds 
cubicroot: folds 
wALEXSANDRw: folds 
features86: raises $0.10 to $0.15
Gummi feiti: calls $0.15
Almanza63: folds 
Jer(11:11)(x): folds 
vkorgik: folds 
*** FLOP *** [Ks Tc 2d]
features86: checks 
Gummi feiti: checks 
*** TURN *** [Ks Tc 2d] [4d]
features86: checks 
Gummi feiti: checks 
*** RIVER *** [Ks Tc 2d 4d] [4h]
features86: bets $0.22
Gummi feiti: folds [Qd]
Uncalled bet ($0.22) returned to features86
features86 collected $0.35 from pot
*** SUMMARY ***
Total pot $0.37 | Rake $0.02 
Board [Ks Tc 2d 4d 4h]
Seat 1: Almanza63 (button) folded before Flop (didn't bet)
Seat 2: Jer(11:11)(x) (small blind) folded before Flop
Seat 3: vkorgik (big blind) folded before Flop
Seat 4: Dorex2007 folded before Flop (didn't bet)
Seat 5: cubicroot folded before Flop (didn't bet)
Seat 6: wALEXSANDRw folded before Flop (didn't bet)
Seat 7: features86 collected ($0.35)
Seat 9: Gummi feiti folded on the River



PokerStars Hand #237570923493:  Hold'em No Limit ($0.02/$0.05 USD) - 2022/07/24 21:32:52 PT [2022/07/25 0:32:52 ET]
Table 'Walbeck' 9-max Seat #2 is the button
Seat 1: Almanza63 ($6.93 in chips) 
Seat 2: Jer(11:11)(x) ($6.73 in chips) 
Seat 3: vkorgik ($4 in chips) 
Seat 4: Dorex2007 ($5.50 in chips) 
Seat 5: cubicroot ($5.46 in chips) 
Seat 6: wALEXSANDRw ($3.54 in chips) 
Seat 7: features86 ($19.11 in chips) 
Seat 9: Gummi feiti ($2.94 in chips) 
vkorgik: posts small blind $0.02
Dorex2007: posts big blind $0.05
*** HOLE CARDS ***
Dealt to Dorex2007 [5h As]
cubicroot: folds 
wALEXSANDRw: folds 
features86 has timed out
features86: folds 
Gummi feiti: calls $0.05
Almanza63: folds 
Jer(11:11)(x): calls $0.05
vkorgik: folds 
Dorex2007: checks 
*** FLOP *** [3s 4c 4s]
Dorex2007: checks 
Gummi feiti: checks 
Jer(11:11)(x): checks 
*** TURN *** [3s 4c 4s] [5s]
Dorex2007: bets $0.16
Gummi feiti: folds 
Jer(11:11)(x): calls $0.16
*** RIVER *** [3s 4c 4s 5s] [Td]
Dorex2007: bets $0.23
Jer(11:11)(x): folds 
Uncalled bet ($0.23) returned to Dorex2007
Dorex2007 collected $0.47 from pot
*** SUMMARY ***
Total pot $0.49 | Rake $0.02 
Board [3s 4c 4s 5s Td]
Seat 1: Almanza63 folded before Flop (didn't bet)
Seat 2: Jer(11:11)(x) (button) folded on the River
Seat 3: vkorgik (small blind) folded before Flop
Seat 4: Dorex2007 (big blind) collected ($0.47)
Seat 5: cubicroot folded before Flop (didn't bet)
Seat 6: wALEXSANDRw folded before Flop (didn't bet)
Seat 7: features86 folded before Flop (didn't bet)
Seat 9: Gummi feiti folded on the Turn



PokerStars Hand #237570930696:  Hold'em No Limit ($0.02/$0.05 USD) - 2022/07/24 21:33:57 PT [2022/07/25 0:33:57 ET]
Table 'Walbeck' 9-max Seat #3 is the button
Seat 1: Almanza63 ($6.93 in chips) 
Seat 2: Jer(11:11)(x) ($6.52 in chips) 
Seat 3: vkorgik ($4 in chips) 
Seat 4: Dorex2007 ($5.76 in chips) 
Seat 5: cubicroot ($5.46 in chips) 
Seat 6: wALEXSANDRw ($3.54 in chips) 
Seat 7: features86 ($19.11 in chips) 
Seat 9: Gummi feiti ($2.89 in chips) 
Dorex2007: posts small blind $0.02
cubicroot: posts big blind $0.05
*** HOLE CARDS ***
Dealt to Dorex2007 [3d Jh]
wALEXSANDRw: folds 
features86: folds 
Gummi feiti: calls $0.05
Almanza63: folds 
Jer(11:11)(x): raises $0.05 to $0.10
vkorgik: raises $0.32 to $0.42
Dorex2007: folds 
cubicroot: folds 
Gummi feiti: calls $0.37
Jer(11:11)(x): calls $0.32
*** FLOP *** [2s 5c 8s]
Gummi feiti: checks 
Jer(11:11)(x): bets $0.70
vkorgik: folds 
Gummi feiti: calls $0.70
*** TURN *** [2s 5c 8s] [2d]
wALEXSANDRw leaves the table
Gummi feiti: checks 
Jer(11:11)(x): bets $0.35
Gummi feiti: calls $0.35
*** RIVER *** [2s 5c 8s 2d] [Kd]
Gummi feiti: checks 
Jer(11:11)(x): bets $0.55
Gummi feiti: calls $0.55
*** SHOW DOWN ***
Jer(11:11)(x): shows [2h 2c] (four of a kind, Deuces)
Gummi feiti: mucks hand 
Jer(11:11)(x) collected $4.34 from pot
*** SUMMARY ***
Total pot $4.53 | Rake $0.19 
Board [2s 5c 8s 2d Kd]
Seat 1: Almanza63 folded before Flop (didn't bet)
Seat 2: Jer(11:11)(x) showed [2h 2c] and won ($4.34) with four of a kind, Deuces
Seat 3: vkorgik (button) folded on the Flop
Seat 4: Dorex2007 (small blind) folded before Flop
Seat 5: cubicroot (big blind) folded before Flop
Seat 6: wALEXSANDRw folded before Flop (didn't bet)
Seat 7: features86 folded before Flop (didn't bet)
Seat 9: Gummi feiti mucked [7h Jd]



PokerStars Hand #237570939553:  Hold'em No Limit ($0.02/$0.05 USD) - 2022/07/24 21:35:14 PT [2022/07/25 0:35:14 ET]
Table 'Walbeck' 9-max Seat #4 is the button
Seat 1: Almanza63 ($6.93 in chips) 
Seat 2: Jer(11:11)(x) ($8.84 in chips) 
Seat 3: vkorgik ($4 in chips) 
Seat 4: Dorex2007 ($5.74 in chips) 
Seat 5: cubicroot ($5.41 in chips) 
Seat 7: features86 ($19.11 in chips) 
Seat 9: Gummi feiti ($0.87 in chips) 
cubicroot: posts small blind $0.02
features86: posts big blind $0.05
*** HOLE CARDS ***
Dealt to Dorex2007 [Qd 4h]
Gummi feiti has timed out
Gummi feiti: folds 
Almanza63: folds 
Jer(11:11)(x): calls $0.05
Gummi feiti leaves the table
vkorgik: folds 
Dorex2007: folds 
cubicroot: calls $0.03
features86: checks 
*** FLOP *** [5h 7c 2c]
cubicroot: checks 
features86: checks 
Jer(11:11)(x): bets $0.25
cubicroot: folds 
features86: folds 
Uncalled bet ($0.25) returned to Jer(11:11)(x)
Jer(11:11)(x) collected $0.14 from pot
*** SUMMARY ***
Total pot $0.15 | Rake $0.01 
Board [5h 7c 2c]
Seat 1: Almanza63 folded before Flop (didn't bet)
Seat 2: Jer(11:11)(x) collected ($0.14)
Seat 3: vkorgik folded before Flop (didn't bet)
Seat 4: Dorex2007 (button) folded before Flop (didn't bet)
Seat 5: cubicroot (small blind) folded on the Flop
Seat 7: features86 (big blind) folded on the Flop
Seat 9: Gummi feiti folded before Flop (didn't bet)



PokerStars Hand #237570948763:  Hold'em No Limit ($0.02/$0.05 USD) - 2022/07/24 21:36:34 PT [2022/07/25 0:36:34 ET]
Table 'Walbeck' 9-max Seat #5 is the button
Seat 1: Almanza63 ($6.93 in chips) 
Seat 2: Jer(11:11)(x) ($8.93 in chips) 
Seat 3: vkorgik ($4 in chips) 
Seat 4: Dorex2007 ($5.74 in chips) 
Seat 5: cubicroot ($5.36 in chips) 
Seat 7: features86 ($19.06 in chips) 
features86: posts small blind $0.02
Almanza63: posts big blind $0.05
*** HOLE CARDS ***
Dealt to Dorex2007 [Kh As]
Jer(11:11)(x): folds 
vkorgik: folds 
Dorex2007: raises $0.15 to $0.20
cubicroot: folds 
features86: folds 
Almanza63: raises $0.30 to $0.50
Dorex2007: folds 
Uncalled bet ($0.30) returned to Almanza63
Almanza63 collected $0.42 from pot
*** SUMMARY ***
Total pot $0.42 | Rake $0 
Seat 1: Almanza63 (big blind) collected ($0.42)
Seat 2: Jer(11:11)(x) folded before Flop (didn't bet)
Seat 3: vkorgik folded before Flop (didn't bet)
Seat 4: Dorex2007 folded before Flop
Seat 5: cubicroot (button) folded before Flop (didn't bet)
Seat 7: features86 (small blind) folded before Flop



PokerStars Hand #237570952399:  Hold'em No Limit ($0.02/$0.05 USD) - 2022/07/24 21:37:05 PT [2022/07/25 0:37:05 ET]
Table 'Walbeck' 9-max Seat #7 is the button
Seat 1: Almanza63 ($7.15 in chips) 
Seat 2: Jer(11:11)(x) ($8.93 in chips) 
Seat 3: vkorgik ($4 in chips) 
Seat 4: Dorex2007 ($5.54 in chips) 
Seat 5: cubicroot ($5.36 in chips) 
Seat 7: features86 ($19.04 in chips) 
Almanza63: posts small blind $0.02
Jer(11:11)(x): posts big blind $0.05
*** HOLE CARDS ***
Dealt to Dorex2007 [3h 7h]
vkorgik: folds 
Dorex2007: folds 
cubicroot: folds 
features86: folds 
Almanza63: raises $0.15 to $0.20
Jer(11:11)(x): folds 
Uncalled bet ($0.15) returned to Almanza63
Almanza63 collected $0.10 from pot
*** SUMMARY ***
Total pot $0.10 | Rake $0 
Seat 1: Almanza63 (small blind) collected ($0.10)
Seat 2: Jer(11:11)(x) (big blind) folded before Flop
Seat 3: vkorgik folded before Flop (didn't bet)
Seat 4: Dorex2007 folded before Flop (didn't bet)
Seat 5: cubicroot folded before Flop (didn't bet)
Seat 7: features86 (button) folded before Flop (didn't bet)



PokerStars Hand #237570955369:  Hold'em No Limit ($0.02/$0.05 USD) - 2022/07/24 21:37:31 PT [2022/07/25 0:37:31 ET]
Table 'Walbeck' 9-max Seat #1 is the button
Seat 1: Almanza63 ($7.20 in chips) 
Seat 2: Jer(11:11)(x) ($8.88 in chips) 
Seat 3: vkorgik ($4 in chips) 
Seat 4: Dorex2007 ($5.54 in chips) 
Seat 5: cubicroot ($5.36 in chips) 
Seat 7: features86 ($19.04 in chips) 
Jer(11:11)(x): posts small blind $0.02
vkorgik: posts big blind $0.05
abobora71: sits out 
*** HOLE CARDS ***
Dealt to Dorex2007 [Tc 3h]
Dorex2007: folds 
cubicroot: calls $0.05
features86: folds 
Almanza63: raises $0.10 to $0.15
Jer(11:11)(x): calls $0.13
vkorgik: folds 
cubicroot: folds 
*** FLOP *** [8d Jd 3s]
Jer(11:11)(x): bets $0.05
Almanza63: calls $0.05
*** TURN *** [8d Jd 3s] [Ts]
Jer(11:11)(x): bets $0.15
Almanza63: calls $0.15
*** RIVER *** [8d Jd 3s Ts] [Qh]
Jer(11:11)(x): bets $0.05
Almanza63: raises $0.87 to $0.92
Jer(11:11)(x): folds 
Uncalled bet ($0.87) returned to Almanza63
Almanza63 collected $0.86 from pot
*** SUMMARY ***
Total pot $0.90 | Rake $0.04 
Board [8d Jd 3s Ts Qh]
Seat 1: Almanza63 (button) collected ($0.86)
Seat 2: Jer(11:11)(x) (small blind) folded on the River
Seat 3: vkorgik (big blind) folded before Flop
Seat 4: Dorex2007 folded before Flop (didn't bet)
Seat 5: cubicroot folded before Flop
Seat 7: features86 folded before Flop (didn't bet)



PokerStars Hand #237570965581:  Hold'em No Limit ($0.02/$0.05 USD) - 2022/07/24 21:39:00 PT [2022/07/25 0:39:00 ET]
Table 'Walbeck' 9-max Seat #2 is the button
Seat 1: Almanza63 ($7.66 in chips) 
Seat 2: Jer(11:11)(x) ($8.48 in chips) 
Seat 3: vkorgik ($4 in chips) 
Seat 4: Dorex2007 ($5.54 in chips) 
Seat 5: cubicroot ($5.31 in chips) 
Seat 7: features86 ($19.04 in chips) 
vkorgik: posts small blind $0.02
Dorex2007: posts big blind $0.05
abobora71: sits out 
*** HOLE CARDS ***
Dealt to Dorex2007 [3s 7h]
cubicroot: raises $0.05 to $0.10
features86: folds 
Almanza63: raises $0.35 to $0.45
Jer(11:11)(x): folds 
vkorgik: folds 
Dorex2007: folds 
hot big fish joins the table at seat #6 
cubicroot: calls $0.35
*** FLOP *** [7c Qd Jh]
cubicroot: checks 
Almanza63: bets $0.46
cubicroot: folds 
Uncalled bet ($0.46) returned to Almanza63
Almanza63 collected $0.93 from pot
*** SUMMARY ***
Total pot $0.97 | Rake $0.04 
Board [7c Qd Jh]
Seat 1: Almanza63 collected ($0.93)
Seat 2: Jer(11:11)(x) (button) folded before Flop (didn't bet)
Seat 3: vkorgik (small blind) folded before Flop
Seat 4: Dorex2007 (big blind) folded before Flop
Seat 5: cubicroot folded on the Flop
Seat 7: features86 folded before Flop (didn't bet)



PokerStars Hand #237570971163:  Hold'em No Limit ($0.02/$0.05 USD) - 2022/07/24 21:39:49 PT [2022/07/25 0:39:49 ET]
Table 'Walbeck' 9-max Seat #3 is the button
Seat 1: Almanza63 ($8.14 in chips) 
Seat 2: Jer(11:11)(x) ($8.48 in chips) 
Seat 3: vkorgik ($4 in chips) 
Seat 4: Dorex2007 ($5.49 in chips) 
Seat 5: cubicroot ($4.86 in chips) 
Seat 7: features86 ($19.04 in chips) 
Dorex2007: posts small blind $0.02
cubicroot: posts big blind $0.05
hot big fish: sits out 
abobora71: sits out 
*** HOLE CARDS ***
Dealt to Dorex2007 [6s 8s]
features86: folds 
Almanza63: folds 
paragraf joins the table at seat #9 
Jer(11:11)(x): calls $0.05
vkorgik: folds 
Dorex2007: folds 
cubicroot: checks 
*** FLOP *** [Qd Qh Js]
cubicroot: checks 
Jer(11:11)(x): bets $0.09
cubicroot: folds 
Uncalled bet ($0.09) returned to Jer(11:11)(x)
Jer(11:11)(x) collected $0.12 from pot
*** SUMMARY ***
Total pot $0.12 | Rake $0 
Board [Qd Qh Js]
Seat 1: Almanza63 folded before Flop (didn't bet)
Seat 2: Jer(11:11)(x) collected ($0.12)
Seat 3: vkorgik (button) folded before Flop (didn't bet)
Seat 4: Dorex2007 (small blind) folded before Flop
Seat 5: cubicroot (big blind) folded on the Flop
Seat 7: features86 folded before Flop (didn't bet)



PokerStars Hand #237570973891:  Hold'em No Limit ($0.02/$0.05 USD) - 2022/07/24 21:40:13 PT [2022/07/25 0:40:13 ET]
Table 'Walbeck' 9-max Seat #4 is the button
Seat 1: Almanza63 ($8.14 in chips) 
Seat 2: Jer(11:11)(x) ($8.55 in chips) 
Seat 3: vkorgik ($4 in chips) 
Seat 4: Dorex2007 ($5.47 in chips) 
Seat 5: cubicroot ($4.81 in chips) 
Seat 6: hot big fish ($4 in chips) 
Seat 7: features86 ($19.04 in chips) 
Seat 9: paragraf ($3 in chips) 
cubicroot: posts small blind $0.02
hot big fish: posts big blind $0.05
abobora71: sits out 
paragraf: posts big blind $0.05
*** HOLE CARDS ***
Dealt to Dorex2007 [4c 2d]
features86: folds 
paragraf: checks 
Almanza63: folds 
Jer(11:11)(x): calls $0.05
vkorgik: folds 
Dorex2007: folds 
cubicroot: calls $0.03
hot big fish: folds 
*** FLOP *** [Jh 3d Qc]
hot big fish leaves the table
cubicroot: checks 
paragraf: checks 
Jer(11:11)(x): bets $0.25
cubicroot: folds 
paragraf: folds 
Uncalled bet ($0.25) returned to Jer(11:11)(x)
Jer(11:11)(x) collected $0.19 from pot
*** SUMMARY ***
Total pot $0.20 | Rake $0.01 
Board [Jh 3d Qc]
Seat 1: Almanza63 folded before Flop (didn't bet)
Seat 2: Jer(11:11)(x) collected ($0.19)
Seat 3: vkorgik folded before Flop (didn't bet)
Seat 4: Dorex2007 (button) folded before Flop (didn't bet)
Seat 5: cubicroot (small blind) folded on the Flop
Seat 6: hot big fish (big blind) folded before Flop
Seat 7: features86 folded before Flop (didn't bet)
Seat 9: paragraf folded on the Flop (didn't bet)



PokerStars Hand #237570978515:  Hold'em No Limit ($0.02/$0.05 USD) - 2022/07/24 21:40:54 PT [2022/07/25 0:40:54 ET]
Table 'Walbeck' 9-max Seat #5 is the button
Seat 1: Almanza63 ($8.14 in chips) 
Seat 2: Jer(11:11)(x) ($8.69 in chips) 
Seat 3: vkorgik ($4 in chips) 
Seat 4: Dorex2007 ($5.47 in chips) 
Seat 5: cubicroot ($4.76 in chips) 
Seat 7: features86 ($19.04 in chips) 
Seat 8: abobora71 ($8.71 in chips) 
Seat 9: paragraf ($2.95 in chips) 
features86: posts small blind $0.02
abobora71: posts big blind $0.05
*** HOLE CARDS ***
Dealt to Dorex2007 [5d Ad]
paragraf: folds 
Almanza63: folds 
Jer(11:11)(x): calls $0.05
vkorgik: folds 
Dorex2007: folds 
cubicroot: folds 
features86: folds 
abobora71: checks 
*** FLOP *** [8s 7s Jh]
abobora71: checks 
Jer(11:11)(x): bets $0.13
abobora71: folds 
Uncalled bet ($0.13) returned to Jer(11:11)(x)
Jer(11:11)(x) collected $0.12 from pot
*** SUMMARY ***
Total pot $0.12 | Rake $0 
Board [8s 7s Jh]
Seat 1: Almanza63 folded before Flop (didn't bet)
Seat 2: Jer(11:11)(x) collected ($0.12)
Seat 3: vkorgik folded before Flop (didn't bet)
Seat 4: Dorex2007 folded before Flop (didn't bet)
Seat 5: cubicroot (button) folded before Flop (didn't bet)
Seat 7: features86 (small blind) folded before Flop
Seat 8: abobora71 (big blind) folded on the Flop
Seat 9: paragraf folded before Flop (didn't bet)



PokerStars Hand #237570982123:  Hold'em No Limit ($0.02/$0.05 USD) - 2022/07/24 21:41:25 PT [2022/07/25 0:41:25 ET]
Table 'Walbeck' 9-max Seat #7 is the button
Seat 1: Almanza63 ($8.14 in chips) 
Seat 2: Jer(11:11)(x) ($8.76 in chips) 
Seat 3: vkorgik ($4 in chips) 
Seat 4: Dorex2007 ($5.47 in chips) 
Seat 5: cubicroot ($4.76 in chips) 
Seat 7: features86 ($19.02 in chips) 
Seat 8: abobora71 ($8.66 in chips) 
Seat 9: paragraf ($2.95 in chips) 
abobora71: posts small blind $0.02
paragraf: posts big blind $0.05
*** HOLE CARDS ***
Dealt to Dorex2007 [6h Td]
Almanza63: raises $0.15 to $0.20
Jer(11:11)(x): folds 
vkorgik: folds 
Dorex2007: folds 
cubicroot: folds 
features86: folds 
abobora71: folds 
paragraf: folds 
Uncalled bet ($0.15) returned to Almanza63
Almanza63 collected $0.12 from pot
*** SUMMARY ***
Total pot $0.12 | Rake $0 
Seat 1: Almanza63 collected ($0.12)
Seat 2: Jer(11:11)(x) folded before Flop (didn't bet)
Seat 3: vkorgik folded before Flop (didn't bet)
Seat 4: Dorex2007 folded before Flop (didn't bet)
Seat 5: cubicroot folded before Flop (didn't bet)
Seat 7: features86 (button) folded before Flop (didn't bet)
Seat 8: abobora71 (small blind) folded before Flop
Seat 9: paragraf (big blind) folded before Flop



PokerStars Hand #237570983470:  Hold'em No Limit ($0.02/$0.05 USD) - 2022/07/24 21:41:37 PT [2022/07/25 0:41:37 ET]
Table 'Walbeck' 9-max Seat #8 is the button
Seat 1: Almanza63 ($8.21 in chips) 
Seat 2: Jer(11:11)(x) ($8.76 in chips) 
Seat 3: vkorgik ($4 in chips) 
Seat 4: Dorex2007 ($5.47 in chips) 
Seat 5: cubicroot ($4.76 in chips) 
Seat 7: features86 ($19.02 in chips) 
Seat 8: abobora71 ($8.64 in chips) 
Seat 9: paragraf ($2.90 in chips) 
paragraf: posts small blind $0.02
Almanza63: posts big blind $0.05
*** HOLE CARDS ***
Dealt to Dorex2007 [Qd 2h]
Jer(11:11)(x): folds 
vkorgik: folds 
Dorex2007: folds 
cubicroot: folds 
features86: raises $0.10 to $0.15
abobora71: calls $0.15
Templar85 joins the table at seat #6 
paragraf: calls $0.13
Almanza63: folds 
*** FLOP *** [5s 6h 7d]
paragraf: bets $0.10
features86: calls $0.10
abobora71: raises $0.42 to $0.52
paragraf: folds 
features86: folds 
Uncalled bet ($0.42) returned to abobora71
abobora71 collected $0.77 from pot
*** SUMMARY ***
Total pot $0.80 | Rake $0.03 
Board [5s 6h 7d]
Seat 1: Almanza63 (big blind) folded before Flop
Seat 2: Jer(11:11)(x) folded before Flop (didn't bet)
Seat 3: vkorgik folded before Flop (didn't bet)
Seat 4: Dorex2007 folded before Flop (didn't bet)
Seat 5: cubicroot folded before Flop (didn't bet)
Seat 7: features86 folded on the Flop
Seat 8: abobora71 (button) collected ($0.77)
Seat 9: paragraf (small blind) folded on the Flop



PokerStars Hand #237570989798:  Hold'em No Limit ($0.02/$0.05 USD) - 2022/07/24 21:42:31 PT [2022/07/25 0:42:31 ET]
Table 'Walbeck' 9-max Seat #9 is the button
Seat 1: Almanza63 ($8.16 in chips) 
Seat 2: Jer(11:11)(x) ($8.76 in chips) 
Seat 3: vkorgik ($4 in chips) 
Seat 4: Dorex2007 ($5.47 in chips) 
Seat 5: cubicroot ($4.76 in chips) 
Seat 7: features86 ($18.77 in chips) 
Seat 8: abobora71 ($9.16 in chips) 
Seat 9: paragraf ($2.65 in chips) 
Almanza63: posts small blind $0.02
Jer(11:11)(x): posts big blind $0.05
Templar85: sits out 
*** HOLE CARDS ***
Dealt to Dorex2007 [6s Qc]
vkorgik: folds 
Dorex2007: folds 
cubicroot: folds 
features86: folds 
abobora71: folds 
paragraf: folds 
Almanza63: folds 
Uncalled bet ($0.03) returned to Jer(11:11)(x)
Jer(11:11)(x) collected $0.04 from pot
*** SUMMARY ***
Total pot $0.04 | Rake $0 
Seat 1: Almanza63 (small blind) folded before Flop
Seat 2: Jer(11:11)(x) (big blind) collected ($0.04)
Seat 3: vkorgik folded before Flop (didn't bet)
Seat 4: Dorex2007 folded before Flop (didn't bet)
Seat 5: cubicroot folded before Flop (didn't bet)
Seat 7: features86 folded before Flop (didn't bet)
Seat 8: abobora71 folded before Flop (didn't bet)
Seat 9: paragraf (button) folded before Flop (didn't bet)



PokerStars Hand #237570991313:  Hold'em No Limit ($0.02/$0.05 USD) - 2022/07/24 21:42:45 PT [2022/07/25 0:42:45 ET]
Table 'Walbeck' 9-max Seat #1 is the button
Seat 1: Almanza63 ($8.14 in chips) 
Seat 2: Jer(11:11)(x) ($8.78 in chips) 
Seat 4: Dorex2007 ($5.47 in chips) 
Seat 5: cubicroot ($4.76 in chips) 
Seat 7: features86 ($18.77 in chips) 
Seat 9: paragraf ($2.65 in chips) 
Jer(11:11)(x): posts small blind $0.02
vkorgik: is sitting out 
Dorex2007: posts big blind $0.05
vkorgik leaves the table
Templar85: sits out 
*** HOLE CARDS ***
Dealt to Dorex2007 [Ah Ts]
cubicroot: folds 
features86: folds 
paragraf: folds 
Almanza63: raises $0.10 to $0.15
Jer(11:11)(x): folds 
Dorex2007: folds 
Uncalled bet ($0.10) returned to Almanza63
Almanza63 collected $0.12 from pot
*** SUMMARY ***
Total pot $0.12 | Rake $0 
Seat 1: Almanza63 (button) collected ($0.12)
Seat 2: Jer(11:11)(x) (small blind) folded before Flop
Seat 4: Dorex2007 (big blind) folded before Flop
Seat 5: cubicroot folded before Flop (didn't bet)
Seat 7: features86 folded before Flop (didn't bet)
Seat 9: paragraf folded before Flop (didn't bet)



PokerStars Hand #237570993966:  Hold'em No Limit ($0.02/$0.05 USD) - 2022/07/24 21:43:08 PT [2022/07/25 0:43:08 ET]
Table 'Walbeck' 9-max Seat #2 is the button
Seat 1: Almanza63 ($8.21 in chips) 
Seat 2: Jer(11:11)(x) ($8.76 in chips) 
Seat 4: Dorex2007 ($5.42 in chips) 
Seat 5: cubicroot ($4.76 in chips) 
Seat 7: features86 ($18.77 in chips) 
Seat 9: paragraf ($2.65 in chips) 
Dorex2007: posts small blind $0.02
cubicroot: posts big blind $0.05
Templar85: sits out 
*** HOLE CARDS ***
Dealt to Dorex2007 [Td Ts]
features86: folds 
paragraf: folds 
Almanza63: raises $0.07 to $0.12
Jer(11:11)(x): calls $0.12
Dorex2007: calls $0.10
cubicroot: calls $0.07
*** FLOP *** [4h 7d 6d]
Dorex2007: bets $0.46
cubicroot: calls $0.46
Almanza63: folds 
Jer(11:11)(x): folds 
*** TURN *** [4h 7d 6d] [Jh]
Dorex2007: bets $0.67
cubicroot: calls $0.67
*** RIVER *** [4h 7d 6d Jh] [5s]
Dorex2007: checks 
cubicroot: checks 
*** SHOW DOWN ***
Dorex2007: shows [Td Ts] (a pair of Tens)
cubicroot: shows [5h 4s] (two pair, Fives and Fours)
cubicroot collected $2.63 from pot
*** SUMMARY ***
Total pot $2.74 | Rake $0.11 
Board [4h 7d 6d Jh 5s]
Seat 1: Almanza63 folded on the Flop
Seat 2: Jer(11:11)(x) (button) folded on the Flop
Seat 4: Dorex2007 (small blind) showed [Td Ts] and lost with a pair of Tens
Seat 5: cubicroot (big blind) showed [5h 4s] and won ($2.63) with two pair, Fives and Fours
Seat 7: features86 folded before Flop (didn't bet)
Seat 9: paragraf folded before Flop (didn't bet)



PokerStars Hand #237571001570:  Hold'em No Limit ($0.02/$0.05 USD) - 2022/07/24 21:44:14 PT [2022/07/25 0:44:14 ET]
Table 'Walbeck' 9-max Seat #4 is the button
Seat 1: Almanza63 ($8.09 in chips) 
Seat 2: Jer(11:11)(x) ($8.64 in chips) 
Seat 4: Dorex2007 ($5 in chips) 
Seat 5: cubicroot ($6.14 in chips) 
Seat 6: Templar85 ($5 in chips) 
Seat 7: features86 ($18.77 in chips) 
Seat 9: paragraf ($2.65 in chips) 
cubicroot: posts small blind $0.02
Templar85: posts big blind $0.05
*** HOLE CARDS ***
Dealt to Dorex2007 [9c Ad]
features86: folds 
paragraf: folds 
Almanza63: folds 
Jer(11:11)(x): folds 
Dorex2007: calls $0.05
cubicroot: raises $0.40 to $0.45
Templar85: folds 
Dorex2007: folds 
Uncalled bet ($0.40) returned to cubicroot
cubicroot collected $0.15 from pot
*** SUMMARY ***
Total pot $0.15 | Rake $0 
Seat 1: Almanza63 folded before Flop (didn't bet)
Seat 2: Jer(11:11)(x) folded before Flop (didn't bet)
Seat 4: Dorex2007 (button) folded before Flop
Seat 5: cubicroot (small blind) collected ($0.15)
Seat 6: Templar85 (big blind) folded before Flop
Seat 7: features86 folded before Flop (didn't bet)
Seat 9: paragraf folded before Flop (didn't bet)



PokerStars Hand #237571005813:  Hold'em No Limit ($0.02/$0.05 USD) - 2022/07/24 21:44:51 PT [2022/07/25 0:44:51 ET]
Table 'Walbeck' 9-max Seat #5 is the button
Seat 1: Almanza63 ($8.09 in chips) 
Seat 2: Jer(11:11)(x) ($8.64 in chips) 
Seat 4: Dorex2007 ($5 in chips) 
Seat 5: cubicroot ($6.24 in chips) 
Seat 6: Templar85 ($5 in chips) 
Seat 7: features86 ($18.77 in chips) 
Seat 9: paragraf ($2.65 in chips) 
Templar85: posts small blind $0.02
features86: posts big blind $0.05
*** HOLE CARDS ***
Dealt to Dorex2007 [Ks 9h]
paragraf: raises $0.05 to $0.10
Almanza63: folds 
Jer(11:11)(x): folds 
manoel130 joins the table at seat #3 
Dorex2007: folds 
cubicroot: folds 
Templar85: calls $0.08
features86: folds 
*** FLOP *** [3h 5d 5c]
Templar85: bets $0.12
paragraf: calls $0.12
*** TURN *** [3h 5d 5c] [Jc]
Templar85: bets $0.23
paragraf: calls $0.23
*** RIVER *** [3h 5d 5c Jc] [Qd]
Templar85: checks 
paragraf: checks 
*** SHOW DOWN ***
Templar85: shows [8h 8c] (two pair, Eights and Fives)
paragraf: shows [Jh Ac] (two pair, Jacks and Fives)
paragraf collected $0.90 from pot
*** SUMMARY ***
Total pot $0.95 | Rake $0.05 
Board [3h 5d 5c Jc Qd]
Seat 1: Almanza63 folded before Flop (didn't bet)
Seat 2: Jer(11:11)(x) folded before Flop (didn't bet)
Seat 4: Dorex2007 folded before Flop (didn't bet)
Seat 5: cubicroot (button) folded before Flop (didn't bet)
Seat 6: Templar85 (small blind) showed [8h 8c] and lost with two pair, Eights and Fives
Seat 7: features86 (big blind) folded before Flop
Seat 9: paragraf showed [Jh Ac] and won ($0.90) with two pair, Jacks and Fives



PokerStars Hand #237571012226:  Hold'em No Limit ($0.02/$0.05 USD) - 2022/07/24 21:45:47 PT [2022/07/25 0:45:47 ET]
Table 'Walbeck' 9-max Seat #6 is the button
Seat 1: Almanza63 ($8.09 in chips) 
Seat 2: Jer(11:11)(x) ($8.64 in chips) 
Seat 4: Dorex2007 ($5 in chips) 
Seat 5: cubicroot ($6.24 in chips) 
Seat 6: Templar85 ($5 in chips) 
Seat 7: features86 ($18.72 in chips) 
Seat 9: paragraf ($3.10 in chips) 
features86: posts small blind $0.02
paragraf: posts big blind $0.05
manoel130: sits out 
*** HOLE CARDS ***
Dealt to Dorex2007 [9d 4s]
Almanza63: folds 
Jer(11:11)(x): calls $0.05
Dorex2007: folds 
cubicroot: folds 
Templar85: folds 
features86: folds 
paragraf: checks 
*** FLOP *** [Jd Ah Kc]
paragraf: checks 
Jer(11:11)(x): bets $0.15
paragraf: folds 
Uncalled bet ($0.15) returned to Jer(11:11)(x)
Jer(11:11)(x) collected $0.12 from pot
*** SUMMARY ***
Total pot $0.12 | Rake $0 
Board [Jd Ah Kc]
Seat 1: Almanza63 folded before Flop (didn't bet)
Seat 2: Jer(11:11)(x) collected ($0.12)
Seat 4: Dorex2007 folded before Flop (didn't bet)
Seat 5: cubicroot folded before Flop (didn't bet)
Seat 6: Templar85 (button) folded before Flop (didn't bet)
Seat 7: features86 (small blind) folded before Flop
Seat 9: paragraf (big blind) folded on the Flop



PokerStars Hand #237571016071:  Hold'em No Limit ($0.02/$0.05 USD) - 2022/07/24 21:46:20 PT [2022/07/25 0:46:20 ET]
Table 'Walbeck' 9-max Seat #7 is the button
Seat 1: Almanza63 ($8.09 in chips) 
Seat 2: Jer(11:11)(x) ($8.71 in chips) 
Seat 4: Dorex2007 ($5 in chips) 
Seat 5: cubicroot ($6.24 in chips) 
Seat 6: Templar85 ($5 in chips) 
Seat 7: features86 ($18.70 in chips) 
Seat 9: paragraf ($3.05 in chips) 
paragraf: posts small blind $0.02
Almanza63: posts big blind $0.05
manoel130: sits out 
*** HOLE CARDS ***
Dealt to Dorex2007 [Ks Ts]
Jer(11:11)(x): folds 
Dorex2007: raises $0.10 to $0.15
cubicroot: folds 
Templar85: folds 
features86: folds 
paragraf: calls $0.13
Almanza63: calls $0.10
*** FLOP *** [Jh 8c Qd]
paragraf: bets $0.10
Almanza63: raises $0.21 to $0.31
Dorex2007: folds 
paragraf: folds 
Uncalled bet ($0.21) returned to Almanza63
Almanza63 collected $0.62 from pot
*** SUMMARY ***
Total pot $0.65 | Rake $0.03 
Board [Jh 8c Qd]
Seat 1: Almanza63 (big blind) collected ($0.62)
Seat 2: Jer(11:11)(x) folded before Flop (didn't bet)
Seat 4: Dorex2007 folded on the Flop
Seat 5: cubicroot folded before Flop (didn't bet)
Seat 6: Templar85 folded before Flop (didn't bet)
Seat 7: features86 (button) folded before Flop (didn't bet)
Seat 9: paragraf (small blind) folded on the Flop



PokerStars Hand #237571022980:  Hold'em No Limit ($0.02/$0.05 USD) - 2022/07/24 21:47:21 PT [2022/07/25 0:47:21 ET]
Table 'Walbeck' 9-max Seat #9 is the button
Seat 1: Almanza63 ($8.46 in chips) 
Seat 2: Jer(11:11)(x) ($8.71 in chips) 
Seat 4: Dorex2007 ($5 in chips) 
Seat 5: cubicroot ($6.24 in chips) 
Seat 6: Templar85 ($5 in chips) 
Seat 7: features86 ($18.70 in chips) 
Seat 9: paragraf ($2.80 in chips) 
Almanza63: posts small blind $0.02
Jer(11:11)(x): posts big blind $0.05
manoel130: sits out 
*** HOLE CARDS ***
Dealt to Dorex2007 [7d Kd]
Dorex2007: folds 
cubicroot: raises $0.12 to $0.17
Templar85: folds 
features86: folds 
paragraf: folds 
Almanza63: calls $0.15
Jer(11:11)(x): calls $0.12
*** FLOP *** [4d 4s Qd]
Almanza63: checks 
Jer(11:11)(x): checks 
cubicroot: bets $0.25
Almanza63: folds 
Jer(11:11)(x): calls $0.25
*** TURN *** [4d 4s Qd] [5s]
Jer(11:11)(x): bets $0.15
cubicroot: calls $0.15
*** RIVER *** [4d 4s Qd 5s] [2d]
Jer(11:11)(x): bets $0.20
cubicroot: calls $0.20
*** SHOW DOWN ***
Jer(11:11)(x): shows [6s Ks] (a pair of Fours)
cubicroot: shows [Ac Qs] (two pair, Queens and Fours)
cubicroot collected $1.64 from pot
*** SUMMARY ***
Total pot $1.71 | Rake $0.07 
Board [4d 4s Qd 5s 2d]
Seat 1: Almanza63 (small blind) folded on the Flop
Seat 2: Jer(11:11)(x) (big blind) showed [6s Ks] and lost with a pair of Fours
Seat 4: Dorex2007 folded before Flop (didn't bet)
Seat 5: cubicroot showed [Ac Qs] and won ($1.64) with two pair, Queens and Fours
Seat 6: Templar85 folded before Flop (didn't bet)
Seat 7: features86 folded before Flop (didn't bet)
Seat 9: paragraf (button) folded before Flop (didn't bet)



PokerStars Hand #237571028300:  Hold'em No Limit ($0.02/$0.05 USD) - 2022/07/24 21:48:10 PT [2022/07/25 0:48:10 ET]
Table 'Walbeck' 9-max Seat #1 is the button
Seat 1: Almanza63 ($8.29 in chips) 
Seat 2: Jer(11:11)(x) ($7.94 in chips) 
Seat 3: manoel130 ($4 in chips) 
Seat 4: Dorex2007 ($5 in chips) 
Seat 5: cubicroot ($7.11 in chips) 
Seat 6: Templar85 ($5 in chips) 
Seat 7: features86 ($18.70 in chips) 
Seat 9: paragraf ($2.80 in chips) 
Jer(11:11)(x): posts small blind $0.02
manoel130: posts big blind $0.05
*** HOLE CARDS ***
Dealt to Dorex2007 [3s Qs]
Dorex2007: folds 
cubicroot: calls $0.05
Templar85: folds 
features86: folds 
paragraf: folds 
Almanza63: raises $0.10 to $0.15
Jer(11:11)(x): folds 
manoel130 has timed out
manoel130: folds 
cubicroot: calls $0.10
*** FLOP *** [4c Td Jd]
cubicroot: checks 
Almanza63: checks 
*** TURN *** [4c Td Jd] [6c]
cubicroot: checks 
Almanza63: bets $0.25
cubicroot: calls $0.25
*** RIVER *** [4c Td Jd 6c] [Qh]
cubicroot: checks 
Almanza63: checks 
*** SHOW DOWN ***
cubicroot: shows [5h 4s] (a pair of Fours)
Almanza63: mucks hand 
cubicroot collected $0.83 from pot
*** SUMMARY ***
Total pot $0.87 | Rake $0.04 
Board [4c Td Jd 6c Qh]
Seat 1: Almanza63 (button) mucked [8h Ad]
Seat 2: Jer(11:11)(x) (small blind) folded before Flop
Seat 3: manoel130 (big blind) folded before Flop
Seat 4: Dorex2007 folded before Flop (didn't bet)
Seat 5: cubicroot showed [5h 4s] and won ($0.83) with a pair of Fours
Seat 6: Templar85 folded before Flop (didn't bet)
Seat 7: features86 folded before Flop (didn't bet)
Seat 9: paragraf folded before Flop (didn't bet)



PokerStars Hand #237571040628:  Hold'em No Limit ($0.02/$0.05 USD) - 2022/07/24 21:50:02 PT [2022/07/25 0:50:02 ET]
Table 'Walbeck' 9-max Seat #2 is the button
Seat 1: Almanza63 ($7.89 in chips) 
Seat 2: Jer(11:11)(x) ($7.92 in chips) 
Seat 4: Dorex2007 ($5 in chips) 
Seat 5: cubicroot ($7.54 in chips) 
Seat 6: Templar85 ($5 in chips) 
Seat 7: features86 ($18.70 in chips) 
Seat 9: paragraf ($2.80 in chips) 
Dorex2007: posts small blind $0.02
cubicroot: posts big blind $0.05
*** HOLE CARDS ***
Dealt to Dorex2007 [2s Ac]
Templar85: folds 
features86: folds 
paragraf: folds 
Almanza63: folds 
Jer(11:11)(x): folds 
Dorex2007: folds 
Uncalled bet ($0.03) returned to cubicroot
cubicroot collected $0.04 from pot
*** SUMMARY ***
Total pot $0.04 | Rake $0 
Seat 1: Almanza63 folded before Flop (didn't bet)
Seat 2: Jer(11:11)(x) (button) folded before Flop (didn't bet)
Seat 4: Dorex2007 (small blind) folded before Flop
Seat 5: cubicroot (big blind) collected ($0.04)
Seat 6: Templar85 folded before Flop (didn't bet)
Seat 7: features86 folded before Flop (didn't bet)
Seat 9: paragraf folded before Flop (didn't bet)



PokerStars Hand #237571042192:  Hold'em No Limit ($0.02/$0.05 USD) - 2022/07/24 21:50:17 PT [2022/07/25 0:50:17 ET]
Table 'Walbeck' 9-max Seat #4 is the button
Seat 1: Almanza63 ($7.89 in chips) 
Seat 2: Jer(11:11)(x) ($7.92 in chips) 
Seat 4: Dorex2007 ($5 in chips) 
Seat 5: cubicroot ($7.56 in chips) 
Seat 6: Templar85 ($5 in chips) 
Seat 7: features86 ($18.70 in chips) 
Seat 9: paragraf ($2.80 in chips) 
cubicroot: posts small blind $0.02
Templar85: posts big blind $0.05
*** HOLE CARDS ***
Dealt to Dorex2007 [As 8s]
features86: folds 
paragraf: folds 
Almanza63: folds 
Jer(11:11)(x): folds 
Dorex2007: raises $0.05 to $0.10
cubicroot: folds 
Templar85: folds 
Uncalled bet ($0.05) returned to Dorex2007
Dorex2007 collected $0.12 from pot
*** SUMMARY ***
Total pot $0.12 | Rake $0 
Seat 1: Almanza63 folded before Flop (didn't bet)
Seat 2: Jer(11:11)(x) folded before Flop (didn't bet)
Seat 4: Dorex2007 (button) collected ($0.12)
Seat 5: cubicroot (small blind) folded before Flop
Seat 6: Templar85 (big blind) folded before Flop
Seat 7: features86 folded before Flop (didn't bet)
Seat 9: paragraf folded before Flop (didn't bet)



PokerStars Hand #237571044617:  Hold'em No Limit ($0.02/$0.05 USD) - 2022/07/24 21:50:39 PT [2022/07/25 0:50:39 ET]
Table 'Walbeck' 9-max Seat #5 is the button
Seat 1: Almanza63 ($7.89 in chips) 
Seat 2: Jer(11:11)(x) ($7.92 in chips) 
Seat 3: manoel130 ($3.95 in chips) 
Seat 4: Dorex2007 ($5.07 in chips) 
Seat 5: cubicroot ($7.54 in chips) 
Seat 6: Templar85 ($5 in chips) 
Seat 7: features86 ($18.70 in chips) 
Seat 9: paragraf ($2.80 in chips) 
Templar85: posts small blind $0.02
features86: posts big blind $0.05
manoel130: posts small blind $0.02
*** HOLE CARDS ***
Dealt to Dorex2007 [2s 4h]
paragraf: calls $0.05
Almanza63: folds 
Jer(11:11)(x): folds 
manoel130: calls $0.05
Dorex2007: folds 
cubicroot: raises $0.24 to $0.29
Templar85: folds 
features86: folds 
paragraf: folds 
manoel130: calls $0.24
*** FLOP *** [4s 2c 4d]
manoel130: checks 
cubicroot: bets $0.69
manoel130: calls $0.69
*** TURN *** [4s 2c 4d] [9d]
manoel130: checks 
cubicroot: checks 
*** RIVER *** [4s 2c 4d 9d] [8s]
manoel130: bets $0.60
cubicroot: calls $0.60
*** SHOW DOWN ***
manoel130: shows [Kc 4c] (three of a kind, Fours)
cubicroot: mucks hand 
manoel130 collected $3.16 from pot
*** SUMMARY ***
Total pot $3.30 | Rake $0.14 
Board [4s 2c 4d 9d 8s]
Seat 1: Almanza63 folded before Flop (didn't bet)
Seat 2: Jer(11:11)(x) folded before Flop (didn't bet)
Seat 3: manoel130 showed [Kc 4c] and won ($3.16) with three of a kind, Fours
Seat 4: Dorex2007 folded before Flop (didn't bet)
Seat 5: cubicroot (button) mucked [Kd Ac]
Seat 6: Templar85 (small blind) folded before Flop
Seat 7: features86 (big blind) folded before Flop
Seat 9: paragraf folded before Flop



PokerStars Hand #237571050948:  Hold'em No Limit ($0.02/$0.05 USD) - 2022/07/24 21:51:37 PT [2022/07/25 0:51:37 ET]
Table 'Walbeck' 9-max Seat #6 is the button
Seat 1: Almanza63 ($7.89 in chips) 
Seat 2: Jer(11:11)(x) ($7.92 in chips) 
Seat 3: manoel130 ($5.51 in chips) 
Seat 4: Dorex2007 ($5.07 in chips) 
Seat 5: cubicroot ($5.96 in chips) 
Seat 6: Templar85 ($5 in chips) 
Seat 7: features86 ($18.65 in chips) 
Seat 9: paragraf ($2.75 in chips) 
features86: posts small blind $0.02
paragraf: posts big blind $0.05
*** HOLE CARDS ***
Dealt to Dorex2007 [Kd 4h]
Almanza63: folds 
Jer(11:11)(x): calls $0.05
manoel130: calls $0.05
Dorex2007: folds 
cubicroot: calls $0.05
Templar85: raises $0.27 to $0.32
features86: folds 
paragraf: folds 
Jer(11:11)(x): folds 
manoel130: folds 
cubicroot: folds 
Uncalled bet ($0.27) returned to Templar85
Templar85 collected $0.27 from pot
*** SUMMARY ***
Total pot $0.27 | Rake $0 
Seat 1: Almanza63 folded before Flop (didn't bet)
Seat 2: Jer(11:11)(x) folded before Flop
Seat 3: manoel130 folded before Flop
Seat 4: Dorex2007 folded before Flop (didn't bet)
Seat 5: cubicroot folded before Flop
Seat 6: Templar85 (button) collected ($0.27)
Seat 7: features86 (small blind) folded before Flop
Seat 9: paragraf (big blind) folded before Flop



PokerStars Hand #237571054970:  Hold'em No Limit ($0.02/$0.05 USD) - 2022/07/24 21:52:14 PT [2022/07/25 0:52:14 ET]
Table 'Walbeck' 9-max Seat #7 is the button
Seat 1: Almanza63 ($7.89 in chips) 
Seat 2: Jer(11:11)(x) ($7.87 in chips) 
Seat 3: manoel130 ($5.46 in chips) 
Seat 4: Dorex2007 ($5.07 in chips) 
Seat 5: cubicroot ($5.91 in chips) 
Seat 6: Templar85 ($5.22 in chips) 
Seat 7: features86 ($18.63 in chips) 
Seat 9: paragraf ($2.70 in chips) 
paragraf: posts small blind $0.02
Almanza63: posts big blind $0.05
*** HOLE CARDS ***
Dealt to Dorex2007 [Tc Qs]
Jer(11:11)(x): calls $0.05
manoel130: raises $0.09 to $0.14
Dorex2007: folds 
cubicroot: folds 
Templar85: folds 
features86: folds 
paragraf: folds 
Almanza63: folds 
Jer(11:11)(x): calls $0.09
*** FLOP *** [3s Ah 2s]
Jer(11:11)(x): bets $0.10
manoel130: raises $0.16 to $0.26
Jer(11:11)(x): folds 
Uncalled bet ($0.16) returned to manoel130
manoel130 collected $0.53 from pot
*** SUMMARY ***
Total pot $0.55 | Rake $0.02 
Board [3s Ah 2s]
Seat 1: Almanza63 (big blind) folded before Flop
Seat 2: Jer(11:11)(x) folded on the Flop
Seat 3: manoel130 collected ($0.53)
Seat 4: Dorex2007 folded before Flop (didn't bet)
Seat 5: cubicroot folded before Flop (didn't bet)
Seat 6: Templar85 folded before Flop (didn't bet)
Seat 7: features86 (button) folded before Flop (didn't bet)
Seat 9: paragraf (small blind) folded before Flop



PokerStars Hand #237571059008:  Hold'em No Limit ($0.02/$0.05 USD) - 2022/07/24 21:52:51 PT [2022/07/25 0:52:51 ET]
Table 'Walbeck' 9-max Seat #9 is the button
Seat 1: Almanza63 ($7.84 in chips) 
Seat 2: Jer(11:11)(x) ($7.63 in chips) 
Seat 3: manoel130 ($5.75 in chips) 
Seat 4: Dorex2007 ($5.07 in chips) 
Seat 5: cubicroot ($5.91 in chips) 
Seat 6: Templar85 ($5.22 in chips) 
Seat 7: features86 ($18.63 in chips) 
Seat 9: paragraf ($2.68 in chips) 
Almanza63: posts small blind $0.02
Jer(11:11)(x): posts big blind $0.05
abobora71: sits out 
*** HOLE CARDS ***
Dealt to Dorex2007 [9s 2s]
manoel130: raises $0.05 to $0.10
Dorex2007: folds 
cubicroot: folds 
Templar85: folds 
features86: folds 
paragraf: folds 
Almanza63: calls $0.08
Jer(11:11)(x): calls $0.05
*** FLOP *** [Qd 6h 4d]
Almanza63: checks 
Jer(11:11)(x): checks 
manoel130: bets $0.19
Almanza63: calls $0.19
Jer(11:11)(x): folds 
*** TURN *** [Qd 6h 4d] [7c]
Almanza63: checks 
manoel130: bets $0.42
Almanza63: calls $0.42
*** RIVER *** [Qd 6h 4d 7c] [7h]
Almanza63: checks 
manoel130: bets $0.44
Almanza63: calls $0.44
*** SHOW DOWN ***
manoel130: shows [As 7s] (three of a kind, Sevens)
Almanza63: mucks hand 
manoel130 collected $2.30 from pot
*** SUMMARY ***
Total pot $2.40 | Rake $0.10 
Board [Qd 6h 4d 7c 7h]
Seat 1: Almanza63 (small blind) mucked [Qh Kd]
Seat 2: Jer(11:11)(x) (big blind) folded on the Flop
Seat 3: manoel130 showed [As 7s] and won ($2.30) with three of a kind, Sevens
Seat 4: Dorex2007 folded before Flop (didn't bet)
Seat 5: cubicroot folded before Flop (didn't bet)
Seat 6: Templar85 folded before Flop (didn't bet)
Seat 7: features86 folded before Flop (didn't bet)
Seat 9: paragraf (button) folded before Flop (didn't bet)



PokerStars Hand #237571064860:  Hold'em No Limit ($0.02/$0.05 USD) - 2022/07/24 21:53:45 PT [2022/07/25 0:53:45 ET]
Table 'Walbeck' 9-max Seat #1 is the button
Seat 1: Almanza63 ($6.69 in chips) 
Seat 2: Jer(11:11)(x) ($7.53 in chips) 
Seat 3: manoel130 ($6.90 in chips) 
Seat 4: Dorex2007 ($5.07 in chips) 
Seat 5: cubicroot ($5.91 in chips) 
Seat 6: Templar85 ($5.22 in chips) 
Seat 7: features86 ($18.63 in chips) 
Seat 9: paragraf ($2.68 in chips) 
Jer(11:11)(x): posts small blind $0.02
manoel130: posts big blind $0.05
abobora71: sits out 
*** HOLE CARDS ***
Dealt to Dorex2007 [6d 3c]
Dorex2007: folds 
cubicroot: folds 
Templar85: raises $0.10 to $0.15
features86: folds 
paragraf: folds 
Almanza63: folds 
Jer(11:11)(x): calls $0.13
manoel130: calls $0.10
*** FLOP *** [2c Qs 9h]
Jer(11:11)(x): bets $0.05
manoel130: calls $0.05
Templar85: calls $0.05
*** TURN *** [2c Qs 9h] [2s]
Jer(11:11)(x): checks 
manoel130: bets $0.38
Templar85: folds 
Jer(11:11)(x): folds 
Uncalled bet ($0.38) returned to manoel130
manoel130 collected $0.58 from pot
*** SUMMARY ***
Total pot $0.60 | Rake $0.02 
Board [2c Qs 9h 2s]
Seat 1: Almanza63 (button) folded before Flop (didn't bet)
Seat 2: Jer(11:11)(x) (small blind) folded on the Turn
Seat 3: manoel130 (big blind) collected ($0.58)
Seat 4: Dorex2007 folded before Flop (didn't bet)
Seat 5: cubicroot folded before Flop (didn't bet)
Seat 6: Templar85 folded on the Turn
Seat 7: features86 folded before Flop (didn't bet)
Seat 9: paragraf folded before Flop (didn't bet)



PokerStars Hand #237571069855:  Hold'em No Limit ($0.02/$0.05 USD) - 2022/07/24 21:54:31 PT [2022/07/25 0:54:31 ET]
Table 'Walbeck' 9-max Seat #2 is the button
Seat 1: Almanza63 ($6.69 in chips) 
Seat 2: Jer(11:11)(x) ($7.33 in chips) 
Seat 3: manoel130 ($7.28 in chips) 
Seat 4: Dorex2007 ($5.07 in chips) 
Seat 5: cubicroot ($5.91 in chips) 
Seat 6: Templar85 ($5.02 in chips) 
Seat 7: features86 ($18.63 in chips) 
Seat 9: paragraf ($2.68 in chips) 
manoel130: posts small blind $0.02
Dorex2007: posts big blind $0.05
abobora71: sits out 
*** HOLE CARDS ***
Dealt to Dorex2007 [6d Th]
cubicroot: folds 
Templar85: folds 
features86: folds 
paragraf: raises $0.05 to $0.10
Almanza63: folds 
Jer(11:11)(x): folds 
manoel130: calls $0.08
Dorex2007: folds 
*** FLOP *** [Jd Ah Qd]
manoel130: checks 
paragraf: checks 
*** TURN *** [Jd Ah Qd] [Kd]
manoel130: checks 
paragraf: checks 
*** RIVER *** [Jd Ah Qd Kd] [4c]
manoel130: checks 
paragraf: checks 
*** SHOW DOWN ***
manoel130: shows [Qh Jc] (two pair, Queens and Jacks)
paragraf: mucks hand 
manoel130 collected $0.24 from pot
*** SUMMARY ***
Total pot $0.25 | Rake $0.01 
Board [Jd Ah Qd Kd 4c]
Seat 1: Almanza63 folded before Flop (didn't bet)
Seat 2: Jer(11:11)(x) (button) folded before Flop (didn't bet)
Seat 3: manoel130 (small blind) showed [Qh Jc] and won ($0.24) with two pair, Queens and Jacks
Seat 4: Dorex2007 (big blind) folded before Flop
Seat 5: cubicroot folded before Flop (didn't bet)
Seat 6: Templar85 folded before Flop (didn't bet)
Seat 7: features86 folded before Flop (didn't bet)
Seat 9: paragraf mucked [5d 5s]



PokerStars Hand #237571074283:  Hold'em No Limit ($0.02/$0.05 USD) - 2022/07/24 21:55:13 PT [2022/07/25 0:55:13 ET]
Table 'Walbeck' 9-max Seat #3 is the button
Seat 1: Almanza63 ($6.69 in chips) 
Seat 2: Jer(11:11)(x) ($7.33 in chips) 
Seat 3: manoel130 ($7.42 in chips) 
Seat 4: Dorex2007 ($5.02 in chips) 
Seat 5: cubicroot ($5.91 in chips) 
Seat 6: Templar85 ($5.02 in chips) 
Seat 7: features86 ($18.63 in chips) 
Seat 9: paragraf ($2.58 in chips) 
Dorex2007: posts small blind $0.02
cubicroot: posts big blind $0.05
abobora71: sits out 
*** HOLE CARDS ***
Dealt to Dorex2007 [Kh Jc]
Templar85: folds 
features86: calls $0.05
paragraf: folds 
Almanza63: folds 
Jer(11:11)(x): calls $0.05
manoel130: calls $0.05
Dorex2007: calls $0.03
cubicroot: checks 
*** FLOP *** [Ks 5h 6c]
Dorex2007: bets $0.24
cubicroot: folds 
features86: folds 
Jer(11:11)(x): folds 
manoel130: calls $0.24
*** TURN *** [Ks 5h 6c] [4c]
Dorex2007: bets $0.35
manoel130: calls $0.35
*** RIVER *** [Ks 5h 6c 4c] [6d]
Dorex2007: bets $0.10
manoel130: raises $0.92 to $1.02
Dorex2007: folds 
Uncalled bet ($0.92) returned to manoel130
manoel130 collected $1.56 from pot
*** SUMMARY ***
Total pot $1.63 | Rake $0.07 
Board [Ks 5h 6c 4c 6d]
Seat 1: Almanza63 folded before Flop (didn't bet)
Seat 2: Jer(11:11)(x) folded on the Flop
Seat 3: manoel130 (button) collected ($1.56)
Seat 4: Dorex2007 (small blind) folded on the River
Seat 5: cubicroot (big blind) folded on the Flop
Seat 6: Templar85 folded before Flop (didn't bet)
Seat 7: features86 folded on the Flop
Seat 9: paragraf folded before Flop (didn't bet)



PokerStars Hand #237571083272:  Hold'em No Limit ($0.02/$0.05 USD) - 2022/07/24 21:56:45 PT [2022/07/25 0:56:45 ET]
Table 'Walbeck' 9-max Seat #4 is the button
Seat 1: Almanza63 ($6.69 in chips) 
Seat 2: Jer(11:11)(x) ($7.28 in chips) 
Seat 3: manoel130 ($8.24 in chips) 
Seat 4: Dorex2007 ($5 in chips) 
Seat 5: cubicroot ($5.86 in chips) 
Seat 6: Templar85 ($5.02 in chips) 
Seat 7: features86 ($18.58 in chips) 
Seat 9: paragraf ($2.58 in chips) 
cubicroot: posts small blind $0.02
Templar85: posts big blind $0.05
abobora71: sits out 
*** HOLE CARDS ***
Dealt to Dorex2007 [2d 6s]
features86: folds 
paragraf: folds 
Almanza63: folds 
Jer(11:11)(x): folds 
manoel130: folds 
Dorex2007: folds 
cubicroot: calls $0.03
Templar85: raises $0.10 to $0.15
cubicroot: folds 
Uncalled bet ($0.10) returned to Templar85
Templar85 collected $0.10 from pot
*** SUMMARY ***
Total pot $0.10 | Rake $0 
Seat 1: Almanza63 folded before Flop (didn't bet)
Seat 2: Jer(11:11)(x) folded before Flop (didn't bet)
Seat 3: manoel130 folded before Flop (didn't bet)
Seat 4: Dorex2007 (button) folded before Flop (didn't bet)
Seat 5: cubicroot (small blind) folded before Flop
Seat 6: Templar85 (big blind) collected ($0.10)
Seat 7: features86 folded before Flop (didn't bet)
Seat 9: paragraf folded before Flop (didn't bet)



PokerStars Hand #237571085381:  Hold'em No Limit ($0.02/$0.05 USD) - 2022/07/24 21:57:07 PT [2022/07/25 0:57:07 ET]
Table 'Walbeck' 9-max Seat #5 is the button
Seat 1: Almanza63 ($6.69 in chips) 
Seat 2: Jer(11:11)(x) ($7.28 in chips) 
Seat 3: manoel130 ($8.24 in chips) 
Seat 4: Dorex2007 ($5 in chips) 
Seat 5: cubicroot ($5.81 in chips) 
Seat 6: Templar85 ($5.07 in chips) 
Seat 7: features86 ($18.58 in chips) 
Seat 9: paragraf ($2.58 in chips) 
Templar85: posts small blind $0.02
features86: posts big blind $0.05
abobora71: sits out 
*** HOLE CARDS ***
Dealt to Dorex2007 [Js Ac]
paragraf: calls $0.05
Almanza63: folds 
Jer(11:11)(x): folds 
manoel130: folds 
Dorex2007: raises $0.05 to $0.10
cubicroot: folds 
Templar85: folds 
features86: folds 
paragraf: calls $0.05
*** FLOP *** [5d Qd 3s]
paragraf: checks 
Dorex2007: checks 
*** TURN *** [5d Qd 3s] [6c]
paragraf: checks 
Dorex2007: checks 
*** RIVER *** [5d Qd 3s 6c] [Td]
paragraf: checks 
Dorex2007: bets $0.17
paragraf: folds 
Uncalled bet ($0.17) returned to Dorex2007
Dorex2007 collected $0.26 from pot
*** SUMMARY ***
Total pot $0.27 | Rake $0.01 
Board [5d Qd 3s 6c Td]
Seat 1: Almanza63 folded before Flop (didn't bet)
Seat 2: Jer(11:11)(x) folded before Flop (didn't bet)
Seat 3: manoel130 folded before Flop (didn't bet)
Seat 4: Dorex2007 collected ($0.26)
Seat 5: cubicroot (button) folded before Flop (didn't bet)
Seat 6: Templar85 (small blind) folded before Flop
Seat 7: features86 (big blind) folded before Flop
Seat 9: paragraf folded on the River



PokerStars Hand #237571089364:  Hold'em No Limit ($0.02/$0.05 USD) - 2022/07/24 21:57:47 PT [2022/07/25 0:57:47 ET]
Table 'Walbeck' 9-max Seat #6 is the button
Seat 1: Almanza63 ($6.69 in chips) 
Seat 2: Jer(11:11)(x) ($7.28 in chips) 
Seat 3: manoel130 ($8.24 in chips) 
Seat 4: Dorex2007 ($5.16 in chips) 
Seat 5: cubicroot ($5.81 in chips) 
Seat 6: Templar85 ($5.05 in chips) 
Seat 7: features86 ($18.53 in chips) 
Seat 8: abobora71 ($9.16 in chips) 
Seat 9: paragraf ($2.48 in chips) 
features86: posts small blind $0.02
abobora71: posts big blind $0.05
*** HOLE CARDS ***
Dealt to Dorex2007 [3h Th]
paragraf: folds 
Almanza63: raises $0.15 to $0.20
Jer(11:11)(x): calls $0.20
manoel130: folds 
Dorex2007: folds 
cubicroot: folds 
Templar85: folds 
features86: folds 
abobora71: folds 
*** FLOP *** [6s 9s 3s]
Almanza63: bets $0.20
Jer(11:11)(x): folds 
Uncalled bet ($0.20) returned to Almanza63
Almanza63 collected $0.45 from pot
*** SUMMARY ***
Total pot $0.47 | Rake $0.02 
Board [6s 9s 3s]
Seat 1: Almanza63 collected ($0.45)
Seat 2: Jer(11:11)(x) folded on the Flop
Seat 3: manoel130 folded before Flop (didn't bet)
Seat 4: Dorex2007 folded before Flop (didn't bet)
Seat 5: cubicroot folded before Flop (didn't bet)
Seat 6: Templar85 (button) folded before Flop (didn't bet)
Seat 7: features86 (small blind) folded before Flop
Seat 8: abobora71 (big blind) folded before Flop
Seat 9: paragraf folded before Flop (didn't bet)



PokerStars Hand #237571092479:  Hold'em No Limit ($0.02/$0.05 USD) - 2022/07/24 21:58:19 PT [2022/07/25 0:58:19 ET]
Table 'Walbeck' 9-max Seat #7 is the button
Seat 1: Almanza63 ($6.94 in chips) 
Seat 2: Jer(11:11)(x) ($7.08 in chips) 
Seat 3: manoel130 ($8.24 in chips) 
Seat 4: Dorex2007 ($5.16 in chips) 
Seat 5: cubicroot ($5.81 in chips) 
Seat 6: Templar85 ($5.05 in chips) 
Seat 7: features86 ($18.51 in chips) 
Seat 8: abobora71 ($9.11 in chips) 
Seat 9: paragraf ($2.48 in chips) 
abobora71: posts small blind $0.02
paragraf: posts big blind $0.05
*** HOLE CARDS ***
Dealt to Dorex2007 [7h Js]
Almanza63: folds 
Jer(11:11)(x): calls $0.05
manoel130: calls $0.05
Dorex2007: folds 
cubicroot has timed out
cubicroot: folds 
Templar85: calls $0.05
features86: folds 
abobora71: raises $0.12 to $0.17
paragraf: folds 
Jer(11:11)(x): calls $0.12
manoel130: calls $0.12
Templar85: calls $0.12
*** FLOP *** [8d 7c 3s]
abobora71: bets $0.47
Jer(11:11)(x): folds 
manoel130: calls $0.47
Templar85: folds 
*** TURN *** [8d 7c 3s] [6d]
abobora71: checks 
manoel130: checks 
*** RIVER *** [8d 7c 3s 6d] [4d]
abobora71: checks 
manoel130: bets $0.56
abobora71: calls $0.56
*** SHOW DOWN ***
manoel130: shows [Th 8s] (a pair of Eights)
abobora71: shows [Ah As] (a pair of Aces)
abobora71 collected $2.67 from pot
*** SUMMARY ***
Total pot $2.79 | Rake $0.12 
Board [8d 7c 3s 6d 4d]
Seat 1: Almanza63 folded before Flop (didn't bet)
Seat 2: Jer(11:11)(x) folded on the Flop
Seat 3: manoel130 showed [Th 8s] and lost with a pair of Eights
Seat 4: Dorex2007 folded before Flop (didn't bet)
Seat 5: cubicroot folded before Flop (didn't bet)
Seat 6: Templar85 folded on the Flop
Seat 7: features86 (button) folded before Flop (didn't bet)
Seat 8: abobora71 (small blind) showed [Ah As] and won ($2.67) with a pair of Aces
Seat 9: paragraf (big blind) folded before Flop



PokerStars Hand #237571099214:  Hold'em No Limit ($0.02/$0.05 USD) - 2022/07/24 21:59:29 PT [2022/07/25 0:59:29 ET]
Table 'Walbeck' 9-max Seat #8 is the button
Seat 1: Almanza63 ($6.94 in chips) 
Seat 2: Jer(11:11)(x) ($6.91 in chips) 
Seat 3: manoel130 ($7.04 in chips) 
Seat 4: Dorex2007 ($5.16 in chips) 
Seat 5: cubicroot ($5.81 in chips) 
Seat 6: Templar85 ($5 in chips) 
Seat 7: features86 ($18.51 in chips) 
Seat 8: abobora71 ($10.58 in chips) 
Seat 9: paragraf ($2.43 in chips) 
paragraf: posts small blind $0.02
Almanza63: posts big blind $0.05
*** HOLE CARDS ***
Dealt to Dorex2007 [Ad 6d]
Jer(11:11)(x): calls $0.05
manoel130: folds 
Dorex2007: folds 
cubicroot: folds 
Templar85: raises $0.17 to $0.22
features86: calls $0.22
abobora71: raises $0.53 to $0.75
paragraf: folds 
Almanza63: folds 
Jer(11:11)(x): folds 
Templar85: folds 
features86: folds 
Uncalled bet ($0.53) returned to abobora71
abobora71 collected $0.78 from pot
*** SUMMARY ***
Total pot $0.78 | Rake $0 
Seat 1: Almanza63 (big blind) folded before Flop
Seat 2: Jer(11:11)(x) folded before Flop
Seat 3: manoel130 folded before Flop (didn't bet)
Seat 4: Dorex2007 folded before Flop (didn't bet)
Seat 5: cubicroot folded before Flop (didn't bet)
Seat 6: Templar85 folded before Flop
Seat 7: features86 folded before Flop
Seat 8: abobora71 (button) collected ($0.78)
Seat 9: paragraf (small blind) folded before Flop



PokerStars Hand #237571103471:  Hold'em No Limit ($0.02/$0.05 USD) - 2022/07/24 22:00:13 PT [2022/07/25 1:00:13 ET]
Table 'Walbeck' 9-max Seat #9 is the button
Seat 1: Almanza63 ($6.89 in chips) 
Seat 2: Jer(11:11)(x) ($6.86 in chips) 
Seat 3: manoel130 ($7.04 in chips) 
Seat 4: Dorex2007 ($5.16 in chips) 
Seat 5: cubicroot ($5.81 in chips) 
Seat 6: Templar85 ($5 in chips) 
Seat 7: features86 ($18.29 in chips) 
Seat 8: abobora71 ($11.14 in chips) 
Seat 9: paragraf ($2.41 in chips) 
Almanza63: posts small blind $0.02
Jer(11:11)(x): posts big blind $0.05
*** HOLE CARDS ***
Dealt to Dorex2007 [3s 9c]
manoel130: raises $0.05 to $0.10
Dorex2007: folds 
cubicroot: folds 
Templar85: folds 
features86: folds 
abobora71: folds 
paragraf: folds 
Almanza63: folds 
Jer(11:11)(x): calls $0.05
*** FLOP *** [5h 4d 5s]
Jer(11:11)(x): bets $0.15
manoel130: raises $0.31 to $0.46
Jer(11:11)(x): folds 
Uncalled bet ($0.31) returned to manoel130
manoel130 collected $0.50 from pot
*** SUMMARY ***
Total pot $0.52 | Rake $0.02 
Board [5h 4d 5s]
Seat 1: Almanza63 (small blind) folded before Flop
Seat 2: Jer(11:11)(x) (big blind) folded on the Flop
Seat 3: manoel130 collected ($0.50)
Seat 4: Dorex2007 folded before Flop (didn't bet)
Seat 5: cubicroot folded before Flop (didn't bet)
Seat 6: Templar85 folded before Flop (didn't bet)
Seat 7: features86 folded before Flop (didn't bet)
Seat 8: abobora71 folded before Flop (didn't bet)
Seat 9: paragraf (button) folded before Flop (didn't bet)



PokerStars Hand #237571106595:  Hold'em No Limit ($0.02/$0.05 USD) - 2022/07/24 22:00:45 PT [2022/07/25 1:00:45 ET]
Table 'Walbeck' 9-max Seat #1 is the button
Seat 1: Almanza63 ($6.87 in chips) 
Seat 2: Jer(11:11)(x) ($6.61 in chips) 
Seat 3: manoel130 ($7.29 in chips) 
Seat 4: Dorex2007 ($5.16 in chips) 
Seat 5: cubicroot ($5.81 in chips) 
Seat 6: Templar85 ($5 in chips) 
Seat 7: features86 ($18.29 in chips) 
Seat 8: abobora71 ($11.14 in chips) 
Seat 9: paragraf ($2.41 in chips) 
Jer(11:11)(x): posts small blind $0.02
manoel130: posts big blind $0.05
*** HOLE CARDS ***
Dealt to Dorex2007 [6c 4d]
Dorex2007: folds 
cubicroot: calls $0.05
Templar85: folds 
features86: folds 
abobora71: folds 
paragraf: calls $0.05
Almanza63: folds 
Jer(11:11)(x): calls $0.03
manoel130: raises $0.17 to $0.22
cubicroot: folds 
paragraf: folds 
Jer(11:11)(x): folds 
Uncalled bet ($0.17) returned to manoel130
manoel130 collected $0.20 from pot
*** SUMMARY ***
Total pot $0.20 | Rake $0 
Seat 1: Almanza63 (button) folded before Flop (didn't bet)
Seat 2: Jer(11:11)(x) (small blind) folded before Flop
Seat 3: manoel130 (big blind) collected ($0.20)
Seat 4: Dorex2007 folded before Flop (didn't bet)
Seat 5: cubicroot folded before Flop
Seat 6: Templar85 folded before Flop (didn't bet)
Seat 7: features86 folded before Flop (didn't bet)
Seat 8: abobora71 folded before Flop (didn't bet)
Seat 9: paragraf folded before Flop



PokerStars Hand #237571110547:  Hold'em No Limit ($0.02/$0.05 USD) - 2022/07/24 22:01:23 PT [2022/07/25 1:01:23 ET]
Table 'Walbeck' 9-max Seat #2 is the button
Seat 1: Almanza63 ($6.87 in chips) 
Seat 2: Jer(11:11)(x) ($6.56 in chips) 
Seat 3: manoel130 ($7.44 in chips) 
Seat 4: Dorex2007 ($5.16 in chips) 
Seat 5: cubicroot ($5.76 in chips) 
Seat 6: Templar85 ($5 in chips) 
Seat 7: features86 ($18.29 in chips) 
Seat 8: abobora71 ($11.14 in chips) 
Seat 9: paragraf ($2.36 in chips) 
manoel130: posts small blind $0.02
Dorex2007: posts big blind $0.05
*** HOLE CARDS ***
Dealt to Dorex2007 [8d Ks]
cubicroot: folds 
Templar85: folds 
features86: folds 
abobora71: folds 
paragraf: folds 
Almanza63: raises $0.07 to $0.12
Jer(11:11)(x): folds 
manoel130: folds 
Dorex2007: folds 
Uncalled bet ($0.07) returned to Almanza63
Almanza63 collected $0.12 from pot
*** SUMMARY ***
Total pot $0.12 | Rake $0 
Seat 1: Almanza63 collected ($0.12)
Seat 2: Jer(11:11)(x) (button) folded before Flop (didn't bet)
Seat 3: manoel130 (small blind) folded before Flop
Seat 4: Dorex2007 (big blind) folded before Flop
Seat 5: cubicroot folded before Flop (didn't bet)
Seat 6: Templar85 folded before Flop (didn't bet)
Seat 7: features86 folded before Flop (didn't bet)
Seat 8: abobora71 folded before Flop (didn't bet)
Seat 9: paragraf folded before Flop (didn't bet)



PokerStars Hand #237571113695:  Hold'em No Limit ($0.02/$0.05 USD) - 2022/07/24 22:01:54 PT [2022/07/25 1:01:54 ET]
Table 'Walbeck' 9-max Seat #3 is the button
Seat 1: Almanza63 ($6.94 in chips) 
Seat 2: Jer(11:11)(x) ($6.56 in chips) 
Seat 3: manoel130 ($7.42 in chips) 
Seat 4: Dorex2007 ($5.11 in chips) 
Seat 5: cubicroot ($5.76 in chips) 
Seat 6: Templar85 ($5 in chips) 
Seat 7: features86 ($18.29 in chips) 
Seat 8: abobora71 ($11.14 in chips) 
Seat 9: paragraf ($2.36 in chips) 
Dorex2007: posts small blind $0.02
cubicroot: posts big blind $0.05
*** HOLE CARDS ***
Dealt to Dorex2007 [5h Th]
Templar85: folds 
features86: folds 
abobora71: folds 
paragraf: folds 
Almanza63: folds 
Jer(11:11)(x): calls $0.05
manoel130: folds 
Dorex2007: folds 
cubicroot: raises $0.12 to $0.17
Jer(11:11)(x): calls $0.12
*** FLOP *** [Qs 9c 4s]
cubicroot: bets $0.35
Jer(11:11)(x): raises $0.81 to $1.16
cubicroot: calls $0.81
*** TURN *** [Qs 9c 4s] [7d]
cubicroot: checks 
Jer(11:11)(x): bets $1.28
cubicroot: folds 
Uncalled bet ($1.28) returned to Jer(11:11)(x)
Jer(11:11)(x) collected $2.57 from pot
*** SUMMARY ***
Total pot $2.68 | Rake $0.11 
Board [Qs 9c 4s 7d]
Seat 1: Almanza63 folded before Flop (didn't bet)
Seat 2: Jer(11:11)(x) collected ($2.57)
Seat 3: manoel130 (button) folded before Flop (didn't bet)
Seat 4: Dorex2007 (small blind) folded before Flop
Seat 5: cubicroot (big blind) folded on the Turn
Seat 6: Templar85 folded before Flop (didn't bet)
Seat 7: features86 folded before Flop (didn't bet)
Seat 8: abobora71 folded before Flop (didn't bet)
Seat 9: paragraf folded before Flop (didn't bet)



PokerStars Hand #237571120482:  Hold'em No Limit ($0.02/$0.05 USD) - 2022/07/24 22:02:58 PT [2022/07/25 1:02:58 ET]
Table 'Walbeck' 9-max Seat #4 is the button
Seat 1: Almanza63 ($6.94 in chips) 
Seat 2: Jer(11:11)(x) ($7.80 in chips) 
Seat 3: manoel130 ($7.42 in chips) 
Seat 4: Dorex2007 ($5.09 in chips) 
Seat 5: cubicroot ($4.43 in chips) 
Seat 6: Templar85 ($5 in chips) 
Seat 7: features86 ($18.29 in chips) 
Seat 8: abobora71 ($11.14 in chips) 
Seat 9: paragraf ($2.36 in chips) 
cubicroot: posts small blind $0.02
Templar85: posts big blind $0.05
*** HOLE CARDS ***
Dealt to Dorex2007 [Js 8s]
features86: folds 
abobora71: folds 
paragraf: folds 
Almanza63: folds 
Jer(11:11)(x): calls $0.05
manoel130: calls $0.05
Dorex2007: folds 
cubicroot: calls $0.03
Templar85: checks 
*** FLOP *** [Jd 7d Qh]
cubicroot: checks 
Templar85: checks 
Jer(11:11)(x): bets $0.20
manoel130: folds 
cubicroot: folds 
Templar85: folds 
Uncalled bet ($0.20) returned to Jer(11:11)(x)
Jer(11:11)(x) collected $0.19 from pot
*** SUMMARY ***
Total pot $0.20 | Rake $0.01 
Board [Jd 7d Qh]
Seat 1: Almanza63 folded before Flop (didn't bet)
Seat 2: Jer(11:11)(x) collected ($0.19)
Seat 3: manoel130 folded on the Flop
Seat 4: Dorex2007 (button) folded before Flop (didn't bet)
Seat 5: cubicroot (small blind) folded on the Flop
Seat 6: Templar85 (big blind) folded on the Flop
Seat 7: features86 folded before Flop (didn't bet)
Seat 8: abobora71 folded before Flop (didn't bet)
Seat 9: paragraf folded before Flop (didn't bet)



PokerStars Hand #237571125087:  Hold'em No Limit ($0.02/$0.05 USD) - 2022/07/24 22:03:41 PT [2022/07/25 1:03:41 ET]
Table 'Walbeck' 9-max Seat #5 is the button
Seat 1: Almanza63 ($6.94 in chips) 
Seat 2: Jer(11:11)(x) ($7.94 in chips) 
Seat 3: manoel130 ($7.37 in chips) 
Seat 4: Dorex2007 ($5.09 in chips) 
Seat 5: cubicroot ($4.38 in chips) 
Seat 6: Templar85 ($5 in chips) 
Seat 7: features86 ($18.29 in chips) 
Seat 8: abobora71 ($11.14 in chips) 
Seat 9: paragraf ($2.36 in chips) 
Templar85: posts small blind $0.02
features86: posts big blind $0.05
*** HOLE CARDS ***
Dealt to Dorex2007 [Tc 3d]
abobora71: folds 
paragraf: folds 
Almanza63: folds 
Jer(11:11)(x): folds 
manoel130: raises $0.05 to $0.10
Dorex2007: folds 
cubicroot: raises $4.28 to $4.38 and is all-in
Templar85: folds 
features86: calls $4.33
manoel130: folds 
*** FLOP *** [As 4h Ac]
*** TURN *** [As 4h Ac] [2d]
*** RIVER *** [As 4h Ac 2d] [6h]
*** SHOW DOWN ***
features86: shows [Kc Ah] (three of a kind, Aces)
cubicroot: shows [Qd Qc] (two pair, Aces and Queens)
features86 collected $8.51 from pot
*** SUMMARY ***
Total pot $8.88 | Rake $0.37 
Board [As 4h Ac 2d 6h]
Seat 1: Almanza63 folded before Flop (didn't bet)
Seat 2: Jer(11:11)(x) folded before Flop (didn't bet)
Seat 3: manoel130 folded before Flop
Seat 4: Dorex2007 folded before Flop (didn't bet)
Seat 5: cubicroot (button) showed [Qd Qc] and lost with two pair, Aces and Queens
Seat 6: Templar85 (small blind) folded before Flop
Seat 7: features86 (big blind) showed [Kc Ah] and won ($8.51) with three of a kind, Aces
Seat 8: abobora71 folded before Flop (didn't bet)
Seat 9: paragraf folded before Flop (didn't bet)



PokerStars Hand #237571129603:  Hold'em No Limit ($0.02/$0.05 USD) - 2022/07/24 22:04:24 PT [2022/07/25 1:04:24 ET]
Table 'Walbeck' 9-max Seat #6 is the button
Seat 1: Almanza63 ($6.94 in chips) 
Seat 2: Jer(11:11)(x) ($7.94 in chips) 
Seat 3: manoel130 ($7.27 in chips) 
Seat 4: Dorex2007 ($5.09 in chips) 
Seat 6: Templar85 ($5 in chips) 
Seat 7: features86 ($22.42 in chips) 
Seat 8: abobora71 ($11.14 in chips) 
Seat 9: paragraf ($2.36 in chips) 
features86: posts small blind $0.02
abobora71: posts big blind $0.05
*** HOLE CARDS ***
Dealt to Dorex2007 [Qc Js]
paragraf: folds 
Almanza63: folds 
Jer(11:11)(x): calls $0.05
manoel130: raises $0.09 to $0.14
Dorex2007: folds 
Templar85: folds 
features86: folds 
abobora71: folds 
Jer(11:11)(x): calls $0.09
*** FLOP *** [4d 3s 9c]
Jer(11:11)(x): bets $0.10
manoel130: calls $0.10
*** TURN *** [4d 3s 9c] [Jc]
Jer(11:11)(x): bets $0.35
manoel130: folds 
Uncalled bet ($0.35) returned to Jer(11:11)(x)
Jer(11:11)(x) collected $0.53 from pot
*** SUMMARY ***
Total pot $0.55 | Rake $0.02 
Board [4d 3s 9c Jc]
Seat 1: Almanza63 folded before Flop (didn't bet)
Seat 2: Jer(11:11)(x) collected ($0.53)
Seat 3: manoel130 folded on the Turn
Seat 4: Dorex2007 folded before Flop (didn't bet)
Seat 6: Templar85 (button) folded before Flop (didn't bet)
Seat 7: features86 (small blind) folded before Flop
Seat 8: abobora71 (big blind) folded before Flop
Seat 9: paragraf folded before Flop (didn't bet)



PokerStars Hand #237571151589:  Hold'em No Limit ($0.02/$0.05 USD) - 2022/07/24 22:05:43 PT [2022/07/25 1:05:43 ET]
Table 'Walbeck' 9-max Seat #7 is the button
Seat 1: Almanza63 ($6.94 in chips) 
Seat 2: Jer(11:11)(x) ($8.23 in chips) 
Seat 3: manoel130 ($7.03 in chips) 
Seat 4: Dorex2007 ($5.09 in chips) 
Seat 6: Templar85 ($5 in chips) 
Seat 7: features86 ($22.40 in chips) 
Seat 8: abobora71 ($11.09 in chips) 
Seat 9: paragraf ($2.36 in chips) 
abobora71: posts small blind $0.02
paragraf: posts big blind $0.05
*** HOLE CARDS ***
Dealt to Dorex2007 [5d Jd]
Almanza63: folds 
Jer(11:11)(x): calls $0.05
manoel130: raises $0.09 to $0.14
Dorex2007: folds 
Templar85: folds 
features86: folds 
abobora71: folds 
paragraf: calls $0.09
Jer(11:11)(x): calls $0.09
*** FLOP *** [8h 6d 4s]
paragraf: checks 
Jer(11:11)(x): checks 
manoel130: bets $0.27
paragraf: calls $0.27
Jer(11:11)(x): folds 
*** TURN *** [8h 6d 4s] [Ah]
paragraf: checks 
manoel130: bets $0.61
paragraf: raises $0.61 to $1.22
manoel130: raises $5.40 to $6.62 and is all-in
paragraf: calls $0.73 and is all-in
Uncalled bet ($4.67) returned to manoel130
*** RIVER *** [8h 6d 4s Ah] [Kd]
*** SHOW DOWN ***
paragraf: shows [4d 4h] (three of a kind, Fours)
manoel130: shows [9d 9h] (a pair of Nines)
paragraf collected $4.63 from pot
*** SUMMARY ***
Total pot $4.88 | Rake $0.25 
Board [8h 6d 4s Ah Kd]
Seat 1: Almanza63 folded before Flop (didn't bet)
Seat 2: Jer(11:11)(x) folded on the Flop
Seat 3: manoel130 showed [9d 9h] and lost with a pair of Nines
Seat 4: Dorex2007 folded before Flop (didn't bet)
Seat 6: Templar85 folded before Flop (didn't bet)
Seat 7: features86 (button) folded before Flop (didn't bet)
Seat 8: abobora71 (small blind) folded before Flop
Seat 9: paragraf (big blind) showed [4d 4h] and won ($4.63) with three of a kind, Fours



PokerStars Hand #237571160415:  Hold'em No Limit ($0.02/$0.05 USD) - 2022/07/24 22:07:07 PT [2022/07/25 1:07:07 ET]
Table 'Walbeck' 9-max Seat #8 is the button
Seat 1: Almanza63 ($6.94 in chips) 
Seat 2: Jer(11:11)(x) ($8.09 in chips) 
Seat 3: manoel130 ($4.67 in chips) 
Seat 4: Dorex2007 ($5.09 in chips) 
Seat 6: Templar85 ($5 in chips) 
Seat 7: features86 ($22.40 in chips) 
Seat 8: abobora71 ($11.07 in chips) 
Seat 9: paragraf ($4.63 in chips) 
paragraf: posts small blind $0.02
Almanza63: posts big blind $0.05
*** HOLE CARDS ***
Dealt to Dorex2007 [Qc Ts]
Jer(11:11)(x): folds 
manoel130: folds 
Dorex2007: calls $0.05
Templar85: folds 
manoel130 leaves the table
features86: folds 
HAEMHuk2009 joins the table at seat #3 
abobora71: calls $0.05
paragraf: folds 
Almanza63: checks 
*** FLOP *** [Js 6d 4s]
paragraf leaves the table
Almanza63: bets $0.10
Dorex2007: folds 
abobora71: calls $0.10
*** TURN *** [Js 6d 4s] [6c]
destroynl joins the table at seat #9 
Almanza63: bets $0.29
abobora71: calls $0.29
*** RIVER *** [Js 6d 4s 6c] [Kc]
Almanza63: checks 
abobora71: bets $0.61
Almanza63: folds 
Uncalled bet ($0.61) returned to abobora71
abobora71 collected $0.91 from pot
*** SUMMARY ***
Total pot $0.95 | Rake $0.04 
Board [Js 6d 4s 6c Kc]
Seat 1: Almanza63 (big blind) folded on the River
Seat 2: Jer(11:11)(x) folded before Flop (didn't bet)
Seat 3: manoel130 folded before Flop (didn't bet)
Seat 4: Dorex2007 folded on the Flop
Seat 6: Templar85 folded before Flop (didn't bet)
Seat 7: features86 folded before Flop (didn't bet)
Seat 8: abobora71 (button) collected ($0.91)
Seat 9: paragraf (small blind) folded before Flop



PokerStars Hand #237571168298:  Hold'em No Limit ($0.02/$0.05 USD) - 2022/07/24 22:08:21 PT [2022/07/25 1:08:21 ET]
Table 'Walbeck' 9-max Seat #1 is the button
Seat 1: Almanza63 ($6.50 in chips) 
Seat 2: Jer(11:11)(x) ($8.09 in chips) 
Seat 3: HAEMHuk2009 ($5 in chips) 
Seat 4: Dorex2007 ($5.04 in chips) 
Seat 6: Templar85 ($5 in chips) 
Seat 7: features86 ($22.40 in chips) 
Seat 8: abobora71 ($11.54 in chips) 
Jer(11:11)(x): posts small blind $0.02
HAEMHuk2009: posts big blind $0.05
destroynl: sits out 
*** HOLE CARDS ***
Dealt to Dorex2007 [3c Jh]
Dorex2007: folds 
Templar85: folds 
features86: folds 
abobora71: folds 
Almanza63: raises $0.10 to $0.15
Jer(11:11)(x): calls $0.13
HAEMHuk2009: raises $0.39 to $0.54
Almanza63: folds 
Jer(11:11)(x): calls $0.39
*** FLOP *** [8d 2h 6c]
Jer(11:11)(x): checks 
HAEMHuk2009: checks 
*** TURN *** [8d 2h 6c] [2c]
Jer(11:11)(x): bets $0.65
HAEMHuk2009: calls $0.65
*** RIVER *** [8d 2h 6c 2c] [3d]
Jer(11:11)(x): checks 
HAEMHuk2009: checks 
*** SHOW DOWN ***
Jer(11:11)(x): shows [Tc Kh] (a pair of Deuces)
HAEMHuk2009: shows [Kc Ah] (a pair of Deuces - Ace kicker)
HAEMHuk2009 collected $2.43 from pot
*** SUMMARY ***
Total pot $2.53 | Rake $0.10 
Board [8d 2h 6c 2c 3d]
Seat 1: Almanza63 (button) folded before Flop
Seat 2: Jer(11:11)(x) (small blind) showed [Tc Kh] and lost with a pair of Deuces
Seat 3: HAEMHuk2009 (big blind) showed [Kc Ah] and won ($2.43) with a pair of Deuces
Seat 4: Dorex2007 folded before Flop (didn't bet)
Seat 6: Templar85 folded before Flop (didn't bet)
Seat 7: features86 folded before Flop (didn't bet)
Seat 8: abobora71 folded before Flop (didn't bet)



PokerStars Hand #237571175589:  Hold'em No Limit ($0.02/$0.05 USD) - 2022/07/24 22:09:29 PT [2022/07/25 1:09:29 ET]
Table 'Walbeck' 9-max Seat #2 is the button
Seat 1: Almanza63 ($6.35 in chips) 
Seat 2: Jer(11:11)(x) ($6.90 in chips) 
Seat 3: HAEMHuk2009 ($6.24 in chips) 
Seat 4: Dorex2007 ($5.04 in chips) 
Seat 6: Templar85 ($5 in chips) 
Seat 7: features86 ($22.40 in chips) 
Seat 8: abobora71 ($11.54 in chips) 
HAEMHuk2009: posts small blind $0.02
Dorex2007: posts big blind $0.05
destroynl: sits out 
*** HOLE CARDS ***
Dealt to Dorex2007 [Qh 8s]
Templar85: folds 
features86: folds 
abobora71: folds 
Almanza63: folds 
Jer(11:11)(x): calls $0.05
HAEMHuk2009: raises $0.17 to $0.22
Dorex2007: folds 
Jer(11:11)(x): calls $0.17
*** FLOP *** [5h 4h Ah]
HAEMHuk2009: bets $0.42
Jer(11:11)(x): calls $0.42
*** TURN *** [5h 4h Ah] [Ac]
HAEMHuk2009: bets $1.12
Jer(11:11)(x): folds 
Uncalled bet ($1.12) returned to HAEMHuk2009
HAEMHuk2009 collected $1.27 from pot
*** SUMMARY ***
Total pot $1.33 | Rake $0.06 
Board [5h 4h Ah Ac]
Seat 1: Almanza63 folded before Flop (didn't bet)
Seat 2: Jer(11:11)(x) (button) folded on the Turn
Seat 3: HAEMHuk2009 (small blind) collected ($1.27)
Seat 4: Dorex2007 (big blind) folded before Flop
Seat 6: Templar85 folded before Flop (didn't bet)
Seat 7: features86 folded before Flop (didn't bet)
Seat 8: abobora71 folded before Flop (didn't bet)



PokerStars Hand #237571181976:  Hold'em No Limit ($0.02/$0.05 USD) - 2022/07/24 22:10:30 PT [2022/07/25 1:10:30 ET]
Table 'Walbeck' 9-max Seat #3 is the button
Seat 1: Almanza63 ($6.35 in chips) 
Seat 2: Jer(11:11)(x) ($6.26 in chips) 
Seat 3: HAEMHuk2009 ($6.87 in chips) 
Seat 4: Dorex2007 ($5 in chips) 
Seat 6: Templar85 ($5 in chips) 
Seat 7: features86 ($22.40 in chips) 
Seat 8: abobora71 ($11.54 in chips) 
Dorex2007: posts small blind $0.02
Templar85: posts big blind $0.05
destroynl: sits out 
*** HOLE CARDS ***
Dealt to Dorex2007 [4h 9s]
features86: folds 
abobora71: calls $0.05
Almanza63: folds 
Jer(11:11)(x): folds 
HAEMHuk2009: folds 
Dorex2007: folds 
Templar85: checks 
*** FLOP *** [5s Jh 6s]
Templar85: checks 
abobora71: bets $0.09
Templar85: calls $0.09
*** TURN *** [5s Jh 6s] [9d]
Templar85: checks 
abobora71: checks 
*** RIVER *** [5s Jh 6s 9d] [Qd]
Templar85: checks 
abobora71: bets $0.22
Templar85: calls $0.22
*** SHOW DOWN ***
abobora71: shows [Qs Kh] (a pair of Queens)
Templar85: mucks hand 
abobora71 collected $0.71 from pot
*** SUMMARY ***
Total pot $0.74 | Rake $0.03 
Board [5s Jh 6s 9d Qd]
Seat 1: Almanza63 folded before Flop (didn't bet)
Seat 2: Jer(11:11)(x) folded before Flop (didn't bet)
Seat 3: HAEMHuk2009 (button) folded before Flop (didn't bet)
Seat 4: Dorex2007 (small blind) folded before Flop
Seat 6: Templar85 (big blind) mucked [9c 8h]
Seat 7: features86 folded before Flop (didn't bet)
Seat 8: abobora71 showed [Qs Kh] and won ($0.71) with a pair of Queens



PokerStars Hand #237571187274:  Hold'em No Limit ($0.02/$0.05 USD) - 2022/07/24 22:11:20 PT [2022/07/25 1:11:20 ET]
Table 'Walbeck' 9-max Seat #4 is the button
Seat 1: Almanza63 ($6.35 in chips) 
Seat 2: Jer(11:11)(x) ($6.26 in chips) 
Seat 3: HAEMHuk2009 ($6.87 in chips) 
Seat 4: Dorex2007 ($5 in chips) 
Seat 6: Templar85 ($5 in chips) 
Seat 7: features86 ($22.40 in chips) 
Seat 8: abobora71 ($11.89 in chips) 
Templar85: posts small blind $0.02
features86: posts big blind $0.05
destroynl: sits out 
*** HOLE CARDS ***
Dealt to Dorex2007 [2d 8c]
abobora71: folds 
Almanza63: folds 
Jer(11:11)(x): calls $0.05
HAEMHuk2009: folds 
Dorex2007: folds 
Templar85: folds 
features86: checks 
*** FLOP *** [3c 4h 7h]
features86: checks 
Jer(11:11)(x): bets $0.13
features86: folds 
Uncalled bet ($0.13) returned to Jer(11:11)(x)
Jer(11:11)(x) collected $0.12 from pot
*** SUMMARY ***
Total pot $0.12 | Rake $0 
Board [3c 4h 7h]
Seat 1: Almanza63 folded before Flop (didn't bet)
Seat 2: Jer(11:11)(x) collected ($0.12)
Seat 3: HAEMHuk2009 folded before Flop (didn't bet)
Seat 4: Dorex2007 (button) folded before Flop (didn't bet)
Seat 6: Templar85 (small blind) folded before Flop
Seat 7: features86 (big blind) folded on the Flop
Seat 8: abobora71 folded before Flop (didn't bet)



PokerStars Hand #237571190831:  Hold'em No Limit ($0.02/$0.05 USD) - 2022/07/24 22:11:53 PT [2022/07/25 1:11:53 ET]
Table 'Walbeck' 9-max Seat #6 is the button
Seat 1: Almanza63 ($6.35 in chips) 
Seat 2: Jer(11:11)(x) ($6.33 in chips) 
Seat 3: HAEMHuk2009 ($6.87 in chips) 
Seat 4: Dorex2007 ($5 in chips) 
Seat 6: Templar85 ($5 in chips) 
Seat 7: features86 ($22.35 in chips) 
Seat 8: abobora71 ($11.89 in chips) 
features86: posts small blind $0.02
abobora71: posts big blind $0.05
destroynl: sits out 
*** HOLE CARDS ***
Dealt to Dorex2007 [Ks 5c]
Almanza63: folds 
Jer(11:11)(x): calls $0.05
HAEMHuk2009: raises $0.15 to $0.20
Dorex2007: folds 
Templar85: folds 
features86: folds 
abobora71: folds 
Jer(11:11)(x): calls $0.15
*** FLOP *** [3s 5h 7s]
Jer(11:11)(x): checks 
HAEMHuk2009: bets $0.34
Jer(11:11)(x): folds 
Uncalled bet ($0.34) returned to HAEMHuk2009
HAEMHuk2009 collected $0.45 from pot
*** SUMMARY ***
Total pot $0.47 | Rake $0.02 
Board [3s 5h 7s]
Seat 1: Almanza63 folded before Flop (didn't bet)
Seat 2: Jer(11:11)(x) folded on the Flop
Seat 3: HAEMHuk2009 collected ($0.45)
Seat 4: Dorex2007 folded before Flop (didn't bet)
Seat 6: Templar85 (button) folded before Flop (didn't bet)
Seat 7: features86 (small blind) folded before Flop
Seat 8: abobora71 (big blind) folded before Flop



PokerStars Hand #237571194629:  Hold'em No Limit ($0.02/$0.05 USD) - 2022/07/24 22:12:31 PT [2022/07/25 1:12:31 ET]
Table 'Walbeck' 9-max Seat #7 is the button
Seat 1: Almanza63 ($6.35 in chips) 
Seat 3: HAEMHuk2009 ($7.12 in chips) 
Seat 4: Dorex2007 ($5 in chips) 
Seat 6: Templar85 ($5 in chips) 
Seat 7: features86 ($22.33 in chips) 
Seat 8: abobora71 ($11.84 in chips) 
Seat 9: destroynl ($5 in chips) 
abobora71: posts small blind $0.02
destroynl: posts big blind $0.05
*** HOLE CARDS ***
Dealt to Dorex2007 [Kc Kd]
Jer(11:11)(x) leaves the table
Almanza63: folds 
HAEMHuk2009: raises $0.10 to $0.15
Dorex2007: raises $0.25 to $0.40
Templar85: folds 
features86: folds 
abobora71: folds 
destroynl: folds 
HAEMHuk2009: folds 
Uncalled bet ($0.25) returned to Dorex2007
Dorex2007 collected $0.37 from pot
*** SUMMARY ***
Total pot $0.37 | Rake $0 
Seat 1: Almanza63 folded before Flop (didn't bet)
Seat 3: HAEMHuk2009 folded before Flop
Seat 4: Dorex2007 collected ($0.37)
Seat 6: Templar85 folded before Flop (didn't bet)
Seat 7: features86 (button) folded before Flop (didn't bet)
Seat 8: abobora71 (small blind) folded before Flop
Seat 9: destroynl (big blind) folded before Flop



PokerStars Hand #237571197693:  Hold'em No Limit ($0.02/$0.05 USD) - 2022/07/24 22:13:00 PT [2022/07/25 1:13:00 ET]
Table 'Walbeck' 9-max Seat #8 is the button
Seat 1: Almanza63 ($6.35 in chips) 
Seat 3: HAEMHuk2009 ($6.97 in chips) 
Seat 4: Dorex2007 ($5.22 in chips) 
Seat 6: Templar85 ($5 in chips) 
Seat 7: features86 ($22.33 in chips) 
Seat 8: abobora71 ($11.82 in chips) 
Seat 9: destroynl ($5 in chips) 
destroynl: posts small blind $0.02
Almanza63: posts big blind $0.05
*** HOLE CARDS ***
Dealt to Dorex2007 [Qs Qc]
HAEMHuk2009: folds 
Dorex2007: raises $0.15 to $0.20
Templar85: folds 
features86: folds 
abobora71: folds 
destroynl: folds 
Almanza63: folds 
Uncalled bet ($0.15) returned to Dorex2007
Dorex2007 collected $0.12 from pot
*** SUMMARY ***
Total pot $0.12 | Rake $0 
Seat 1: Almanza63 (big blind) folded before Flop
Seat 3: HAEMHuk2009 folded before Flop (didn't bet)
Seat 4: Dorex2007 collected ($0.12)
Seat 6: Templar85 folded before Flop (didn't bet)
Seat 7: features86 folded before Flop (didn't bet)
Seat 8: abobora71 (button) folded before Flop (didn't bet)
Seat 9: destroynl (small blind) folded before Flop



PokerStars Hand #237571200653:  Hold'em No Limit ($0.02/$0.05 USD) - 2022/07/24 22:13:30 PT [2022/07/25 1:13:30 ET]
Table 'Walbeck' 9-max Seat #9 is the button
Seat 1: Almanza63 ($6.30 in chips) 
Seat 4: Dorex2007 ($5.29 in chips) 
Seat 6: Templar85 ($5 in chips) 
Seat 7: features86 ($22.33 in chips) 
Seat 8: abobora71 ($11.82 in chips) 
Seat 9: destroynl ($5 in chips) 
Almanza63: posts small blind $0.02
HAEMHuk2009: is sitting out 
Dorex2007: posts big blind $0.05
*** HOLE CARDS ***
Dealt to Dorex2007 [Qd 4c]
Templar85: folds 
HAEMHuk2009 leaves the table
features86: raises $0.10 to $0.15
abobora71: folds 
destroynl: folds 
Almanza63: calls $0.13
Dorex2007: folds 
*** FLOP *** [Th 5s 3c]
Almanza63: checks 
features86: bets $0.18
Almanza63: raises $0.70 to $0.88
features86: folds 
Uncalled bet ($0.70) returned to Almanza63
Almanza63 collected $0.68 from pot
*** SUMMARY ***
Total pot $0.71 | Rake $0.03 
Board [Th 5s 3c]
Seat 1: Almanza63 (small blind) collected ($0.68)
Seat 4: Dorex2007 (big blind) folded before Flop
Seat 6: Templar85 folded before Flop (didn't bet)
Seat 7: features86 folded on the Flop
Seat 8: abobora71 folded before Flop (didn't bet)
Seat 9: destroynl (button) folded before Flop (didn't bet)



PokerStars Hand #237571209161:  Hold'em No Limit ($0.02/$0.05 USD) - 2022/07/24 22:14:52 PT [2022/07/25 1:14:52 ET]
Table 'Walbeck' 9-max Seat #1 is the button
Seat 1: Almanza63 ($6.65 in chips) 
Seat 4: Dorex2007 ($5.24 in chips) 
Seat 6: Templar85 ($5 in chips) 
Seat 7: features86 ($22 in chips) 
Seat 8: abobora71 ($11.82 in chips) 
Seat 9: destroynl ($5 in chips) 
Dorex2007: posts small blind $0.02
Templar85: posts big blind $0.05
*** HOLE CARDS ***
Dealt to Dorex2007 [Ts Kd]
features86: folds 
abobora71: folds 
destroynl: raises $0.10 to $0.15
Almanza63: folds 
Dorex2007: folds 
Templar85: folds 
Uncalled bet ($0.10) returned to destroynl
destroynl collected $0.12 from pot
*** SUMMARY ***
Total pot $0.12 | Rake $0 
Seat 1: Almanza63 (button) folded before Flop (didn't bet)
Seat 4: Dorex2007 (small blind) folded before Flop
Seat 6: Templar85 (big blind) folded before Flop
Seat 7: features86 folded before Flop (didn't bet)
Seat 8: abobora71 folded before Flop (didn't bet)
Seat 9: destroynl collected ($0.12)



PokerStars Hand #237571211670:  Hold'em No Limit ($0.02/$0.05 USD) - 2022/07/24 22:15:16 PT [2022/07/25 1:15:16 ET]
Table 'Walbeck' 9-max Seat #4 is the button
Seat 1: Almanza63 ($6.65 in chips) 
Seat 4: Dorex2007 ($5.22 in chips) 
Seat 6: Templar85 ($5 in chips) 
Seat 7: features86 ($22 in chips) 
Seat 8: abobora71 ($11.82 in chips) 
Seat 9: destroynl ($5.07 in chips) 
Templar85: posts small blind $0.02
features86: posts big blind $0.05
*** HOLE CARDS ***
Dealt to Dorex2007 [7d 8d]
abobora71: folds 
destroynl: folds 
Almanza63: folds 
Dorex2007: folds 
gmitoi joins the table at seat #2 
Templar85: folds 
Uncalled bet ($0.03) returned to features86
features86 collected $0.04 from pot
*** SUMMARY ***
Total pot $0.04 | Rake $0 
Seat 1: Almanza63 folded before Flop (didn't bet)
Seat 4: Dorex2007 (button) folded before Flop (didn't bet)
Seat 6: Templar85 (small blind) folded before Flop
Seat 7: features86 (big blind) collected ($0.04)
Seat 8: abobora71 folded before Flop (didn't bet)
Seat 9: destroynl folded before Flop (didn't bet)



PokerStars Hand #237571212877:  Hold'em No Limit ($0.02/$0.05 USD) - 2022/07/24 22:15:27 PT [2022/07/25 1:15:27 ET]
Table 'Walbeck' 9-max Seat #6 is the button
Seat 1: Almanza63 ($6.65 in chips) 
Seat 2: gmitoi ($5 in chips) 
Seat 4: Dorex2007 ($5.22 in chips) 
Seat 6: Templar85 ($5 in chips) 
Seat 7: features86 ($22.02 in chips) 
Seat 8: abobora71 ($11.82 in chips) 
Seat 9: destroynl ($5.07 in chips) 
features86: posts small blind $0.02
abobora71: posts big blind $0.05
gmitoi is connected 
gmitoi: posts big blind $0.05
*** HOLE CARDS ***
Dealt to Dorex2007 [Jd 4d]
destroynl: folds 
Almanza63: folds 
gmitoi: checks 
Dorex2007: folds 
Templar85: folds 
features86: folds 
abobora71: checks 
*** FLOP *** [9s Th As]
abobora71: checks 
gmitoi: checks 
*** TURN *** [9s Th As] [Ac]
abobora71: checks 
gmitoi: bets $0.10
abobora71: calls $0.10
*** RIVER *** [9s Th As Ac] [8c]
abobora71: checks 
gmitoi: checks 
*** SHOW DOWN ***
abobora71: shows [Qc Tc] (two pair, Aces and Tens)
gmitoi: mucks hand 
abobora71 collected $0.31 from pot
*** SUMMARY ***
Total pot $0.32 | Rake $0.01 
Board [9s Th As Ac 8c]
Seat 1: Almanza63 folded before Flop (didn't bet)
Seat 2: gmitoi mucked [5s 5c]
Seat 4: Dorex2007 folded before Flop (didn't bet)
Seat 6: Templar85 (button) folded before Flop (didn't bet)
Seat 7: features86 (small blind) folded before Flop
Seat 8: abobora71 (big blind) showed [Qc Tc] and won ($0.31) with two pair, Aces and Tens
Seat 9: destroynl folded before Flop (didn't bet)



PokerStars Hand #237571219150:  Hold'em No Limit ($0.02/$0.05 USD) - 2022/07/24 22:16:27 PT [2022/07/25 1:16:27 ET]
Table 'Walbeck' 9-max Seat #7 is the button
Seat 1: Almanza63 ($6.65 in chips) 
Seat 2: gmitoi ($5 in chips) 
Seat 4: Dorex2007 ($5.22 in chips) 
Seat 6: Templar85 ($5 in chips) 
Seat 7: features86 ($22 in chips) 
Seat 8: abobora71 ($11.98 in chips) 
Seat 9: destroynl ($5.07 in chips) 
abobora71: posts small blind $0.02
destroynl: posts big blind $0.05
*** HOLE CARDS ***
Dealt to Dorex2007 [4s 4c]
Almanza63: folds 
gmitoi: folds 
Dorex2007: calls $0.05
Templar85: raises $0.15 to $0.20
features86: folds 
abobora71: folds 
destroynl: folds 
Dorex2007: folds 
Uncalled bet ($0.15) returned to Templar85
Templar85 collected $0.17 from pot
*** SUMMARY ***
Total pot $0.17 | Rake $0 
Seat 1: Almanza63 folded before Flop (didn't bet)
Seat 2: gmitoi folded before Flop (didn't bet)
Seat 4: Dorex2007 folded before Flop
Seat 6: Templar85 collected ($0.17)
Seat 7: features86 (button) folded before Flop (didn't bet)
Seat 8: abobora71 (small blind) folded before Flop
Seat 9: destroynl (big blind) folded before Flop



PokerStars Hand #237571222178:  Hold'em No Limit ($0.02/$0.05 USD) - 2022/07/24 22:16:56 PT [2022/07/25 1:16:56 ET]
Table 'Walbeck' 9-max Seat #8 is the button
Seat 1: Almanza63 ($6.65 in chips) 
Seat 2: gmitoi ($5 in chips) 
Seat 4: Dorex2007 ($5.17 in chips) 
Seat 6: Templar85 ($5.12 in chips) 
Seat 7: features86 ($22 in chips) 
Seat 8: abobora71 ($11.96 in chips) 
Seat 9: destroynl ($5.02 in chips) 
destroynl: posts small blind $0.02
Almanza63: posts big blind $0.05
*** HOLE CARDS ***
Dealt to Dorex2007 [6d 5h]
gmitoi: folds 
Dorex2007: folds 
Templar85: folds 
features86: folds 
abobora71: folds 
destroynl: raises $0.10 to $0.15
Almanza63: calls $0.10
*** FLOP *** [Ad Js 4c]
destroynl: bets $0.20
Almanza63: folds 
Uncalled bet ($0.20) returned to destroynl
destroynl collected $0.29 from pot
*** SUMMARY ***
Total pot $0.30 | Rake $0.01 
Board [Ad Js 4c]
Seat 1: Almanza63 (big blind) folded on the Flop
Seat 2: gmitoi folded before Flop (didn't bet)
Seat 4: Dorex2007 folded before Flop (didn't bet)
Seat 6: Templar85 folded before Flop (didn't bet)
Seat 7: features86 folded before Flop (didn't bet)
Seat 8: abobora71 (button) folded before Flop (didn't bet)
Seat 9: destroynl (small blind) collected ($0.29)



PokerStars Hand #237571225951:  Hold'em No Limit ($0.02/$0.05 USD) - 2022/07/24 22:17:33 PT [2022/07/25 1:17:33 ET]
Table 'Walbeck' 9-max Seat #9 is the button
Seat 1: Almanza63 ($6.50 in chips) 
Seat 2: gmitoi ($5 in chips) 
Seat 4: Dorex2007 ($5.17 in chips) 
Seat 6: Templar85 ($5.12 in chips) 
Seat 7: features86 ($22 in chips) 
Seat 8: abobora71 ($11.96 in chips) 
Seat 9: destroynl ($5.16 in chips) 
Almanza63: posts small blind $0.02
gmitoi: posts big blind $0.05
*** HOLE CARDS ***
Dealt to Dorex2007 [2s Kh]
Metatron22 joins the table at seat #3 
Dorex2007: folds 
Templar85: folds 
features86: folds 
abobora71: folds 
destroynl: raises $0.10 to $0.15
Almanza63: folds 
gmitoi: raises $0.35 to $0.50
destroynl: folds 
Uncalled bet ($0.35) returned to gmitoi
gmitoi collected $0.32 from pot
*** SUMMARY ***
Total pot $0.32 | Rake $0 
Seat 1: Almanza63 (small blind) folded before Flop
Seat 2: gmitoi (big blind) collected ($0.32)
Seat 4: Dorex2007 folded before Flop (didn't bet)
Seat 6: Templar85 folded before Flop (didn't bet)
Seat 7: features86 folded before Flop (didn't bet)
Seat 8: abobora71 folded before Flop (didn't bet)
Seat 9: destroynl (button) folded before Flop



PokerStars Hand #237571230024:  Hold'em No Limit ($0.02/$0.05 USD) - 2022/07/24 22:18:07 PT [2022/07/25 1:18:07 ET]
Table 'Walbeck' 9-max Seat #1 is the button
Seat 1: Almanza63 ($6.48 in chips) 
Seat 2: gmitoi ($5.17 in chips) 
Seat 3: Metatron22 ($3.86 in chips) 
Seat 4: Dorex2007 ($5.17 in chips) 
Seat 6: Templar85 ($5.12 in chips) 
Seat 7: features86 ($22 in chips) 
Seat 8: abobora71 ($11.96 in chips) 
Seat 9: destroynl ($5.01 in chips) 
gmitoi: posts small blind $0.02
Metatron22: posts big blind $0.05
*** HOLE CARDS ***
Dealt to Dorex2007 [Qh Qc]
Dorex2007: raises $0.15 to $0.20
Templar85: folds 
features86: folds 
abobora71: folds 
destroynl: folds 
Almanza63: folds 
gmitoi: folds 
Metatron22: calls $0.15
*** FLOP *** [Jc Ad Tc]
Metatron22: checks 
Dorex2007: bets $0.20
Metatron22: raises $3.46 to $3.66 and is all-in
Dorex2007: folds 
Uncalled bet ($3.46) returned to Metatron22
Metatron22 collected $0.78 from pot
*** SUMMARY ***
Total pot $0.82 | Rake $0.04 
Board [Jc Ad Tc]
Seat 1: Almanza63 (button) folded before Flop (didn't bet)
Seat 2: gmitoi (small blind) folded before Flop
Seat 3: Metatron22 (big blind) collected ($0.78)
Seat 4: Dorex2007 folded on the Flop
Seat 6: Templar85 folded before Flop (didn't bet)
Seat 7: features86 folded before Flop (didn't bet)
Seat 8: abobora71 folded before Flop (didn't bet)
Seat 9: destroynl folded before Flop (didn't bet)



PokerStars Hand #237571234779:  Hold'em No Limit ($0.02/$0.05 USD) - 2022/07/24 22:18:53 PT [2022/07/25 1:18:53 ET]
Table 'Walbeck' 9-max Seat #2 is the button
Seat 1: Almanza63 ($6.48 in chips) 
Seat 2: gmitoi ($5.15 in chips) 
Seat 3: Metatron22 ($4.24 in chips) 
Seat 4: Dorex2007 ($5 in chips) 
Seat 6: Templar85 ($5.12 in chips) 
Seat 7: features86 ($22 in chips) 
Seat 8: abobora71 ($11.96 in chips) 
Seat 9: destroynl ($5.01 in chips) 
Metatron22: posts small blind $0.02
Dorex2007: posts big blind $0.05
*** HOLE CARDS ***
Dealt to Dorex2007 [7s 3h]
Templar85: folds 
features86: folds 
abobora71: folds 
destroynl: raises $0.10 to $0.15
Almanza63: folds 
gmitoi: folds 
Metatron22: calls $0.13
Dorex2007: folds 
*** FLOP *** [Ah 6c As]
Metatron22: checks 
destroynl: bets $0.20
Metatron22: calls $0.20
*** TURN *** [Ah 6c As] [Ks]
Metatron22: checks 
destroynl: checks 
*** RIVER *** [Ah 6c As Ks] [8d]
Metatron22: bets $0.72
destroynl: folds 
Uncalled bet ($0.72) returned to Metatron22
Metatron22 collected $0.71 from pot
*** SUMMARY ***
Total pot $0.75 | Rake $0.04 
Board [Ah 6c As Ks 8d]
Seat 1: Almanza63 folded before Flop (didn't bet)
Seat 2: gmitoi (button) folded before Flop (didn't bet)
Seat 3: Metatron22 (small blind) collected ($0.71)
Seat 4: Dorex2007 (big blind) folded before Flop
Seat 6: Templar85 folded before Flop (didn't bet)
Seat 7: features86 folded before Flop (didn't bet)
Seat 8: abobora71 folded before Flop (didn't bet)
Seat 9: destroynl folded on the River



PokerStars Hand #237571240614:  Hold'em No Limit ($0.02/$0.05 USD) - 2022/07/24 22:19:49 PT [2022/07/25 1:19:49 ET]
Table 'Walbeck' 9-max Seat #3 is the button
Seat 1: Almanza63 ($6.48 in chips) 
Seat 2: gmitoi ($5.15 in chips) 
Seat 3: Metatron22 ($4.60 in chips) 
Seat 4: Dorex2007 ($5 in chips) 
Seat 7: features86 ($22 in chips) 
Seat 8: abobora71 ($11.96 in chips) 
Seat 9: destroynl ($5 in chips) 
Dorex2007: posts small blind $0.02
Templar85: is sitting out 
features86: posts big blind $0.05
*** HOLE CARDS ***
Dealt to Dorex2007 [Jd Ah]
abobora71: folds 
destroynl: raises $0.10 to $0.15
Almanza63: folds 
Templar85 leaves the table
gmitoi: calls $0.15
Metatron22: calls $0.15
Dorex2007: calls $0.13
features86: folds 
*** FLOP *** [6d 9h 8d]
Dorex2007: checks 
destroynl: checks 
gmitoi: checks 
Metatron22: checks 
*** TURN *** [6d 9h 8d] [4h]
Dorex2007: checks 
destroynl: checks 
gmitoi: checks 
Metatron22: bets $0.62
Dorex2007: folds 
destroynl: folds 
gmitoi: folds 
Uncalled bet ($0.62) returned to Metatron22
Metatron22 collected $0.61 from pot
*** SUMMARY ***
Total pot $0.65 | Rake $0.04 
Board [6d 9h 8d 4h]
Seat 1: Almanza63 folded before Flop (didn't bet)
Seat 2: gmitoi folded on the Turn
Seat 3: Metatron22 (button) collected ($0.61)
Seat 4: Dorex2007 (small blind) folded on the Turn
Seat 7: features86 (big blind) folded before Flop
Seat 8: abobora71 folded before Flop (didn't bet)
Seat 9: destroynl folded on the Turn



PokerStars Hand #237571250332:  Hold'em No Limit ($0.02/$0.05 USD) - 2022/07/24 22:21:24 PT [2022/07/25 1:21:24 ET]
Table 'Walbeck' 9-max Seat #4 is the button
Seat 1: Almanza63 ($6.48 in chips) 
Seat 2: gmitoi ($5 in chips) 
Seat 3: Metatron22 ($5.06 in chips) 
Seat 4: Dorex2007 ($5 in chips) 
Seat 7: features86 ($21.95 in chips) 
Seat 8: abobora71 ($11.96 in chips) 
Seat 9: destroynl ($5 in chips) 
features86: posts small blind $0.02
abobora71: posts big blind $0.05
*** HOLE CARDS ***
Dealt to Dorex2007 [8c 6c]
destroynl: folds 
Almanza63: folds 
gmitoi: folds 
Metatron22: folds 
Dorex2007: folds 
features86: folds 
Uncalled bet ($0.03) returned to abobora71
abobora71 collected $0.04 from pot
*** SUMMARY ***
Total pot $0.04 | Rake $0 
Seat 1: Almanza63 folded before Flop (didn't bet)
Seat 2: gmitoi folded before Flop (didn't bet)
Seat 3: Metatron22 folded before Flop (didn't bet)
Seat 4: Dorex2007 (button) folded before Flop (didn't bet)
Seat 7: features86 (small blind) folded before Flop
Seat 8: abobora71 (big blind) collected ($0.04)
Seat 9: destroynl folded before Flop (didn't bet)



PokerStars Hand #237571252067:  Hold'em No Limit ($0.02/$0.05 USD) - 2022/07/24 22:21:41 PT [2022/07/25 1:21:41 ET]
Table 'Walbeck' 9-max Seat #7 is the button
Seat 1: Almanza63 ($6.48 in chips) 
Seat 2: gmitoi ($5 in chips) 
Seat 3: Metatron22 ($5.06 in chips) 
Seat 4: Dorex2007 ($5 in chips) 
Seat 7: features86 ($21.93 in chips) 
Seat 8: abobora71 ($11.98 in chips) 
Seat 9: destroynl ($5 in chips) 
abobora71: posts small blind $0.02
destroynl: posts big blind $0.05
cubicroot: sits out 
*** HOLE CARDS ***
Dealt to Dorex2007 [5d 9c]
Almanza63: folds 
gmitoi: folds 
Metatron22: calls $0.05
Dorex2007: folds 
features86: folds 
abobora71: raises $0.12 to $0.17
Konosuke1995 joins the table at seat #6 
destroynl: calls $0.12
Metatron22: calls $0.12
*** FLOP *** [Ac 9s Td]
abobora71: bets $0.16
destroynl: calls $0.16
Metatron22: folds 
*** TURN *** [Ac 9s Td] [3c]
abobora71: bets $0.26
destroynl: raises $0.69 to $0.95
abobora71: calls $0.69
*** RIVER *** [Ac 9s Td 3c] [Tc]
abobora71: bets $0.86
destroynl: folds 
Uncalled bet ($0.86) returned to abobora71
abobora71 collected $2.62 from pot
*** SUMMARY ***
Total pot $2.73 | Rake $0.11 
Board [Ac 9s Td 3c Tc]
Seat 1: Almanza63 folded before Flop (didn't bet)
Seat 2: gmitoi folded before Flop (didn't bet)
Seat 3: Metatron22 folded on the Flop
Seat 4: Dorex2007 folded before Flop (didn't bet)
Seat 7: features86 (button) folded before Flop (didn't bet)
Seat 8: abobora71 (small blind) collected ($2.62)
Seat 9: destroynl (big blind) folded on the River



PokerStars Hand #237571260961:  Hold'em No Limit ($0.02/$0.05 USD) - 2022/07/24 22:23:08 PT [2022/07/25 1:23:08 ET]
Table 'Walbeck' 9-max Seat #8 is the button
Seat 1: Almanza63 ($6.48 in chips) 
Seat 2: gmitoi ($5 in chips) 
Seat 3: Metatron22 ($4.89 in chips) 
Seat 4: Dorex2007 ($5 in chips) 
Seat 7: features86 ($21.93 in chips) 
Seat 8: abobora71 ($13.32 in chips) 
Seat 9: destroynl ($5 in chips) 
destroynl: posts small blind $0.02
Almanza63: posts big blind $0.05
cubicroot: sits out 
Konosuke1995: sits out 
*** HOLE CARDS ***
Dealt to Dorex2007 [3c As]
gmitoi: folds 
Metatron22: folds 
Dorex2007: folds 
features86: folds 
abobora71: folds 
destroynl: raises $0.10 to $0.15
Almanza63: folds 
Uncalled bet ($0.10) returned to destroynl
destroynl collected $0.10 from pot
*** SUMMARY ***
Total pot $0.10 | Rake $0 
Seat 1: Almanza63 (big blind) folded before Flop
Seat 2: gmitoi folded before Flop (didn't bet)
Seat 3: Metatron22 folded before Flop (didn't bet)
Seat 4: Dorex2007 folded before Flop (didn't bet)
Seat 7: features86 folded before Flop (didn't bet)
Seat 8: abobora71 (button) folded before Flop (didn't bet)
Seat 9: destroynl (small blind) collected ($0.10)



PokerStars Hand #237571263833:  Hold'em No Limit ($0.02/$0.05 USD) - 2022/07/24 22:23:35 PT [2022/07/25 1:23:35 ET]
Table 'Walbeck' 9-max Seat #9 is the button
Seat 1: Almanza63 ($6.43 in chips) 
Seat 2: gmitoi ($5 in chips) 
Seat 3: Metatron22 ($4.89 in chips) 
Seat 4: Dorex2007 ($5 in chips) 
Seat 6: Konosuke1995 ($5 in chips) 
Seat 7: features86 ($21.93 in chips) 
Seat 8: abobora71 ($13.32 in chips) 
Seat 9: destroynl ($5.05 in chips) 
Almanza63: posts small blind $0.02
gmitoi: posts big blind $0.05
cubicroot: sits out 
Konosuke1995: posts big blind $0.05
*** HOLE CARDS ***
Dealt to Dorex2007 [2s 9s]
Metatron22: calls $0.05
Dorex2007: folds 
Konosuke1995: checks 
features86: folds 
abobora71: folds 
destroynl: folds 
Almanza63: calls $0.03
gmitoi: raises $0.30 to $0.35
Metatron22: calls $0.30
Konosuke1995: folds 
Almanza63: folds 
*** FLOP *** [2d 5s Jd]
gmitoi: bets $0.40
Metatron22: raises $4.14 to $4.54 and is all-in
gmitoi has timed out
gmitoi: folds 
Uncalled bet ($4.14) returned to Metatron22
Metatron22 collected $1.51 from pot
*** SUMMARY ***
Total pot $1.60 | Rake $0.09 
Board [2d 5s Jd]
Seat 1: Almanza63 (small blind) folded before Flop
Seat 2: gmitoi (big blind) folded on the Flop
Seat 3: Metatron22 collected ($1.51)
Seat 4: Dorex2007 folded before Flop (didn't bet)
Seat 6: Konosuke1995 folded before Flop (didn't bet)
Seat 7: features86 folded before Flop (didn't bet)
Seat 8: abobora71 folded before Flop (didn't bet)
Seat 9: destroynl (button) folded before Flop (didn't bet)



PokerStars Hand #237571274017:  Hold'em No Limit ($0.02/$0.05 USD) - 2022/07/24 22:25:16 PT [2022/07/25 1:25:16 ET]
Table 'Walbeck' 9-max Seat #1 is the button
Seat 1: Almanza63 ($6.38 in chips) 
Seat 2: gmitoi ($5 in chips) 
Seat 3: Metatron22 ($5.65 in chips) 
Seat 4: Dorex2007 ($5 in chips) 
Seat 6: Konosuke1995 ($4.95 in chips) 
Seat 7: features86 ($21.93 in chips) 
Seat 8: abobora71 ($13.32 in chips) 
Seat 9: destroynl ($5.05 in chips) 
gmitoi: posts small blind $0.02
Metatron22: posts big blind $0.05
cubicroot: sits out 
*** HOLE CARDS ***
Dealt to Dorex2007 [2s Qd]
Dorex2007: folds 
Konosuke1995: folds 
features86: folds 
abobora71: folds 
destroynl: raises $0.10 to $0.15
Almanza63: folds 
gmitoi: folds 
Metatron22: calls $0.10
*** FLOP *** [Th Qh Ac]
Metatron22: checks 
destroynl: bets $0.20
Metatron22: folds 
Uncalled bet ($0.20) returned to destroynl
destroynl collected $0.31 from pot
*** SUMMARY ***
Total pot $0.32 | Rake $0.01 
Board [Th Qh Ac]
Seat 1: Almanza63 (button) folded before Flop (didn't bet)
Seat 2: gmitoi (small blind) folded before Flop
Seat 3: Metatron22 (big blind) folded on the Flop
Seat 4: Dorex2007 folded before Flop (didn't bet)
Seat 6: Konosuke1995 folded before Flop (didn't bet)
Seat 7: features86 folded before Flop (didn't bet)
Seat 8: abobora71 folded before Flop (didn't bet)
Seat 9: destroynl collected ($0.31)



PokerStars Hand #237571278738:  Hold'em No Limit ($0.02/$0.05 USD) - 2022/07/24 22:26:03 PT [2022/07/25 1:26:03 ET]
Table 'Walbeck' 9-max Seat #2 is the button
Seat 1: Almanza63 ($6.38 in chips) 
Seat 2: gmitoi ($5 in chips) 
Seat 3: Metatron22 ($5.50 in chips) 
Seat 4: Dorex2007 ($5 in chips) 
Seat 6: Konosuke1995 ($4.95 in chips) 
Seat 7: features86 ($21.93 in chips) 
Seat 8: abobora71 ($13.32 in chips) 
Seat 9: destroynl ($5.21 in chips) 
Metatron22: posts small blind $0.02
Dorex2007: posts big blind $0.05
cubicroot: sits out 
*** HOLE CARDS ***
Dealt to Dorex2007 [3d 9h]
Konosuke1995: folds 
features86: folds 
abobora71: folds 
destroynl: folds 
Almanza63: folds 
gmitoi: folds 
Metatron22: raises $0.10 to $0.15
Dorex2007: folds 
Uncalled bet ($0.10) returned to Metatron22
Metatron22 collected $0.10 from pot
*** SUMMARY ***
Total pot $0.10 | Rake $0 
Seat 1: Almanza63 folded before Flop (didn't bet)
Seat 2: gmitoi (button) folded before Flop (didn't bet)
Seat 3: Metatron22 (small blind) collected ($0.10)
Seat 4: Dorex2007 (big blind) folded before Flop
Seat 6: Konosuke1995 folded before Flop (didn't bet)
Seat 7: features86 folded before Flop (didn't bet)
Seat 8: abobora71 folded before Flop (didn't bet)
Seat 9: destroynl folded before Flop (didn't bet)



PokerStars Hand #237571280545:  Hold'em No Limit ($0.02/$0.05 USD) - 2022/07/24 22:26:21 PT [2022/07/25 1:26:21 ET]
Table 'Walbeck' 9-max Seat #3 is the button
Seat 1: Almanza63 ($6.38 in chips) 
Seat 2: gmitoi ($5 in chips) 
Seat 3: Metatron22 ($5.55 in chips) 
Seat 4: Dorex2007 ($5 in chips) 
Seat 5: cubicroot ($5 in chips) 
Seat 6: Konosuke1995 ($4.95 in chips) 
Seat 7: features86 ($21.93 in chips) 
Seat 8: abobora71 ($13.32 in chips) 
Seat 9: destroynl ($5.21 in chips) 
Dorex2007: posts small blind $0.02
cubicroot: posts big blind $0.05
*** HOLE CARDS ***
Dealt to Dorex2007 [Td Th]
Konosuke1995: folds 
features86: folds 
abobora71: folds 
destroynl: raises $0.10 to $0.15
Almanza63: folds 
gmitoi: folds 
Metatron22: raises $0.77 to $0.92
Dorex2007: folds 
cubicroot: folds 
destroynl: folds 
Uncalled bet ($0.77) returned to Metatron22
Metatron22 collected $0.37 from pot
*** SUMMARY ***
Total pot $0.37 | Rake $0 
Seat 1: Almanza63 folded before Flop (didn't bet)
Seat 2: gmitoi folded before Flop (didn't bet)
Seat 3: Metatron22 (button) collected ($0.37)
Seat 4: Dorex2007 (small blind) folded before Flop
Seat 5: cubicroot (big blind) folded before Flop
Seat 6: Konosuke1995 folded before Flop (didn't bet)
Seat 7: features86 folded before Flop (didn't bet)
Seat 8: abobora71 folded before Flop (didn't bet)
Seat 9: destroynl folded before Flop



PokerStars Hand #237571284951:  Hold'em No Limit ($0.02/$0.05 USD) - 2022/07/24 22:27:04 PT [2022/07/25 1:27:04 ET]
Table 'Walbeck' 9-max Seat #4 is the button
Seat 1: Almanza63 ($6.38 in chips) 
Seat 2: gmitoi ($5 in chips) 
Seat 3: Metatron22 ($5.77 in chips) 
Seat 4: Dorex2007 ($5 in chips) 
Seat 5: cubicroot ($4.95 in chips) 
Seat 6: Konosuke1995 ($4.95 in chips) 
Seat 7: features86 ($21.93 in chips) 
Seat 8: abobora71 ($13.32 in chips) 
Seat 9: destroynl ($5.06 in chips) 
cubicroot: posts small blind $0.02
Konosuke1995: posts big blind $0.05
*** HOLE CARDS ***
Dealt to Dorex2007 [9d 3c]
features86: folds 
abobora71: folds 
destroynl: folds 
Almanza63: folds 
gmitoi: raises $0.10 to $0.15
Metatron22: calls $0.15
Dorex2007: folds 
cubicroot: folds 
Konosuke1995: folds 
*** FLOP *** [Kh 5d 9c]
gmitoi: bets $0.17
Metatron22: calls $0.17
*** TURN *** [Kh 5d 9c] [2d]
gmitoi: bets $0.45
Metatron22: calls $0.45
*** RIVER *** [Kh 5d 9c 2d] [6c]
gmitoi: checks 
Metatron22: checks 
*** SHOW DOWN ***
gmitoi: shows [Tc 8c] (high card King)
Metatron22: shows [3s Ks] (a pair of Kings)
Metatron22 collected $1.52 from pot
*** SUMMARY ***
Total pot $1.61 | Rake $0.09 
Board [Kh 5d 9c 2d 6c]
Seat 1: Almanza63 folded before Flop (didn't bet)
Seat 2: gmitoi showed [Tc 8c] and lost with high card King
Seat 3: Metatron22 showed [3s Ks] and won ($1.52) with a pair of Kings
Seat 4: Dorex2007 (button) folded before Flop (didn't bet)
Seat 5: cubicroot (small blind) folded before Flop
Seat 6: Konosuke1995 (big blind) folded before Flop
Seat 7: features86 folded before Flop (didn't bet)
Seat 8: abobora71 folded before Flop (didn't bet)
Seat 9: destroynl folded before Flop (didn't bet)



PokerStars Hand #237571296199:  Hold'em No Limit ($0.02/$0.05 USD) - 2022/07/24 22:28:09 PT [2022/07/25 1:28:09 ET]
Table 'Walbeck' 9-max Seat #5 is the button
Seat 1: Almanza63 ($6.38 in chips) 
Seat 2: gmitoi ($5 in chips) 
Seat 3: Metatron22 ($6.52 in chips) 
Seat 4: Dorex2007 ($5 in chips) 
Seat 5: cubicroot ($4.93 in chips) 
Seat 6: Konosuke1995 ($4.90 in chips) 
Seat 7: features86 ($21.93 in chips) 
Seat 8: abobora71 ($13.32 in chips) 
Seat 9: destroynl ($5.06 in chips) 
Konosuke1995: posts small blind $0.02
features86: posts big blind $0.05
*** HOLE CARDS ***
Dealt to Dorex2007 [2d 3d]
abobora71: folds 
destroynl: raises $0.10 to $0.15
Almanza63: folds 
gmitoi: folds 
Metatron22: raises $0.47 to $0.62
Dorex2007: folds 
cubicroot: folds 
Konosuke1995: folds 
features86: folds 
destroynl: folds 
Uncalled bet ($0.47) returned to Metatron22
Metatron22 collected $0.37 from pot
*** SUMMARY ***
Total pot $0.37 | Rake $0 
Seat 1: Almanza63 folded before Flop (didn't bet)
Seat 2: gmitoi folded before Flop (didn't bet)
Seat 3: Metatron22 collected ($0.37)
Seat 4: Dorex2007 folded before Flop (didn't bet)
Seat 5: cubicroot (button) folded before Flop (didn't bet)
Seat 6: Konosuke1995 (small blind) folded before Flop
Seat 7: features86 (big blind) folded before Flop
Seat 8: abobora71 folded before Flop (didn't bet)
Seat 9: destroynl folded before Flop



PokerStars Hand #237571299536:  Hold'em No Limit ($0.02/$0.05 USD) - 2022/07/24 22:28:41 PT [2022/07/25 1:28:41 ET]
Table 'Walbeck' 9-max Seat #6 is the button
Seat 1: Almanza63 ($6.38 in chips) 
Seat 2: gmitoi ($5 in chips) 
Seat 3: Metatron22 ($6.74 in chips) 
Seat 4: Dorex2007 ($5 in chips) 
Seat 5: cubicroot ($4.93 in chips) 
Seat 6: Konosuke1995 ($4.88 in chips) 
Seat 7: features86 ($21.88 in chips) 
Seat 8: abobora71 ($13.32 in chips) 
Seat 9: destroynl ($5 in chips) 
features86: posts small blind $0.02
abobora71: posts big blind $0.05
*** HOLE CARDS ***
Dealt to Dorex2007 [9h 7s]
destroynl has timed out
destroynl: folds 
Almanza63: folds 
gmitoi: folds 
Metatron22: folds 
Dorex2007: folds 
cubicroot: folds 
Konosuke1995: raises $0.10 to $0.15
features86: folds 
abobora71: folds 
Uncalled bet ($0.10) returned to Konosuke1995
Konosuke1995 collected $0.12 from pot
*** SUMMARY ***
Total pot $0.12 | Rake $0 
Seat 1: Almanza63 folded before Flop (didn't bet)
Seat 2: gmitoi folded before Flop (didn't bet)
Seat 3: Metatron22 folded before Flop (didn't bet)
Seat 4: Dorex2007 folded before Flop (didn't bet)
Seat 5: cubicroot folded before Flop (didn't bet)
Seat 6: Konosuke1995 (button) collected ($0.12)
Seat 7: features86 (small blind) folded before Flop
Seat 8: abobora71 (big blind) folded before Flop
Seat 9: destroynl folded before Flop (didn't bet)



PokerStars Hand #237571303902:  Hold'em No Limit ($0.02/$0.05 USD) - 2022/07/24 22:29:25 PT [2022/07/25 1:29:25 ET]
Table 'Walbeck' 9-max Seat #7 is the button
Seat 1: Almanza63 ($6.38 in chips) 
Seat 2: gmitoi ($5 in chips) 
Seat 3: Metatron22 ($6.74 in chips) 
Seat 4: Dorex2007 ($5 in chips) 
Seat 5: cubicroot ($4.93 in chips) 
Seat 6: Konosuke1995 ($4.95 in chips) 
Seat 7: features86 ($21.86 in chips) 
Seat 8: abobora71 ($13.27 in chips) 
Seat 9: destroynl ($5 in chips) 
abobora71: posts small blind $0.02
destroynl: posts big blind $0.05
*** HOLE CARDS ***
Dealt to Dorex2007 [9c Qd]
Almanza63: folds 
gmitoi: folds 
Metatron22: raises $0.05 to $0.10
Dorex2007: folds 
cubicroot: folds 
Konosuke1995: folds 
features86: folds 
abobora71: folds 
destroynl: calls $0.05
*** FLOP *** [4c 8c 2h]
destroynl: checks 
Metatron22: bets $0.21
destroynl: folds 
Uncalled bet ($0.21) returned to Metatron22
Metatron22 collected $0.21 from pot
*** SUMMARY ***
Total pot $0.22 | Rake $0.01 
Board [4c 8c 2h]
Seat 1: Almanza63 folded before Flop (didn't bet)
Seat 2: gmitoi folded before Flop (didn't bet)
Seat 3: Metatron22 collected ($0.21)
Seat 4: Dorex2007 folded before Flop (didn't bet)
Seat 5: cubicroot folded before Flop (didn't bet)
Seat 6: Konosuke1995 folded before Flop (didn't bet)
Seat 7: features86 (button) folded before Flop (didn't bet)
Seat 8: abobora71 (small blind) folded before Flop
Seat 9: destroynl (big blind) folded on the Flop



PokerStars Hand #237571308359:  Hold'em No Limit ($0.02/$0.05 USD) - 2022/07/24 22:30:09 PT [2022/07/25 1:30:09 ET]
Table 'Walbeck' 9-max Seat #8 is the button
Seat 1: Almanza63 ($6.38 in chips) 
Seat 2: gmitoi ($5 in chips) 
Seat 3: Metatron22 ($6.85 in chips) 
Seat 4: Dorex2007 ($5 in chips) 
Seat 5: cubicroot ($4.93 in chips) 
Seat 6: Konosuke1995 ($4.95 in chips) 
Seat 7: features86 ($21.86 in chips) 
Seat 8: abobora71 ($13.25 in chips) 
Seat 9: destroynl ($5 in chips) 
destroynl: posts small blind $0.02
Almanza63: posts big blind $0.05
*** HOLE CARDS ***
Dealt to Dorex2007 [9s Kh]
gmitoi: folds 
Metatron22: folds 
Dorex2007: folds 
cubicroot: folds 
Konosuke1995: folds 
features86: folds 
abobora71: folds 
destroynl: raises $0.10 to $0.15
Almanza63: calls $0.10
*** FLOP *** [Td Th 7s]
destroynl: checks 
Almanza63: bets $0.29
destroynl: folds 
Uncalled bet ($0.29) returned to Almanza63
Almanza63 collected $0.29 from pot
*** SUMMARY ***
Total pot $0.30 | Rake $0.01 
Board [Td Th 7s]
Seat 1: Almanza63 (big blind) collected ($0.29)
Seat 2: gmitoi folded before Flop (didn't bet)
Seat 3: Metatron22 folded before Flop (didn't bet)
Seat 4: Dorex2007 folded before Flop (didn't bet)
Seat 5: cubicroot folded before Flop (didn't bet)
Seat 6: Konosuke1995 folded before Flop (didn't bet)
Seat 7: features86 folded before Flop (didn't bet)
Seat 8: abobora71 (button) folded before Flop (didn't bet)
Seat 9: destroynl (small blind) folded on the Flop



PokerStars Hand #237571311535:  Hold'em No Limit ($0.02/$0.05 USD) - 2022/07/24 22:30:40 PT [2022/07/25 1:30:40 ET]
Table 'Walbeck' 9-max Seat #9 is the button
Seat 1: Almanza63 ($6.52 in chips) 
Seat 2: gmitoi ($5 in chips) 
Seat 3: Metatron22 ($6.85 in chips) 
Seat 4: Dorex2007 ($5 in chips) 
Seat 5: cubicroot ($4.93 in chips) 
Seat 6: Konosuke1995 ($4.95 in chips) 
Seat 7: features86 ($21.86 in chips) 
Seat 8: abobora71 ($13.25 in chips) 
Seat 9: destroynl ($5 in chips) 
Almanza63: posts small blind $0.02
gmitoi: posts big blind $0.05
*** HOLE CARDS ***
Dealt to Dorex2007 [Qs Qd]
Metatron22: raises $0.05 to $0.10
Dorex2007: raises $0.10 to $0.20
cubicroot: folds 
Konosuke1995: folds 
features86: folds 
abobora71: folds 
destroynl: folds 
Almanza63: folds 
gmitoi: folds 
Metatron22: calls $0.10
*** FLOP *** [Qh 8h 4d]
Metatron22: checks 
Dorex2007: bets $0.22
Metatron22: calls $0.22
*** TURN *** [Qh 8h 4d] [5c]
Metatron22: checks 
Dorex2007: bets $0.43
Metatron22: calls $0.43
*** RIVER *** [Qh 8h 4d 5c] [3s]
Metatron22: checks 
Dorex2007: bets $0.85
Metatron22: folds 
Uncalled bet ($0.85) returned to Dorex2007
Dorex2007 collected $1.70 from pot
*** SUMMARY ***
Total pot $1.77 | Rake $0.07 
Board [Qh 8h 4d 5c 3s]
Seat 1: Almanza63 (small blind) folded before Flop
Seat 2: gmitoi (big blind) folded before Flop
Seat 3: Metatron22 folded on the River
Seat 4: Dorex2007 collected ($1.70)
Seat 5: cubicroot folded before Flop (didn't bet)
Seat 6: Konosuke1995 folded before Flop (didn't bet)
Seat 7: features86 folded before Flop (didn't bet)
Seat 8: abobora71 folded before Flop (didn't bet)
Seat 9: destroynl (button) folded before Flop (didn't bet)



PokerStars Hand #237571318210:  Hold'em No Limit ($0.02/$0.05 USD) - 2022/07/24 22:31:45 PT [2022/07/25 1:31:45 ET]
Table 'Walbeck' 9-max Seat #1 is the button
Seat 1: Almanza63 ($6.50 in chips) 
Seat 2: gmitoi ($5 in chips) 
Seat 3: Metatron22 ($6 in chips) 
Seat 4: Dorex2007 ($5.85 in chips) 
Seat 5: cubicroot ($4.93 in chips) 
Seat 6: Konosuke1995 ($4.95 in chips) 
Seat 7: features86 ($21.86 in chips) 
Seat 8: abobora71 ($13.25 in chips) 
Seat 9: destroynl ($5 in chips) 
gmitoi: posts small blind $0.02
Metatron22: posts big blind $0.05
*** HOLE CARDS ***
Dealt to Dorex2007 [Jd 7d]
Dorex2007: folds 
cubicroot: folds 
Konosuke1995: raises $0.10 to $0.15
features86: folds 
abobora71: folds 
destroynl: raises $0.37 to $0.52
Almanza63: folds 
gmitoi: folds 
Metatron22: folds 
Konosuke1995: calls $0.37
*** FLOP *** [Ad 2s 5h]
Konosuke1995: checks 
destroynl: checks 
*** TURN *** [Ad 2s 5h] [3h]
Konosuke1995: bets $0.53
destroynl: calls $0.53
*** RIVER *** [Ad 2s 5h 3h] [4s]
Konosuke1995: bets $3.90 and is all-in
destroynl: folds 
Uncalled bet ($3.90) returned to Konosuke1995
Konosuke1995 collected $2.08 from pot
*** SUMMARY ***
Total pot $2.17 | Rake $0.09 
Board [Ad 2s 5h 3h 4s]
Seat 1: Almanza63 (button) folded before Flop (didn't bet)
Seat 2: gmitoi (small blind) folded before Flop
Seat 3: Metatron22 (big blind) folded before Flop
Seat 4: Dorex2007 folded before Flop (didn't bet)
Seat 5: cubicroot folded before Flop (didn't bet)
Seat 6: Konosuke1995 collected ($2.08)
Seat 7: features86 folded before Flop (didn't bet)
Seat 8: abobora71 folded before Flop (didn't bet)
Seat 9: destroynl folded on the River



PokerStars Hand #237571327443:  Hold'em No Limit ($0.02/$0.05 USD) - 2022/07/24 22:33:14 PT [2022/07/25 1:33:14 ET]
Table 'Walbeck' 9-max Seat #2 is the button
Seat 1: Almanza63 ($6.50 in chips) 
Seat 2: gmitoi ($5 in chips) 
Seat 3: Metatron22 ($5.95 in chips) 
Seat 4: Dorex2007 ($5.85 in chips) 
Seat 5: cubicroot ($4.93 in chips) 
Seat 6: Konosuke1995 ($5.98 in chips) 
Seat 7: features86 ($21.86 in chips) 
Seat 8: abobora71 ($13.25 in chips) 
Seat 9: destroynl ($5 in chips) 
Metatron22: posts small blind $0.02
Dorex2007: posts big blind $0.05
*** HOLE CARDS ***
Dealt to Dorex2007 [Qh 9c]
cubicroot: folds 
Konosuke1995: folds 
features86: folds 
abobora71: folds 
destroynl: folds 
Almanza63: folds 
gmitoi: folds 
Metatron22: raises $0.10 to $0.15
Dorex2007: folds 
Uncalled bet ($0.10) returned to Metatron22
Metatron22 collected $0.10 from pot
*** SUMMARY ***
Total pot $0.10 | Rake $0 
Seat 1: Almanza63 folded before Flop (didn't bet)
Seat 2: gmitoi (button) folded before Flop (didn't bet)
Seat 3: Metatron22 (small blind) collected ($0.10)
Seat 4: Dorex2007 (big blind) folded before Flop
Seat 5: cubicroot folded before Flop (didn't bet)
Seat 6: Konosuke1995 folded before Flop (didn't bet)
Seat 7: features86 folded before Flop (didn't bet)
Seat 8: abobora71 folded before Flop (didn't bet)
Seat 9: destroynl folded before Flop (didn't bet)



PokerStars Hand #237571331157:  Hold'em No Limit ($0.02/$0.05 USD) - 2022/07/24 22:33:50 PT [2022/07/25 1:33:50 ET]
Table 'Walbeck' 9-max Seat #3 is the button
Seat 1: Almanza63 ($6.50 in chips) 
Seat 2: gmitoi ($5 in chips) 
Seat 3: Metatron22 ($6 in chips) 
Seat 4: Dorex2007 ($5.80 in chips) 
Seat 6: Konosuke1995 ($5.98 in chips) 
Seat 7: features86 ($21.86 in chips) 
Seat 8: abobora71 ($13.25 in chips) 
Seat 9: destroynl ($5 in chips) 
Dorex2007: posts small blind $0.02
cubicroot: is sitting out 
Konosuke1995: posts big blind $0.05
*** HOLE CARDS ***
Dealt to Dorex2007 [9d 6s]
features86: folds 
abobora71: folds 
destroynl: folds 
Almanza63: folds 
gmitoi: raises $0.10 to $0.15
Metatron22: calls $0.15
Dorex2007: folds 
Konosuke1995: folds 
*** FLOP *** [3h Td Kc]
gmitoi: bets $0.25
Metatron22: folds 
Uncalled bet ($0.25) returned to gmitoi
gmitoi collected $0.35 from pot
*** SUMMARY ***
Total pot $0.37 | Rake $0.02 
Board [3h Td Kc]
Seat 1: Almanza63 folded before Flop (didn't bet)
Seat 2: gmitoi collected ($0.35)
Seat 3: Metatron22 (button) folded on the Flop
Seat 4: Dorex2007 (small blind) folded before Flop
Seat 6: Konosuke1995 (big blind) folded before Flop
Seat 7: features86 folded before Flop (didn't bet)
Seat 8: abobora71 folded before Flop (didn't bet)
Seat 9: destroynl folded before Flop (didn't bet)



PokerStars Hand #237571334741:  Hold'em No Limit ($0.02/$0.05 USD) - 2022/07/24 22:34:25 PT [2022/07/25 1:34:25 ET]
Table 'Walbeck' 9-max Seat #4 is the button
Seat 1: Almanza63 ($6.50 in chips) 
Seat 2: gmitoi ($5.20 in chips) 
Seat 3: Metatron22 ($5.85 in chips) 
Seat 4: Dorex2007 ($5.78 in chips) 
Seat 6: Konosuke1995 ($5.93 in chips) 
Seat 7: features86 ($21.86 in chips) 
Seat 8: abobora71 ($13.25 in chips) 
Seat 9: destroynl ($5 in chips) 
Konosuke1995: posts small blind $0.02
features86: posts big blind $0.05
*** HOLE CARDS ***
Dealt to Dorex2007 [7d 9c]
abobora71: folds 
destroynl: raises $0.10 to $0.15
Almanza63: calls $0.15
gmitoi: folds 
Metatron22: folds 
Dorex2007: folds 
Konosuke1995: folds 
features86: raises $0.53 to $0.68
destroynl: folds 
Almanza63: calls $0.53
*** FLOP *** [Ts 3c 3s]
features86: bets $0.98
Almanza63: folds 
Uncalled bet ($0.98) returned to features86
features86 collected $1.47 from pot
*** SUMMARY ***
Total pot $1.53 | Rake $0.06 
Board [Ts 3c 3s]
Seat 1: Almanza63 folded on the Flop
Seat 2: gmitoi folded before Flop (didn't bet)
Seat 3: Metatron22 folded before Flop (didn't bet)
Seat 4: Dorex2007 (button) folded before Flop (didn't bet)
Seat 6: Konosuke1995 (small blind) folded before Flop
Seat 7: features86 (big blind) collected ($1.47)
Seat 8: abobora71 folded before Flop (didn't bet)
Seat 9: destroynl folded before Flop



PokerStars Hand #237571341267:  Hold'em No Limit ($0.02/$0.05 USD) - 2022/07/24 22:35:27 PT [2022/07/25 1:35:27 ET]
Table 'Walbeck' 9-max Seat #6 is the button
Seat 1: Almanza63 ($5.82 in chips) 
Seat 2: gmitoi ($5.20 in chips) 
Seat 3: Metatron22 ($5.85 in chips) 
Seat 4: Dorex2007 ($5.78 in chips) 
Seat 6: Konosuke1995 ($5.91 in chips) 
Seat 7: features86 ($22.65 in chips) 
Seat 8: abobora71 ($13.25 in chips) 
Seat 9: destroynl ($5 in chips) 
features86: posts small blind $0.02
abobora71: posts big blind $0.05
*** HOLE CARDS ***
Dealt to Dorex2007 [9h 4c]
destroynl: folds 
Almanza63: folds 
gmitoi: folds 
Metatron22: raises $0.10 to $0.15
Dorex2007: folds 
Konosuke1995: folds 
features86: folds 
abobora71: calls $0.10
*** FLOP *** [8h 2d As]
abobora71: checks 
Metatron22: bets $0.31
abobora71: folds 
Uncalled bet ($0.31) returned to Metatron22
Metatron22 collected $0.31 from pot
*** SUMMARY ***
Total pot $0.32 | Rake $0.01 
Board [8h 2d As]
Seat 1: Almanza63 folded before Flop (didn't bet)
Seat 2: gmitoi folded before Flop (didn't bet)
Seat 3: Metatron22 collected ($0.31)
Seat 4: Dorex2007 folded before Flop (didn't bet)
Seat 6: Konosuke1995 (button) folded before Flop (didn't bet)
Seat 7: features86 (small blind) folded before Flop
Seat 8: abobora71 (big blind) folded on the Flop
Seat 9: destroynl folded before Flop (didn't bet)



PokerStars Hand #237571344534:  Hold'em No Limit ($0.02/$0.05 USD) - 2022/07/24 22:35:58 PT [2022/07/25 1:35:58 ET]
Table 'Walbeck' 9-max Seat #7 is the button
Seat 1: Almanza63 ($5.82 in chips) 
Seat 2: gmitoi ($5.20 in chips) 
Seat 3: Metatron22 ($6.01 in chips) 
Seat 4: Dorex2007 ($5.78 in chips) 
Seat 6: Konosuke1995 ($5.91 in chips) 
Seat 7: features86 ($22.63 in chips) 
Seat 8: abobora71 ($13.10 in chips) 
Seat 9: destroynl ($5 in chips) 
abobora71: posts small blind $0.02
destroynl: posts big blind $0.05
*** HOLE CARDS ***
Dealt to Dorex2007 [2h 4s]
Almanza63: folds 
gmitoi: folds 
Metatron22: raises $0.10 to $0.15
Dorex2007: folds 
Konosuke1995: folds 
features86: calls $0.15
abobora71: folds 
destroynl: folds 
*** FLOP *** [5h 9d 2c]
Metatron22: checks 
features86: bets $0.20
Metatron22: calls $0.20
*** TURN *** [5h 9d 2c] [8c]
Metatron22: checks 
features86: bets $0.40
Metatron22: folds 
Uncalled bet ($0.40) returned to features86
features86 collected $0.74 from pot
*** SUMMARY ***
Total pot $0.77 | Rake $0.03 
Board [5h 9d 2c 8c]
Seat 1: Almanza63 folded before Flop (didn't bet)
Seat 2: gmitoi folded before Flop (didn't bet)
Seat 3: Metatron22 folded on the Turn
Seat 4: Dorex2007 folded before Flop (didn't bet)
Seat 6: Konosuke1995 folded before Flop (didn't bet)
Seat 7: features86 (button) collected ($0.74)
Seat 8: abobora71 (small blind) folded before Flop
Seat 9: destroynl (big blind) folded before Flop



PokerStars Hand #237571350812:  Hold'em No Limit ($0.02/$0.05 USD) - 2022/07/24 22:36:59 PT [2022/07/25 1:36:59 ET]
Table 'Walbeck' 9-max Seat #8 is the button
Seat 1: Almanza63 ($5.82 in chips) 
Seat 2: gmitoi ($5.20 in chips) 
Seat 3: Metatron22 ($5.66 in chips) 
Seat 4: Dorex2007 ($5.78 in chips) 
Seat 6: Konosuke1995 ($5.91 in chips) 
Seat 7: features86 ($23.02 in chips) 
Seat 8: abobora71 ($13.08 in chips) 
Seat 9: destroynl ($5 in chips) 
destroynl: posts small blind $0.02
Almanza63: posts big blind $0.05
*** HOLE CARDS ***
Dealt to Dorex2007 [6d Kh]
gmitoi: folds 
Metatron22: raises $0.10 to $0.15
Dorex2007: folds 
Konosuke1995: folds 
features86: folds 
abobora71: folds 
destroynl: folds 
Almanza63: calls $0.10
*** FLOP *** [7s 4h 2d]
Almanza63: checks 
Metatron22: bets $0.10
Almanza63: calls $0.10
*** TURN *** [7s 4h 2d] [8h]
Almanza63: checks 
Metatron22: bets $0.50
Almanza63: folds 
Uncalled bet ($0.50) returned to Metatron22
Metatron22 collected $0.50 from pot
*** SUMMARY ***
Total pot $0.52 | Rake $0.02 
Board [7s 4h 2d 8h]
Seat 1: Almanza63 (big blind) folded on the Turn
Seat 2: gmitoi folded before Flop (didn't bet)
Seat 3: Metatron22 collected ($0.50)
Seat 4: Dorex2007 folded before Flop (didn't bet)
Seat 6: Konosuke1995 folded before Flop (didn't bet)
Seat 7: features86 folded before Flop (didn't bet)
Seat 8: abobora71 (button) folded before Flop (didn't bet)
Seat 9: destroynl (small blind) folded before Flop



PokerStars Hand #237571357166:  Hold'em No Limit ($0.02/$0.05 USD) - 2022/07/24 22:38:01 PT [2022/07/25 1:38:01 ET]
Table 'Walbeck' 9-max Seat #9 is the button
Seat 1: Almanza63 ($5.57 in chips) 
Seat 2: gmitoi ($5.20 in chips) 
Seat 3: Metatron22 ($5.91 in chips) 
Seat 4: Dorex2007 ($5.78 in chips) 
Seat 6: Konosuke1995 ($5.91 in chips) 
Seat 7: features86 ($23.02 in chips) 
Seat 8: abobora71 ($13.08 in chips) 
Seat 9: destroynl ($5 in chips) 
Almanza63: posts small blind $0.02
gmitoi: posts big blind $0.05
*** HOLE CARDS ***
Dealt to Dorex2007 [4c 2c]
Metatron22: raises $0.10 to $0.15
Dorex2007: folds 
Konosuke1995: folds 
features86: folds 
abobora71: folds 
destroynl: calls $0.15
Almanza63: folds 
gmitoi: folds 
*** FLOP *** [Jc Kd 6d]
Metatron22: bets $0.35
destroynl: calls $0.35
*** TURN *** [Jc Kd 6d] [8s]
Metatron22: checks 
destroynl: bets $0.60
Metatron22: folds 
Uncalled bet ($0.60) returned to destroynl
destroynl collected $1.03 from pot
*** SUMMARY ***
Total pot $1.07 | Rake $0.04 
Board [Jc Kd 6d 8s]
Seat 1: Almanza63 (small blind) folded before Flop
Seat 2: gmitoi (big blind) folded before Flop
Seat 3: Metatron22 folded on the Turn
Seat 4: Dorex2007 folded before Flop (didn't bet)
Seat 6: Konosuke1995 folded before Flop (didn't bet)
Seat 7: features86 folded before Flop (didn't bet)
Seat 8: abobora71 folded before Flop (didn't bet)
Seat 9: destroynl (button) collected ($1.03)



PokerStars Hand #237571361928:  Hold'em No Limit ($0.02/$0.05 USD) - 2022/07/24 22:38:46 PT [2022/07/25 1:38:46 ET]
Table 'Walbeck' 9-max Seat #1 is the button
Seat 1: Almanza63 ($5.55 in chips) 
Seat 2: gmitoi ($5.15 in chips) 
Seat 3: Metatron22 ($5.41 in chips) 
Seat 4: Dorex2007 ($5.78 in chips) 
Seat 6: Konosuke1995 ($5.91 in chips) 
Seat 7: features86 ($23.02 in chips) 
Seat 8: abobora71 ($13.08 in chips) 
Seat 9: destroynl ($5.53 in chips) 
gmitoi: posts small blind $0.02
Metatron22: posts big blind $0.05
*** HOLE CARDS ***
Dealt to Dorex2007 [Ks 6s]
Dorex2007: folds 
Konosuke1995: folds 
features86: folds 
abobora71: folds 
destroynl: raises $0.10 to $0.15
Almanza63: folds 
gmitoi: folds 
Metatron22: raises $0.32 to $0.47
destroynl: calls $0.32
*** FLOP *** [9d Jh 9h]
Metatron22: bets $0.92
destroynl: folds 
Uncalled bet ($0.92) returned to Metatron22
Metatron22 collected $0.91 from pot
*** SUMMARY ***
Total pot $0.96 | Rake $0.05 
Board [9d Jh 9h]
Seat 1: Almanza63 (button) folded before Flop (didn't bet)
Seat 2: gmitoi (small blind) folded before Flop
Seat 3: Metatron22 (big blind) collected ($0.91)
Seat 4: Dorex2007 folded before Flop (didn't bet)
Seat 6: Konosuke1995 folded before Flop (didn't bet)
Seat 7: features86 folded before Flop (didn't bet)
Seat 8: abobora71 folded before Flop (didn't bet)
Seat 9: destroynl folded on the Flop



PokerStars Hand #237571375059:  Hold'em No Limit ($0.02/$0.05 USD) - 2022/07/24 22:39:40 PT [2022/07/25 1:39:40 ET]
Table 'Walbeck' 9-max Seat #2 is the button
Seat 1: Almanza63 ($5.55 in chips) 
Seat 2: gmitoi ($5.13 in chips) 
Seat 3: Metatron22 ($5.85 in chips) 
Seat 4: Dorex2007 ($5.78 in chips) 
Seat 6: Konosuke1995 ($5.91 in chips) 
Seat 7: features86 ($23.02 in chips) 
Seat 8: abobora71 ($13.08 in chips) 
Seat 9: destroynl ($5.06 in chips) 
Metatron22: posts small blind $0.02
Dorex2007: posts big blind $0.05
*** HOLE CARDS ***
Dealt to Dorex2007 [2d Jd]
Konosuke1995: raises $0.10 to $0.15
features86: folds 
abobora71: calls $0.15
destroynl: folds 
Almanza63: folds 
gmitoi: calls $0.15
Metatron22: calls $0.13
Dorex2007: folds 
*** FLOP *** [6d 6h 5c]
Metatron22: checks 
Konosuke1995: checks 
abobora71: checks 
gmitoi: checks 
*** TURN *** [6d 6h 5c] [Qs]
Metatron22: checks 
Konosuke1995: checks 
abobora71: checks 
gmitoi: bets $0.31
Metatron22: folds 
Konosuke1995: folds 
abobora71: folds 
Uncalled bet ($0.31) returned to gmitoi
gmitoi collected $0.62 from pot
*** SUMMARY ***
Total pot $0.65 | Rake $0.03 
Board [6d 6h 5c Qs]
Seat 1: Almanza63 folded before Flop (didn't bet)
Seat 2: gmitoi (button) collected ($0.62)
Seat 3: Metatron22 (small blind) folded on the Turn
Seat 4: Dorex2007 (big blind) folded before Flop
Seat 6: Konosuke1995 folded on the Turn
Seat 7: features86 folded before Flop (didn't bet)
Seat 8: abobora71 folded on the Turn
Seat 9: destroynl folded before Flop (didn't bet)



PokerStars Hand #237571381619:  Hold'em No Limit ($0.02/$0.05 USD) - 2022/07/24 22:40:43 PT [2022/07/25 1:40:43 ET]
Table 'Walbeck' 9-max Seat #3 is the button
Seat 1: Almanza63 ($5.55 in chips) 
Seat 2: gmitoi ($5.60 in chips) 
Seat 3: Metatron22 ($5.70 in chips) 
Seat 4: Dorex2007 ($5.73 in chips) 
Seat 6: Konosuke1995 ($5.76 in chips) 
Seat 7: features86 ($23.02 in chips) 
Seat 8: abobora71 ($12.93 in chips) 
Seat 9: destroynl ($5.06 in chips) 
Dorex2007: posts small blind $0.02
Konosuke1995: posts big blind $0.05
*** HOLE CARDS ***
Dealt to Dorex2007 [8c As]
features86: folds 
abobora71: folds 
destroynl: folds 
Almanza63: folds 
gmitoi: folds 
Metatron22: raises $0.12 to $0.17
Dorex2007: folds 
Konosuke1995: folds 
Uncalled bet ($0.12) returned to Metatron22
Metatron22 collected $0.12 from pot
*** SUMMARY ***
Total pot $0.12 | Rake $0 
Seat 1: Almanza63 folded before Flop (didn't bet)
Seat 2: gmitoi folded before Flop (didn't bet)
Seat 3: Metatron22 (button) collected ($0.12)
Seat 4: Dorex2007 (small blind) folded before Flop
Seat 6: Konosuke1995 (big blind) folded before Flop
Seat 7: features86 folded before Flop (didn't bet)
Seat 8: abobora71 folded before Flop (didn't bet)
Seat 9: destroynl folded before Flop (didn't bet)



PokerStars Hand #237571383991:  Hold'em No Limit ($0.02/$0.05 USD) - 2022/07/24 22:41:05 PT [2022/07/25 1:41:05 ET]
Table 'Walbeck' 9-max Seat #4 is the button
Seat 1: Almanza63 ($5.55 in chips) 
Seat 2: gmitoi ($5.60 in chips) 
Seat 3: Metatron22 ($5.77 in chips) 
Seat 4: Dorex2007 ($5.71 in chips) 
Seat 6: Konosuke1995 ($5.71 in chips) 
Seat 7: features86 ($23.02 in chips) 
Seat 8: abobora71 ($12.93 in chips) 
Seat 9: destroynl ($5.06 in chips) 
Konosuke1995: posts small blind $0.02
features86: posts big blind $0.05
*** HOLE CARDS ***
Dealt to Dorex2007 [Js 8h]
abobora71: folds 
destroynl: folds 
Almanza63: folds 
gmitoi: folds 
Metatron22: folds 
Dorex2007: folds 
Konosuke1995: raises $0.10 to $0.15
features86: folds 
Uncalled bet ($0.10) returned to Konosuke1995
Konosuke1995 collected $0.10 from pot
*** SUMMARY ***
Total pot $0.10 | Rake $0 
Seat 1: Almanza63 folded before Flop (didn't bet)
Seat 2: gmitoi folded before Flop (didn't bet)
Seat 3: Metatron22 folded before Flop (didn't bet)
Seat 4: Dorex2007 (button) folded before Flop (didn't bet)
Seat 6: Konosuke1995 (small blind) collected ($0.10)
Seat 7: features86 (big blind) folded before Flop
Seat 8: abobora71 folded before Flop (didn't bet)
Seat 9: destroynl folded before Flop (didn't bet)



PokerStars Hand #237571386276:  Hold'em No Limit ($0.02/$0.05 USD) - 2022/07/24 22:41:27 PT [2022/07/25 1:41:27 ET]
Table 'Walbeck' 9-max Seat #6 is the button
Seat 1: Almanza63 ($5.55 in chips) 
Seat 2: gmitoi ($5.60 in chips) 
Seat 3: Metatron22 ($5.77 in chips) 
Seat 4: Dorex2007 ($5.71 in chips) 
Seat 6: Konosuke1995 ($5.76 in chips) 
Seat 7: features86 ($22.97 in chips) 
Seat 8: abobora71 ($12.93 in chips) 
Seat 9: destroynl ($5.06 in chips) 
features86: posts small blind $0.02
abobora71: posts big blind $0.05
*** HOLE CARDS ***
Dealt to Dorex2007 [As 6s]
destroynl: raises $0.10 to $0.15
Almanza63: folds 
gmitoi: folds 
Metatron22: calls $0.15
Dorex2007: folds 
Konosuke1995: folds 
features86: folds 
abobora71: folds 
*** FLOP *** [Ah 5c Ts]
destroynl: bets $0.20
Metatron22: folds 
Uncalled bet ($0.20) returned to destroynl
destroynl collected $0.35 from pot
*** SUMMARY ***
Total pot $0.37 | Rake $0.02 
Board [Ah 5c Ts]
Seat 1: Almanza63 folded before Flop (didn't bet)
Seat 2: gmitoi folded before Flop (didn't bet)
Seat 3: Metatron22 folded on the Flop
Seat 4: Dorex2007 folded before Flop (didn't bet)
Seat 6: Konosuke1995 (button) folded before Flop (didn't bet)
Seat 7: features86 (small blind) folded before Flop
Seat 8: abobora71 (big blind) folded before Flop
Seat 9: destroynl collected ($0.35)



