PokerStars Hand #238498096412:  Hold'em No Limit ($0.02/$0.05 USD) - 2022/09/08 11:00:58 PT [2022/09/08 14:00:58 ET]
Table 'Nerina' 9-max Seat #8 is the button
Seat 1: pokergon74 ($2.77 in chips) 
Seat 2: tati_tao1992 ($5.03 in chips) 
Seat 3: Kohinur186 ($15.90 in chips) 
Seat 4: BezDopinga ($3.13 in chips) 
Seat 5: Millers1234 ($6.68 in chips) 
Seat 6: Colt_BLR ($5.87 in chips) 
Seat 7: Dorex2007 ($5 in chips) 
Seat 8: meldrew71 ($7.25 in chips) 
Seat 9: absfcknglyntley ($5 in chips) 
absfcknglyntley: posts small blind $0.02
pokergon74: posts big blind $0.05
Dorex2007: posts big blind $0.05
*** HOLE CARDS ***
Dealt to Dorex2007 [6c 5s]
tati_tao1992: folds 
Kohinur186: raises $0.07 to $0.12
BezDopinga: folds 
Millers1234: folds 
Colt_BLR: folds 
Dorex2007: folds 
meldrew71: folds 
absfcknglyntley: folds 
pokergon74: calls $0.07
*** FLOP *** [5c Qh 8d]
pokergon74: checks 
Kohinur186: bets $0.10
pokergon74: folds 
Uncalled bet ($0.10) returned to Kohinur186
Kohinur186 collected $0.30 from pot
Kohinur186: doesn't show hand 
*** SUMMARY ***
Total pot $0.31 | Rake $0.01 
Board [5c Qh 8d]
Seat 1: pokergon74 (big blind) folded on the Flop
Seat 2: tati_tao1992 folded before Flop (didn't bet)
Seat 3: Kohinur186 collected ($0.30)
Seat 4: BezDopinga folded before Flop (didn't bet)
Seat 5: Millers1234 folded before Flop (didn't bet)
Seat 6: Colt_BLR folded before Flop (didn't bet)
Seat 7: Dorex2007 folded before Flop (didn't bet)
Seat 8: meldrew71 (button) folded before Flop (didn't bet)
Seat 9: absfcknglyntley (small blind) folded before Flop



PokerStars Hand #238498110138:  Hold'em No Limit ($0.02/$0.05 USD) - 2022/09/08 11:01:44 PT [2022/09/08 14:01:44 ET]
Table 'Nerina' 9-max Seat #9 is the button
Seat 1: pokergon74 ($2.65 in chips) 
Seat 2: tati_tao1992 ($5.03 in chips) 
Seat 3: Kohinur186 ($16.08 in chips) 
Seat 4: BezDopinga ($3.13 in chips) 
Seat 5: Millers1234 ($6.68 in chips) 
Seat 6: Colt_BLR ($5.87 in chips) 
Seat 7: Dorex2007 ($5 in chips) 
Seat 8: meldrew71 ($7.25 in chips) 
Seat 9: absfcknglyntley ($5 in chips) 
pokergon74: posts small blind $0.02
tati_tao1992: posts big blind $0.05
*** HOLE CARDS ***
Dealt to Dorex2007 [3d 4s]
Kohinur186: folds 
BezDopinga: raises $0.10 to $0.15
Millers1234: calls $0.15
Colt_BLR: folds 
Dorex2007: folds 
meldrew71: folds 
absfcknglyntley: raises $0.50 to $0.65
pokergon74: folds 
tati_tao1992: folds 
BezDopinga: folds 
Millers1234: folds 
Uncalled bet ($0.50) returned to absfcknglyntley
absfcknglyntley collected $0.52 from pot
absfcknglyntley: doesn't show hand 
*** SUMMARY ***
Total pot $0.52 | Rake $0 
Seat 1: pokergon74 (small blind) folded before Flop
Seat 2: tati_tao1992 (big blind) folded before Flop
Seat 3: Kohinur186 folded before Flop (didn't bet)
Seat 4: BezDopinga folded before Flop
Seat 5: Millers1234 folded before Flop
Seat 6: Colt_BLR folded before Flop (didn't bet)
Seat 7: Dorex2007 folded before Flop (didn't bet)
Seat 8: meldrew71 folded before Flop (didn't bet)
Seat 9: absfcknglyntley (button) collected ($0.52)



PokerStars Hand #238498125106:  Hold'em No Limit ($0.02/$0.05 USD) - 2022/09/08 11:02:27 PT [2022/09/08 14:02:27 ET]
Table 'Nerina' 9-max Seat #1 is the button
Seat 1: pokergon74 ($2.63 in chips) 
Seat 2: tati_tao1992 ($5 in chips) 
Seat 4: BezDopinga ($2.98 in chips) 
Seat 5: Millers1234 ($6.53 in chips) 
Seat 6: Colt_BLR ($5.87 in chips) 
Seat 7: Dorex2007 ($5 in chips) 
Seat 8: meldrew71 ($7.25 in chips) 
Seat 9: absfcknglyntley ($5.37 in chips) 
tati_tao1992: posts small blind $0.02
Kohinur186: is sitting out 
BezDopinga: posts big blind $0.05
*** HOLE CARDS ***
Dealt to Dorex2007 [5c Qd]
Kohinur186 leaves the table
Millers1234: folds 
Colt_BLR: folds 
Dorex2007: folds 
meldrew71: calls $0.05
absfcknglyntley: folds 
pokergon74: folds 
tati_tao1992: folds 
BezDopinga: raises $0.20 to $0.25
meldrew71: calls $0.20
*** FLOP *** [Tc Qc 5d]
BezDopinga: bets $0.50
meldrew71: folds 
Uncalled bet ($0.50) returned to BezDopinga
BezDopinga collected $0.50 from pot
BezDopinga: doesn't show hand 
*** SUMMARY ***
Total pot $0.52 | Rake $0.02 
Board [Tc Qc 5d]
Seat 1: pokergon74 (button) folded before Flop (didn't bet)
Seat 2: tati_tao1992 (small blind) folded before Flop
Seat 4: BezDopinga (big blind) collected ($0.50)
Seat 5: Millers1234 folded before Flop (didn't bet)
Seat 6: Colt_BLR folded before Flop (didn't bet)
Seat 7: Dorex2007 folded before Flop (didn't bet)
Seat 8: meldrew71 folded on the Flop
Seat 9: absfcknglyntley folded before Flop (didn't bet)



PokerStars Hand #238498137323:  Hold'em No Limit ($0.02/$0.05 USD) - 2022/09/08 11:03:02 PT [2022/09/08 14:03:02 ET]
Table 'Nerina' 9-max Seat #2 is the button
Seat 1: pokergon74 ($2.63 in chips) 
Seat 2: tati_tao1992 ($5 in chips) 
Seat 4: BezDopinga ($3.23 in chips) 
Seat 5: Millers1234 ($6.53 in chips) 
Seat 6: Colt_BLR ($5.87 in chips) 
Seat 7: Dorex2007 ($5 in chips) 
Seat 8: meldrew71 ($7 in chips) 
Seat 9: absfcknglyntley ($5.37 in chips) 
BezDopinga: posts small blind $0.02
Millers1234: posts big blind $0.05
*** HOLE CARDS ***
Dealt to Dorex2007 [5c 9s]
Colt_BLR: folds 
Dorex2007: folds 
meldrew71: calls $0.05
absfcknglyntley: folds 
lauraman joins the table at seat #3 
pokergon74 has timed out
pokergon74: folds 
tati_tao1992: raises $0.15 to $0.20
BezDopinga: folds 
Millers1234: calls $0.15
meldrew71: calls $0.15
*** FLOP *** [8c Jh Td]
Millers1234: checks 
meldrew71: bets $0.29
tati_tao1992: raises $0.66 to $0.95
Millers1234: folds 
meldrew71: folds 
Uncalled bet ($0.66) returned to tati_tao1992
tati_tao1992 collected $1.15 from pot
tati_tao1992: doesn't show hand 
*** SUMMARY ***
Total pot $1.20 | Rake $0.05 
Board [8c Jh Td]
Seat 1: pokergon74 folded before Flop (didn't bet)
Seat 2: tati_tao1992 (button) collected ($1.15)
Seat 4: BezDopinga (small blind) folded before Flop
Seat 5: Millers1234 (big blind) folded on the Flop
Seat 6: Colt_BLR folded before Flop (didn't bet)
Seat 7: Dorex2007 folded before Flop (didn't bet)
Seat 8: meldrew71 folded on the Flop
Seat 9: absfcknglyntley folded before Flop (didn't bet)



PokerStars Hand #238498161715:  Hold'em No Limit ($0.02/$0.05 USD) - 2022/09/08 11:04:09 PT [2022/09/08 14:04:09 ET]
Table 'Nerina' 9-max Seat #4 is the button
Seat 1: pokergon74 ($2.63 in chips) 
Seat 2: tati_tao1992 ($5.66 in chips) 
Seat 4: BezDopinga ($3.21 in chips) 
Seat 5: Millers1234 ($6.33 in chips) 
Seat 6: Colt_BLR ($5.87 in chips) 
Seat 7: Dorex2007 ($5 in chips) 
Seat 8: meldrew71 ($6.51 in chips) 
Seat 9: absfcknglyntley ($5.37 in chips) 
Millers1234: posts small blind $0.02
Colt_BLR: posts big blind $0.05
lauraman: sits out 
*** HOLE CARDS ***
Dealt to Dorex2007 [2h Ah]
Dorex2007: folds 
meldrew71: calls $0.05
absfcknglyntley: folds 
pokergon74 has timed out
pokergon74: folds 
tati_tao1992: folds 
BezDopinga: calls $0.05
Millers1234: folds 
Colt_BLR: checks 
*** FLOP *** [3s 5s 4h]
Colt_BLR: checks 
meldrew71: checks 
BezDopinga: checks 
*** TURN *** [3s 5s 4h] [As]
Colt_BLR: checks 
meldrew71: checks 
BezDopinga: checks 
*** RIVER *** [3s 5s 4h As] [4c]
Colt_BLR: checks 
meldrew71: bets $0.16
BezDopinga: folds 
Colt_BLR: folds 
Uncalled bet ($0.16) returned to meldrew71
meldrew71 collected $0.16 from pot
*** SUMMARY ***
Total pot $0.17 | Rake $0.01 
Board [3s 5s 4h As 4c]
Seat 1: pokergon74 folded before Flop (didn't bet)
Seat 2: tati_tao1992 folded before Flop (didn't bet)
Seat 4: BezDopinga (button) folded on the River
Seat 5: Millers1234 (small blind) folded before Flop
Seat 6: Colt_BLR (big blind) folded on the River
Seat 7: Dorex2007 folded before Flop (didn't bet)
Seat 8: meldrew71 collected ($0.16)
Seat 9: absfcknglyntley folded before Flop (didn't bet)



PokerStars Hand #238498188879:  Hold'em No Limit ($0.02/$0.05 USD) - 2022/09/08 11:05:24 PT [2022/09/08 14:05:24 ET]
Table 'Nerina' 9-max Seat #5 is the button
Seat 1: pokergon74 ($2.63 in chips) 
Seat 2: tati_tao1992 ($5.66 in chips) 
Seat 4: BezDopinga ($3.16 in chips) 
Seat 5: Millers1234 ($6.31 in chips) 
Seat 6: Colt_BLR ($5.82 in chips) 
Seat 7: Dorex2007 ($5 in chips) 
Seat 8: meldrew71 ($6.62 in chips) 
Seat 9: absfcknglyntley ($5.37 in chips) 
Colt_BLR: posts small blind $0.02
Dorex2007: posts big blind $0.05
lauraman: sits out 
*** HOLE CARDS ***
Dealt to Dorex2007 [2c 8h]
meldrew71: folds 
absfcknglyntley: folds 
pokergon74: calls $0.05
tati_tao1992: raises $0.15 to $0.20
BezDopinga: folds 
Millers1234: calls $0.20
Colt_BLR: folds 
Dorex2007: folds 
pokergon74: calls $0.15
*** FLOP *** [5h Kh Th]
pokergon74: bets $0.05
tati_tao1992: raises $0.19 to $0.24
Millers1234: folds 
pokergon74: calls $0.19
*** TURN *** [5h Kh Th] [Tc]
pokergon74: bets $0.05
tati_tao1992: calls $0.05
*** RIVER *** [5h Kh Th Tc] [2s]
pokergon74: bets $0.35
tati_tao1992: calls $0.35
*** SHOW DOWN ***
pokergon74: shows [Qd Kd] (two pair, Kings and Tens)
tati_tao1992: mucks hand 
pokergon74 collected $1.87 from pot
*** SUMMARY ***
Total pot $1.95 | Rake $0.08 
Board [5h Kh Th Tc 2s]
Seat 1: pokergon74 showed [Qd Kd] and won ($1.87) with two pair, Kings and Tens
Seat 2: tati_tao1992 mucked [Jh Jc]
Seat 4: BezDopinga folded before Flop (didn't bet)
Seat 5: Millers1234 (button) folded on the Flop
Seat 6: Colt_BLR (small blind) folded before Flop
Seat 7: Dorex2007 (big blind) folded before Flop
Seat 8: meldrew71 folded before Flop (didn't bet)
Seat 9: absfcknglyntley folded before Flop (didn't bet)



PokerStars Hand #238498209739:  Hold'em No Limit ($0.02/$0.05 USD) - 2022/09/08 11:06:21 PT [2022/09/08 14:06:21 ET]
Table 'Nerina' 9-max Seat #6 is the button
Seat 1: pokergon74 ($3.66 in chips) 
Seat 2: tati_tao1992 ($5 in chips) 
Seat 4: BezDopinga ($3.16 in chips) 
Seat 5: Millers1234 ($6.11 in chips) 
Seat 6: Colt_BLR ($5.80 in chips) 
Seat 7: Dorex2007 ($5 in chips) 
Seat 8: meldrew71 ($6.62 in chips) 
Seat 9: absfcknglyntley ($5.37 in chips) 
Dorex2007: posts small blind $0.02
meldrew71: posts big blind $0.05
lauraman: sits out 
*** HOLE CARDS ***
Dealt to Dorex2007 [Qc Kh]
absfcknglyntley: folds 
pokergon74: calls $0.05
tati_tao1992: raises $0.15 to $0.20
BezDopinga: folds 
Millers1234: folds 
Colt_BLR: folds 
Dorex2007: folds 
meldrew71: folds 
pokergon74: calls $0.15
*** FLOP *** [5c 3c 8c]
pokergon74: bets $0.05
tati_tao1992: raises $0.15 to $0.20
pokergon74: calls $0.15
*** TURN *** [5c 3c 8c] [8d]
pokergon74: bets $0.05
tati_tao1992: raises $0.33 to $0.38
pokergon74: folds 
Uncalled bet ($0.33) returned to tati_tao1992
tati_tao1992 collected $0.93 from pot
tati_tao1992: doesn't show hand 
*** SUMMARY ***
Total pot $0.97 | Rake $0.04 
Board [5c 3c 8c 8d]
Seat 1: pokergon74 folded on the Turn
Seat 2: tati_tao1992 collected ($0.93)
Seat 4: BezDopinga folded before Flop (didn't bet)
Seat 5: Millers1234 folded before Flop (didn't bet)
Seat 6: Colt_BLR (button) folded before Flop (didn't bet)
Seat 7: Dorex2007 (small blind) folded before Flop
Seat 8: meldrew71 (big blind) folded before Flop
Seat 9: absfcknglyntley folded before Flop (didn't bet)



PokerStars Hand #238498229676:  Hold'em No Limit ($0.02/$0.05 USD) - 2022/09/08 11:07:17 PT [2022/09/08 14:07:17 ET]
Table 'Nerina' 9-max Seat #7 is the button
Seat 1: pokergon74 ($3.21 in chips) 
Seat 2: tati_tao1992 ($5.48 in chips) 
Seat 4: BezDopinga ($3.16 in chips) 
Seat 5: Millers1234 ($6.11 in chips) 
Seat 6: Colt_BLR ($5.80 in chips) 
Seat 7: Dorex2007 ($5 in chips) 
Seat 8: meldrew71 ($6.57 in chips) 
Seat 9: absfcknglyntley ($5.37 in chips) 
meldrew71: posts small blind $0.02
absfcknglyntley: posts big blind $0.05
lauraman: sits out 
*** HOLE CARDS ***
Dealt to Dorex2007 [Tc 8s]
pokergon74: folds 
tati_tao1992: folds 
BezDopinga: folds 
Millers1234: raises $0.10 to $0.15
Colt_BLR: folds 
Dorex2007: folds 
meldrew71: folds 
absfcknglyntley: folds 
Uncalled bet ($0.10) returned to Millers1234
Millers1234 collected $0.12 from pot
*** SUMMARY ***
Total pot $0.12 | Rake $0 
Seat 1: pokergon74 folded before Flop (didn't bet)
Seat 2: tati_tao1992 folded before Flop (didn't bet)
Seat 4: BezDopinga folded before Flop (didn't bet)
Seat 5: Millers1234 collected ($0.12)
Seat 6: Colt_BLR folded before Flop (didn't bet)
Seat 7: Dorex2007 (button) folded before Flop (didn't bet)
Seat 8: meldrew71 (small blind) folded before Flop
Seat 9: absfcknglyntley (big blind) folded before Flop



PokerStars Hand #238498237135:  Hold'em No Limit ($0.02/$0.05 USD) - 2022/09/08 11:07:37 PT [2022/09/08 14:07:37 ET]
Table 'Nerina' 9-max Seat #8 is the button
Seat 1: pokergon74 ($3.21 in chips) 
Seat 2: tati_tao1992 ($5.48 in chips) 
Seat 4: BezDopinga ($3.16 in chips) 
Seat 5: Millers1234 ($6.18 in chips) 
Seat 6: Colt_BLR ($5.80 in chips) 
Seat 7: Dorex2007 ($5 in chips) 
Seat 8: meldrew71 ($6.55 in chips) 
Seat 9: absfcknglyntley ($5.32 in chips) 
absfcknglyntley: posts small blind $0.02
pokergon74: posts big blind $0.05
lauraman: sits out 
*** HOLE CARDS ***
Dealt to Dorex2007 [Qd Tc]
tati_tao1992: folds 
BezDopinga: folds 
Millers1234: raises $0.10 to $0.15
Colt_BLR: folds 
Dorex2007: folds 
meldrew71: folds 
absfcknglyntley: folds 
pokergon74: folds 
Uncalled bet ($0.10) returned to Millers1234
Millers1234 collected $0.12 from pot
*** SUMMARY ***
Total pot $0.12 | Rake $0 
Seat 1: pokergon74 (big blind) folded before Flop
Seat 2: tati_tao1992 folded before Flop (didn't bet)
Seat 4: BezDopinga folded before Flop (didn't bet)
Seat 5: Millers1234 collected ($0.12)
Seat 6: Colt_BLR folded before Flop (didn't bet)
Seat 7: Dorex2007 folded before Flop (didn't bet)
Seat 8: meldrew71 (button) folded before Flop (didn't bet)
Seat 9: absfcknglyntley (small blind) folded before Flop



PokerStars Hand #238498247771:  Hold'em No Limit ($0.02/$0.05 USD) - 2022/09/08 11:08:06 PT [2022/09/08 14:08:06 ET]
Table 'Nerina' 9-max Seat #9 is the button
Seat 1: pokergon74 ($3.16 in chips) 
Seat 2: tati_tao1992 ($5.48 in chips) 
Seat 4: BezDopinga ($3.16 in chips) 
Seat 5: Millers1234 ($6.25 in chips) 
Seat 6: Colt_BLR ($5.80 in chips) 
Seat 7: Dorex2007 ($5 in chips) 
Seat 8: meldrew71 ($6.55 in chips) 
Seat 9: absfcknglyntley ($5.30 in chips) 
pokergon74: posts small blind $0.02
tati_tao1992: posts big blind $0.05
lauraman: sits out 
*** HOLE CARDS ***
Dealt to Dorex2007 [4s 7s]
BezDopinga: folds 
Millers1234: raises $0.10 to $0.15
Colt_BLR: folds 
Dorex2007: folds 
meldrew71: calls $0.15
absfcknglyntley: folds 
pokergon74: folds 
tati_tao1992: folds 
*** FLOP *** [Js As 9s]
Millers1234: checks 
meldrew71: checks 
*** TURN *** [Js As 9s] [5h]
Millers1234: checks 
meldrew71: checks 
*** RIVER *** [Js As 9s 5h] [8d]
Millers1234: checks 
meldrew71: checks 
*** SHOW DOWN ***
Millers1234: shows [Kc Qc] (high card Ace)
meldrew71: shows [Kd 9c] (a pair of Nines)
meldrew71 collected $0.35 from pot
*** SUMMARY ***
Total pot $0.37 | Rake $0.02 
Board [Js As 9s 5h 8d]
Seat 1: pokergon74 (small blind) folded before Flop
Seat 2: tati_tao1992 (big blind) folded before Flop
Seat 4: BezDopinga folded before Flop (didn't bet)
Seat 5: Millers1234 showed [Kc Qc] and lost with high card Ace
Seat 6: Colt_BLR folded before Flop (didn't bet)
Seat 7: Dorex2007 folded before Flop (didn't bet)
Seat 8: meldrew71 showed [Kd 9c] and won ($0.35) with a pair of Nines
Seat 9: absfcknglyntley (button) folded before Flop (didn't bet)



PokerStars Hand #238498267063:  Hold'em No Limit ($0.02/$0.05 USD) - 2022/09/08 11:08:59 PT [2022/09/08 14:08:59 ET]
Table 'Nerina' 9-max Seat #1 is the button
Seat 1: pokergon74 ($3.14 in chips) 
Seat 2: tati_tao1992 ($5.43 in chips) 
Seat 3: lauraman ($5 in chips) 
Seat 4: BezDopinga ($3.16 in chips) 
Seat 5: Millers1234 ($6.10 in chips) 
Seat 6: Colt_BLR ($5.80 in chips) 
Seat 7: Dorex2007 ($5 in chips) 
Seat 8: meldrew71 ($6.75 in chips) 
Seat 9: absfcknglyntley ($5.30 in chips) 
tati_tao1992: posts small blind $0.02
lauraman: posts big blind $0.05
*** HOLE CARDS ***
Dealt to Dorex2007 [Jd Qc]
BezDopinga: folds 
Millers1234: folds 
Colt_BLR: folds 
Dorex2007: folds 
meldrew71: calls $0.05
absfcknglyntley: folds 
pokergon74: calls $0.05
tati_tao1992: folds 
lauraman: raises $0.15 to $0.20
meldrew71: calls $0.15
pokergon74: calls $0.15
*** FLOP *** [6d 2h 7d]
lauraman: bets $0.35
meldrew71: folds 
pokergon74: calls $0.35
*** TURN *** [6d 2h 7d] [8c]
lauraman: bets $0.80
pokergon74: raises $0.80 to $1.60
lauraman: raises $2.85 to $4.45 and is all-in
pokergon74: calls $0.99 and is all-in
Uncalled bet ($1.86) returned to lauraman
*** RIVER *** [6d 2h 7d 8c] [Js]
*** SHOW DOWN ***
lauraman: shows [Ks Kh] (a pair of Kings)
pokergon74: shows [9d Th] (a straight, Seven to Jack)
pokergon74 collected $6.23 from pot
*** SUMMARY ***
Total pot $6.50 | Rake $0.27 
Board [6d 2h 7d 8c Js]
Seat 1: pokergon74 (button) showed [9d Th] and won ($6.23) with a straight, Seven to Jack
Seat 2: tati_tao1992 (small blind) folded before Flop
Seat 3: lauraman (big blind) showed [Ks Kh] and lost with a pair of Kings
Seat 4: BezDopinga folded before Flop (didn't bet)
Seat 5: Millers1234 folded before Flop (didn't bet)
Seat 6: Colt_BLR folded before Flop (didn't bet)
Seat 7: Dorex2007 folded before Flop (didn't bet)
Seat 8: meldrew71 folded on the Flop
Seat 9: absfcknglyntley folded before Flop (didn't bet)



PokerStars Hand #238498302434:  Hold'em No Limit ($0.02/$0.05 USD) - 2022/09/08 11:10:36 PT [2022/09/08 14:10:36 ET]
Table 'Nerina' 9-max Seat #2 is the button
Seat 1: pokergon74 ($6.23 in chips) 
Seat 2: tati_tao1992 ($5.41 in chips) 
Seat 3: lauraman ($1.86 in chips) 
Seat 4: BezDopinga ($3.16 in chips) 
Seat 5: Millers1234 ($6.10 in chips) 
Seat 6: Colt_BLR ($5.80 in chips) 
Seat 7: Dorex2007 ($5 in chips) 
Seat 8: meldrew71 ($6.55 in chips) 
Seat 9: absfcknglyntley ($5.30 in chips) 
lauraman: posts small blind $0.02
BezDopinga: posts big blind $0.05
*** HOLE CARDS ***
Dealt to Dorex2007 [3c 5s]
Millers1234: raises $0.10 to $0.15
Colt_BLR: raises $0.30 to $0.45
Dorex2007: folds 
meldrew71: folds 
absfcknglyntley: folds 
pokergon74: folds 
tati_tao1992: folds 
lauraman: folds 
BezDopinga: folds 
Millers1234: calls $0.30
*** FLOP *** [7h 9h Ah]
Millers1234: checks 
Colt_BLR: bets $0.62
Millers1234: folds 
Uncalled bet ($0.62) returned to Colt_BLR
Colt_BLR collected $0.93 from pot
*** SUMMARY ***
Total pot $0.97 | Rake $0.04 
Board [7h 9h Ah]
Seat 1: pokergon74 folded before Flop (didn't bet)
Seat 2: tati_tao1992 (button) folded before Flop (didn't bet)
Seat 3: lauraman (small blind) folded before Flop
Seat 4: BezDopinga (big blind) folded before Flop
Seat 5: Millers1234 folded on the Flop
Seat 6: Colt_BLR collected ($0.93)
Seat 7: Dorex2007 folded before Flop (didn't bet)
Seat 8: meldrew71 folded before Flop (didn't bet)
Seat 9: absfcknglyntley folded before Flop (didn't bet)



PokerStars Hand #238498318453:  Hold'em No Limit ($0.02/$0.05 USD) - 2022/09/08 11:11:20 PT [2022/09/08 14:11:20 ET]
Table 'Nerina' 9-max Seat #3 is the button
Seat 1: pokergon74 ($6.23 in chips) 
Seat 2: tati_tao1992 ($5.41 in chips) 
Seat 3: lauraman ($3.84 in chips) 
Seat 4: BezDopinga ($3.11 in chips) 
Seat 5: Millers1234 ($5.65 in chips) 
Seat 6: Colt_BLR ($6.28 in chips) 
Seat 7: Dorex2007 ($5 in chips) 
Seat 8: meldrew71 ($6.55 in chips) 
Seat 9: absfcknglyntley ($5.30 in chips) 
BezDopinga: posts small blind $0.02
Millers1234: posts big blind $0.05
*** HOLE CARDS ***
Dealt to Dorex2007 [2d 7c]
Colt_BLR: folds 
Dorex2007: folds 
meldrew71: folds 
absfcknglyntley: raises $0.10 to $0.15
pokergon74: folds 
tati_tao1992: folds 
lauraman: folds 
BezDopinga: folds 
Millers1234: folds 
Uncalled bet ($0.10) returned to absfcknglyntley
absfcknglyntley collected $0.12 from pot
absfcknglyntley: doesn't show hand 
*** SUMMARY ***
Total pot $0.12 | Rake $0 
Seat 1: pokergon74 folded before Flop (didn't bet)
Seat 2: tati_tao1992 folded before Flop (didn't bet)
Seat 3: lauraman (button) folded before Flop (didn't bet)
Seat 4: BezDopinga (small blind) folded before Flop
Seat 5: Millers1234 (big blind) folded before Flop
Seat 6: Colt_BLR folded before Flop (didn't bet)
Seat 7: Dorex2007 folded before Flop (didn't bet)
Seat 8: meldrew71 folded before Flop (didn't bet)
Seat 9: absfcknglyntley collected ($0.12)



PokerStars Hand #238498328356:  Hold'em No Limit ($0.02/$0.05 USD) - 2022/09/08 11:11:48 PT [2022/09/08 14:11:48 ET]
Table 'Nerina' 9-max Seat #4 is the button
Seat 1: pokergon74 ($6.23 in chips) 
Seat 2: tati_tao1992 ($5.41 in chips) 
Seat 3: lauraman ($3.84 in chips) 
Seat 4: BezDopinga ($3.09 in chips) 
Seat 5: Millers1234 ($5.60 in chips) 
Seat 6: Colt_BLR ($6.28 in chips) 
Seat 7: Dorex2007 ($5 in chips) 
Seat 8: meldrew71 ($6.55 in chips) 
Seat 9: absfcknglyntley ($5.37 in chips) 
Millers1234: posts small blind $0.02
Colt_BLR: posts big blind $0.05
*** HOLE CARDS ***
Dealt to Dorex2007 [3s 6h]
Dorex2007: folds 
meldrew71: folds 
absfcknglyntley: folds 
pokergon74: folds 
tati_tao1992: folds 
lauraman: raises $0.10 to $0.15
BezDopinga: folds 
Millers1234: calls $0.13
Colt_BLR: folds 
*** FLOP *** [4h 8d 7d]
Millers1234: checks 
lauraman: bets $0.15
Millers1234: folds 
Uncalled bet ($0.15) returned to lauraman
lauraman collected $0.34 from pot
*** SUMMARY ***
Total pot $0.35 | Rake $0.01 
Board [4h 8d 7d]
Seat 1: pokergon74 folded before Flop (didn't bet)
Seat 2: tati_tao1992 folded before Flop (didn't bet)
Seat 3: lauraman collected ($0.34)
Seat 4: BezDopinga (button) folded before Flop (didn't bet)
Seat 5: Millers1234 (small blind) folded on the Flop
Seat 6: Colt_BLR (big blind) folded before Flop
Seat 7: Dorex2007 folded before Flop (didn't bet)
Seat 8: meldrew71 folded before Flop (didn't bet)
Seat 9: absfcknglyntley folded before Flop (didn't bet)



PokerStars Hand #238498343712:  Hold'em No Limit ($0.02/$0.05 USD) - 2022/09/08 11:12:30 PT [2022/09/08 14:12:30 ET]
Table 'Nerina' 9-max Seat #5 is the button
Seat 1: pokergon74 ($6.23 in chips) 
Seat 2: tati_tao1992 ($5.41 in chips) 
Seat 3: lauraman ($4.03 in chips) 
Seat 4: BezDopinga ($3.09 in chips) 
Seat 5: Millers1234 ($5.45 in chips) 
Seat 6: Colt_BLR ($6.23 in chips) 
Seat 7: Dorex2007 ($5 in chips) 
Seat 8: meldrew71 ($6.55 in chips) 
Seat 9: absfcknglyntley ($5.37 in chips) 
Colt_BLR: posts small blind $0.02
Dorex2007: posts big blind $0.05
*** HOLE CARDS ***
Dealt to Dorex2007 [6d 7d]
meldrew71: folds 
absfcknglyntley: folds 
pokergon74: folds 
tati_tao1992: folds 
lauraman: folds 
BezDopinga: folds 
Millers1234: folds 
Colt_BLR: folds 
Uncalled bet ($0.03) returned to Dorex2007
Dorex2007 collected $0.04 from pot
Dorex2007: doesn't show hand 
*** SUMMARY ***
Total pot $0.04 | Rake $0 
Seat 1: pokergon74 folded before Flop (didn't bet)
Seat 2: tati_tao1992 folded before Flop (didn't bet)
Seat 3: lauraman folded before Flop (didn't bet)
Seat 4: BezDopinga folded before Flop (didn't bet)
Seat 5: Millers1234 (button) folded before Flop (didn't bet)
Seat 6: Colt_BLR (small blind) folded before Flop
Seat 7: Dorex2007 (big blind) collected ($0.04)
Seat 8: meldrew71 folded before Flop (didn't bet)
Seat 9: absfcknglyntley folded before Flop (didn't bet)



PokerStars Hand #238498353263:  Hold'em No Limit ($0.02/$0.05 USD) - 2022/09/08 11:12:56 PT [2022/09/08 14:12:56 ET]
Table 'Nerina' 9-max Seat #6 is the button
Seat 1: pokergon74 ($6.23 in chips) 
Seat 2: tati_tao1992 ($5.41 in chips) 
Seat 3: lauraman ($4.03 in chips) 
Seat 4: BezDopinga ($3.09 in chips) 
Seat 5: Millers1234 ($5.45 in chips) 
Seat 6: Colt_BLR ($6.21 in chips) 
Seat 7: Dorex2007 ($5.02 in chips) 
Seat 8: meldrew71 ($6.55 in chips) 
Seat 9: absfcknglyntley ($5.37 in chips) 
Dorex2007: posts small blind $0.02
meldrew71: posts big blind $0.05
*** HOLE CARDS ***
Dealt to Dorex2007 [Kd 4s]
absfcknglyntley: folds 
pokergon74: calls $0.05
tati_tao1992: folds 
lauraman: folds 
BezDopinga: folds 
Millers1234: folds 
Colt_BLR: folds 
Dorex2007: folds 
meldrew71: checks 
*** FLOP *** [Jd 7s 5s]
meldrew71: checks 
pokergon74: checks 
*** TURN *** [Jd 7s 5s] [Ts]
meldrew71: checks 
pokergon74: checks 
*** RIVER *** [Jd 7s 5s Ts] [4c]
meldrew71: checks 
pokergon74: bets $0.05
meldrew71: calls $0.05
*** SHOW DOWN ***
pokergon74: shows [9h Ks] (high card King)
meldrew71: shows [5d Ah] (a pair of Fives)
meldrew71 collected $0.21 from pot
*** SUMMARY ***
Total pot $0.22 | Rake $0.01 
Board [Jd 7s 5s Ts 4c]
Seat 1: pokergon74 showed [9h Ks] and lost with high card King
Seat 2: tati_tao1992 folded before Flop (didn't bet)
Seat 3: lauraman folded before Flop (didn't bet)
Seat 4: BezDopinga folded before Flop (didn't bet)
Seat 5: Millers1234 folded before Flop (didn't bet)
Seat 6: Colt_BLR (button) folded before Flop (didn't bet)
Seat 7: Dorex2007 (small blind) folded before Flop
Seat 8: meldrew71 (big blind) showed [5d Ah] and won ($0.21) with a pair of Fives
Seat 9: absfcknglyntley folded before Flop (didn't bet)



PokerStars Hand #238498367964:  Hold'em No Limit ($0.02/$0.05 USD) - 2022/09/08 11:13:36 PT [2022/09/08 14:13:36 ET]
Table 'Nerina' 9-max Seat #7 is the button
Seat 1: pokergon74 ($6.13 in chips) 
Seat 2: tati_tao1992 ($5.41 in chips) 
Seat 3: lauraman ($4.03 in chips) 
Seat 4: BezDopinga ($3.09 in chips) 
Seat 5: Millers1234 ($5.45 in chips) 
Seat 6: Colt_BLR ($6.21 in chips) 
Seat 7: Dorex2007 ($5 in chips) 
Seat 8: meldrew71 ($6.66 in chips) 
Seat 9: absfcknglyntley ($5.37 in chips) 
meldrew71: posts small blind $0.02
absfcknglyntley: posts big blind $0.05
*** HOLE CARDS ***
Dealt to Dorex2007 [5d 9h]
pokergon74: calls $0.05
tati_tao1992: folds 
lauraman: folds 
BezDopinga: folds 
Millers1234: folds 
Colt_BLR: folds 
Dorex2007: folds 
meldrew71: calls $0.03
absfcknglyntley: checks 
*** FLOP *** [Kh 9s 4c]
meldrew71: bets $0.14
absfcknglyntley: folds 
pokergon74: calls $0.14
*** TURN *** [Kh 9s 4c] [4s]
meldrew71: bets $0.41
pokergon74: folds 
Uncalled bet ($0.41) returned to meldrew71
meldrew71 collected $0.41 from pot
tati_tao1992 leaves the table
*** SUMMARY ***
Total pot $0.43 | Rake $0.02 
Board [Kh 9s 4c 4s]
Seat 1: pokergon74 folded on the Turn
Seat 2: tati_tao1992 folded before Flop (didn't bet)
Seat 3: lauraman folded before Flop (didn't bet)
Seat 4: BezDopinga folded before Flop (didn't bet)
Seat 5: Millers1234 folded before Flop (didn't bet)
Seat 6: Colt_BLR folded before Flop (didn't bet)
Seat 7: Dorex2007 (button) folded before Flop (didn't bet)
Seat 8: meldrew71 (small blind) collected ($0.41)
Seat 9: absfcknglyntley (big blind) folded on the Flop



PokerStars Hand #238498385667:  Hold'em No Limit ($0.02/$0.05 USD) - 2022/09/08 11:14:24 PT [2022/09/08 14:14:24 ET]
Table 'Nerina' 9-max Seat #8 is the button
Seat 1: pokergon74 ($5.94 in chips) 
Seat 3: lauraman ($4.03 in chips) 
Seat 4: BezDopinga ($3.09 in chips) 
Seat 5: Millers1234 ($5.45 in chips) 
Seat 6: Colt_BLR ($6.21 in chips) 
Seat 7: Dorex2007 ($5 in chips) 
Seat 8: meldrew71 ($6.88 in chips) 
Seat 9: absfcknglyntley ($5.32 in chips) 
absfcknglyntley: posts small blind $0.02
pokergon74: posts big blind $0.05
*** HOLE CARDS ***
Dealt to Dorex2007 [9h 3h]
eurosmile505 joins the table at seat #2 
lauraman: folds 
BezDopinga: raises $0.10 to $0.15
Millers1234: folds 
Colt_BLR: folds 
Dorex2007: folds 
meldrew71: folds 
absfcknglyntley: folds 
pokergon74: folds 
Uncalled bet ($0.10) returned to BezDopinga
BezDopinga collected $0.12 from pot
BezDopinga: doesn't show hand 
*** SUMMARY ***
Total pot $0.12 | Rake $0 
Seat 1: pokergon74 (big blind) folded before Flop
Seat 3: lauraman folded before Flop (didn't bet)
Seat 4: BezDopinga collected ($0.12)
Seat 5: Millers1234 folded before Flop (didn't bet)
Seat 6: Colt_BLR folded before Flop (didn't bet)
Seat 7: Dorex2007 folded before Flop (didn't bet)
Seat 8: meldrew71 (button) folded before Flop (didn't bet)
Seat 9: absfcknglyntley (small blind) folded before Flop



PokerStars Hand #238498393816:  Hold'em No Limit ($0.02/$0.05 USD) - 2022/09/08 11:14:46 PT [2022/09/08 14:14:46 ET]
Table 'Nerina' 9-max Seat #9 is the button
Seat 1: pokergon74 ($5.89 in chips) 
Seat 2: eurosmile505 ($5 in chips) 
Seat 3: lauraman ($4.03 in chips) 
Seat 4: BezDopinga ($3.16 in chips) 
Seat 5: Millers1234 ($5.45 in chips) 
Seat 6: Colt_BLR ($6.21 in chips) 
Seat 7: Dorex2007 ($5 in chips) 
Seat 8: meldrew71 ($6.88 in chips) 
Seat 9: absfcknglyntley ($5.30 in chips) 
pokergon74: posts small blind $0.02
eurosmile505: posts big blind $0.05
*** HOLE CARDS ***
Dealt to Dorex2007 [8d 8s]
lauraman: folds 
BezDopinga: folds 
Millers1234: folds 
Colt_BLR: raises $0.10 to $0.15
Dorex2007: calls $0.15
meldrew71: folds 
absfcknglyntley: folds 
pokergon74: raises $0.10 to $0.25
eurosmile505: raises $0.95 to $1.20
Colt_BLR: folds 
Dorex2007: folds 
pokergon74: calls $0.95
*** FLOP *** [4c Qh Jc]
pokergon74: bets $0.05
eurosmile505: raises $1.21 to $1.26
pokergon74: folds 
Uncalled bet ($1.21) returned to eurosmile505
eurosmile505 collected $2.68 from pot
eurosmile505: doesn't show hand 
*** SUMMARY ***
Total pot $2.80 | Rake $0.12 
Board [4c Qh Jc]
Seat 1: pokergon74 (small blind) folded on the Flop
Seat 2: eurosmile505 (big blind) collected ($2.68)
Seat 3: lauraman folded before Flop (didn't bet)
Seat 4: BezDopinga folded before Flop (didn't bet)
Seat 5: Millers1234 folded before Flop (didn't bet)
Seat 6: Colt_BLR folded before Flop
Seat 7: Dorex2007 folded before Flop
Seat 8: meldrew71 folded before Flop (didn't bet)
Seat 9: absfcknglyntley (button) folded before Flop (didn't bet)



PokerStars Hand #238498416536:  Hold'em No Limit ($0.02/$0.05 USD) - 2022/09/08 11:15:48 PT [2022/09/08 14:15:48 ET]
Table 'Nerina' 9-max Seat #1 is the button
Seat 1: pokergon74 ($4.64 in chips) 
Seat 2: eurosmile505 ($6.43 in chips) 
Seat 3: lauraman ($4.03 in chips) 
Seat 4: BezDopinga ($3.16 in chips) 
Seat 5: Millers1234 ($5.45 in chips) 
Seat 6: Colt_BLR ($6.06 in chips) 
Seat 7: Dorex2007 ($5 in chips) 
Seat 8: meldrew71 ($6.88 in chips) 
Seat 9: absfcknglyntley ($5.30 in chips) 
eurosmile505: posts small blind $0.02
lauraman: posts big blind $0.05
*** HOLE CARDS ***
Dealt to Dorex2007 [5h 2h]
BezDopinga: folds 
Millers1234: folds 
Colt_BLR: folds 
Dorex2007: folds 
meldrew71: calls $0.05
absfcknglyntley: folds 
pokergon74: folds 
eurosmile505: folds 
lauraman: checks 
*** FLOP *** [8d 6d 4h]
lauraman: checks 
meldrew71: checks 
*** TURN *** [8d 6d 4h] [9c]
lauraman: checks 
meldrew71: bets $0.12
lauraman: calls $0.12
*** RIVER *** [8d 6d 4h 9c] [Ts]
lauraman: checks 
meldrew71: checks 
*** SHOW DOWN ***
lauraman: shows [Jc 8c] (a pair of Eights)
meldrew71: shows [9d Kh] (a pair of Nines)
meldrew71 collected $0.35 from pot
*** SUMMARY ***
Total pot $0.36 | Rake $0.01 
Board [8d 6d 4h 9c Ts]
Seat 1: pokergon74 (button) folded before Flop (didn't bet)
Seat 2: eurosmile505 (small blind) folded before Flop
Seat 3: lauraman (big blind) showed [Jc 8c] and lost with a pair of Eights
Seat 4: BezDopinga folded before Flop (didn't bet)
Seat 5: Millers1234 folded before Flop (didn't bet)
Seat 6: Colt_BLR folded before Flop (didn't bet)
Seat 7: Dorex2007 folded before Flop (didn't bet)
Seat 8: meldrew71 showed [9d Kh] and won ($0.35) with a pair of Nines
Seat 9: absfcknglyntley folded before Flop (didn't bet)



PokerStars Hand #238498441846:  Hold'em No Limit ($0.02/$0.05 USD) - 2022/09/08 11:16:57 PT [2022/09/08 14:16:57 ET]
Table 'Nerina' 9-max Seat #2 is the button
Seat 1: pokergon74 ($4.64 in chips) 
Seat 2: eurosmile505 ($6.41 in chips) 
Seat 3: lauraman ($3.86 in chips) 
Seat 4: BezDopinga ($3.16 in chips) 
Seat 5: Millers1234 ($5.45 in chips) 
Seat 6: Colt_BLR ($6.06 in chips) 
Seat 7: Dorex2007 ($5 in chips) 
Seat 8: meldrew71 ($7.06 in chips) 
Seat 9: absfcknglyntley ($5.30 in chips) 
lauraman: posts small blind $0.02
BezDopinga: posts big blind $0.05
*** HOLE CARDS ***
Dealt to Dorex2007 [8d 2h]
Millers1234: folds 
Colt_BLR: folds 
Dorex2007: folds 
meldrew71: raises $0.12 to $0.17
absfcknglyntley: folds 
pokergon74: folds 
eurosmile505: folds 
lauraman: folds 
BezDopinga: folds 
Uncalled bet ($0.12) returned to meldrew71
meldrew71 collected $0.12 from pot
*** SUMMARY ***
Total pot $0.12 | Rake $0 
Seat 1: pokergon74 folded before Flop (didn't bet)
Seat 2: eurosmile505 (button) folded before Flop (didn't bet)
Seat 3: lauraman (small blind) folded before Flop
Seat 4: BezDopinga (big blind) folded before Flop
Seat 5: Millers1234 folded before Flop (didn't bet)
Seat 6: Colt_BLR folded before Flop (didn't bet)
Seat 7: Dorex2007 folded before Flop (didn't bet)
Seat 8: meldrew71 collected ($0.12)
Seat 9: absfcknglyntley folded before Flop (didn't bet)



PokerStars Hand #238498449084:  Hold'em No Limit ($0.02/$0.05 USD) - 2022/09/08 11:17:17 PT [2022/09/08 14:17:17 ET]
Table 'Nerina' 9-max Seat #3 is the button
Seat 1: pokergon74 ($4.64 in chips) 
Seat 2: eurosmile505 ($6.41 in chips) 
Seat 3: lauraman ($3.84 in chips) 
Seat 4: BezDopinga ($3.11 in chips) 
Seat 5: Millers1234 ($5.45 in chips) 
Seat 6: Colt_BLR ($6.06 in chips) 
Seat 7: Dorex2007 ($5 in chips) 
Seat 8: meldrew71 ($7.13 in chips) 
Seat 9: absfcknglyntley ($5.30 in chips) 
BezDopinga: posts small blind $0.02
Millers1234: posts big blind $0.05
*** HOLE CARDS ***
Dealt to Dorex2007 [Ac 8c]
Colt_BLR: folds 
Dorex2007: folds 
meldrew71: folds 
absfcknglyntley: folds 
pokergon74: folds 
eurosmile505: folds 
lauraman: folds 
BezDopinga: raises $0.10 to $0.15
Millers1234: folds 
Uncalled bet ($0.10) returned to BezDopinga
BezDopinga collected $0.10 from pot
BezDopinga: doesn't show hand 
*** SUMMARY ***
Total pot $0.10 | Rake $0 
Seat 1: pokergon74 folded before Flop (didn't bet)
Seat 2: eurosmile505 folded before Flop (didn't bet)
Seat 3: lauraman (button) folded before Flop (didn't bet)
Seat 4: BezDopinga (small blind) collected ($0.10)
Seat 5: Millers1234 (big blind) folded before Flop
Seat 6: Colt_BLR folded before Flop (didn't bet)
Seat 7: Dorex2007 folded before Flop (didn't bet)
Seat 8: meldrew71 folded before Flop (didn't bet)
Seat 9: absfcknglyntley folded before Flop (didn't bet)



PokerStars Hand #238498461532:  Hold'em No Limit ($0.02/$0.05 USD) - 2022/09/08 11:17:50 PT [2022/09/08 14:17:50 ET]
Table 'Nerina' 9-max Seat #4 is the button
Seat 1: pokergon74 ($4.64 in chips) 
Seat 2: eurosmile505 ($6.41 in chips) 
Seat 3: lauraman ($5 in chips) 
Seat 4: BezDopinga ($3.16 in chips) 
Seat 5: Millers1234 ($5.40 in chips) 
Seat 6: Colt_BLR ($6.06 in chips) 
Seat 7: Dorex2007 ($5 in chips) 
Seat 8: meldrew71 ($7.13 in chips) 
Seat 9: absfcknglyntley ($5.30 in chips) 
Millers1234: posts small blind $0.02
Colt_BLR: posts big blind $0.05
*** HOLE CARDS ***
Dealt to Dorex2007 [6h 5s]
Dorex2007: folds 
meldrew71: folds 
absfcknglyntley: folds 
pokergon74: folds 
eurosmile505: folds 
lauraman: raises $0.10 to $0.15
BezDopinga: folds 
Millers1234: calls $0.13
Colt_BLR: folds 
*** FLOP *** [9c 2d 3d]
Millers1234: checks 
lauraman: bets $0.15
Millers1234: folds 
Uncalled bet ($0.15) returned to lauraman
lauraman collected $0.34 from pot
*** SUMMARY ***
Total pot $0.35 | Rake $0.01 
Board [9c 2d 3d]
Seat 1: pokergon74 folded before Flop (didn't bet)
Seat 2: eurosmile505 folded before Flop (didn't bet)
Seat 3: lauraman collected ($0.34)
Seat 4: BezDopinga (button) folded before Flop (didn't bet)
Seat 5: Millers1234 (small blind) folded on the Flop
Seat 6: Colt_BLR (big blind) folded before Flop
Seat 7: Dorex2007 folded before Flop (didn't bet)
Seat 8: meldrew71 folded before Flop (didn't bet)
Seat 9: absfcknglyntley folded before Flop (didn't bet)



PokerStars Hand #238498477970:  Hold'em No Limit ($0.02/$0.05 USD) - 2022/09/08 11:18:35 PT [2022/09/08 14:18:35 ET]
Table 'Nerina' 9-max Seat #5 is the button
Seat 1: pokergon74 ($4.64 in chips) 
Seat 2: eurosmile505 ($6.41 in chips) 
Seat 3: lauraman ($5.19 in chips) 
Seat 4: BezDopinga ($3.16 in chips) 
Seat 5: Millers1234 ($5.25 in chips) 
Seat 6: Colt_BLR ($6.01 in chips) 
Seat 7: Dorex2007 ($5 in chips) 
Seat 8: meldrew71 ($7.13 in chips) 
Seat 9: absfcknglyntley ($5.30 in chips) 
Colt_BLR: posts small blind $0.02
Dorex2007: posts big blind $0.05
*** HOLE CARDS ***
Dealt to Dorex2007 [7h Ad]
meldrew71: calls $0.05
absfcknglyntley: folds 
pokergon74: calls $0.05
eurosmile505: folds 
lauraman: folds 
BezDopinga: folds 
Millers1234: raises $0.20 to $0.25
Colt_BLR: folds 
Dorex2007: folds 
meldrew71: calls $0.20
pokergon74: calls $0.20
*** FLOP *** [Js Tc 8c]
meldrew71: checks 
pokergon74: checks 
Millers1234: checks 
*** TURN *** [Js Tc 8c] [6c]
meldrew71: checks 
pokergon74: checks 
Millers1234: bets $0.44
meldrew71: folds 
pokergon74: folds 
Uncalled bet ($0.44) returned to Millers1234
Millers1234 collected $0.79 from pot
*** SUMMARY ***
Total pot $0.82 | Rake $0.03 
Board [Js Tc 8c 6c]
Seat 1: pokergon74 folded on the Turn
Seat 2: eurosmile505 folded before Flop (didn't bet)
Seat 3: lauraman folded before Flop (didn't bet)
Seat 4: BezDopinga folded before Flop (didn't bet)
Seat 5: Millers1234 (button) collected ($0.79)
Seat 6: Colt_BLR (small blind) folded before Flop
Seat 7: Dorex2007 (big blind) folded before Flop
Seat 8: meldrew71 folded on the Turn
Seat 9: absfcknglyntley folded before Flop (didn't bet)



PokerStars Hand #238498499789:  Hold'em No Limit ($0.02/$0.05 USD) - 2022/09/08 11:19:35 PT [2022/09/08 14:19:35 ET]
Table 'Nerina' 9-max Seat #6 is the button
Seat 1: pokergon74 ($4.39 in chips) 
Seat 2: eurosmile505 ($6.41 in chips) 
Seat 3: lauraman ($5.19 in chips) 
Seat 4: BezDopinga ($3.16 in chips) 
Seat 5: Millers1234 ($5.79 in chips) 
Seat 6: Colt_BLR ($5.99 in chips) 
Seat 7: Dorex2007 ($5 in chips) 
Seat 8: meldrew71 ($6.88 in chips) 
Seat 9: absfcknglyntley ($5.30 in chips) 
Dorex2007: posts small blind $0.02
meldrew71: posts big blind $0.05
*** HOLE CARDS ***
Dealt to Dorex2007 [Jh Jc]
absfcknglyntley: folds 
pokergon74: folds 
eurosmile505: folds 
lauraman: folds 
BezDopinga: folds 
Millers1234: folds 
Colt_BLR: folds 
Dorex2007: raises $0.20 to $0.25
meldrew71: calls $0.20
*** FLOP *** [7d 3s Ah]
Dorex2007: bets $0.24
meldrew71: raises $0.24 to $0.48
Dorex2007: folds 
Uncalled bet ($0.24) returned to meldrew71
meldrew71 collected $0.94 from pot
*** SUMMARY ***
Total pot $0.98 | Rake $0.04 
Board [7d 3s Ah]
Seat 1: pokergon74 folded before Flop (didn't bet)
Seat 2: eurosmile505 folded before Flop (didn't bet)
Seat 3: lauraman folded before Flop (didn't bet)
Seat 4: BezDopinga folded before Flop (didn't bet)
Seat 5: Millers1234 folded before Flop (didn't bet)
Seat 6: Colt_BLR (button) folded before Flop (didn't bet)
Seat 7: Dorex2007 (small blind) folded on the Flop
Seat 8: meldrew71 (big blind) collected ($0.94)
Seat 9: absfcknglyntley folded before Flop (didn't bet)



PokerStars Hand #238498515772:  Hold'em No Limit ($0.02/$0.05 USD) - 2022/09/08 11:20:18 PT [2022/09/08 14:20:18 ET]
Table 'Nerina' 9-max Seat #7 is the button
Seat 1: pokergon74 ($4.39 in chips) 
Seat 2: eurosmile505 ($6.41 in chips) 
Seat 3: lauraman ($5.19 in chips) 
Seat 4: BezDopinga ($3.16 in chips) 
Seat 5: Millers1234 ($5.79 in chips) 
Seat 6: Colt_BLR ($5.99 in chips) 
Seat 7: Dorex2007 ($5 in chips) 
Seat 8: meldrew71 ($7.33 in chips) 
Seat 9: absfcknglyntley ($5.30 in chips) 
meldrew71: posts small blind $0.02
absfcknglyntley: posts big blind $0.05
*** HOLE CARDS ***
Dealt to Dorex2007 [Qc 7d]
pokergon74: folds 
eurosmile505: folds 
lauraman: folds 
BezDopinga: folds 
Millers1234: folds 
Colt_BLR: folds 
Dorex2007: folds 
meldrew71: calls $0.03
absfcknglyntley: checks 
*** FLOP *** [9d 5h As]
meldrew71: checks 
absfcknglyntley: checks 
*** TURN *** [9d 5h As] [5s]
meldrew71: checks 
absfcknglyntley: bets $0.05
meldrew71: calls $0.05
*** RIVER *** [9d 5h As 5s] [9h]
meldrew71: checks 
absfcknglyntley: checks 
*** SHOW DOWN ***
meldrew71: shows [6d 7s] (two pair, Nines and Fives)
absfcknglyntley: shows [Jh 4c] (two pair, Nines and Fives)
meldrew71 collected $0.10 from pot
absfcknglyntley collected $0.09 from pot
*** SUMMARY ***
Total pot $0.20 | Rake $0.01 
Board [9d 5h As 5s 9h]
Seat 1: pokergon74 folded before Flop (didn't bet)
Seat 2: eurosmile505 folded before Flop (didn't bet)
Seat 3: lauraman folded before Flop (didn't bet)
Seat 4: BezDopinga folded before Flop (didn't bet)
Seat 5: Millers1234 folded before Flop (didn't bet)
Seat 6: Colt_BLR folded before Flop (didn't bet)
Seat 7: Dorex2007 (button) folded before Flop (didn't bet)
Seat 8: meldrew71 (small blind) showed [6d 7s] and won ($0.10) with two pair, Nines and Fives
Seat 9: absfcknglyntley (big blind) showed [Jh 4c] and won ($0.09) with two pair, Nines and Fives



PokerStars Hand #238498531489:  Hold'em No Limit ($0.02/$0.05 USD) - 2022/09/08 11:21:01 PT [2022/09/08 14:21:01 ET]
Table 'Nerina' 9-max Seat #8 is the button
Seat 1: pokergon74 ($4.39 in chips) 
Seat 2: eurosmile505 ($6.41 in chips) 
Seat 3: lauraman ($5.19 in chips) 
Seat 4: BezDopinga ($3.16 in chips) 
Seat 5: Millers1234 ($5.79 in chips) 
Seat 6: Colt_BLR ($5.99 in chips) 
Seat 7: Dorex2007 ($5 in chips) 
Seat 8: meldrew71 ($7.33 in chips) 
Seat 9: absfcknglyntley ($5.29 in chips) 
absfcknglyntley: posts small blind $0.02
pokergon74: posts big blind $0.05
*** HOLE CARDS ***
Dealt to Dorex2007 [6c 8d]
eurosmile505: folds 
lauraman: folds 
BezDopinga: folds 
Millers1234: folds 
Colt_BLR: folds 
Dorex2007: folds 
meldrew71: folds 
absfcknglyntley: raises $0.10 to $0.15
pokergon74: calls $0.10
*** FLOP *** [2s 5d 8s]
absfcknglyntley: bets $0.14
pokergon74: folds 
Uncalled bet ($0.14) returned to absfcknglyntley
absfcknglyntley collected $0.29 from pot
absfcknglyntley: doesn't show hand 
*** SUMMARY ***
Total pot $0.30 | Rake $0.01 
Board [2s 5d 8s]
Seat 1: pokergon74 (big blind) folded on the Flop
Seat 2: eurosmile505 folded before Flop (didn't bet)
Seat 3: lauraman folded before Flop (didn't bet)
Seat 4: BezDopinga folded before Flop (didn't bet)
Seat 5: Millers1234 folded before Flop (didn't bet)
Seat 6: Colt_BLR folded before Flop (didn't bet)
Seat 7: Dorex2007 folded before Flop (didn't bet)
Seat 8: meldrew71 (button) folded before Flop (didn't bet)
Seat 9: absfcknglyntley (small blind) collected ($0.29)



PokerStars Hand #238498546762:  Hold'em No Limit ($0.02/$0.05 USD) - 2022/09/08 11:21:42 PT [2022/09/08 14:21:42 ET]
Table 'Nerina' 9-max Seat #9 is the button
Seat 1: pokergon74 ($4.24 in chips) 
Seat 2: eurosmile505 ($6.41 in chips) 
Seat 3: lauraman ($5.19 in chips) 
Seat 4: BezDopinga ($3.16 in chips) 
Seat 5: Millers1234 ($5.79 in chips) 
Seat 6: Colt_BLR ($5.99 in chips) 
Seat 7: Dorex2007 ($5 in chips) 
Seat 8: meldrew71 ($7.33 in chips) 
Seat 9: absfcknglyntley ($5.43 in chips) 
pokergon74: posts small blind $0.02
eurosmile505: posts big blind $0.05
*** HOLE CARDS ***
Dealt to Dorex2007 [Jd 6d]
lauraman: folds 
BezDopinga: folds 
Millers1234: raises $0.10 to $0.15
Colt_BLR: calls $0.15
Dorex2007: folds 
meldrew71: calls $0.15
absfcknglyntley: folds 
pokergon74: folds 
eurosmile505: folds 
*** FLOP *** [Qd Kd 2c]
Millers1234: checks 
Colt_BLR: checks 
meldrew71: checks 
*** TURN *** [Qd Kd 2c] [8h]
Millers1234: checks 
Colt_BLR: bets $0.33
meldrew71: folds 
Millers1234: folds 
Uncalled bet ($0.33) returned to Colt_BLR
Colt_BLR collected $0.50 from pot
*** SUMMARY ***
Total pot $0.52 | Rake $0.02 
Board [Qd Kd 2c 8h]
Seat 1: pokergon74 (small blind) folded before Flop
Seat 2: eurosmile505 (big blind) folded before Flop
Seat 3: lauraman folded before Flop (didn't bet)
Seat 4: BezDopinga folded before Flop (didn't bet)
Seat 5: Millers1234 folded on the Turn
Seat 6: Colt_BLR collected ($0.50)
Seat 7: Dorex2007 folded before Flop (didn't bet)
Seat 8: meldrew71 folded on the Turn
Seat 9: absfcknglyntley (button) folded before Flop (didn't bet)



PokerStars Hand #238498563829:  Hold'em No Limit ($0.02/$0.05 USD) - 2022/09/08 11:22:28 PT [2022/09/08 14:22:28 ET]
Table 'Nerina' 9-max Seat #1 is the button
Seat 1: pokergon74 ($4.22 in chips) 
Seat 2: eurosmile505 ($6.36 in chips) 
Seat 3: lauraman ($5.19 in chips) 
Seat 4: BezDopinga ($3.16 in chips) 
Seat 5: Millers1234 ($5.64 in chips) 
Seat 6: Colt_BLR ($6.34 in chips) 
Seat 7: Dorex2007 ($5 in chips) 
Seat 8: meldrew71 ($7.18 in chips) 
Seat 9: absfcknglyntley ($5.43 in chips) 
eurosmile505: posts small blind $0.02
lauraman: posts big blind $0.05
*** HOLE CARDS ***
Dealt to Dorex2007 [Th 4d]
BezDopinga: folds 
Millers1234: raises $0.10 to $0.15
Colt_BLR: folds 
Dorex2007: folds 
meldrew71: calls $0.15
absfcknglyntley: folds 
pokergon74: folds 
eurosmile505: folds 
lauraman: folds 
*** FLOP *** [Tc 9s Ah]
Millers1234: checks 
meldrew71: checks 
*** TURN *** [Tc 9s Ah] [Jd]
Millers1234: checks 
meldrew71: bets $0.35
Millers1234: folds 
Uncalled bet ($0.35) returned to meldrew71
meldrew71 collected $0.35 from pot
*** SUMMARY ***
Total pot $0.37 | Rake $0.02 
Board [Tc 9s Ah Jd]
Seat 1: pokergon74 (button) folded before Flop (didn't bet)
Seat 2: eurosmile505 (small blind) folded before Flop
Seat 3: lauraman (big blind) folded before Flop
Seat 4: BezDopinga folded before Flop (didn't bet)
Seat 5: Millers1234 folded on the Turn
Seat 6: Colt_BLR folded before Flop (didn't bet)
Seat 7: Dorex2007 folded before Flop (didn't bet)
Seat 8: meldrew71 collected ($0.35)
Seat 9: absfcknglyntley folded before Flop (didn't bet)



PokerStars Hand #238498586037:  Hold'em No Limit ($0.02/$0.05 USD) - 2022/09/08 11:23:28 PT [2022/09/08 14:23:28 ET]
Table 'Nerina' 9-max Seat #2 is the button
Seat 1: pokergon74 ($4.22 in chips) 
Seat 2: eurosmile505 ($6.34 in chips) 
Seat 3: lauraman ($5.14 in chips) 
Seat 4: BezDopinga ($3.16 in chips) 
Seat 5: Millers1234 ($5.49 in chips) 
Seat 6: Colt_BLR ($6.34 in chips) 
Seat 7: Dorex2007 ($5 in chips) 
Seat 8: meldrew71 ($7.38 in chips) 
Seat 9: absfcknglyntley ($5.43 in chips) 
lauraman: posts small blind $0.02
BezDopinga: posts big blind $0.05
*** HOLE CARDS ***
Dealt to Dorex2007 [2s Ah]
Millers1234: folds 
Colt_BLR: folds 
Dorex2007: folds 
meldrew71: folds 
absfcknglyntley: folds 
pokergon74: calls $0.05
eurosmile505: folds 
lauraman: folds 
BezDopinga: raises $0.10 to $0.15
pokergon74: calls $0.10
*** FLOP *** [8c 4s 3h]
BezDopinga: bets $0.20
pokergon74: calls $0.20
*** TURN *** [8c 4s 3h] [6c]
BezDopinga: bets $0.34
pokergon74: folds 
Uncalled bet ($0.34) returned to BezDopinga
BezDopinga collected $0.69 from pot
BezDopinga: doesn't show hand 
*** SUMMARY ***
Total pot $0.72 | Rake $0.03 
Board [8c 4s 3h 6c]
Seat 1: pokergon74 folded on the Turn
Seat 2: eurosmile505 (button) folded before Flop (didn't bet)
Seat 3: lauraman (small blind) folded before Flop
Seat 4: BezDopinga (big blind) collected ($0.69)
Seat 5: Millers1234 folded before Flop (didn't bet)
Seat 6: Colt_BLR folded before Flop (didn't bet)
Seat 7: Dorex2007 folded before Flop (didn't bet)
Seat 8: meldrew71 folded before Flop (didn't bet)
Seat 9: absfcknglyntley folded before Flop (didn't bet)



PokerStars Hand #238498608174:  Hold'em No Limit ($0.02/$0.05 USD) - 2022/09/08 11:24:28 PT [2022/09/08 14:24:28 ET]
Table 'Nerina' 9-max Seat #3 is the button
Seat 1: pokergon74 ($3.87 in chips) 
Seat 2: eurosmile505 ($6.34 in chips) 
Seat 3: lauraman ($5.12 in chips) 
Seat 4: BezDopinga ($3.50 in chips) 
Seat 5: Millers1234 ($5.49 in chips) 
Seat 6: Colt_BLR ($6.34 in chips) 
Seat 7: Dorex2007 ($5 in chips) 
Seat 8: meldrew71 ($7.38 in chips) 
Seat 9: absfcknglyntley ($5.43 in chips) 
BezDopinga: posts small blind $0.02
Millers1234: posts big blind $0.05
*** HOLE CARDS ***
Dealt to Dorex2007 [Td Th]
Colt_BLR: folds 
Dorex2007: raises $0.05 to $0.10
meldrew71: calls $0.10
absfcknglyntley: folds 
pokergon74: calls $0.10
eurosmile505: folds 
lauraman: folds 
BezDopinga: folds 
Millers1234: folds 
*** FLOP *** [Qc 7s 5c]
Dorex2007: checks 
meldrew71: checks 
pokergon74: checks 
*** TURN *** [Qc 7s 5c] [8c]
Dorex2007: bets $0.23
meldrew71: folds 
pokergon74: calls $0.23
*** RIVER *** [Qc 7s 5c 8c] [7d]
Dorex2007: bets $0.40
pokergon74: folds 
Uncalled bet ($0.40) returned to Dorex2007
Dorex2007 collected $0.80 from pot
Dorex2007: doesn't show hand 
*** SUMMARY ***
Total pot $0.83 | Rake $0.03 
Board [Qc 7s 5c 8c 7d]
Seat 1: pokergon74 folded on the River
Seat 2: eurosmile505 folded before Flop (didn't bet)
Seat 3: lauraman (button) folded before Flop (didn't bet)
Seat 4: BezDopinga (small blind) folded before Flop
Seat 5: Millers1234 (big blind) folded before Flop
Seat 6: Colt_BLR folded before Flop (didn't bet)
Seat 7: Dorex2007 collected ($0.80)
Seat 8: meldrew71 folded on the Turn
Seat 9: absfcknglyntley folded before Flop (didn't bet)



PokerStars Hand #238498631793:  Hold'em No Limit ($0.02/$0.05 USD) - 2022/09/08 11:25:32 PT [2022/09/08 14:25:32 ET]
Table 'Nerina' 9-max Seat #4 is the button
Seat 1: pokergon74 ($3.54 in chips) 
Seat 2: eurosmile505 ($6.34 in chips) 
Seat 3: lauraman ($5.12 in chips) 
Seat 4: BezDopinga ($3.48 in chips) 
Seat 5: Millers1234 ($5.44 in chips) 
Seat 6: Colt_BLR ($6.34 in chips) 
Seat 7: Dorex2007 ($5.47 in chips) 
Seat 8: meldrew71 ($7.28 in chips) 
Seat 9: absfcknglyntley ($5.43 in chips) 
Millers1234: posts small blind $0.02
Colt_BLR: posts big blind $0.05
*** HOLE CARDS ***
Dealt to Dorex2007 [5c 6h]
Dorex2007: folds 
meldrew71: folds 
absfcknglyntley: folds 
pokergon74: folds 
eurosmile505: folds 
lauraman: folds 
BezDopinga: raises $0.10 to $0.15
Millers1234: folds 
Colt_BLR: folds 
Uncalled bet ($0.10) returned to BezDopinga
BezDopinga collected $0.12 from pot
BezDopinga: doesn't show hand 
*** SUMMARY ***
Total pot $0.12 | Rake $0 
Seat 1: pokergon74 folded before Flop (didn't bet)
Seat 2: eurosmile505 folded before Flop (didn't bet)
Seat 3: lauraman folded before Flop (didn't bet)
Seat 4: BezDopinga (button) collected ($0.12)
Seat 5: Millers1234 (small blind) folded before Flop
Seat 6: Colt_BLR (big blind) folded before Flop
Seat 7: Dorex2007 folded before Flop (didn't bet)
Seat 8: meldrew71 folded before Flop (didn't bet)
Seat 9: absfcknglyntley folded before Flop (didn't bet)



PokerStars Hand #238498641447:  Hold'em No Limit ($0.02/$0.05 USD) - 2022/09/08 11:25:57 PT [2022/09/08 14:25:57 ET]
Table 'Nerina' 9-max Seat #5 is the button
Seat 1: pokergon74 ($3.54 in chips) 
Seat 2: eurosmile505 ($6.34 in chips) 
Seat 3: lauraman ($5.12 in chips) 
Seat 4: BezDopinga ($3.55 in chips) 
Seat 5: Millers1234 ($5.42 in chips) 
Seat 6: Colt_BLR ($6.29 in chips) 
Seat 7: Dorex2007 ($5.47 in chips) 
Seat 8: meldrew71 ($7.28 in chips) 
Seat 9: absfcknglyntley ($5.43 in chips) 
Colt_BLR: posts small blind $0.02
Dorex2007: posts big blind $0.05
*** HOLE CARDS ***
Dealt to Dorex2007 [4c Qc]
meldrew71: folds 
absfcknglyntley: folds 
pokergon74 has timed out
pokergon74: folds 
eurosmile505: folds 
lauraman: folds 
BezDopinga: raises $0.10 to $0.15
Millers1234: folds 
Colt_BLR: folds 
Dorex2007: folds 
Uncalled bet ($0.10) returned to BezDopinga
BezDopinga collected $0.12 from pot
BezDopinga: doesn't show hand 
*** SUMMARY ***
Total pot $0.12 | Rake $0 
Seat 1: pokergon74 folded before Flop (didn't bet)
Seat 2: eurosmile505 folded before Flop (didn't bet)
Seat 3: lauraman folded before Flop (didn't bet)
Seat 4: BezDopinga collected ($0.12)
Seat 5: Millers1234 (button) folded before Flop (didn't bet)
Seat 6: Colt_BLR (small blind) folded before Flop
Seat 7: Dorex2007 (big blind) folded before Flop
Seat 8: meldrew71 folded before Flop (didn't bet)
Seat 9: absfcknglyntley folded before Flop (didn't bet)



PokerStars Hand #238498656188:  Hold'em No Limit ($0.02/$0.05 USD) - 2022/09/08 11:26:37 PT [2022/09/08 14:26:37 ET]
Table 'Nerina' 9-max Seat #6 is the button
Seat 1: pokergon74 ($3.54 in chips) 
Seat 2: eurosmile505 ($6.34 in chips) 
Seat 3: lauraman ($5.12 in chips) 
Seat 4: BezDopinga ($3.62 in chips) 
Seat 5: Millers1234 ($5.42 in chips) 
Seat 6: Colt_BLR ($6.27 in chips) 
Seat 7: Dorex2007 ($5.42 in chips) 
Seat 8: meldrew71 ($7.28 in chips) 
Seat 9: absfcknglyntley ($5.43 in chips) 
Dorex2007: posts small blind $0.02
meldrew71: posts big blind $0.05
*** HOLE CARDS ***
Dealt to Dorex2007 [4c Jc]
absfcknglyntley: folds 
pokergon74 has timed out
pokergon74: folds 
eurosmile505: raises $0.07 to $0.12
lauraman: folds 
BezDopinga: folds 
Millers1234: folds 
Colt_BLR: folds 
Dorex2007: folds 
meldrew71: calls $0.07
*** FLOP *** [7s 5h Jh]
meldrew71: checks 
lauraman leaves the table
eurosmile505: checks 
*** TURN *** [7s 5h Jh] [8h]
meldrew71: checks 
L1mp007 joins the table at seat #3 
eurosmile505: checks 
*** RIVER *** [7s 5h Jh 8h] [4d]
meldrew71: checks 
eurosmile505: checks 
*** SHOW DOWN ***
meldrew71: shows [9d Qc] (high card Queen)
eurosmile505: shows [8c Ac] (a pair of Eights)
eurosmile505 collected $0.25 from pot
*** SUMMARY ***
Total pot $0.26 | Rake $0.01 
Board [7s 5h Jh 8h 4d]
Seat 1: pokergon74 folded before Flop (didn't bet)
Seat 2: eurosmile505 showed [8c Ac] and won ($0.25) with a pair of Eights
Seat 3: lauraman folded before Flop (didn't bet)
Seat 4: BezDopinga folded before Flop (didn't bet)
Seat 5: Millers1234 folded before Flop (didn't bet)
Seat 6: Colt_BLR (button) folded before Flop (didn't bet)
Seat 7: Dorex2007 (small blind) folded before Flop
Seat 8: meldrew71 (big blind) showed [9d Qc] and lost with high card Queen
Seat 9: absfcknglyntley folded before Flop (didn't bet)



PokerStars Hand #238498674562:  Hold'em No Limit ($0.02/$0.05 USD) - 2022/09/08 11:27:26 PT [2022/09/08 14:27:26 ET]
Table 'Nerina' 9-max Seat #7 is the button
Seat 1: pokergon74 ($3.54 in chips) 
Seat 2: eurosmile505 ($6.47 in chips) 
Seat 4: BezDopinga ($3.62 in chips) 
Seat 5: Millers1234 ($5.42 in chips) 
Seat 6: Colt_BLR ($6.27 in chips) 
Seat 7: Dorex2007 ($5.40 in chips) 
Seat 8: meldrew71 ($7.16 in chips) 
Seat 9: absfcknglyntley ($5.43 in chips) 
meldrew71: posts small blind $0.02
absfcknglyntley: posts big blind $0.05
L1mp007: sits out 
*** HOLE CARDS ***
Dealt to Dorex2007 [Tc Qs]
pokergon74: folds 
eurosmile505: raises $0.07 to $0.12
BezDopinga: folds 
Millers1234: calls $0.12
Colt_BLR: folds 
Dorex2007: folds 
meldrew71: calls $0.10
absfcknglyntley: folds 
*** FLOP *** [Jd 6c 5d]
meldrew71: bets $0.19
eurosmile505: calls $0.19
Millers1234: folds 
*** TURN *** [Jd 6c 5d] [9d]
meldrew71: bets $0.76
eurosmile505: calls $0.76
*** RIVER *** [Jd 6c 5d 9d] [8c]
meldrew71: bets $1.10
eurosmile505: folds 
Uncalled bet ($1.10) returned to meldrew71
meldrew71 collected $2.21 from pot
*** SUMMARY ***
Total pot $2.31 | Rake $0.10 
Board [Jd 6c 5d 9d 8c]
Seat 1: pokergon74 folded before Flop (didn't bet)
Seat 2: eurosmile505 folded on the River
Seat 4: BezDopinga folded before Flop (didn't bet)
Seat 5: Millers1234 folded on the Flop
Seat 6: Colt_BLR folded before Flop (didn't bet)
Seat 7: Dorex2007 (button) folded before Flop (didn't bet)
Seat 8: meldrew71 (small blind) collected ($2.21)
Seat 9: absfcknglyntley (big blind) folded before Flop



PokerStars Hand #238498710738:  Hold'em No Limit ($0.02/$0.05 USD) - 2022/09/08 11:29:02 PT [2022/09/08 14:29:02 ET]
Table 'Nerina' 9-max Seat #9 is the button
Seat 1: pokergon74 ($3.49 in chips) 
Seat 2: eurosmile505 ($5.40 in chips) 
Seat 4: BezDopinga ($3.62 in chips) 
Seat 5: Millers1234 ($5.30 in chips) 
Seat 6: Colt_BLR ($6.27 in chips) 
Seat 7: Dorex2007 ($5.40 in chips) 
Seat 8: meldrew71 ($8.30 in chips) 
Seat 9: absfcknglyntley ($5.43 in chips) 
pokergon74: posts small blind $0.02
eurosmile505: posts big blind $0.05
L1mp007: sits out 
*** HOLE CARDS ***
Dealt to Dorex2007 [2h Ad]
BezDopinga: folds 
Millers1234: raises $0.10 to $0.15
Colt_BLR: folds 
Dorex2007: folds 
meldrew71: folds 
absfcknglyntley: folds 
pokergon74: calls $0.13
eurosmile505: folds 
*** FLOP *** [Ks Qh Qc]
pokergon74: checks 
Millers1234: checks 
*** TURN *** [Ks Qh Qc] [2c]
pokergon74: checks 
Millers1234: bets $0.20
pokergon74: calls $0.20
*** RIVER *** [Ks Qh Qc 2c] [Jc]
pokergon74: bets $0.72
Millers1234: calls $0.72
*** SHOW DOWN ***
pokergon74: shows [Ac Th] (a straight, Ten to Ace)
Millers1234: mucks hand 
pokergon74 collected $2.10 from pot
*** SUMMARY ***
Total pot $2.19 | Rake $0.09 
Board [Ks Qh Qc 2c Jc]
Seat 1: pokergon74 (small blind) showed [Ac Th] and won ($2.10) with a straight, Ten to Ace
Seat 2: eurosmile505 (big blind) folded before Flop
Seat 4: BezDopinga folded before Flop (didn't bet)
Seat 5: Millers1234 mucked [Ah As]
Seat 6: Colt_BLR folded before Flop (didn't bet)
Seat 7: Dorex2007 folded before Flop (didn't bet)
Seat 8: meldrew71 folded before Flop (didn't bet)
Seat 9: absfcknglyntley (button) folded before Flop (didn't bet)



PokerStars Hand #238498733102:  Hold'em No Limit ($0.02/$0.05 USD) - 2022/09/08 11:30:02 PT [2022/09/08 14:30:02 ET]
Table 'Nerina' 9-max Seat #1 is the button
Seat 1: pokergon74 ($4.52 in chips) 
Seat 2: eurosmile505 ($5.35 in chips) 
Seat 3: L1mp007 ($5 in chips) 
Seat 4: BezDopinga ($3.62 in chips) 
Seat 5: Millers1234 ($5 in chips) 
Seat 6: Colt_BLR ($6.27 in chips) 
Seat 7: Dorex2007 ($5.40 in chips) 
Seat 8: meldrew71 ($8.30 in chips) 
Seat 9: absfcknglyntley ($5.43 in chips) 
eurosmile505: posts small blind $0.02
L1mp007: posts big blind $0.05
*** HOLE CARDS ***
Dealt to Dorex2007 [7d 9d]
BezDopinga: folds 
Millers1234: folds 
Colt_BLR: folds 
Dorex2007: folds 
meldrew71: calls $0.05
absfcknglyntley: raises $0.15 to $0.20
pokergon74: folds 
eurosmile505: folds 
L1mp007: folds 
meldrew71: calls $0.15
*** FLOP *** [2h 4c Tc]
meldrew71: checks 
absfcknglyntley: bets $0.22
meldrew71: calls $0.22
*** TURN *** [2h 4c Tc] [Js]
meldrew71: bets $0.87
absfcknglyntley: folds 
Uncalled bet ($0.87) returned to meldrew71
meldrew71 collected $0.87 from pot
*** SUMMARY ***
Total pot $0.91 | Rake $0.04 
Board [2h 4c Tc Js]
Seat 1: pokergon74 (button) folded before Flop (didn't bet)
Seat 2: eurosmile505 (small blind) folded before Flop
Seat 3: L1mp007 (big blind) folded before Flop
Seat 4: BezDopinga folded before Flop (didn't bet)
Seat 5: Millers1234 folded before Flop (didn't bet)
Seat 6: Colt_BLR folded before Flop (didn't bet)
Seat 7: Dorex2007 folded before Flop (didn't bet)
Seat 8: meldrew71 collected ($0.87)
Seat 9: absfcknglyntley folded on the Turn



PokerStars Hand #238498759853:  Hold'em No Limit ($0.02/$0.05 USD) - 2022/09/08 11:31:12 PT [2022/09/08 14:31:12 ET]
Table 'Nerina' 9-max Seat #2 is the button
Seat 1: pokergon74 ($4.52 in chips) 
Seat 2: eurosmile505 ($5.33 in chips) 
Seat 3: L1mp007 ($4.95 in chips) 
Seat 4: BezDopinga ($3.62 in chips) 
Seat 5: Millers1234 ($5 in chips) 
Seat 6: Colt_BLR ($6.27 in chips) 
Seat 7: Dorex2007 ($5.40 in chips) 
Seat 8: meldrew71 ($8.75 in chips) 
Seat 9: absfcknglyntley ($5.01 in chips) 
L1mp007: posts small blind $0.02
BezDopinga: posts big blind $0.05
*** HOLE CARDS ***
Dealt to Dorex2007 [Kh 4c]
Millers1234: folds 
Colt_BLR: folds 
Dorex2007: folds 
meldrew71: folds 
absfcknglyntley: raises $0.07 to $0.12
pokergon74: folds 
eurosmile505: folds 
L1mp007: folds 
BezDopinga: folds 
Uncalled bet ($0.07) returned to absfcknglyntley
absfcknglyntley collected $0.12 from pot
absfcknglyntley: doesn't show hand 
*** SUMMARY ***
Total pot $0.12 | Rake $0 
Seat 1: pokergon74 folded before Flop (didn't bet)
Seat 2: eurosmile505 (button) folded before Flop (didn't bet)
Seat 3: L1mp007 (small blind) folded before Flop
Seat 4: BezDopinga (big blind) folded before Flop
Seat 5: Millers1234 folded before Flop (didn't bet)
Seat 6: Colt_BLR folded before Flop (didn't bet)
Seat 7: Dorex2007 folded before Flop (didn't bet)
Seat 8: meldrew71 folded before Flop (didn't bet)
Seat 9: absfcknglyntley collected ($0.12)



PokerStars Hand #238498770197:  Hold'em No Limit ($0.02/$0.05 USD) - 2022/09/08 11:31:40 PT [2022/09/08 14:31:40 ET]
Table 'Nerina' 9-max Seat #3 is the button
Seat 1: pokergon74 ($4.52 in chips) 
Seat 2: eurosmile505 ($5.33 in chips) 
Seat 3: L1mp007 ($4.93 in chips) 
Seat 4: BezDopinga ($3.57 in chips) 
Seat 5: Millers1234 ($5 in chips) 
Seat 6: Colt_BLR ($6.27 in chips) 
Seat 7: Dorex2007 ($5.40 in chips) 
Seat 8: meldrew71 ($8.75 in chips) 
Seat 9: absfcknglyntley ($5.08 in chips) 
BezDopinga: posts small blind $0.02
Millers1234: posts big blind $0.05
*** HOLE CARDS ***
Dealt to Dorex2007 [Kh 8c]
Colt_BLR: folds 
Dorex2007: folds 
meldrew71: calls $0.05
absfcknglyntley: folds 
pokergon74: calls $0.05
eurosmile505: folds 
L1mp007: raises $0.15 to $0.20
BezDopinga: folds 
Millers1234: folds 
meldrew71: calls $0.15
pokergon74: calls $0.15
*** FLOP *** [5h Qd Kc]
meldrew71: checks 
pokergon74: checks 
L1mp007: checks 
*** TURN *** [5h Qd Kc] [Qs]
meldrew71: bets $0.32
pokergon74: calls $0.32
L1mp007: folds 
*** RIVER *** [5h Qd Kc Qs] [2c]
meldrew71: checks 
pokergon74: bets $1.26
meldrew71: folds 
Uncalled bet ($1.26) returned to pokergon74
pokergon74 collected $1.26 from pot
pokergon74: doesn't show hand 
*** SUMMARY ***
Total pot $1.31 | Rake $0.05 
Board [5h Qd Kc Qs 2c]
Seat 1: pokergon74 collected ($1.26)
Seat 2: eurosmile505 folded before Flop (didn't bet)
Seat 3: L1mp007 (button) folded on the Turn
Seat 4: BezDopinga (small blind) folded before Flop
Seat 5: Millers1234 (big blind) folded before Flop
Seat 6: Colt_BLR folded before Flop (didn't bet)
Seat 7: Dorex2007 folded before Flop (didn't bet)
Seat 8: meldrew71 folded on the River
Seat 9: absfcknglyntley folded before Flop (didn't bet)



PokerStars Hand #238498800290:  Hold'em No Limit ($0.02/$0.05 USD) - 2022/09/08 11:32:59 PT [2022/09/08 14:32:59 ET]
Table 'Nerina' 9-max Seat #4 is the button
Seat 1: pokergon74 ($5.26 in chips) 
Seat 2: eurosmile505 ($5.33 in chips) 
Seat 3: L1mp007 ($4.73 in chips) 
Seat 4: BezDopinga ($3.55 in chips) 
Seat 5: Millers1234 ($5 in chips) 
Seat 6: Colt_BLR ($6.27 in chips) 
Seat 7: Dorex2007 ($5.40 in chips) 
Seat 8: meldrew71 ($8.23 in chips) 
Seat 9: absfcknglyntley ($5.08 in chips) 
Millers1234: posts small blind $0.02
Colt_BLR: posts big blind $0.05
*** HOLE CARDS ***
Dealt to Dorex2007 [4d 8c]
Dorex2007: folds 
meldrew71: calls $0.05
absfcknglyntley: folds 
pokergon74: folds 
eurosmile505: folds 
L1mp007: folds 
BezDopinga: calls $0.05
Millers1234: calls $0.03
Colt_BLR: checks 
*** FLOP *** [8s 5d Jh]
Millers1234: checks 
Colt_BLR: checks 
meldrew71: checks 
BezDopinga: bets $0.15
Millers1234: calls $0.15
Colt_BLR: folds 
meldrew71: folds 
*** TURN *** [8s 5d Jh] [7h]
Millers1234: checks 
BezDopinga: checks 
*** RIVER *** [8s 5d Jh 7h] [Th]
Millers1234: checks 
BezDopinga: checks 
*** SHOW DOWN ***
Millers1234: shows [Jc Ah] (a pair of Jacks)
BezDopinga: mucks hand 
Millers1234 collected $0.48 from pot
*** SUMMARY ***
Total pot $0.50 | Rake $0.02 
Board [8s 5d Jh 7h Th]
Seat 1: pokergon74 folded before Flop (didn't bet)
Seat 2: eurosmile505 folded before Flop (didn't bet)
Seat 3: L1mp007 folded before Flop (didn't bet)
Seat 4: BezDopinga (button) mucked [Qh Jd]
Seat 5: Millers1234 (small blind) showed [Jc Ah] and won ($0.48) with a pair of Jacks
Seat 6: Colt_BLR (big blind) folded on the Flop
Seat 7: Dorex2007 folded before Flop (didn't bet)
Seat 8: meldrew71 folded on the Flop
Seat 9: absfcknglyntley folded before Flop (didn't bet)



PokerStars Hand #238498822597:  Hold'em No Limit ($0.02/$0.05 USD) - 2022/09/08 11:33:58 PT [2022/09/08 14:33:58 ET]
Table 'Nerina' 9-max Seat #5 is the button
Seat 1: pokergon74 ($5.26 in chips) 
Seat 2: eurosmile505 ($5.33 in chips) 
Seat 3: L1mp007 ($5 in chips) 
Seat 4: BezDopinga ($3.35 in chips) 
Seat 5: Millers1234 ($5.28 in chips) 
Seat 6: Colt_BLR ($6.22 in chips) 
Seat 7: Dorex2007 ($5.40 in chips) 
Seat 8: meldrew71 ($8.18 in chips) 
Seat 9: absfcknglyntley ($5.08 in chips) 
Colt_BLR: posts small blind $0.02
Dorex2007: posts big blind $0.05
*** HOLE CARDS ***
Dealt to Dorex2007 [5c Qs]
meldrew71: calls $0.05
absfcknglyntley: folds 
pokergon74: calls $0.05
eurosmile505: folds 
L1mp007: folds 
BezDopinga: calls $0.05
Millers1234: folds 
Colt_BLR: folds 
Dorex2007: checks 
*** FLOP *** [7c Tc 6d]
Dorex2007: checks 
meldrew71: checks 
pokergon74: checks 
BezDopinga: checks 
*** TURN *** [7c Tc 6d] [Th]
Dorex2007: checks 
meldrew71: checks 
pokergon74: checks 
BezDopinga: checks 
*** RIVER *** [7c Tc 6d Th] [9s]
Dorex2007: checks 
meldrew71: bets $0.21
pokergon74: raises $0.21 to $0.42
BezDopinga: folds 
Dorex2007: folds 
meldrew71: calls $0.21
*** SHOW DOWN ***
pokergon74: shows [7h 8s] (a straight, Six to Ten)
meldrew71: shows [8h 2h] (a straight, Six to Ten)
meldrew71 collected $0.51 from pot
pokergon74 collected $0.51 from pot
*** SUMMARY ***
Total pot $1.06 | Rake $0.04 
Board [7c Tc 6d Th 9s]
Seat 1: pokergon74 showed [7h 8s] and won ($0.51) with a straight, Six to Ten
Seat 2: eurosmile505 folded before Flop (didn't bet)
Seat 3: L1mp007 folded before Flop (didn't bet)
Seat 4: BezDopinga folded on the River
Seat 5: Millers1234 (button) folded before Flop (didn't bet)
Seat 6: Colt_BLR (small blind) folded before Flop
Seat 7: Dorex2007 (big blind) folded on the River
Seat 8: meldrew71 showed [8h 2h] and won ($0.51) with a straight, Six to Ten
Seat 9: absfcknglyntley folded before Flop (didn't bet)



PokerStars Hand #238498849739:  Hold'em No Limit ($0.02/$0.05 USD) - 2022/09/08 11:35:09 PT [2022/09/08 14:35:09 ET]
Table 'Nerina' 9-max Seat #6 is the button
Seat 1: pokergon74 ($5.30 in chips) 
Seat 2: eurosmile505 ($5.33 in chips) 
Seat 3: L1mp007 ($5 in chips) 
Seat 4: BezDopinga ($3.30 in chips) 
Seat 5: Millers1234 ($5.28 in chips) 
Seat 6: Colt_BLR ($6.20 in chips) 
Seat 7: Dorex2007 ($5.35 in chips) 
Seat 8: meldrew71 ($8.22 in chips) 
Seat 9: absfcknglyntley ($5.08 in chips) 
Dorex2007: posts small blind $0.02
meldrew71: posts big blind $0.05
*** HOLE CARDS ***
Dealt to Dorex2007 [2d Tc]
absfcknglyntley: folds 
pokergon74: folds 
eurosmile505: raises $0.07 to $0.12
L1mp007: folds 
BezDopinga: folds 
Millers1234: folds 
Colt_BLR: folds 
Dorex2007: folds 
meldrew71: calls $0.07
*** FLOP *** [4c Qh 8h]
meldrew71: checks 
eurosmile505: bets $0.13
meldrew71: raises $0.13 to $0.26
eurosmile505: calls $0.13
*** TURN *** [4c Qh 8h] [8d]
meldrew71: bets $0.75
eurosmile505: calls $0.75
*** RIVER *** [4c Qh 8h 8d] [4h]
meldrew71: checks 
eurosmile505: checks 
*** SHOW DOWN ***
meldrew71: shows [Jd Kd] (two pair, Eights and Fours)
eurosmile505: shows [Ah Qs] (two pair, Queens and Eights)
eurosmile505 collected $2.19 from pot
*** SUMMARY ***
Total pot $2.28 | Rake $0.09 
Board [4c Qh 8h 8d 4h]
Seat 1: pokergon74 folded before Flop (didn't bet)
Seat 2: eurosmile505 showed [Ah Qs] and won ($2.19) with two pair, Queens and Eights
Seat 3: L1mp007 folded before Flop (didn't bet)
Seat 4: BezDopinga folded before Flop (didn't bet)
Seat 5: Millers1234 folded before Flop (didn't bet)
Seat 6: Colt_BLR (button) folded before Flop (didn't bet)
Seat 7: Dorex2007 (small blind) folded before Flop
Seat 8: meldrew71 (big blind) showed [Jd Kd] and lost with two pair, Eights and Fours
Seat 9: absfcknglyntley folded before Flop (didn't bet)



PokerStars Hand #238498873572:  Hold'em No Limit ($0.02/$0.05 USD) - 2022/09/08 11:36:12 PT [2022/09/08 14:36:12 ET]
Table 'Nerina' 9-max Seat #7 is the button
Seat 1: pokergon74 ($5.30 in chips) 
Seat 2: eurosmile505 ($6.39 in chips) 
Seat 3: L1mp007 ($5 in chips) 
Seat 4: BezDopinga ($3.30 in chips) 
Seat 5: Millers1234 ($5.28 in chips) 
Seat 6: Colt_BLR ($6.20 in chips) 
Seat 7: Dorex2007 ($5.33 in chips) 
Seat 8: meldrew71 ($7.09 in chips) 
Seat 9: absfcknglyntley ($5.08 in chips) 
meldrew71: posts small blind $0.02
absfcknglyntley: posts big blind $0.05
*** HOLE CARDS ***
Dealt to Dorex2007 [9c 2c]
pokergon74 has timed out
pokergon74: folds 
eurosmile505: folds 
L1mp007: folds 
BezDopinga: folds 
Millers1234: folds 
Colt_BLR: raises $0.10 to $0.15
Dorex2007: folds 
meldrew71: calls $0.13
absfcknglyntley: folds 
*** FLOP *** [Ad Ah 2h]
meldrew71: checks 
Colt_BLR: checks 
*** TURN *** [Ad Ah 2h] [8d]
meldrew71: checks 
Colt_BLR: bets $0.23
meldrew71: calls $0.23
*** RIVER *** [Ad Ah 2h 8d] [Kd]
meldrew71: checks 
Colt_BLR: bets $0.52
meldrew71: calls $0.52
*** SHOW DOWN ***
Colt_BLR: shows [Jc As] (three of a kind, Aces)
meldrew71: mucks hand 
Colt_BLR collected $1.77 from pot
*** SUMMARY ***
Total pot $1.85 | Rake $0.08 
Board [Ad Ah 2h 8d Kd]
Seat 1: pokergon74 folded before Flop (didn't bet)
Seat 2: eurosmile505 folded before Flop (didn't bet)
Seat 3: L1mp007 folded before Flop (didn't bet)
Seat 4: BezDopinga folded before Flop (didn't bet)
Seat 5: Millers1234 folded before Flop (didn't bet)
Seat 6: Colt_BLR showed [Jc As] and won ($1.77) with three of a kind, Aces
Seat 7: Dorex2007 (button) folded before Flop (didn't bet)
Seat 8: meldrew71 (small blind) mucked [Th Kh]
Seat 9: absfcknglyntley (big blind) folded before Flop



PokerStars Hand #238498894856:  Hold'em No Limit ($0.02/$0.05 USD) - 2022/09/08 11:37:08 PT [2022/09/08 14:37:08 ET]
Table 'Nerina' 9-max Seat #8 is the button
Seat 1: pokergon74 ($5.30 in chips) 
Seat 2: eurosmile505 ($6.39 in chips) 
Seat 3: L1mp007 ($5 in chips) 
Seat 4: BezDopinga ($3.30 in chips) 
Seat 5: Millers1234 ($5.28 in chips) 
Seat 6: Colt_BLR ($7.07 in chips) 
Seat 7: Dorex2007 ($5.33 in chips) 
Seat 8: meldrew71 ($6.19 in chips) 
Seat 9: absfcknglyntley ($5.03 in chips) 
absfcknglyntley: posts small blind $0.02
pokergon74: posts big blind $0.05
*** HOLE CARDS ***
Dealt to Dorex2007 [2d 3s]
eurosmile505: folds 
L1mp007: folds 
BezDopinga: folds 
Millers1234: raises $0.10 to $0.15
Colt_BLR: folds 
Dorex2007: folds 
meldrew71: raises $0.37 to $0.52
absfcknglyntley: folds 
pokergon74: folds 
Millers1234: folds 
Uncalled bet ($0.37) returned to meldrew71
meldrew71 collected $0.37 from pot
*** SUMMARY ***
Total pot $0.37 | Rake $0 
Seat 1: pokergon74 (big blind) folded before Flop
Seat 2: eurosmile505 folded before Flop (didn't bet)
Seat 3: L1mp007 folded before Flop (didn't bet)
Seat 4: BezDopinga folded before Flop (didn't bet)
Seat 5: Millers1234 folded before Flop
Seat 6: Colt_BLR folded before Flop (didn't bet)
Seat 7: Dorex2007 folded before Flop (didn't bet)
Seat 8: meldrew71 (button) collected ($0.37)
Seat 9: absfcknglyntley (small blind) folded before Flop



PokerStars Hand #238498905251:  Hold'em No Limit ($0.02/$0.05 USD) - 2022/09/08 11:37:35 PT [2022/09/08 14:37:35 ET]
Table 'Nerina' 9-max Seat #9 is the button
Seat 1: pokergon74 ($5.25 in chips) 
Seat 2: eurosmile505 ($6.39 in chips) 
Seat 3: L1mp007 ($5 in chips) 
Seat 4: BezDopinga ($3.30 in chips) 
Seat 5: Millers1234 ($5.13 in chips) 
Seat 6: Colt_BLR ($7.07 in chips) 
Seat 7: Dorex2007 ($5.33 in chips) 
Seat 8: meldrew71 ($6.41 in chips) 
Seat 9: absfcknglyntley ($5.01 in chips) 
pokergon74: posts small blind $0.02
eurosmile505: posts big blind $0.05
*** HOLE CARDS ***
Dealt to Dorex2007 [5h Td]
L1mp007: raises $0.10 to $0.15
BezDopinga: folds 
Millers1234: folds 
Colt_BLR: folds 
Dorex2007: folds 
meldrew71: folds 
absfcknglyntley: raises $0.30 to $0.45
pokergon74: folds 
eurosmile505: folds 
L1mp007: calls $0.30
*** FLOP *** [8d 7s 3h]
L1mp007: checks 
absfcknglyntley: bets $0.46
L1mp007: folds 
Uncalled bet ($0.46) returned to absfcknglyntley
absfcknglyntley collected $0.93 from pot
absfcknglyntley: doesn't show hand 
*** SUMMARY ***
Total pot $0.97 | Rake $0.04 
Board [8d 7s 3h]
Seat 1: pokergon74 (small blind) folded before Flop
Seat 2: eurosmile505 (big blind) folded before Flop
Seat 3: L1mp007 folded on the Flop
Seat 4: BezDopinga folded before Flop (didn't bet)
Seat 5: Millers1234 folded before Flop (didn't bet)
Seat 6: Colt_BLR folded before Flop (didn't bet)
Seat 7: Dorex2007 folded before Flop (didn't bet)
Seat 8: meldrew71 folded before Flop (didn't bet)
Seat 9: absfcknglyntley (button) collected ($0.93)



PokerStars Hand #238498931229:  Hold'em No Limit ($0.02/$0.05 USD) - 2022/09/08 11:38:43 PT [2022/09/08 14:38:43 ET]
Table 'Nerina' 9-max Seat #1 is the button
Seat 1: pokergon74 ($5.23 in chips) 
Seat 2: eurosmile505 ($6.34 in chips) 
Seat 3: L1mp007 ($4.55 in chips) 
Seat 4: BezDopinga ($3.30 in chips) 
Seat 5: Millers1234 ($5.13 in chips) 
Seat 6: Colt_BLR ($7.07 in chips) 
Seat 7: Dorex2007 ($5.33 in chips) 
Seat 8: meldrew71 ($6.41 in chips) 
Seat 9: absfcknglyntley ($5.49 in chips) 
eurosmile505: posts small blind $0.02
L1mp007: posts big blind $0.05
*** HOLE CARDS ***
Dealt to Dorex2007 [Ad Jc]
BezDopinga: raises $0.10 to $0.15
Millers1234: folds 
Colt_BLR: folds 
Dorex2007: calls $0.15
meldrew71: folds 
absfcknglyntley: folds 
pokergon74: folds 
eurosmile505: calls $0.13
L1mp007: folds 
*** FLOP *** [4h Qs 5s]
eurosmile505: checks 
BezDopinga: bets $0.24
Dorex2007: folds 
eurosmile505: calls $0.24
*** TURN *** [4h Qs 5s] [Ts]
eurosmile505: checks 
BezDopinga: checks 
*** RIVER *** [4h Qs 5s Ts] [8s]
eurosmile505: checks 
BezDopinga: checks 
*** SHOW DOWN ***
eurosmile505: shows [9s 9c] (a flush, Queen high)
BezDopinga: mucks hand 
eurosmile505 collected $0.94 from pot
*** SUMMARY ***
Total pot $0.98 | Rake $0.04 
Board [4h Qs 5s Ts 8s]
Seat 1: pokergon74 (button) folded before Flop (didn't bet)
Seat 2: eurosmile505 (small blind) showed [9s 9c] and won ($0.94) with a flush, Queen high
Seat 3: L1mp007 (big blind) folded before Flop
Seat 4: BezDopinga mucked [Jh Jd]
Seat 5: Millers1234 folded before Flop (didn't bet)
Seat 6: Colt_BLR folded before Flop (didn't bet)
Seat 7: Dorex2007 folded on the Flop
Seat 8: meldrew71 folded before Flop (didn't bet)
Seat 9: absfcknglyntley folded before Flop (didn't bet)



PokerStars Hand #238498954756:  Hold'em No Limit ($0.02/$0.05 USD) - 2022/09/08 11:39:45 PT [2022/09/08 14:39:45 ET]
Table 'Nerina' 9-max Seat #2 is the button
Seat 1: pokergon74 ($5.23 in chips) 
Seat 2: eurosmile505 ($6.89 in chips) 
Seat 3: L1mp007 ($4.95 in chips) 
Seat 4: BezDopinga ($2.91 in chips) 
Seat 5: Millers1234 ($5.13 in chips) 
Seat 6: Colt_BLR ($7.07 in chips) 
Seat 7: Dorex2007 ($5.18 in chips) 
Seat 8: meldrew71 ($6.41 in chips) 
Seat 9: absfcknglyntley ($5.49 in chips) 
L1mp007: posts small blind $0.02
BezDopinga: posts big blind $0.05
*** HOLE CARDS ***
Dealt to Dorex2007 [5d 4h]
Millers1234: folds 
Colt_BLR: folds 
Dorex2007: folds 
meldrew71: calls $0.05
absfcknglyntley: raises $0.15 to $0.20
pokergon74: folds 
eurosmile505: raises $0.45 to $0.65
L1mp007: folds 
BezDopinga: folds 
meldrew71: calls $0.60
absfcknglyntley: folds 
*** FLOP *** [5h Ks Ah]
meldrew71: checks 
eurosmile505: bets $0.75
meldrew71: calls $0.75
*** TURN *** [5h Ks Ah] [Td]
meldrew71: checks 
BezDopinga leaves the table
eurosmile505: bets $1.47
meldrew71: calls $1.47
*** RIVER *** [5h Ks Ah Td] [2c]
meldrew71: checks 
eurosmile505: bets $2.88
uwesteimle joins the table at seat #4 
meldrew71: raises $0.66 to $3.54 and is all-in
eurosmile505: calls $0.66
*** SHOW DOWN ***
meldrew71: shows [Ts Tc] (three of a kind, Tens)
eurosmile505: shows [Kh Kc] (three of a kind, Kings)
eurosmile505 collected $12.55 from pot
*** SUMMARY ***
Total pot $13.09 | Rake $0.54 
Board [5h Ks Ah Td 2c]
Seat 1: pokergon74 folded before Flop (didn't bet)
Seat 2: eurosmile505 (button) showed [Kh Kc] and won ($12.55) with three of a kind, Kings
Seat 3: L1mp007 (small blind) folded before Flop
Seat 4: BezDopinga (big blind) folded before Flop
Seat 5: Millers1234 folded before Flop (didn't bet)
Seat 6: Colt_BLR folded before Flop (didn't bet)
Seat 7: Dorex2007 folded before Flop (didn't bet)
Seat 8: meldrew71 showed [Ts Tc] and lost with three of a kind, Tens
Seat 9: absfcknglyntley folded before Flop



PokerStars Hand #238499002126:  Hold'em No Limit ($0.02/$0.05 USD) - 2022/09/08 11:41:48 PT [2022/09/08 14:41:48 ET]
Table 'Nerina' 9-max Seat #3 is the button
Seat 1: pokergon74 ($5.23 in chips) 
Seat 2: eurosmile505 ($13.03 in chips) 
Seat 3: L1mp007 ($4.93 in chips) 
Seat 5: Millers1234 ($5.13 in chips) 
Seat 6: Colt_BLR ($7.07 in chips) 
Seat 7: Dorex2007 ($5.18 in chips) 
Seat 9: absfcknglyntley ($5.29 in chips) 
Millers1234: posts small blind $0.02
Colt_BLR: posts big blind $0.05
*** HOLE CARDS ***
Dealt to Dorex2007 [Kd Ks]
Dorex2007: raises $0.10 to $0.15
absfcknglyntley: folds 
pokergon74: calls $0.15
eurosmile505: folds 
L1mp007: folds 
Millers1234: folds 
Colt_BLR: folds 
*** FLOP *** [Td 8s 2c]
Dorex2007: bets $0.35
pokergon74: calls $0.35
*** TURN *** [Td 8s 2c] [7c]
Dorex2007: bets $1.03
pokergon74: raises $1.03 to $2.06
Dorex2007: raises $2.62 to $4.68 and is all-in
pokergon74: calls $2.62
*** RIVER *** [Td 8s 2c 7c] [4s]
*** SHOW DOWN ***
Dorex2007: shows [Kd Ks] (a pair of Kings)
pokergon74: shows [Tc 8c] (two pair, Tens and Eights)
pokergon74 collected $10 from pot
Dorex2007 cashed out the hand for $1.58 | Cash Out Fee $0.02
*** SUMMARY ***
Total pot $10.43 | Rake $0.43 
Board [Td 8s 2c 7c 4s]
Seat 1: pokergon74 showed [Tc 8c] and won ($10) with two pair, Tens and Eights
Seat 2: eurosmile505 folded before Flop (didn't bet)
Seat 3: L1mp007 (button) folded before Flop (didn't bet)
Seat 5: Millers1234 (small blind) folded before Flop
Seat 6: Colt_BLR (big blind) folded before Flop
Seat 7: Dorex2007 showed [Kd Ks] and lost with a pair of Kings (cashed out).
Seat 9: absfcknglyntley folded before Flop (didn't bet)



PokerStars Hand #238499033988:  Hold'em No Limit ($0.02/$0.05 USD) - 2022/09/08 11:43:11 PT [2022/09/08 14:43:11 ET]
Table 'Nerina' 9-max Seat #5 is the button
Seat 1: pokergon74 ($10.05 in chips) 
Seat 2: eurosmile505 ($13.03 in chips) 
Seat 3: L1mp007 ($4.93 in chips) 
Seat 5: Millers1234 ($5.11 in chips) 
Seat 6: Colt_BLR ($7.02 in chips) 
Seat 7: Dorex2007 ($5 in chips) 
Seat 8: meldrew71 ($5 in chips) 
Seat 9: absfcknglyntley ($5.29 in chips) 
Colt_BLR: posts small blind $0.02
Dorex2007: posts big blind $0.05
uwesteimle: sits out 
*** HOLE CARDS ***
Dealt to Dorex2007 [Js Jc]
meldrew71 has timed out
meldrew71: folds 
absfcknglyntley: folds 
pokergon74: calls $0.05
eurosmile505: folds 
L1mp007: folds 
Millers1234: folds 
Colt_BLR: folds 
Dorex2007: raises $0.12 to $0.17
pokergon74: calls $0.12
*** FLOP *** [Th 8h 7s]
Dorex2007: bets $0.35
pokergon74: calls $0.35
*** TURN *** [Th 8h 7s] [Ad]
Dorex2007: checks 
pokergon74: checks 
*** RIVER *** [Th 8h 7s Ad] [6s]
Dorex2007: bets $0.51
pokergon74: raises $0.51 to $1.02
Dorex2007: calls $0.51
*** SHOW DOWN ***
pokergon74: shows [Kh 9h] (a straight, Six to Ten)
Dorex2007: mucks hand 
pokergon74 collected $2.97 from pot
*** SUMMARY ***
Total pot $3.10 | Rake $0.13 
Board [Th 8h 7s Ad 6s]
Seat 1: pokergon74 showed [Kh 9h] and won ($2.97) with a straight, Six to Ten
Seat 2: eurosmile505 folded before Flop (didn't bet)
Seat 3: L1mp007 folded before Flop (didn't bet)
Seat 5: Millers1234 (button) folded before Flop (didn't bet)
Seat 6: Colt_BLR (small blind) folded before Flop
Seat 7: Dorex2007 (big blind) mucked [Js Jc]
Seat 8: meldrew71 folded before Flop (didn't bet)
Seat 9: absfcknglyntley folded before Flop (didn't bet)



PokerStars Hand #238499057504:  Hold'em No Limit ($0.02/$0.05 USD) - 2022/09/08 11:44:13 PT [2022/09/08 14:44:13 ET]
Table 'Nerina' 9-max Seat #6 is the button
Seat 1: pokergon74 ($11.48 in chips) 
Seat 2: eurosmile505 ($13.03 in chips) 
Seat 3: L1mp007 ($4.93 in chips) 
Seat 4: uwesteimle ($4 in chips) 
Seat 5: Millers1234 ($5.11 in chips) 
Seat 6: Colt_BLR ($7 in chips) 
Seat 7: Dorex2007 ($5 in chips) 
Seat 9: absfcknglyntley ($5.29 in chips) 
Dorex2007: posts small blind $0.02
absfcknglyntley: posts big blind $0.05
uwesteimle: posts big blind $0.05
*** HOLE CARDS ***
Dealt to Dorex2007 [Qd 3h]
pokergon74: folds 
eurosmile505: folds 
L1mp007: folds 
uwesteimle: checks 
Millers1234: folds 
Colt_BLR: folds 
Dorex2007: folds 
absfcknglyntley: raises $0.12 to $0.17
uwesteimle: folds 
Uncalled bet ($0.12) returned to absfcknglyntley
absfcknglyntley collected $0.12 from pot
absfcknglyntley: doesn't show hand 
*** SUMMARY ***
Total pot $0.12 | Rake $0 
Seat 1: pokergon74 folded before Flop (didn't bet)
Seat 2: eurosmile505 folded before Flop (didn't bet)
Seat 3: L1mp007 folded before Flop (didn't bet)
Seat 4: uwesteimle folded before Flop (didn't bet)
Seat 5: Millers1234 folded before Flop (didn't bet)
Seat 6: Colt_BLR (button) folded before Flop (didn't bet)
Seat 7: Dorex2007 (small blind) folded before Flop
Seat 9: absfcknglyntley (big blind) collected ($0.12)



PokerStars Hand #238499078681:  Hold'em No Limit ($0.02/$0.05 USD) - 2022/09/08 11:45:08 PT [2022/09/08 14:45:08 ET]
Table 'Nerina' 9-max Seat #7 is the button
Seat 1: pokergon74 ($11.48 in chips) 
Seat 2: eurosmile505 ($13.03 in chips) 
Seat 3: L1mp007 ($4.93 in chips) 
Seat 4: uwesteimle ($3.95 in chips) 
Seat 5: Millers1234 ($5.11 in chips) 
Seat 6: Colt_BLR ($7 in chips) 
Seat 7: Dorex2007 ($5 in chips) 
Seat 9: absfcknglyntley ($5.36 in chips) 
absfcknglyntley: posts small blind $0.02
pokergon74: posts big blind $0.05
*** HOLE CARDS ***
Dealt to Dorex2007 [2s Qs]
eurosmile505: raises $0.07 to $0.12
L1mp007: folds 
uwesteimle has timed out
uwesteimle: folds 
Millers1234: folds 
Colt_BLR: folds 
Dorex2007: folds 
absfcknglyntley: folds 
pokergon74: calls $0.07
*** FLOP *** [Ah 6c Ks]
pokergon74: checks 
eurosmile505: bets $0.13
pokergon74: folds 
Uncalled bet ($0.13) returned to eurosmile505
eurosmile505 collected $0.25 from pot
eurosmile505: doesn't show hand 
*** SUMMARY ***
Total pot $0.26 | Rake $0.01 
Board [Ah 6c Ks]
Seat 1: pokergon74 (big blind) folded on the Flop
Seat 2: eurosmile505 collected ($0.25)
Seat 3: L1mp007 folded before Flop (didn't bet)
Seat 4: uwesteimle folded before Flop (didn't bet)
Seat 5: Millers1234 folded before Flop (didn't bet)
Seat 6: Colt_BLR folded before Flop (didn't bet)
Seat 7: Dorex2007 (button) folded before Flop (didn't bet)
Seat 9: absfcknglyntley (small blind) folded before Flop



PokerStars Hand #238499100154:  Hold'em No Limit ($0.02/$0.05 USD) - 2022/09/08 11:46:05 PT [2022/09/08 14:46:05 ET]
Table 'Nerina' 9-max Seat #9 is the button
Seat 1: pokergon74 ($11.36 in chips) 
Seat 2: eurosmile505 ($13.16 in chips) 
Seat 3: L1mp007 ($4.93 in chips) 
Seat 4: uwesteimle ($3.95 in chips) 
Seat 5: Millers1234 ($5.11 in chips) 
Seat 6: Colt_BLR ($7 in chips) 
Seat 7: Dorex2007 ($5 in chips) 
Seat 8: meldrew71 ($5 in chips) 
Seat 9: absfcknglyntley ($5.34 in chips) 
pokergon74: posts small blind $0.02
eurosmile505: posts big blind $0.05
meldrew71: posts small & big blinds $0.07
*** HOLE CARDS ***
Dealt to Dorex2007 [7d 4c]
L1mp007: folds 
uwesteimle: folds 
Millers1234: folds 
Colt_BLR: folds 
Dorex2007: folds 
meldrew71: checks 
absfcknglyntley: raises $0.15 to $0.20
pokergon74: folds 
eurosmile505: folds 
meldrew71: calls $0.15
*** FLOP *** [8c Js Ad]
meldrew71: checks 
absfcknglyntley: bets $0.23
meldrew71: calls $0.23
*** TURN *** [8c Js Ad] [6c]
meldrew71: checks 
absfcknglyntley: bets $0.45
meldrew71: calls $0.45
*** RIVER *** [8c Js Ad 6c] [5h]
meldrew71: checks 
absfcknglyntley: checks 
*** SHOW DOWN ***
meldrew71: shows [8s 2h] (a pair of Eights)
absfcknglyntley: shows [As 9d] (a pair of Aces)
absfcknglyntley collected $1.77 from pot
*** SUMMARY ***
Total pot $1.85 | Rake $0.08 
Board [8c Js Ad 6c 5h]
Seat 1: pokergon74 (small blind) folded before Flop
Seat 2: eurosmile505 (big blind) folded before Flop
Seat 3: L1mp007 folded before Flop (didn't bet)
Seat 4: uwesteimle folded before Flop (didn't bet)
Seat 5: Millers1234 folded before Flop (didn't bet)
Seat 6: Colt_BLR folded before Flop (didn't bet)
Seat 7: Dorex2007 folded before Flop (didn't bet)
Seat 8: meldrew71 showed [8s 2h] and lost with a pair of Eights
Seat 9: absfcknglyntley (button) showed [As 9d] and won ($1.77) with a pair of Aces



PokerStars Hand #238499125185:  Hold'em No Limit ($0.02/$0.05 USD) - 2022/09/08 11:47:09 PT [2022/09/08 14:47:09 ET]
Table 'Nerina' 9-max Seat #1 is the button
Seat 1: pokergon74 ($11.34 in chips) 
Seat 2: eurosmile505 ($13.11 in chips) 
Seat 3: L1mp007 ($4.93 in chips) 
Seat 4: uwesteimle ($3.95 in chips) 
Seat 5: Millers1234 ($5.11 in chips) 
Seat 6: Colt_BLR ($7 in chips) 
Seat 7: Dorex2007 ($5 in chips) 
Seat 8: meldrew71 ($4.10 in chips) 
Seat 9: absfcknglyntley ($6.23 in chips) 
eurosmile505: posts small blind $0.02
L1mp007: posts big blind $0.05
*** HOLE CARDS ***
Dealt to Dorex2007 [5d Jh]
uwesteimle: calls $0.05
Millers1234: folds 
Colt_BLR: folds 
Dorex2007: folds 
meldrew71: calls $0.05
absfcknglyntley: raises $0.20 to $0.25
pokergon74: folds 
eurosmile505: folds 
L1mp007: folds 
uwesteimle: calls $0.20
meldrew71: calls $0.20
*** FLOP *** [8d 3s 7c]
uwesteimle: bets $0.39
meldrew71: calls $0.39
absfcknglyntley: folds 
*** TURN *** [8d 3s 7c] [6d]
uwesteimle: checks 
meldrew71: bets $0.76
uwesteimle: folds 
Uncalled bet ($0.76) returned to meldrew71
meldrew71 collected $1.53 from pot
*** SUMMARY ***
Total pot $1.60 | Rake $0.07 
Board [8d 3s 7c 6d]
Seat 1: pokergon74 (button) folded before Flop (didn't bet)
Seat 2: eurosmile505 (small blind) folded before Flop
Seat 3: L1mp007 (big blind) folded before Flop
Seat 4: uwesteimle folded on the Turn
Seat 5: Millers1234 folded before Flop (didn't bet)
Seat 6: Colt_BLR folded before Flop (didn't bet)
Seat 7: Dorex2007 folded before Flop (didn't bet)
Seat 8: meldrew71 collected ($1.53)
Seat 9: absfcknglyntley folded on the Flop



PokerStars Hand #238499164777:  Hold'em No Limit ($0.02/$0.05 USD) - 2022/09/08 11:48:52 PT [2022/09/08 14:48:52 ET]
Table 'Nerina' 9-max Seat #2 is the button
Seat 1: pokergon74 ($11.34 in chips) 
Seat 2: eurosmile505 ($13.09 in chips) 
Seat 3: L1mp007 ($5 in chips) 
Seat 4: uwesteimle ($3.31 in chips) 
Seat 5: Millers1234 ($5.11 in chips) 
Seat 6: Colt_BLR ($7 in chips) 
Seat 7: Dorex2007 ($5 in chips) 
Seat 8: meldrew71 ($5 in chips) 
Seat 9: absfcknglyntley ($5.98 in chips) 
L1mp007: posts small blind $0.02
uwesteimle: posts big blind $0.05
*** HOLE CARDS ***
Dealt to Dorex2007 [6s 3s]
Millers1234: folds 
Colt_BLR: folds 
Dorex2007: folds 
meldrew71: folds 
absfcknglyntley: raises $0.07 to $0.12
pokergon74: folds 
eurosmile505: folds 
L1mp007: folds 
uwesteimle: calls $0.07
*** FLOP *** [4h 9c 8c]
uwesteimle: bets $0.05
absfcknglyntley: calls $0.05
*** TURN *** [4h 9c 8c] [3c]
uwesteimle: bets $0.15
absfcknglyntley: folds 
Uncalled bet ($0.15) returned to uwesteimle
uwesteimle collected $0.35 from pot
uwesteimle: doesn't show hand 
*** SUMMARY ***
Total pot $0.36 | Rake $0.01 
Board [4h 9c 8c 3c]
Seat 1: pokergon74 folded before Flop (didn't bet)
Seat 2: eurosmile505 (button) folded before Flop (didn't bet)
Seat 3: L1mp007 (small blind) folded before Flop
Seat 4: uwesteimle (big blind) collected ($0.35)
Seat 5: Millers1234 folded before Flop (didn't bet)
Seat 6: Colt_BLR folded before Flop (didn't bet)
Seat 7: Dorex2007 folded before Flop (didn't bet)
Seat 8: meldrew71 folded before Flop (didn't bet)
Seat 9: absfcknglyntley folded on the Turn



PokerStars Hand #238499185311:  Hold'em No Limit ($0.02/$0.05 USD) - 2022/09/08 11:49:45 PT [2022/09/08 14:49:45 ET]
Table 'Nerina' 9-max Seat #3 is the button
Seat 1: pokergon74 ($11.34 in chips) 
Seat 2: eurosmile505 ($13.09 in chips) 
Seat 3: L1mp007 ($4.98 in chips) 
Seat 4: uwesteimle ($3.49 in chips) 
Seat 5: Millers1234 ($5.11 in chips) 
Seat 6: Colt_BLR ($7 in chips) 
Seat 7: Dorex2007 ($5 in chips) 
Seat 8: meldrew71 ($5 in chips) 
Seat 9: absfcknglyntley ($5.81 in chips) 
uwesteimle: posts small blind $0.02
Millers1234: posts big blind $0.05
*** HOLE CARDS ***
Dealt to Dorex2007 [8c 7c]
Colt_BLR: folds 
Dorex2007: folds 
meldrew71: folds 
absfcknglyntley: folds 
pokergon74: calls $0.05
eurosmile505: folds 
L1mp007: folds 
uwesteimle: calls $0.03
Millers1234: checks 
*** FLOP *** [Js Qc Jc]
uwesteimle: checks 
Millers1234: checks 
pokergon74: checks 
*** TURN *** [Js Qc Jc] [Ad]
uwesteimle: bets $0.10
Millers1234: raises $0.30 to $0.40
pokergon74: folds 
uwesteimle: calls $0.30
*** RIVER *** [Js Qc Jc Ad] [5s]
uwesteimle: bets $0.40
Millers1234: raises $0.60 to $1
uwesteimle: calls $0.60
*** SHOW DOWN ***
Millers1234: shows [Th Ks] (a straight, Ten to Ace)
uwesteimle: mucks hand 
Millers1234 collected $2.83 from pot
*** SUMMARY ***
Total pot $2.95 | Rake $0.12 
Board [Js Qc Jc Ad 5s]
Seat 1: pokergon74 folded on the Turn
Seat 2: eurosmile505 folded before Flop (didn't bet)
Seat 3: L1mp007 (button) folded before Flop (didn't bet)
Seat 4: uwesteimle (small blind) mucked [As Kh]
Seat 5: Millers1234 (big blind) showed [Th Ks] and won ($2.83) with a straight, Ten to Ace
Seat 6: Colt_BLR folded before Flop (didn't bet)
Seat 7: Dorex2007 folded before Flop (didn't bet)
Seat 8: meldrew71 folded before Flop (didn't bet)
Seat 9: absfcknglyntley folded before Flop (didn't bet)



PokerStars Hand #238499228556:  Hold'em No Limit ($0.02/$0.05 USD) - 2022/09/08 11:51:37 PT [2022/09/08 14:51:37 ET]
Table 'Nerina' 9-max Seat #4 is the button
Seat 1: pokergon74 ($11.29 in chips) 
Seat 2: eurosmile505 ($13.09 in chips) 
Seat 3: L1mp007 ($4.98 in chips) 
Seat 4: uwesteimle ($2.04 in chips) 
Seat 5: Millers1234 ($6.49 in chips) 
Seat 6: Colt_BLR ($7 in chips) 
Seat 7: Dorex2007 ($5 in chips) 
Seat 8: meldrew71 ($5 in chips) 
Seat 9: absfcknglyntley ($5.81 in chips) 
Millers1234: posts small blind $0.02
Colt_BLR: posts big blind $0.05
*** HOLE CARDS ***
Dealt to Dorex2007 [3c 9s]
Dorex2007: folds 
meldrew71: folds 
absfcknglyntley: folds 
pokergon74: folds 
eurosmile505: folds 
L1mp007: folds 
uwesteimle: folds 
Millers1234: folds 
Uncalled bet ($0.03) returned to Colt_BLR
Colt_BLR collected $0.04 from pot
*** SUMMARY ***
Total pot $0.04 | Rake $0 
Seat 1: pokergon74 folded before Flop (didn't bet)
Seat 2: eurosmile505 folded before Flop (didn't bet)
Seat 3: L1mp007 folded before Flop (didn't bet)
Seat 4: uwesteimle (button) folded before Flop (didn't bet)
Seat 5: Millers1234 (small blind) folded before Flop
Seat 6: Colt_BLR (big blind) collected ($0.04)
Seat 7: Dorex2007 folded before Flop (didn't bet)
Seat 8: meldrew71 folded before Flop (didn't bet)
Seat 9: absfcknglyntley folded before Flop (didn't bet)



PokerStars Hand #238499241951:  Hold'em No Limit ($0.02/$0.05 USD) - 2022/09/08 11:52:11 PT [2022/09/08 14:52:11 ET]
Table 'Nerina' 9-max Seat #5 is the button
Seat 1: pokergon74 ($11.29 in chips) 
Seat 2: eurosmile505 ($13.09 in chips) 
Seat 3: L1mp007 ($4.98 in chips) 
Seat 4: uwesteimle ($2.04 in chips) 
Seat 5: Millers1234 ($6.47 in chips) 
Seat 6: Colt_BLR ($7.02 in chips) 
Seat 7: Dorex2007 ($5 in chips) 
Seat 8: meldrew71 ($5 in chips) 
Seat 9: absfcknglyntley ($5.81 in chips) 
Colt_BLR: posts small blind $0.02
Dorex2007: posts big blind $0.05
*** HOLE CARDS ***
Dealt to Dorex2007 [3h Td]
meldrew71: folds 
absfcknglyntley has timed out
absfcknglyntley: folds 
pokergon74: folds 
eurosmile505: folds 
L1mp007: folds 
uwesteimle: folds 
pokergon74 leaves the table
Millers1234: folds 
Colt_BLR: folds 
Uncalled bet ($0.03) returned to Dorex2007
Dorex2007 collected $0.04 from pot
Dorex2007: doesn't show hand 
*** SUMMARY ***
Total pot $0.04 | Rake $0 
Seat 1: pokergon74 folded before Flop (didn't bet)
Seat 2: eurosmile505 folded before Flop (didn't bet)
Seat 3: L1mp007 folded before Flop (didn't bet)
Seat 4: uwesteimle folded before Flop (didn't bet)
Seat 5: Millers1234 (button) folded before Flop (didn't bet)
Seat 6: Colt_BLR (small blind) folded before Flop
Seat 7: Dorex2007 (big blind) collected ($0.04)
Seat 8: meldrew71 folded before Flop (didn't bet)
Seat 9: absfcknglyntley folded before Flop (didn't bet)



PokerStars Hand #238499254348:  Hold'em No Limit ($0.02/$0.05 USD) - 2022/09/08 11:52:43 PT [2022/09/08 14:52:43 ET]
Table 'Nerina' 9-max Seat #6 is the button
Seat 2: eurosmile505 ($13.09 in chips) 
Seat 3: L1mp007 ($4.98 in chips) 
Seat 4: uwesteimle ($2.04 in chips) 
Seat 5: Millers1234 ($6.47 in chips) 
Seat 6: Colt_BLR ($7 in chips) 
Seat 7: Dorex2007 ($5.02 in chips) 
Seat 8: meldrew71 ($5 in chips) 
Seat 9: absfcknglyntley ($5.81 in chips) 
Dorex2007: posts small blind $0.02
meldrew71: posts big blind $0.05
*** HOLE CARDS ***
Dealt to Dorex2007 [Ks Jd]
absfcknglyntley: folds 
eurosmile505: folds 
L1mp007: folds 
uwesteimle: calls $0.05
Millers1234: folds 
Colt_BLR: folds 
Dorex2007: calls $0.03
Ossenberg joins the table at seat #1 
meldrew71: checks 
*** FLOP *** [Kc Qs 9s]
Dorex2007: bets $0.09
meldrew71: calls $0.09
uwesteimle: raises $0.09 to $0.18
Dorex2007: calls $0.09
meldrew71: folds 
*** TURN *** [Kc Qs 9s] [Qh]
Dorex2007: checks 
uwesteimle: bets $0.15
Dorex2007: calls $0.15
*** RIVER *** [Kc Qs 9s Qh] [4d]
Dorex2007: bets $0.43
uwesteimle: calls $0.43
*** SHOW DOWN ***
Dorex2007: shows [Ks Jd] (two pair, Kings and Queens)
uwesteimle: shows [Jh Kh] (two pair, Kings and Queens)
Dorex2007 collected $0.85 from pot
uwesteimle collected $0.83 from pot
*** SUMMARY ***
Total pot $1.76 | Rake $0.08 
Board [Kc Qs 9s Qh 4d]
Seat 2: eurosmile505 folded before Flop (didn't bet)
Seat 3: L1mp007 folded before Flop (didn't bet)
Seat 4: uwesteimle showed [Jh Kh] and won ($0.83) with two pair, Kings and Queens
Seat 5: Millers1234 folded before Flop (didn't bet)
Seat 6: Colt_BLR (button) folded before Flop (didn't bet)
Seat 7: Dorex2007 (small blind) showed [Ks Jd] and won ($0.85) with two pair, Kings and Queens
Seat 8: meldrew71 (big blind) folded on the Flop
Seat 9: absfcknglyntley folded before Flop (didn't bet)



PokerStars Hand #238499296731:  Hold'em No Limit ($0.02/$0.05 USD) - 2022/09/08 11:54:33 PT [2022/09/08 14:54:33 ET]
Table 'Nerina' 9-max Seat #7 is the button
Seat 2: eurosmile505 ($13.09 in chips) 
Seat 3: L1mp007 ($4.98 in chips) 
Seat 4: uwesteimle ($2.06 in chips) 
Seat 5: Millers1234 ($6.47 in chips) 
Seat 6: Colt_BLR ($7 in chips) 
Seat 7: Dorex2007 ($5.06 in chips) 
Seat 8: meldrew71 ($4.86 in chips) 
Seat 9: absfcknglyntley ($5.81 in chips) 
meldrew71: posts small blind $0.02
absfcknglyntley: posts big blind $0.05
Ossenberg: sits out 
*** HOLE CARDS ***
Dealt to Dorex2007 [9s Qh]
eurosmile505: folds 
L1mp007: folds 
uwesteimle: calls $0.05
Millers1234: folds 
Colt_BLR: folds 
Dorex2007: calls $0.05
meldrew71: calls $0.03
absfcknglyntley: checks 
*** FLOP *** [8s 2d Jc]
meldrew71: bets $0.19
absfcknglyntley: folds 
uwesteimle: folds 
Dorex2007: folds 
Uncalled bet ($0.19) returned to meldrew71
meldrew71 collected $0.19 from pot
*** SUMMARY ***
Total pot $0.20 | Rake $0.01 
Board [8s 2d Jc]
Seat 2: eurosmile505 folded before Flop (didn't bet)
Seat 3: L1mp007 folded before Flop (didn't bet)
Seat 4: uwesteimle folded on the Flop
Seat 5: Millers1234 folded before Flop (didn't bet)
Seat 6: Colt_BLR folded before Flop (didn't bet)
Seat 7: Dorex2007 (button) folded on the Flop
Seat 8: meldrew71 (small blind) collected ($0.19)
Seat 9: absfcknglyntley (big blind) folded on the Flop



PokerStars Hand #238499314994:  Hold'em No Limit ($0.02/$0.05 USD) - 2022/09/08 11:55:24 PT [2022/09/08 14:55:24 ET]
Table 'Nerina' 9-max Seat #8 is the button
Seat 1: Ossenberg ($5 in chips) 
Seat 2: eurosmile505 ($13.09 in chips) 
Seat 3: L1mp007 ($4.98 in chips) 
Seat 4: uwesteimle ($2.01 in chips) 
Seat 5: Millers1234 ($6.47 in chips) 
Seat 6: Colt_BLR ($7 in chips) 
Seat 7: Dorex2007 ($5.01 in chips) 
Seat 8: meldrew71 ($5 in chips) 
Seat 9: absfcknglyntley ($5.76 in chips) 
absfcknglyntley: posts small blind $0.02
Ossenberg: posts big blind $0.05
*** HOLE CARDS ***
Dealt to Dorex2007 [Jc 5c]
eurosmile505: folds 
L1mp007: folds 
uwesteimle: folds 
Millers1234: raises $0.10 to $0.15
Colt_BLR: folds 
Dorex2007: folds 
meldrew71: calls $0.15
absfcknglyntley: folds 
Ossenberg: calls $0.10
*** FLOP *** [4s 7d 3s]
Ossenberg: checks 
Millers1234: checks 
meldrew71: bets $0.45
Ossenberg: calls $0.45
Millers1234: folds 
*** TURN *** [4s 7d 3s] [8s]
Ossenberg: checks 
meldrew71: bets $1.31
Ossenberg: calls $1.31
*** RIVER *** [4s 7d 3s 8s] [Ac]
Ossenberg: checks 
meldrew71: checks 
*** SHOW DOWN ***
Ossenberg: shows [7s 7c] (three of a kind, Sevens)
meldrew71: mucks hand 
Ossenberg collected $3.78 from pot
*** SUMMARY ***
Total pot $3.99 | Rake $0.21 
Board [4s 7d 3s 8s Ac]
Seat 1: Ossenberg (big blind) showed [7s 7c] and won ($3.78) with three of a kind, Sevens
Seat 2: eurosmile505 folded before Flop (didn't bet)
Seat 3: L1mp007 folded before Flop (didn't bet)
Seat 4: uwesteimle folded before Flop (didn't bet)
Seat 5: Millers1234 folded on the Flop
Seat 6: Colt_BLR folded before Flop (didn't bet)
Seat 7: Dorex2007 folded before Flop (didn't bet)
Seat 8: meldrew71 (button) mucked [7h 4h]
Seat 9: absfcknglyntley (small blind) folded before Flop



PokerStars Hand #238499334994:  Hold'em No Limit ($0.02/$0.05 USD) - 2022/09/08 11:56:38 PT [2022/09/08 14:56:38 ET]
Table 'Nerina' 9-max Seat #9 is the button
Seat 1: Ossenberg ($6.87 in chips) 
Seat 2: eurosmile505 ($13.09 in chips) 
Seat 3: L1mp007 ($4.98 in chips) 
Seat 4: uwesteimle ($2.01 in chips) 
Seat 5: Millers1234 ($6.32 in chips) 
Seat 6: Colt_BLR ($7 in chips) 
Seat 7: Dorex2007 ($5.01 in chips) 
Seat 8: meldrew71 ($3.09 in chips) 
Seat 9: absfcknglyntley ($5.74 in chips) 
Ossenberg: posts small blind $0.02
eurosmile505: posts big blind $0.05
*** HOLE CARDS ***
Dealt to Dorex2007 [Qh 9c]
L1mp007: folds 
uwesteimle: folds 
Millers1234: folds 
Colt_BLR: folds 
Dorex2007: folds 
meldrew71: calls $0.05
absfcknglyntley: folds 
Ossenberg: folds 
eurosmile505: raises $0.15 to $0.20
meldrew71: calls $0.15
*** FLOP *** [Jc 8s 2c]
eurosmile505: bets $0.20
meldrew71: folds 
Uncalled bet ($0.20) returned to eurosmile505
eurosmile505 collected $0.40 from pot
eurosmile505: doesn't show hand 
*** SUMMARY ***
Total pot $0.42 | Rake $0.02 
Board [Jc 8s 2c]
Seat 1: Ossenberg (small blind) folded before Flop
Seat 2: eurosmile505 (big blind) collected ($0.40)
Seat 3: L1mp007 folded before Flop (didn't bet)
Seat 4: uwesteimle folded before Flop (didn't bet)
Seat 5: Millers1234 folded before Flop (didn't bet)
Seat 6: Colt_BLR folded before Flop (didn't bet)
Seat 7: Dorex2007 folded before Flop (didn't bet)
Seat 8: meldrew71 folded on the Flop
Seat 9: absfcknglyntley (button) folded before Flop (didn't bet)



PokerStars Hand #238499345765:  Hold'em No Limit ($0.02/$0.05 USD) - 2022/09/08 11:57:18 PT [2022/09/08 14:57:18 ET]
Table 'Nerina' 9-max Seat #1 is the button
Seat 1: Ossenberg ($6.85 in chips) 
Seat 2: eurosmile505 ($13.29 in chips) 
Seat 3: L1mp007 ($4.98 in chips) 
Seat 4: uwesteimle ($2.01 in chips) 
Seat 5: Millers1234 ($6.32 in chips) 
Seat 6: Colt_BLR ($7 in chips) 
Seat 7: Dorex2007 ($5.01 in chips) 
Seat 8: meldrew71 ($4.80 in chips) 
Seat 9: absfcknglyntley ($5.74 in chips) 
eurosmile505: posts small blind $0.02
L1mp007: posts big blind $0.05
*** HOLE CARDS ***
Dealt to Dorex2007 [Ad 4c]
uwesteimle: folds 
Millers1234: raises $0.10 to $0.15
Colt_BLR: folds 
Dorex2007: folds 
meldrew71: folds 
absfcknglyntley: folds 
Ossenberg: folds 
eurosmile505: folds 
L1mp007: folds 
Uncalled bet ($0.10) returned to Millers1234
Millers1234 collected $0.12 from pot
*** SUMMARY ***
Total pot $0.12 | Rake $0 
Seat 1: Ossenberg (button) folded before Flop (didn't bet)
Seat 2: eurosmile505 (small blind) folded before Flop
Seat 3: L1mp007 (big blind) folded before Flop
Seat 4: uwesteimle folded before Flop (didn't bet)
Seat 5: Millers1234 collected ($0.12)
Seat 6: Colt_BLR folded before Flop (didn't bet)
Seat 7: Dorex2007 folded before Flop (didn't bet)
Seat 8: meldrew71 folded before Flop (didn't bet)
Seat 9: absfcknglyntley folded before Flop (didn't bet)



