PokerStars Hand #237229026477:  Hold'em No Limit ($0.01/$0.02 USD) - 2022/07/07 23:31:22 PT [2022/07/08 2:31:22 ET]
Table 'Bateson III' 9-max Seat #7 is the button
Seat 1: bree161616 ($2.35 in chips) 
Seat 2: MaXiDe05 ($2.12 in chips) 
Seat 3: 73d91 ($1.16 in chips) 
Seat 4: deileon ($1.67 in chips) 
Seat 5: juliograciel ($0.71 in chips) 
Seat 6: Dorex2007 ($2 in chips) 
Seat 7: jason yyy ($2.04 in chips) 
Seat 8: zanozaN1 ($3.48 in chips) 
Seat 9: SSRxAK89 ($1.04 in chips) 
zanozaN1: posts small blind $0.01
SSRxAK89: posts big blind $0.02
Dorex2007: posts big blind $0.02
*** HOLE CARDS ***
Dealt to Dorex2007 [Ac Ts]
bree161616: folds 
MaXiDe05: calls $0.02
73d91: folds 
73d91 leaves the table
deileon: calls $0.02
juliograciel: folds 
Dorex2007: checks 
jason yyy: folds 
zanozaN1: folds 
SSRxAK89: checks 
*** FLOP *** [7h 2h Ad]
SSRxAK89: checks 
MaXiDe05: checks 
Kattfarmor joins the table at seat #3 
deileon: checks 
Dorex2007: bets $0.06
SSRxAK89: folds 
MaXiDe05: folds 
deileon: folds 
Uncalled bet ($0.06) returned to Dorex2007
Dorex2007 collected $0.09 from pot
*** SUMMARY ***
Total pot $0.09 | Rake $0 
Board [7h 2h Ad]
Seat 1: bree161616 folded before Flop (didn't bet)
Seat 2: MaXiDe05 folded on the Flop
Seat 3: 73d91 folded before Flop (didn't bet)
Seat 4: deileon folded on the Flop
Seat 5: juliograciel folded before Flop (didn't bet)
Seat 6: Dorex2007 collected ($0.09)
Seat 7: jason yyy (button) folded before Flop (didn't bet)
Seat 8: zanozaN1 (small blind) folded before Flop
Seat 9: SSRxAK89 (big blind) folded on the Flop



PokerStars Hand #237229030854:  Hold'em No Limit ($0.01/$0.02 USD) - 2022/07/07 23:32:04 PT [2022/07/08 2:32:04 ET]
Table 'Bateson III' 9-max Seat #8 is the button
Seat 1: bree161616 ($2.35 in chips) 
Seat 2: MaXiDe05 ($2.10 in chips) 
Seat 3: Kattfarmor ($1.60 in chips) 
Seat 4: deileon ($1.65 in chips) 
Seat 5: juliograciel ($0.71 in chips) 
Seat 6: Dorex2007 ($2.07 in chips) 
Seat 7: jason yyy ($2.04 in chips) 
Seat 8: zanozaN1 ($3.47 in chips) 
Seat 9: SSRxAK89 ($1.02 in chips) 
SSRxAK89: posts small blind $0.01
bree161616: posts big blind $0.02
Kattfarmor: posts big blind $0.02
*** HOLE CARDS ***
Dealt to Dorex2007 [Jh Ac]
MaXiDe05: folds 
Kattfarmor: checks 
deileon: folds 
juliograciel: calls $0.02
Dorex2007: calls $0.02
jason yyy: folds 
zanozaN1: folds 
SSRxAK89: folds 
bree161616: checks 
*** FLOP *** [4s 3s 9s]
bree161616: bets $0.05
Kattfarmor: folds 
juliograciel: folds 
Dorex2007: folds 
Uncalled bet ($0.05) returned to bree161616
bree161616 collected $0.09 from pot
*** SUMMARY ***
Total pot $0.09 | Rake $0 
Board [4s 3s 9s]
Seat 1: bree161616 (big blind) collected ($0.09)
Seat 2: MaXiDe05 folded before Flop (didn't bet)
Seat 3: Kattfarmor folded on the Flop (didn't bet)
Seat 4: deileon folded before Flop (didn't bet)
Seat 5: juliograciel folded on the Flop
Seat 6: Dorex2007 folded on the Flop
Seat 7: jason yyy folded before Flop (didn't bet)
Seat 8: zanozaN1 (button) folded before Flop (didn't bet)
Seat 9: SSRxAK89 (small blind) folded before Flop



PokerStars Hand #237229034854:  Hold'em No Limit ($0.01/$0.02 USD) - 2022/07/07 23:32:42 PT [2022/07/08 2:32:42 ET]
Table 'Bateson III' 9-max Seat #9 is the button
Seat 1: bree161616 ($2.42 in chips) 
Seat 2: MaXiDe05 ($2.10 in chips) 
Seat 3: Kattfarmor ($1.58 in chips) 
Seat 4: deileon ($1.65 in chips) 
Seat 5: juliograciel ($0.69 in chips) 
Seat 6: Dorex2007 ($2.05 in chips) 
Seat 7: jason yyy ($2.04 in chips) 
Seat 8: zanozaN1 ($3.47 in chips) 
Seat 9: SSRxAK89 ($1.01 in chips) 
bree161616: posts small blind $0.01
MaXiDe05: posts big blind $0.02
*** HOLE CARDS ***
Dealt to Dorex2007 [9d 3c]
Kattfarmor: folds 
deileon: folds 
juliograciel: folds 
Dorex2007: folds 
jason yyy: folds 
zanozaN1: folds 
SSRxAK89: folds 
bree161616: folds 
Uncalled bet ($0.01) returned to MaXiDe05
MaXiDe05 collected $0.02 from pot
*** SUMMARY ***
Total pot $0.02 | Rake $0 
Seat 1: bree161616 (small blind) folded before Flop
Seat 2: MaXiDe05 (big blind) collected ($0.02)
Seat 3: Kattfarmor folded before Flop (didn't bet)
Seat 4: deileon folded before Flop (didn't bet)
Seat 5: juliograciel folded before Flop (didn't bet)
Seat 6: Dorex2007 folded before Flop (didn't bet)
Seat 7: jason yyy folded before Flop (didn't bet)
Seat 8: zanozaN1 folded before Flop (didn't bet)
Seat 9: SSRxAK89 (button) folded before Flop (didn't bet)



PokerStars Hand #237229038065:  Hold'em No Limit ($0.01/$0.02 USD) - 2022/07/07 23:33:12 PT [2022/07/08 2:33:12 ET]
Table 'Bateson III' 9-max Seat #1 is the button
Seat 1: bree161616 ($2.41 in chips) 
Seat 2: MaXiDe05 ($2.11 in chips) 
Seat 3: Kattfarmor ($1.58 in chips) 
Seat 4: deileon ($1.65 in chips) 
Seat 5: juliograciel ($0.69 in chips) 
Seat 6: Dorex2007 ($2.05 in chips) 
Seat 7: jason yyy ($2.04 in chips) 
Seat 8: zanozaN1 ($3.47 in chips) 
Seat 9: SSRxAK89 ($1.01 in chips) 
MaXiDe05: posts small blind $0.01
Kattfarmor: posts big blind $0.02
*** HOLE CARDS ***
Dealt to Dorex2007 [Jh 9h]
deileon: folds 
juliograciel: calls $0.02
Dorex2007: folds 
jason yyy: folds 
zanozaN1: folds 
SSRxAK89: folds 
bree161616: folds 
MaXiDe05: calls $0.01
Kattfarmor: checks 
*** FLOP *** [Jc 2c 9c]
MaXiDe05: checks 
Kattfarmor: bets $0.04
juliograciel: folds 
MaXiDe05: folds 
Uncalled bet ($0.04) returned to Kattfarmor
Kattfarmor collected $0.06 from pot
*** SUMMARY ***
Total pot $0.06 | Rake $0 
Board [Jc 2c 9c]
Seat 1: bree161616 (button) folded before Flop (didn't bet)
Seat 2: MaXiDe05 (small blind) folded on the Flop
Seat 3: Kattfarmor (big blind) collected ($0.06)
Seat 4: deileon folded before Flop (didn't bet)
Seat 5: juliograciel folded on the Flop
Seat 6: Dorex2007 folded before Flop (didn't bet)
Seat 7: jason yyy folded before Flop (didn't bet)
Seat 8: zanozaN1 folded before Flop (didn't bet)
Seat 9: SSRxAK89 folded before Flop (didn't bet)



PokerStars Hand #237229041359:  Hold'em No Limit ($0.01/$0.02 USD) - 2022/07/07 23:33:42 PT [2022/07/08 2:33:42 ET]
Table 'Bateson III' 9-max Seat #2 is the button
Seat 1: bree161616 ($2.41 in chips) 
Seat 2: MaXiDe05 ($2.09 in chips) 
Seat 3: Kattfarmor ($1.62 in chips) 
Seat 4: deileon ($1.65 in chips) 
Seat 5: juliograciel ($0.67 in chips) 
Seat 6: Dorex2007 ($2.05 in chips) 
Seat 7: jason yyy ($2.04 in chips) 
Seat 8: zanozaN1 ($3.47 in chips) 
Seat 9: SSRxAK89 ($1.01 in chips) 
Kattfarmor: posts small blind $0.01
deileon: posts big blind $0.02
*** HOLE CARDS ***
Dealt to Dorex2007 [8d 4s]
juliograciel: folds 
Dorex2007: folds 
jason yyy: folds 
zanozaN1: folds 
SSRxAK89: folds 
bree161616: folds 
MaXiDe05: folds 
Kattfarmor: calls $0.01
deileon: checks 
*** FLOP *** [6h Tc 9d]
Kattfarmor: checks 
deileon: bets $0.02
Kattfarmor: folds 
Uncalled bet ($0.02) returned to deileon
deileon collected $0.04 from pot
*** SUMMARY ***
Total pot $0.04 | Rake $0 
Board [6h Tc 9d]
Seat 1: bree161616 folded before Flop (didn't bet)
Seat 2: MaXiDe05 (button) folded before Flop (didn't bet)
Seat 3: Kattfarmor (small blind) folded on the Flop
Seat 4: deileon (big blind) collected ($0.04)
Seat 5: juliograciel folded before Flop (didn't bet)
Seat 6: Dorex2007 folded before Flop (didn't bet)
Seat 7: jason yyy folded before Flop (didn't bet)
Seat 8: zanozaN1 folded before Flop (didn't bet)
Seat 9: SSRxAK89 folded before Flop (didn't bet)



PokerStars Hand #237229044810:  Hold'em No Limit ($0.01/$0.02 USD) - 2022/07/07 23:34:15 PT [2022/07/08 2:34:15 ET]
Table 'Bateson III' 9-max Seat #3 is the button
Seat 1: bree161616 ($2.41 in chips) 
Seat 2: MaXiDe05 ($2.09 in chips) 
Seat 3: Kattfarmor ($1.60 in chips) 
Seat 4: deileon ($1.67 in chips) 
Seat 5: juliograciel ($0.67 in chips) 
Seat 6: Dorex2007 ($2.05 in chips) 
Seat 7: jason yyy ($2.04 in chips) 
Seat 8: zanozaN1 ($3.47 in chips) 
Seat 9: SSRxAK89 ($1.01 in chips) 
deileon: posts small blind $0.01
juliograciel: posts big blind $0.02
*** HOLE CARDS ***
Dealt to Dorex2007 [8s 9d]
Dorex2007: folds 
jason yyy: folds 
zanozaN1: folds 
SSRxAK89: folds 
bree161616: calls $0.02
MaXiDe05: folds 
Kattfarmor: folds 
deileon: calls $0.01
juliograciel: checks 
*** FLOP *** [8d Ac 5c]
deileon: checks 
juliograciel: bets $0.06
bree161616: calls $0.06
deileon: calls $0.06
*** TURN *** [8d Ac 5c] [Qc]
deileon: checks 
juliograciel: bets $0.23
bree161616: calls $0.23
deileon: folds 
*** RIVER *** [8d Ac 5c Qc] [5d]
juliograciel: bets $0.36 and is all-in
bree161616: calls $0.36
*** SHOW DOWN ***
juliograciel: shows [Tc 8c] (a flush, Ace high)
bree161616: shows [Th As] (two pair, Aces and Fives)
juliograciel collected $1.37 from pot
*** SUMMARY ***
Total pot $1.42 | Rake $0.05 
Board [8d Ac 5c Qc 5d]
Seat 1: bree161616 showed [Th As] and lost with two pair, Aces and Fives
Seat 2: MaXiDe05 folded before Flop (didn't bet)
Seat 3: Kattfarmor (button) folded before Flop (didn't bet)
Seat 4: deileon (small blind) folded on the Turn
Seat 5: juliograciel (big blind) showed [Tc 8c] and won ($1.37) with a flush, Ace high
Seat 6: Dorex2007 folded before Flop (didn't bet)
Seat 7: jason yyy folded before Flop (didn't bet)
Seat 8: zanozaN1 folded before Flop (didn't bet)
Seat 9: SSRxAK89 folded before Flop (didn't bet)



PokerStars Hand #237229053152:  Hold'em No Limit ($0.01/$0.02 USD) - 2022/07/07 23:35:33 PT [2022/07/08 2:35:33 ET]
Table 'Bateson III' 9-max Seat #4 is the button
Seat 1: bree161616 ($1.74 in chips) 
Seat 2: MaXiDe05 ($2.09 in chips) 
Seat 3: Kattfarmor ($1.60 in chips) 
Seat 4: deileon ($1.59 in chips) 
Seat 5: juliograciel ($1.37 in chips) 
Seat 6: Dorex2007 ($2.05 in chips) 
Seat 7: jason yyy ($2.04 in chips) 
Seat 8: zanozaN1 ($3.47 in chips) 
Seat 9: SSRxAK89 ($1.01 in chips) 
juliograciel: posts small blind $0.01
Dorex2007: posts big blind $0.02
*** HOLE CARDS ***
Dealt to Dorex2007 [6s Js]
jason yyy: folds 
zanozaN1: folds 
jason yyy leaves the table
SSRxAK89: folds 
bree161616: calls $0.02
MaXiDe05: calls $0.02
Kattfarmor: calls $0.02
deileon: folds 
juliograciel: folds 
Dorex2007: checks 
*** FLOP *** [Ks Kh Kd]
Dorex2007: checks 
bree161616: checks 
MaXiDe05: checks 
Kattfarmor: checks 
*** TURN *** [Ks Kh Kd] [Ah]
Dorex2007: checks 
bree161616: bets $0.05
MaXiDe05: folds 
Kattfarmor: folds 
Dorex2007: folds 
Uncalled bet ($0.05) returned to bree161616
bree161616 collected $0.09 from pot
*** SUMMARY ***
Total pot $0.09 | Rake $0 
Board [Ks Kh Kd Ah]
Seat 1: bree161616 collected ($0.09)
Seat 2: MaXiDe05 folded on the Turn
Seat 3: Kattfarmor folded on the Turn
Seat 4: deileon (button) folded before Flop (didn't bet)
Seat 5: juliograciel (small blind) folded before Flop
Seat 6: Dorex2007 (big blind) folded on the Turn
Seat 7: jason yyy folded before Flop (didn't bet)
Seat 8: zanozaN1 folded before Flop (didn't bet)
Seat 9: SSRxAK89 folded before Flop (didn't bet)



PokerStars Hand #237229061737:  Hold'em No Limit ($0.01/$0.02 USD) - 2022/07/07 23:36:54 PT [2022/07/08 2:36:54 ET]
Table 'Bateson III' 9-max Seat #5 is the button
Seat 1: bree161616 ($1.81 in chips) 
Seat 2: MaXiDe05 ($2.07 in chips) 
Seat 3: Kattfarmor ($1.58 in chips) 
Seat 4: deileon ($1.59 in chips) 
Seat 5: juliograciel ($1.36 in chips) 
Seat 6: Dorex2007 ($2.03 in chips) 
Seat 8: zanozaN1 ($3.47 in chips) 
Seat 9: SSRxAK89 ($1.01 in chips) 
Dorex2007: posts small blind $0.01
zanozaN1: posts big blind $0.02
*** HOLE CARDS ***
Dealt to Dorex2007 [3h Ah]
SSRxAK89: folds 
bree161616: calls $0.02
MaXiDe05: folds 
Kattfarmor: folds 
deileon: folds 
ExZell66 joins the table at seat #7 
juliograciel: calls $0.02
Dorex2007: calls $0.01
zanozaN1: checks 
*** FLOP *** [Jc Qc 6h]
Dorex2007: checks 
zanozaN1: checks 
bree161616: checks 
juliograciel: checks 
*** TURN *** [Jc Qc 6h] [8c]
Dorex2007: checks 
zanozaN1: checks 
bree161616: bets $0.04
juliograciel: folds 
Dorex2007: folds 
zanozaN1: folds 
Uncalled bet ($0.04) returned to bree161616
bree161616 collected $0.08 from pot
*** SUMMARY ***
Total pot $0.08 | Rake $0 
Board [Jc Qc 6h 8c]
Seat 1: bree161616 collected ($0.08)
Seat 2: MaXiDe05 folded before Flop (didn't bet)
Seat 3: Kattfarmor folded before Flop (didn't bet)
Seat 4: deileon folded before Flop (didn't bet)
Seat 5: juliograciel (button) folded on the Turn
Seat 6: Dorex2007 (small blind) folded on the Turn
Seat 8: zanozaN1 (big blind) folded on the Turn
Seat 9: SSRxAK89 folded before Flop (didn't bet)



PokerStars Hand #237229067032:  Hold'em No Limit ($0.01/$0.02 USD) - 2022/07/07 23:37:44 PT [2022/07/08 2:37:44 ET]
Table 'Bateson III' 9-max Seat #6 is the button
Seat 1: bree161616 ($1.87 in chips) 
Seat 2: MaXiDe05 ($2.07 in chips) 
Seat 3: Kattfarmor ($1.58 in chips) 
Seat 4: deileon ($1.59 in chips) 
Seat 5: juliograciel ($1.34 in chips) 
Seat 6: Dorex2007 ($2.01 in chips) 
Seat 8: zanozaN1 ($3.45 in chips) 
Seat 9: SSRxAK89 ($1.01 in chips) 
zanozaN1: posts small blind $0.01
SSRxAK89: posts big blind $0.02
*** HOLE CARDS ***
Dealt to Dorex2007 [2s Kd]
bree161616 has timed out
bree161616: folds 
MaXiDe05: calls $0.02
Kattfarmor: folds 
deileon: folds 
juliograciel: folds 
Dorex2007: folds 
zanozaN1: calls $0.01
SSRxAK89: checks 
*** FLOP *** [Ad 8h 5h]
zanozaN1: bets $0.04
SSRxAK89: folds 
MaXiDe05: folds 
Uncalled bet ($0.04) returned to zanozaN1
zanozaN1 collected $0.06 from pot
*** SUMMARY ***
Total pot $0.06 | Rake $0 
Board [Ad 8h 5h]
Seat 1: bree161616 folded before Flop (didn't bet)
Seat 2: MaXiDe05 folded on the Flop
Seat 3: Kattfarmor folded before Flop (didn't bet)
Seat 4: deileon folded before Flop (didn't bet)
Seat 5: juliograciel folded before Flop (didn't bet)
Seat 6: Dorex2007 (button) folded before Flop (didn't bet)
Seat 8: zanozaN1 (small blind) collected ($0.06)
Seat 9: SSRxAK89 (big blind) folded on the Flop



PokerStars Hand #237229073092:  Hold'em No Limit ($0.01/$0.02 USD) - 2022/07/07 23:38:41 PT [2022/07/08 2:38:41 ET]
Table 'Bateson III' 9-max Seat #8 is the button
Seat 1: bree161616 ($1.87 in chips) 
Seat 2: MaXiDe05 ($2.05 in chips) 
Seat 3: Kattfarmor ($1.58 in chips) 
Seat 4: deileon ($1.59 in chips) 
Seat 5: juliograciel ($1.34 in chips) 
Seat 6: Dorex2007 ($2.01 in chips) 
Seat 7: ExZell66 ($1.60 in chips) 
Seat 8: zanozaN1 ($3.49 in chips) 
Seat 9: SSRxAK89 ($0.99 in chips) 
SSRxAK89: posts small blind $0.01
bree161616: posts big blind $0.02
ExZell66: posts big blind $0.02
*** HOLE CARDS ***
Dealt to Dorex2007 [9c Qh]
MaXiDe05: folds 
Kattfarmor: calls $0.02
deileon: folds 
juliograciel: calls $0.02
Dorex2007: folds 
ExZell66: checks 
zanozaN1: folds 
SSRxAK89: raises $0.06 to $0.08
bree161616: folds 
Kattfarmor: folds 
juliograciel: calls $0.06
ExZell66: calls $0.06
*** FLOP *** [5s 9d 8d]
SSRxAK89: checks 
juliograciel: checks 
ExZell66: checks 
*** TURN *** [5s 9d 8d] [Qs]
SSRxAK89: checks 
juliograciel: checks 
ExZell66: checks 
*** RIVER *** [5s 9d 8d Qs] [Ac]
SSRxAK89: bets $0.14
juliograciel: folds 
ExZell66: folds 
Uncalled bet ($0.14) returned to SSRxAK89
SSRxAK89 collected $0.27 from pot
*** SUMMARY ***
Total pot $0.28 | Rake $0.01 
Board [5s 9d 8d Qs Ac]
Seat 1: bree161616 (big blind) folded before Flop
Seat 2: MaXiDe05 folded before Flop (didn't bet)
Seat 3: Kattfarmor folded before Flop
Seat 4: deileon folded before Flop (didn't bet)
Seat 5: juliograciel folded on the River
Seat 6: Dorex2007 folded before Flop (didn't bet)
Seat 7: ExZell66 folded on the River
Seat 8: zanozaN1 (button) folded before Flop (didn't bet)
Seat 9: SSRxAK89 (small blind) collected ($0.27)



PokerStars Hand #237229080202:  Hold'em No Limit ($0.01/$0.02 USD) - 2022/07/07 23:39:48 PT [2022/07/08 2:39:48 ET]
Table 'Bateson III' 9-max Seat #9 is the button
Seat 1: bree161616 ($1.85 in chips) 
Seat 2: MaXiDe05 ($2.05 in chips) 
Seat 3: Kattfarmor ($1.56 in chips) 
Seat 4: deileon ($1.59 in chips) 
Seat 5: juliograciel ($1.26 in chips) 
Seat 6: Dorex2007 ($2.01 in chips) 
Seat 7: ExZell66 ($1.52 in chips) 
Seat 8: zanozaN1 ($3.49 in chips) 
Seat 9: SSRxAK89 ($1.18 in chips) 
bree161616: posts small blind $0.01
MaXiDe05: posts big blind $0.02
*** HOLE CARDS ***
Dealt to Dorex2007 [Ah Jh]
Kattfarmor: folds 
deileon: folds 
juliograciel: folds 
Dorex2007: raises $0.04 to $0.06
ExZell66: calls $0.06
zanozaN1: folds 
SSRxAK89: folds 
bree161616: calls $0.05
MaXiDe05: calls $0.04
*** FLOP *** [9s 6d 5h]
bree161616: checks 
MaXiDe05: checks 
Dorex2007: checks 
ExZell66: checks 
*** TURN *** [9s 6d 5h] [Kd]
bree161616: checks 
MaXiDe05: checks 
Dorex2007: checks 
ExZell66: checks 
*** RIVER *** [9s 6d 5h Kd] [2d]
bree161616: checks 
MaXiDe05: checks 
Dorex2007: bets $0.08
ExZell66: folds 
bree161616: folds 
MaXiDe05: folds 
Uncalled bet ($0.08) returned to Dorex2007
Dorex2007 collected $0.23 from pot
*** SUMMARY ***
Total pot $0.24 | Rake $0.01 
Board [9s 6d 5h Kd 2d]
Seat 1: bree161616 (small blind) folded on the River
Seat 2: MaXiDe05 (big blind) folded on the River
Seat 3: Kattfarmor folded before Flop (didn't bet)
Seat 4: deileon folded before Flop (didn't bet)
Seat 5: juliograciel folded before Flop (didn't bet)
Seat 6: Dorex2007 collected ($0.23)
Seat 7: ExZell66 folded on the River
Seat 8: zanozaN1 folded before Flop (didn't bet)
Seat 9: SSRxAK89 (button) folded before Flop (didn't bet)



PokerStars Hand #237229088666:  Hold'em No Limit ($0.01/$0.02 USD) - 2022/07/07 23:41:07 PT [2022/07/08 2:41:07 ET]
Table 'Bateson III' 9-max Seat #1 is the button
Seat 1: bree161616 ($1.79 in chips) 
Seat 2: MaXiDe05 ($1.99 in chips) 
Seat 3: Kattfarmor ($1.56 in chips) 
Seat 4: deileon ($1.59 in chips) 
Seat 5: juliograciel ($1.26 in chips) 
Seat 6: Dorex2007 ($2.18 in chips) 
Seat 7: ExZell66 ($1.46 in chips) 
Seat 8: zanozaN1 ($3.49 in chips) 
Seat 9: SSRxAK89 ($1.18 in chips) 
MaXiDe05: posts small blind $0.01
Kattfarmor: posts big blind $0.02
*** HOLE CARDS ***
Dealt to Dorex2007 [6h 6s]
deileon: folds 
juliograciel: folds 
Dorex2007: calls $0.02
ExZell66: folds 
zanozaN1: folds 
SSRxAK89: folds 
bree161616: calls $0.02
MaXiDe05: calls $0.01
Kattfarmor: checks 
*** FLOP *** [Ac 6c Kc]
MaXiDe05: checks 
Kattfarmor: checks 
Dorex2007: bets $0.08
bree161616: calls $0.08
MaXiDe05: folds 
Kattfarmor: folds 
*** TURN *** [Ac 6c Kc] [Js]
Dorex2007: bets $0.11
bree161616: calls $0.11
*** RIVER *** [Ac 6c Kc Js] [9s]
Dorex2007: bets $0.06
bree161616: calls $0.06
*** SHOW DOWN ***
Dorex2007: shows [6h 6s] (three of a kind, Sixes)
bree161616: mucks hand 
Dorex2007 collected $0.56 from pot
*** SUMMARY ***
Total pot $0.58 | Rake $0.02 
Board [Ac 6c Kc Js 9s]
Seat 1: bree161616 (button) mucked [Qc Kh]
Seat 2: MaXiDe05 (small blind) folded on the Flop
Seat 3: Kattfarmor (big blind) folded on the Flop
Seat 4: deileon folded before Flop (didn't bet)
Seat 5: juliograciel folded before Flop (didn't bet)
Seat 6: Dorex2007 showed [6h 6s] and won ($0.56) with three of a kind, Sixes
Seat 7: ExZell66 folded before Flop (didn't bet)
Seat 8: zanozaN1 folded before Flop (didn't bet)
Seat 9: SSRxAK89 folded before Flop (didn't bet)



PokerStars Hand #237229096204:  Hold'em No Limit ($0.01/$0.02 USD) - 2022/07/07 23:42:17 PT [2022/07/08 2:42:17 ET]
Table 'Bateson III' 9-max Seat #2 is the button
Seat 1: bree161616 ($1.52 in chips) 
Seat 2: MaXiDe05 ($2 in chips) 
Seat 3: Kattfarmor ($1.54 in chips) 
Seat 4: deileon ($1.59 in chips) 
Seat 5: juliograciel ($1.26 in chips) 
Seat 6: Dorex2007 ($2.47 in chips) 
Seat 7: ExZell66 ($1.46 in chips) 
Seat 8: zanozaN1 ($3.49 in chips) 
Seat 9: SSRxAK89 ($1.18 in chips) 
Kattfarmor: posts small blind $0.01
deileon: posts big blind $0.02
*** HOLE CARDS ***
Dealt to Dorex2007 [Ac Ks]
juliograciel: folds 
Dorex2007: raises $0.02 to $0.04
ExZell66: folds 
zanozaN1: folds 
SSRxAK89: folds 
bree161616: folds 
MaXiDe05: calls $0.04
Kattfarmor: folds 
deileon: calls $0.02
*** FLOP *** [3s 5d 5h]
deileon: checks 
Dorex2007: checks 
MaXiDe05: checks 
*** TURN *** [3s 5d 5h] [6c]
deileon: checks 
Dorex2007: bets $0.06
Kattfarmor is disconnected 
MaXiDe05: folds 
deileon: folds 
Uncalled bet ($0.06) returned to Dorex2007
Dorex2007 collected $0.13 from pot
*** SUMMARY ***
Total pot $0.13 | Rake $0 
Board [3s 5d 5h 6c]
Seat 1: bree161616 folded before Flop (didn't bet)
Seat 2: MaXiDe05 (button) folded on the Turn
Seat 3: Kattfarmor (small blind) folded before Flop
Seat 4: deileon (big blind) folded on the Turn
Seat 5: juliograciel folded before Flop (didn't bet)
Seat 6: Dorex2007 collected ($0.13)
Seat 7: ExZell66 folded before Flop (didn't bet)
Seat 8: zanozaN1 folded before Flop (didn't bet)
Seat 9: SSRxAK89 folded before Flop (didn't bet)



PokerStars Hand #237229101598:  Hold'em No Limit ($0.01/$0.02 USD) - 2022/07/07 23:43:08 PT [2022/07/08 2:43:08 ET]
Table 'Bateson III' 9-max Seat #3 is the button
Seat 1: bree161616 ($1.52 in chips) 
Seat 2: MaXiDe05 ($1.96 in chips) 
Seat 3: Kattfarmor ($1.53 in chips) 
Seat 4: deileon ($1.55 in chips) 
Seat 5: juliograciel ($1.26 in chips) 
Seat 6: Dorex2007 ($2.56 in chips) 
Seat 7: ExZell66 ($1.46 in chips) 
Seat 8: zanozaN1 ($3.49 in chips) 
Seat 9: SSRxAK89 ($1.18 in chips) 
deileon: posts small blind $0.01
juliograciel: posts big blind $0.02
*** HOLE CARDS ***
Dealt to Dorex2007 [4s Td]
Dorex2007: folds 
ExZell66: raises $0.06 to $0.08
zanozaN1: folds 
SSRxAK89: folds 
bree161616: folds 
MaXiDe05: folds 
MaXiDe05 leaves the table
Kattfarmor has timed out while disconnected
Kattfarmor: folds 
deileon: folds 
juliograciel: folds 
Uncalled bet ($0.06) returned to ExZell66
ExZell66 collected $0.05 from pot
*** SUMMARY ***
Total pot $0.05 | Rake $0 
Seat 1: bree161616 folded before Flop (didn't bet)
Seat 2: MaXiDe05 folded before Flop (didn't bet)
Seat 3: Kattfarmor (button) folded before Flop (didn't bet)
Seat 4: deileon (small blind) folded before Flop
Seat 5: juliograciel (big blind) folded before Flop
Seat 6: Dorex2007 folded before Flop (didn't bet)
Seat 7: ExZell66 collected ($0.05)
Seat 8: zanozaN1 folded before Flop (didn't bet)
Seat 9: SSRxAK89 folded before Flop (didn't bet)



PokerStars Hand #237229114107:  Hold'em No Limit ($0.01/$0.02 USD) - 2022/07/07 23:43:53 PT [2022/07/08 2:43:53 ET]
Table 'Bateson III' 9-max Seat #4 is the button
Seat 1: bree161616 ($1.52 in chips) 
Seat 4: deileon ($1.54 in chips) 
Seat 5: juliograciel ($1.24 in chips) 
Seat 6: Dorex2007 ($2.56 in chips) 
Seat 7: ExZell66 ($1.49 in chips) 
Seat 8: zanozaN1 ($3.49 in chips) 
Seat 9: SSRxAK89 ($1.18 in chips) 
juliograciel: posts small blind $0.01
Dorex2007: posts big blind $0.02
*** HOLE CARDS ***
Dealt to Dorex2007 [4s Th]
ExZell66: folds 
zanozaN1: folds 
SSRxAK89: folds 
bree161616: folds 
deileon: folds 
juliograciel: folds 
Uncalled bet ($0.01) returned to Dorex2007
Dorex2007 collected $0.02 from pot
*** SUMMARY ***
Total pot $0.02 | Rake $0 
Seat 1: bree161616 folded before Flop (didn't bet)
Seat 4: deileon (button) folded before Flop (didn't bet)
Seat 5: juliograciel (small blind) folded before Flop
Seat 6: Dorex2007 (big blind) collected ($0.02)
Seat 7: ExZell66 folded before Flop (didn't bet)
Seat 8: zanozaN1 folded before Flop (didn't bet)
Seat 9: SSRxAK89 folded before Flop (didn't bet)



PokerStars Hand #237229114947:  Hold'em No Limit ($0.01/$0.02 USD) - 2022/07/07 23:44:01 PT [2022/07/08 2:44:01 ET]
Table 'Bateson III' 9-max Seat #5 is the button
Seat 1: bree161616 ($1.52 in chips) 
Seat 4: deileon ($1.54 in chips) 
Seat 5: juliograciel ($1.23 in chips) 
Seat 6: Dorex2007 ($2.57 in chips) 
Seat 7: ExZell66 ($1.49 in chips) 
Seat 8: zanozaN1 ($3.49 in chips) 
Seat 9: SSRxAK89 ($1.18 in chips) 
Dorex2007: posts small blind $0.01
ExZell66: posts big blind $0.02
*** HOLE CARDS ***
Dealt to Dorex2007 [9s 5s]
zanozaN1: calls $0.02
SSRxAK89: folds 
bree161616: calls $0.02
deileon: folds 
juliograciel: raises $0.04 to $0.06
Dorex2007: folds 
ExZell66: folds 
zanozaN1: calls $0.04
bree161616: calls $0.04
*** FLOP *** [4h Td 2s]
zanozaN1: checks 
bree161616: checks 
juliograciel: checks 
*** TURN *** [4h Td 2s] [As]
Rbwest joins the table at seat #2 
zanozaN1: checks 
bree161616: bets $0.10
Rbwest leaves the table
juliograciel: folds 
zanozaN1: folds 
Uncalled bet ($0.10) returned to bree161616
bree161616 collected $0.20 from pot
*** SUMMARY ***
Total pot $0.21 | Rake $0.01 
Board [4h Td 2s As]
Seat 1: bree161616 collected ($0.20)
Seat 4: deileon folded before Flop (didn't bet)
Seat 5: juliograciel (button) folded on the Turn
Seat 6: Dorex2007 (small blind) folded before Flop
Seat 7: ExZell66 (big blind) folded before Flop
Seat 8: zanozaN1 folded on the Turn
Seat 9: SSRxAK89 folded before Flop (didn't bet)



PokerStars Hand #237229122758:  Hold'em No Limit ($0.01/$0.02 USD) - 2022/07/07 23:45:13 PT [2022/07/08 2:45:13 ET]
Table 'Bateson III' 9-max Seat #6 is the button
Seat 1: bree161616 ($1.66 in chips) 
Seat 4: deileon ($1.54 in chips) 
Seat 5: juliograciel ($1.17 in chips) 
Seat 6: Dorex2007 ($2.56 in chips) 
Seat 7: ExZell66 ($1.47 in chips) 
Seat 8: zanozaN1 ($3.43 in chips) 
Seat 9: SSRxAK89 ($1.18 in chips) 
ExZell66: posts small blind $0.01
zanozaN1: posts big blind $0.02
*** HOLE CARDS ***
Dealt to Dorex2007 [8c As]
SSRxAK89: folds 
bentota2 joins the table at seat #2 
bree161616: calls $0.02
deileon: folds 
juliograciel: folds 
Dorex2007: folds 
ExZell66: calls $0.01
zanozaN1: checks 
*** FLOP *** [Kh 9c Ah]
ExZell66: bets $0.02
zanozaN1: folds 
bree161616: calls $0.02
*** TURN *** [Kh 9c Ah] [8h]
ExZell66: bets $0.02
bree161616: calls $0.02
*** RIVER *** [Kh 9c Ah 8h] [4s]
ExZell66: bets $0.14
bree161616: folds 
Uncalled bet ($0.14) returned to ExZell66
ExZell66 collected $0.14 from pot
*** SUMMARY ***
Total pot $0.14 | Rake $0 
Board [Kh 9c Ah 8h 4s]
Seat 1: bree161616 folded on the River
Seat 4: deileon folded before Flop (didn't bet)
Seat 5: juliograciel folded before Flop (didn't bet)
Seat 6: Dorex2007 (button) folded before Flop (didn't bet)
Seat 7: ExZell66 (small blind) collected ($0.14)
Seat 8: zanozaN1 (big blind) folded on the Flop
Seat 9: SSRxAK89 folded before Flop (didn't bet)



PokerStars Hand #237229127274:  Hold'em No Limit ($0.01/$0.02 USD) - 2022/07/07 23:45:56 PT [2022/07/08 2:45:56 ET]
Table 'Bateson III' 9-max Seat #7 is the button
Seat 1: bree161616 ($1.60 in chips) 
Seat 4: deileon ($1.54 in chips) 
Seat 5: juliograciel ($1.17 in chips) 
Seat 6: Dorex2007 ($2.56 in chips) 
Seat 7: ExZell66 ($1.55 in chips) 
Seat 8: zanozaN1 ($3.41 in chips) 
Seat 9: SSRxAK89 ($1.18 in chips) 
zanozaN1: posts small blind $0.01
SSRxAK89: posts big blind $0.02
bentota2: sits out 
*** HOLE CARDS ***
Dealt to Dorex2007 [8s 3h]
bree161616: folds 
deileon: folds 
juliograciel: raises $0.04 to $0.06
Dorex2007: folds 
ExZell66: folds 
zanozaN1: folds 
SSRxAK89: folds 
Uncalled bet ($0.04) returned to juliograciel
juliograciel collected $0.05 from pot
*** SUMMARY ***
Total pot $0.05 | Rake $0 
Seat 1: bree161616 folded before Flop (didn't bet)
Seat 4: deileon folded before Flop (didn't bet)
Seat 5: juliograciel collected ($0.05)
Seat 6: Dorex2007 folded before Flop (didn't bet)
Seat 7: ExZell66 (button) folded before Flop (didn't bet)
Seat 8: zanozaN1 (small blind) folded before Flop
Seat 9: SSRxAK89 (big blind) folded before Flop



PokerStars Hand #237229129180:  Hold'em No Limit ($0.01/$0.02 USD) - 2022/07/07 23:46:14 PT [2022/07/08 2:46:14 ET]
Table 'Bateson III' 9-max Seat #8 is the button
Seat 1: bree161616 ($1.60 in chips) 
Seat 4: deileon ($1.54 in chips) 
Seat 5: juliograciel ($1.20 in chips) 
Seat 6: Dorex2007 ($2.56 in chips) 
Seat 7: ExZell66 ($1.55 in chips) 
Seat 8: zanozaN1 ($3.40 in chips) 
Seat 9: SSRxAK89 ($1.16 in chips) 
SSRxAK89: posts small blind $0.01
bree161616: posts big blind $0.02
bentota2: sits out 
*** HOLE CARDS ***
Dealt to Dorex2007 [5d 5s]
deileon: calls $0.02
juliograciel: calls $0.02
Dorex2007: calls $0.02
ExZell66: folds 
zanozaN1: folds 
SSRxAK89: folds 
bree161616: checks 
*** FLOP *** [8d 2d 5c]
bree161616: checks 
deileon: checks 
juliograciel: checks 
Dorex2007: bets $0.06
bree161616: folds 
deileon: folds 
juliograciel: calls $0.06
*** TURN *** [8d 2d 5c] [5h]
juliograciel: checks 
Dorex2007: checks 
*** RIVER *** [8d 2d 5c 5h] [9h]
juliograciel: checks 
Dorex2007: bets $0.10
juliograciel: folds 
Uncalled bet ($0.10) returned to Dorex2007
Dorex2007 collected $0.20 from pot
*** SUMMARY ***
Total pot $0.21 | Rake $0.01 
Board [8d 2d 5c 5h 9h]
Seat 1: bree161616 (big blind) folded on the Flop
Seat 4: deileon folded on the Flop
Seat 5: juliograciel folded on the River
Seat 6: Dorex2007 collected ($0.20)
Seat 7: ExZell66 folded before Flop (didn't bet)
Seat 8: zanozaN1 (button) folded before Flop (didn't bet)
Seat 9: SSRxAK89 (small blind) folded before Flop



PokerStars Hand #237229137819:  Hold'em No Limit ($0.01/$0.02 USD) - 2022/07/07 23:47:35 PT [2022/07/08 2:47:35 ET]
Table 'Bateson III' 9-max Seat #9 is the button
Seat 1: bree161616 ($1.58 in chips) 
Seat 2: bentota2 ($0.80 in chips) 
Seat 4: deileon ($1.52 in chips) 
Seat 5: juliograciel ($1.12 in chips) 
Seat 6: Dorex2007 ($2.68 in chips) 
Seat 7: ExZell66 ($1.55 in chips) 
Seat 8: zanozaN1 ($3.40 in chips) 
Seat 9: SSRxAK89 ($1.15 in chips) 
bree161616: posts small blind $0.01
bentota2: posts big blind $0.02
*** HOLE CARDS ***
Dealt to Dorex2007 [Qh 3h]
deileon: folds 
juliograciel: calls $0.02
Dorex2007: folds 
ExZell66: folds 
zanozaN1: folds 
SSRxAK89: folds 
bree161616: calls $0.01
bentota2: checks 
*** FLOP *** [7h 5c 2d]
bree161616: bets $0.03
bentota2: folds 
juliograciel: calls $0.03
*** TURN *** [7h 5c 2d] [As]
bree161616: checks 
juliograciel: checks 
*** RIVER *** [7h 5c 2d As] [Kc]
bree161616: checks 
juliograciel: checks 
*** SHOW DOWN ***
bree161616: shows [7c 6c] (a pair of Sevens)
juliograciel: mucks hand 
bree161616 collected $0.12 from pot
*** SUMMARY ***
Total pot $0.12 | Rake $0 
Board [7h 5c 2d As Kc]
Seat 1: bree161616 (small blind) showed [7c 6c] and won ($0.12) with a pair of Sevens
Seat 2: bentota2 (big blind) folded on the Flop
Seat 4: deileon folded before Flop (didn't bet)
Seat 5: juliograciel mucked [8s 3s]
Seat 6: Dorex2007 folded before Flop (didn't bet)
Seat 7: ExZell66 folded before Flop (didn't bet)
Seat 8: zanozaN1 folded before Flop (didn't bet)
Seat 9: SSRxAK89 (button) folded before Flop (didn't bet)



PokerStars Hand #237229142320:  Hold'em No Limit ($0.01/$0.02 USD) - 2022/07/07 23:48:18 PT [2022/07/08 2:48:18 ET]
Table 'Bateson III' 9-max Seat #1 is the button
Seat 1: bree161616 ($1.65 in chips) 
Seat 2: bentota2 ($0.78 in chips) 
Seat 4: deileon ($1.52 in chips) 
Seat 5: juliograciel ($1.07 in chips) 
Seat 6: Dorex2007 ($2.68 in chips) 
Seat 7: ExZell66 ($1.55 in chips) 
Seat 8: zanozaN1 ($3.40 in chips) 
Seat 9: SSRxAK89 ($1.15 in chips) 
bentota2: posts small blind $0.01
deileon: posts big blind $0.02
*** HOLE CARDS ***
Dealt to Dorex2007 [8d Qd]
juliograciel: raises $0.04 to $0.06
Dorex2007: folds 
ExZell66: folds 
zanozaN1: folds 
SSRxAK89: folds 
bree161616: folds 
bentota2: folds 
deileon: folds 
Uncalled bet ($0.04) returned to juliograciel
juliograciel collected $0.05 from pot
*** SUMMARY ***
Total pot $0.05 | Rake $0 
Seat 1: bree161616 (button) folded before Flop (didn't bet)
Seat 2: bentota2 (small blind) folded before Flop
Seat 4: deileon (big blind) folded before Flop
Seat 5: juliograciel collected ($0.05)
Seat 6: Dorex2007 folded before Flop (didn't bet)
Seat 7: ExZell66 folded before Flop (didn't bet)
Seat 8: zanozaN1 folded before Flop (didn't bet)
Seat 9: SSRxAK89 folded before Flop (didn't bet)



PokerStars Hand #237229144533:  Hold'em No Limit ($0.01/$0.02 USD) - 2022/07/07 23:48:38 PT [2022/07/08 2:48:38 ET]
Table 'Bateson III' 9-max Seat #2 is the button
Seat 1: bree161616 ($1.65 in chips) 
Seat 2: bentota2 ($0.77 in chips) 
Seat 4: deileon ($1.50 in chips) 
Seat 5: juliograciel ($1.10 in chips) 
Seat 6: Dorex2007 ($2.68 in chips) 
Seat 7: ExZell66 ($1.55 in chips) 
Seat 8: zanozaN1 ($3.40 in chips) 
Seat 9: SSRxAK89 ($1.15 in chips) 
deileon: posts small blind $0.01
juliograciel: posts big blind $0.02
*** HOLE CARDS ***
Dealt to Dorex2007 [9h 9c]
Dorex2007: calls $0.02
ExZell66: folds 
zanozaN1: calls $0.02
SSRxAK89: folds 
bree161616: folds 
bentota2: folds 
deileon: folds 
juliograciel: checks 
*** FLOP *** [2h Qh 9s]
juliograciel: bets $0.07
Dorex2007: calls $0.07
zanozaN1: calls $0.07
*** TURN *** [2h Qh 9s] [Td]
juliograciel: bets $0.13
Dorex2007: raises $2.46 to $2.59 and is all-in
zanozaN1: folds 
juliograciel: folds 
Uncalled bet ($2.46) returned to Dorex2007
Dorex2007 collected $0.52 from pot
*** SUMMARY ***
Total pot $0.54 | Rake $0.02 
Board [2h Qh 9s Td]
Seat 1: bree161616 folded before Flop (didn't bet)
Seat 2: bentota2 (button) folded before Flop (didn't bet)
Seat 4: deileon (small blind) folded before Flop
Seat 5: juliograciel (big blind) folded on the Turn
Seat 6: Dorex2007 collected ($0.52)
Seat 7: ExZell66 folded before Flop (didn't bet)
Seat 8: zanozaN1 folded on the Turn
Seat 9: SSRxAK89 folded before Flop (didn't bet)



PokerStars Hand #237229153155:  Hold'em No Limit ($0.01/$0.02 USD) - 2022/07/07 23:49:59 PT [2022/07/08 2:49:59 ET]
Table 'Bateson III' 9-max Seat #4 is the button
Seat 1: bree161616 ($1.65 in chips) 
Seat 2: bentota2 ($0.77 in chips) 
Seat 4: deileon ($1.49 in chips) 
Seat 5: juliograciel ($0.88 in chips) 
Seat 6: Dorex2007 ($2.98 in chips) 
Seat 7: ExZell66 ($1.55 in chips) 
Seat 8: zanozaN1 ($3.31 in chips) 
Seat 9: SSRxAK89 ($1.15 in chips) 
juliograciel: posts small blind $0.01
Dorex2007: posts big blind $0.02
*** HOLE CARDS ***
Dealt to Dorex2007 [Qh Jc]
ExZell66: folds 
zanozaN1: folds 
SSRxAK89: folds 
bree161616: raises $0.04 to $0.06
bentota2: folds 
deileon: calls $0.06
juliograciel: calls $0.05
Dorex2007: calls $0.04
*** FLOP *** [Qs 6c Ts]
juliograciel: checks 
Dorex2007: bets $0.15
bree161616: calls $0.15
deileon: folds 
juliograciel: folds 
*** TURN *** [Qs 6c Ts] [Ah]
Dorex2007: bets $0.16
bree161616: folds 
Uncalled bet ($0.16) returned to Dorex2007
Dorex2007 collected $0.52 from pot
*** SUMMARY ***
Total pot $0.54 | Rake $0.02 
Board [Qs 6c Ts Ah]
Seat 1: bree161616 folded on the Turn
Seat 2: bentota2 folded before Flop (didn't bet)
Seat 4: deileon (button) folded on the Flop
Seat 5: juliograciel (small blind) folded on the Flop
Seat 6: Dorex2007 (big blind) collected ($0.52)
Seat 7: ExZell66 folded before Flop (didn't bet)
Seat 8: zanozaN1 folded before Flop (didn't bet)
Seat 9: SSRxAK89 folded before Flop (didn't bet)



PokerStars Hand #237229159048:  Hold'em No Limit ($0.01/$0.02 USD) - 2022/07/07 23:50:54 PT [2022/07/08 2:50:54 ET]
Table 'Bateson III' 9-max Seat #5 is the button
Seat 1: bree161616 ($1.44 in chips) 
Seat 2: bentota2 ($0.77 in chips) 
Seat 4: deileon ($1.43 in chips) 
Seat 5: juliograciel ($0.82 in chips) 
Seat 6: Dorex2007 ($3.29 in chips) 
Seat 7: ExZell66 ($1.55 in chips) 
Seat 8: zanozaN1 ($3.31 in chips) 
Seat 9: SSRxAK89 ($1.15 in chips) 
Dorex2007: posts small blind $0.01
ExZell66: posts big blind $0.02
*** HOLE CARDS ***
Dealt to Dorex2007 [Kd 2h]
zanozaN1: raises $0.04 to $0.06
SSRxAK89: folds 
bree161616: folds 
bentota2: folds 
deileon: folds 
juliograciel: folds 
Dorex2007: folds 
ExZell66: calls $0.04
*** FLOP *** [3c Tc 7s]
ExZell66: bets $0.07
zanozaN1: calls $0.07
*** TURN *** [3c Tc 7s] [6s]
ExZell66: bets $0.13
zanozaN1: raises $0.27 to $0.40
ExZell66: calls $0.27
*** RIVER *** [3c Tc 7s 6s] [3s]
ExZell66: checks 
zanozaN1: checks 
*** SHOW DOWN ***
ExZell66: shows [7c 8c] (two pair, Sevens and Threes)
zanozaN1: shows [Qc Qh] (two pair, Queens and Threes)
zanozaN1 collected $1.03 from pot
*** SUMMARY ***
Total pot $1.07 | Rake $0.04 
Board [3c Tc 7s 6s 3s]
Seat 1: bree161616 folded before Flop (didn't bet)
Seat 2: bentota2 folded before Flop (didn't bet)
Seat 4: deileon folded before Flop (didn't bet)
Seat 5: juliograciel (button) folded before Flop (didn't bet)
Seat 6: Dorex2007 (small blind) folded before Flop
Seat 7: ExZell66 (big blind) showed [7c 8c] and lost with two pair, Sevens and Threes
Seat 8: zanozaN1 showed [Qc Qh] and won ($1.03) with two pair, Queens and Threes
Seat 9: SSRxAK89 folded before Flop (didn't bet)



PokerStars Hand #237229166883:  Hold'em No Limit ($0.01/$0.02 USD) - 2022/07/07 23:52:07 PT [2022/07/08 2:52:07 ET]
Table 'Bateson III' 9-max Seat #6 is the button
Seat 1: bree161616 ($1.44 in chips) 
Seat 2: bentota2 ($0.77 in chips) 
Seat 4: deileon ($1.43 in chips) 
Seat 5: juliograciel ($0.82 in chips) 
Seat 6: Dorex2007 ($3.28 in chips) 
Seat 7: ExZell66 ($1.02 in chips) 
Seat 8: zanozaN1 ($3.81 in chips) 
Seat 9: SSRxAK89 ($1.15 in chips) 
ExZell66: posts small blind $0.01
zanozaN1: posts big blind $0.02
*** HOLE CARDS ***
Dealt to Dorex2007 [9d 9h]
SSRxAK89: folds 
bree161616: raises $0.04 to $0.06
bentota2: folds 
deileon: folds 
juliograciel: folds 
Dorex2007: calls $0.06
ExZell66: folds 
zanozaN1: folds 
*** FLOP *** [5c 4h 2c]
bree161616: checks 
Dorex2007: bets $0.09
bree161616: calls $0.09
*** TURN *** [5c 4h 2c] [Tc]
bree161616: checks 
Dorex2007: bets $0.06
bree161616: calls $0.06
*** RIVER *** [5c 4h 2c Tc] [9s]
bree161616: bets $0.22
Kattfarmor leaves the table
Greg Pak joins the table at seat #3 
Dorex2007: calls $0.22
*** SHOW DOWN ***
bree161616: shows [Ac Ks] (high card Ace)
Dorex2007: shows [9d 9h] (three of a kind, Nines)
Dorex2007 collected $0.86 from pot
*** SUMMARY ***
Total pot $0.89 | Rake $0.03 
Board [5c 4h 2c Tc 9s]
Seat 1: bree161616 showed [Ac Ks] and lost with high card Ace
Seat 2: bentota2 folded before Flop (didn't bet)
Seat 4: deileon folded before Flop (didn't bet)
Seat 5: juliograciel folded before Flop (didn't bet)
Seat 6: Dorex2007 (button) showed [9d 9h] and won ($0.86) with three of a kind, Nines
Seat 7: ExZell66 (small blind) folded before Flop
Seat 8: zanozaN1 (big blind) folded before Flop
Seat 9: SSRxAK89 folded before Flop (didn't bet)



PokerStars Hand #237229175251:  Hold'em No Limit ($0.01/$0.02 USD) - 2022/07/07 23:53:26 PT [2022/07/08 2:53:26 ET]
Table 'Bateson III' 9-max Seat #7 is the button
Seat 1: bree161616 ($1.01 in chips) 
Seat 2: bentota2 ($0.77 in chips) 
Seat 4: deileon ($1.43 in chips) 
Seat 5: juliograciel ($0.82 in chips) 
Seat 6: Dorex2007 ($3.71 in chips) 
Seat 7: ExZell66 ($1.01 in chips) 
Seat 8: zanozaN1 ($3.79 in chips) 
Seat 9: SSRxAK89 ($1.15 in chips) 
zanozaN1: posts small blind $0.01
SSRxAK89: posts big blind $0.02
Greg Pak: sits out 
*** HOLE CARDS ***
Dealt to Dorex2007 [3d 6s]
bree161616: raises $0.04 to $0.06
bentota2: folds 
deileon: folds 
juliograciel: folds 
Dorex2007: folds 
ExZell66: folds 
zanozaN1: calls $0.05
SSRxAK89: folds 
*** FLOP *** [7s 3s 3h]
zanozaN1: checks 
bree161616: bets $0.07
zanozaN1: calls $0.07
*** TURN *** [7s 3s 3h] [5d]
zanozaN1: checks 
bree161616: checks 
*** RIVER *** [7s 3s 3h 5d] [Kd]
zanozaN1: checks 
bree161616: checks 
*** SHOW DOWN ***
zanozaN1: shows [Js Jd] (two pair, Jacks and Threes)
bree161616: shows [Ks As] (two pair, Kings and Threes)
bree161616 collected $0.27 from pot
*** SUMMARY ***
Total pot $0.28 | Rake $0.01 
Board [7s 3s 3h 5d Kd]
Seat 1: bree161616 showed [Ks As] and won ($0.27) with two pair, Kings and Threes
Seat 2: bentota2 folded before Flop (didn't bet)
Seat 4: deileon folded before Flop (didn't bet)
Seat 5: juliograciel folded before Flop (didn't bet)
Seat 6: Dorex2007 folded before Flop (didn't bet)
Seat 7: ExZell66 (button) folded before Flop (didn't bet)
Seat 8: zanozaN1 (small blind) showed [Js Jd] and lost with two pair, Jacks and Threes
Seat 9: SSRxAK89 (big blind) folded before Flop



PokerStars Hand #237229181522:  Hold'em No Limit ($0.01/$0.02 USD) - 2022/07/07 23:54:25 PT [2022/07/08 2:54:25 ET]
Table 'Bateson III' 9-max Seat #8 is the button
Seat 1: bree161616 ($1.15 in chips) 
Seat 2: bentota2 ($0.77 in chips) 
Seat 4: deileon ($1.43 in chips) 
Seat 5: juliograciel ($0.82 in chips) 
Seat 6: Dorex2007 ($3.71 in chips) 
Seat 7: ExZell66 ($1.01 in chips) 
Seat 8: zanozaN1 ($3.66 in chips) 
Seat 9: SSRxAK89 ($1.13 in chips) 
SSRxAK89: posts small blind $0.01
bree161616: posts big blind $0.02
Greg Pak: sits out 
*** HOLE CARDS ***
Dealt to Dorex2007 [9c 2c]
bentota2: folds 
deileon: folds 
juliograciel: folds 
Dorex2007: folds 
ExZell66: folds 
zanozaN1: folds 
SSRxAK89: raises $0.03 to $0.05
bree161616: calls $0.03
*** FLOP *** [4s Kd 9s]
SSRxAK89: checks 
bree161616: bets $0.05
SSRxAK89: folds 
Uncalled bet ($0.05) returned to bree161616
bree161616 collected $0.10 from pot
*** SUMMARY ***
Total pot $0.10 | Rake $0 
Board [4s Kd 9s]
Seat 1: bree161616 (big blind) collected ($0.10)
Seat 2: bentota2 folded before Flop (didn't bet)
Seat 4: deileon folded before Flop (didn't bet)
Seat 5: juliograciel folded before Flop (didn't bet)
Seat 6: Dorex2007 folded before Flop (didn't bet)
Seat 7: ExZell66 folded before Flop (didn't bet)
Seat 8: zanozaN1 (button) folded before Flop (didn't bet)
Seat 9: SSRxAK89 (small blind) folded on the Flop



PokerStars Hand #237229188997:  Hold'em No Limit ($0.01/$0.02 USD) - 2022/07/07 23:55:38 PT [2022/07/08 2:55:38 ET]
Table 'Bateson III' 9-max Seat #9 is the button
Seat 1: bree161616 ($1.20 in chips) 
Seat 2: bentota2 ($0.77 in chips) 
Seat 4: deileon ($1.43 in chips) 
Seat 5: juliograciel ($0.82 in chips) 
Seat 6: Dorex2007 ($3.71 in chips) 
Seat 7: ExZell66 ($1.01 in chips) 
Seat 8: zanozaN1 ($3.66 in chips) 
Seat 9: SSRxAK89 ($1.08 in chips) 
bree161616: posts small blind $0.01
bentota2: posts big blind $0.02
Greg Pak: sits out 
*** HOLE CARDS ***
Dealt to Dorex2007 [Kc As]
deileon: folds 
juliograciel: folds 
Dorex2007: raises $0.04 to $0.06
ExZell66: folds 
zanozaN1: calls $0.06
SSRxAK89: folds 
bree161616: folds 
bentota2: folds 
*** FLOP *** [Qh Ah Ks]
Dorex2007: bets $0.07
zanozaN1: folds 
Uncalled bet ($0.07) returned to Dorex2007
Dorex2007 collected $0.14 from pot
*** SUMMARY ***
Total pot $0.15 | Rake $0.01 
Board [Qh Ah Ks]
Seat 1: bree161616 (small blind) folded before Flop
Seat 2: bentota2 (big blind) folded before Flop
Seat 4: deileon folded before Flop (didn't bet)
Seat 5: juliograciel folded before Flop (didn't bet)
Seat 6: Dorex2007 collected ($0.14)
Seat 7: ExZell66 folded before Flop (didn't bet)
Seat 8: zanozaN1 folded on the Flop
Seat 9: SSRxAK89 (button) folded before Flop (didn't bet)



PokerStars Hand #237229192485:  Hold'em No Limit ($0.01/$0.02 USD) - 2022/07/07 23:56:14 PT [2022/07/08 2:56:14 ET]
Table 'Bateson III' 9-max Seat #1 is the button
Seat 1: bree161616 ($1.19 in chips) 
Seat 2: bentota2 ($0.75 in chips) 
Seat 3: Greg Pak ($1.94 in chips) 
Seat 4: deileon ($1.43 in chips) 
Seat 5: juliograciel ($0.82 in chips) 
Seat 6: Dorex2007 ($3.79 in chips) 
Seat 7: ExZell66 ($1.01 in chips) 
Seat 8: zanozaN1 ($3.60 in chips) 
Seat 9: SSRxAK89 ($1.08 in chips) 
bentota2: posts small blind $0.01
Greg Pak: posts big blind $0.02
*** HOLE CARDS ***
Dealt to Dorex2007 [4s 7s]
deileon: folds 
juliograciel: raises $0.04 to $0.06
Dorex2007: folds 
ExZell66: folds 
zanozaN1: folds 
SSRxAK89: folds 
bree161616: folds 
bentota2: folds 
Greg Pak: folds 
Uncalled bet ($0.04) returned to juliograciel
juliograciel collected $0.05 from pot
*** SUMMARY ***
Total pot $0.05 | Rake $0 
Seat 1: bree161616 (button) folded before Flop (didn't bet)
Seat 2: bentota2 (small blind) folded before Flop
Seat 3: Greg Pak (big blind) folded before Flop
Seat 4: deileon folded before Flop (didn't bet)
Seat 5: juliograciel collected ($0.05)
Seat 6: Dorex2007 folded before Flop (didn't bet)
Seat 7: ExZell66 folded before Flop (didn't bet)
Seat 8: zanozaN1 folded before Flop (didn't bet)
Seat 9: SSRxAK89 folded before Flop (didn't bet)



PokerStars Hand #237229196434:  Hold'em No Limit ($0.01/$0.02 USD) - 2022/07/07 23:56:55 PT [2022/07/08 2:56:55 ET]
Table 'Bateson III' 9-max Seat #2 is the button
Seat 1: bree161616 ($1.19 in chips) 
Seat 2: bentota2 ($0.74 in chips) 
Seat 3: Greg Pak ($1.92 in chips) 
Seat 4: deileon ($1.43 in chips) 
Seat 5: juliograciel ($0.85 in chips) 
Seat 6: Dorex2007 ($3.79 in chips) 
Seat 7: ExZell66 ($1.01 in chips) 
Seat 8: zanozaN1 ($3.60 in chips) 
Seat 9: SSRxAK89 ($1.08 in chips) 
Greg Pak: posts small blind $0.01
deileon: posts big blind $0.02
*** HOLE CARDS ***
Dealt to Dorex2007 [Kd 3h]
juliograciel: raises $0.04 to $0.06
Dorex2007: folds 
ExZell66: folds 
zanozaN1: folds 
SSRxAK89: folds 
bree161616: folds 
bentota2: folds 
Greg Pak: folds 
deileon: calls $0.04
*** FLOP *** [3s 7h Ts]
deileon: checks 
juliograciel: checks 
*** TURN *** [3s 7h Ts] [3c]
deileon: checks 
juliograciel: bets $0.13
deileon: folds 
Uncalled bet ($0.13) returned to juliograciel
juliograciel collected $0.13 from pot
*** SUMMARY ***
Total pot $0.13 | Rake $0 
Board [3s 7h Ts 3c]
Seat 1: bree161616 folded before Flop (didn't bet)
Seat 2: bentota2 (button) folded before Flop (didn't bet)
Seat 3: Greg Pak (small blind) folded before Flop
Seat 4: deileon (big blind) folded on the Turn
Seat 5: juliograciel collected ($0.13)
Seat 6: Dorex2007 folded before Flop (didn't bet)
Seat 7: ExZell66 folded before Flop (didn't bet)
Seat 8: zanozaN1 folded before Flop (didn't bet)
Seat 9: SSRxAK89 folded before Flop (didn't bet)



PokerStars Hand #237229200408:  Hold'em No Limit ($0.01/$0.02 USD) - 2022/07/07 23:57:36 PT [2022/07/08 2:57:36 ET]
Table 'Bateson III' 9-max Seat #3 is the button
Seat 1: bree161616 ($1.19 in chips) 
Seat 2: bentota2 ($0.74 in chips) 
Seat 3: Greg Pak ($1.91 in chips) 
Seat 4: deileon ($1.37 in chips) 
Seat 5: juliograciel ($0.92 in chips) 
Seat 6: Dorex2007 ($3.79 in chips) 
Seat 7: ExZell66 ($1.01 in chips) 
Seat 8: zanozaN1 ($3.60 in chips) 
Seat 9: SSRxAK89 ($1.08 in chips) 
deileon: posts small blind $0.01
juliograciel: posts big blind $0.02
*** HOLE CARDS ***
Dealt to Dorex2007 [Kc 8h]
Dorex2007: folds 
ExZell66: folds 
zanozaN1: folds 
SSRxAK89: folds 
bree161616: calls $0.02
bentota2: folds 
Greg Pak: raises $0.02 to $0.04
deileon: folds 
juliograciel: folds 
bree161616: calls $0.02
*** FLOP *** [5h 6h 3h]
bree161616: checks 
Greg Pak: bets $0.07
bree161616: calls $0.07
*** TURN *** [5h 6h 3h] [Td]
bree161616: checks 
Greg Pak: checks 
*** RIVER *** [5h 6h 3h Td] [5s]
bree161616: bets $0.12
Greg Pak: folds 
Uncalled bet ($0.12) returned to bree161616
bree161616 collected $0.24 from pot
*** SUMMARY ***
Total pot $0.25 | Rake $0.01 
Board [5h 6h 3h Td 5s]
Seat 1: bree161616 collected ($0.24)
Seat 2: bentota2 folded before Flop (didn't bet)
Seat 3: Greg Pak (button) folded on the River
Seat 4: deileon (small blind) folded before Flop
Seat 5: juliograciel (big blind) folded before Flop
Seat 6: Dorex2007 folded before Flop (didn't bet)
Seat 7: ExZell66 folded before Flop (didn't bet)
Seat 8: zanozaN1 folded before Flop (didn't bet)
Seat 9: SSRxAK89 folded before Flop (didn't bet)



PokerStars Hand #237229207484:  Hold'em No Limit ($0.01/$0.02 USD) - 2022/07/07 23:58:50 PT [2022/07/08 2:58:50 ET]
Table 'Bateson III' 9-max Seat #4 is the button
Seat 1: bree161616 ($1.32 in chips) 
Seat 2: bentota2 ($0.74 in chips) 
Seat 3: Greg Pak ($1.80 in chips) 
Seat 4: deileon ($1.36 in chips) 
Seat 5: juliograciel ($0.90 in chips) 
Seat 6: Dorex2007 ($3.79 in chips) 
Seat 7: ExZell66 ($1.01 in chips) 
Seat 8: zanozaN1 ($3.60 in chips) 
Seat 9: SSRxAK89 ($1.08 in chips) 
juliograciel: posts small blind $0.01
Dorex2007: posts big blind $0.02
*** HOLE CARDS ***
Dealt to Dorex2007 [7d Kd]
ExZell66: folds 
zanozaN1: folds 
SSRxAK89: folds 
bree161616: folds 
bentota2: folds 
Greg Pak: raises $0.06 to $0.08
deileon: calls $0.08
juliograciel: raises $0.08 to $0.16
Dorex2007: folds 
Greg Pak: calls $0.08
deileon: calls $0.08
*** FLOP *** [8c 8h 2h]
juliograciel: checks 
Greg Pak: bets $0.50
deileon: folds 
juliograciel: calls $0.50
*** TURN *** [8c 8h 2h] [8d]
juliograciel: bets $0.24 and is all-in
Greg Pak: calls $0.24
*** RIVER *** [8c 8h 2h 8d] [7h]
*** SHOW DOWN ***
juliograciel: shows [Ac Jd] (three of a kind, Eights)
Greg Pak: shows [Tc Ts] (a full house, Eights full of Tens)
Greg Pak collected $1.91 from pot
*** SUMMARY ***
Total pot $1.98 | Rake $0.07 
Board [8c 8h 2h 8d 7h]
Seat 1: bree161616 folded before Flop (didn't bet)
Seat 2: bentota2 folded before Flop (didn't bet)
Seat 3: Greg Pak showed [Tc Ts] and won ($1.91) with a full house, Eights full of Tens
Seat 4: deileon (button) folded on the Flop
Seat 5: juliograciel (small blind) showed [Ac Jd] and lost with three of a kind, Eights
Seat 6: Dorex2007 (big blind) folded before Flop
Seat 7: ExZell66 folded before Flop (didn't bet)
Seat 8: zanozaN1 folded before Flop (didn't bet)
Seat 9: SSRxAK89 folded before Flop (didn't bet)



PokerStars Hand #237229214326:  Hold'em No Limit ($0.01/$0.02 USD) - 2022/07/08 0:00:01 PT [2022/07/08 3:00:01 ET]
Table 'Bateson III' 9-max Seat #6 is the button
Seat 1: bree161616 ($1.32 in chips) 
Seat 2: bentota2 ($0.74 in chips) 
Seat 3: Greg Pak ($2.81 in chips) 
Seat 4: deileon ($1.20 in chips) 
Seat 6: Dorex2007 ($3.77 in chips) 
Seat 7: ExZell66 ($1.01 in chips) 
Seat 9: SSRxAK89 ($1.08 in chips) 
ExZell66: posts small blind $0.01
zanozaN1: is sitting out 
SSRxAK89: posts big blind $0.02
*** HOLE CARDS ***
Dealt to Dorex2007 [5c 6c]
juliograciel is disconnected 
bree161616: raises $0.04 to $0.06
bentota2: calls $0.06
Greg Pak: folds 
deileon: folds 
Dorex2007: folds 
ExZell66: folds 
SSRxAK89: calls $0.04
*** FLOP *** [3s As 6s]
SSRxAK89: checks 
bree161616: bets $0.09
bentota2: folds 
SSRxAK89: calls $0.09
*** TURN *** [3s As 6s] [Ts]
SSRxAK89: checks 
bree161616: checks 
*** RIVER *** [3s As 6s Ts] [7h]
SSRxAK89: bets $0.27
bree161616: calls $0.27
*** SHOW DOWN ***
SSRxAK89: shows [Ac Qs] (a flush, Ace high)
bree161616: mucks hand 
SSRxAK89 collected $0.88 from pot
*** SUMMARY ***
Total pot $0.91 | Rake $0.03 
Board [3s As 6s Ts 7h]
Seat 1: bree161616 mucked [Jh Ah]
Seat 2: bentota2 folded on the Flop
Seat 3: Greg Pak folded before Flop (didn't bet)
Seat 4: deileon folded before Flop (didn't bet)
Seat 6: Dorex2007 (button) folded before Flop (didn't bet)
Seat 7: ExZell66 (small blind) folded before Flop
Seat 9: SSRxAK89 (big blind) showed [Ac Qs] and won ($0.88) with a flush, Ace high



PokerStars Hand #237229220730:  Hold'em No Limit ($0.01/$0.02 USD) - 2022/07/08 0:01:02 PT [2022/07/08 3:01:02 ET]
Table 'Bateson III' 9-max Seat #7 is the button
Seat 1: bree161616 ($0.90 in chips) 
Seat 2: bentota2 ($0.68 in chips) 
Seat 3: Greg Pak ($2.81 in chips) 
Seat 4: deileon ($1.20 in chips) 
Seat 6: Dorex2007 ($3.77 in chips) 
Seat 7: ExZell66 ($1 in chips) 
Seat 9: SSRxAK89 ($1.54 in chips) 
SSRxAK89: posts small blind $0.01
bree161616: posts big blind $0.02
*** HOLE CARDS ***
Dealt to Dorex2007 [9h Qd]
bentota2: folds 
Greg Pak: raises $0.02 to $0.04
deileon: folds 
Dorex2007: folds 
ExZell66: calls $0.04
SSRxAK89: folds 
bree161616: calls $0.02
*** FLOP *** [Jd 9s 9c]
bree161616: checks 
Greg Pak: bets $0.09
ExZell66: folds 
bree161616: folds 
Uncalled bet ($0.09) returned to Greg Pak
Greg Pak collected $0.13 from pot
*** SUMMARY ***
Total pot $0.13 | Rake $0 
Board [Jd 9s 9c]
Seat 1: bree161616 (big blind) folded on the Flop
Seat 2: bentota2 folded before Flop (didn't bet)
Seat 3: Greg Pak collected ($0.13)
Seat 4: deileon folded before Flop (didn't bet)
Seat 6: Dorex2007 folded before Flop (didn't bet)
Seat 7: ExZell66 (button) folded on the Flop
Seat 9: SSRxAK89 (small blind) folded before Flop



PokerStars Hand #237229224583:  Hold'em No Limit ($0.01/$0.02 USD) - 2022/07/08 0:01:38 PT [2022/07/08 3:01:38 ET]
Table 'Bateson III' 9-max Seat #9 is the button
Seat 1: bree161616 ($0.86 in chips) 
Seat 2: bentota2 ($0.68 in chips) 
Seat 3: Greg Pak ($2.90 in chips) 
Seat 4: deileon ($1.20 in chips) 
Seat 6: Dorex2007 ($3.77 in chips) 
Seat 7: ExZell66 ($0.96 in chips) 
Seat 9: SSRxAK89 ($1.53 in chips) 
bree161616: posts small blind $0.01
bentota2: posts big blind $0.02
*** HOLE CARDS ***
Dealt to Dorex2007 [4c 7d]
Greg Pak: folds 
deileon: folds 
Dorex2007: folds 
ExZell66: folds 
SSRxAK89: folds 
bree161616: raises $0.04 to $0.06
bentota2: folds 
Uncalled bet ($0.04) returned to bree161616
bree161616 collected $0.04 from pot
*** SUMMARY ***
Total pot $0.04 | Rake $0 
Seat 1: bree161616 (small blind) collected ($0.04)
Seat 2: bentota2 (big blind) folded before Flop
Seat 3: Greg Pak folded before Flop (didn't bet)
Seat 4: deileon folded before Flop (didn't bet)
Seat 6: Dorex2007 folded before Flop (didn't bet)
Seat 7: ExZell66 folded before Flop (didn't bet)
Seat 9: SSRxAK89 (button) folded before Flop (didn't bet)



PokerStars Hand #237229227438:  Hold'em No Limit ($0.01/$0.02 USD) - 2022/07/08 0:02:05 PT [2022/07/08 3:02:05 ET]
Table 'Bateson III' 9-max Seat #1 is the button
Seat 1: bree161616 ($0.88 in chips) 
Seat 2: bentota2 ($0.66 in chips) 
Seat 3: Greg Pak ($2.90 in chips) 
Seat 4: deileon ($1.20 in chips) 
Seat 6: Dorex2007 ($3.77 in chips) 
Seat 7: ExZell66 ($0.96 in chips) 
Seat 9: SSRxAK89 ($1.53 in chips) 
bentota2: posts small blind $0.01
Greg Pak: posts big blind $0.02
*** HOLE CARDS ***
Dealt to Dorex2007 [Ad 5s]
deileon: calls $0.02
Dorex2007: folds 
ExZell66: folds 
SSRxAK89: calls $0.02
bree161616: folds 
bentota2: calls $0.01
Greg Pak: checks 
*** FLOP *** [6h Qh 8d]
bentota2: checks 
Greg Pak: checks 
deileon: bets $0.04
SSRxAK89: folds 
bentota2: folds 
Greg Pak: folds 
Uncalled bet ($0.04) returned to deileon
deileon collected $0.08 from pot
*** SUMMARY ***
Total pot $0.08 | Rake $0 
Board [6h Qh 8d]
Seat 1: bree161616 (button) folded before Flop (didn't bet)
Seat 2: bentota2 (small blind) folded on the Flop
Seat 3: Greg Pak (big blind) folded on the Flop
Seat 4: deileon collected ($0.08)
Seat 6: Dorex2007 folded before Flop (didn't bet)
Seat 7: ExZell66 folded before Flop (didn't bet)
Seat 9: SSRxAK89 folded on the Flop



PokerStars Hand #237229232472:  Hold'em No Limit ($0.01/$0.02 USD) - 2022/07/08 0:02:51 PT [2022/07/08 3:02:51 ET]
Table 'Bateson III' 9-max Seat #2 is the button
Seat 1: bree161616 ($0.88 in chips) 
Seat 2: bentota2 ($0.64 in chips) 
Seat 3: Greg Pak ($2.88 in chips) 
Seat 6: Dorex2007 ($3.77 in chips) 
Seat 7: ExZell66 ($0.96 in chips) 
Seat 9: SSRxAK89 ($1.51 in chips) 
Greg Pak: posts small blind $0.01
deileon: is sitting out 
Dorex2007: posts big blind $0.02
*** HOLE CARDS ***
Dealt to Dorex2007 [Jh 7c]
ExZell66: folds 
SSRxAK89: folds 
zanozaN1 leaves the table
bree161616: folds 
bentota2: calls $0.02
Greg Pak: raises $0.04 to $0.06
Dorex2007: folds 
bentota2: calls $0.04
*** FLOP *** [7h Qc 3h]
Greg Pak: bets $0.14
bentota2: calls $0.14
*** TURN *** [7h Qc 3h] [5s]
Greg Pak: bets $0.41
bentota2: raises $0.03 to $0.44 and is all-in
Greg Pak: calls $0.03
*** RIVER *** [7h Qc 3h 5s] [8h]
*** SHOW DOWN ***
Greg Pak: shows [Qd Kh] (a pair of Queens)
bentota2: shows [Ah 5h] (a flush, Ace high)
bentota2 collected $1.24 from pot
*** SUMMARY ***
Total pot $1.30 | Rake $0.06 
Board [7h Qc 3h 5s 8h]
Seat 1: bree161616 folded before Flop (didn't bet)
Seat 2: bentota2 (button) showed [Ah 5h] and won ($1.24) with a flush, Ace high
Seat 3: Greg Pak (small blind) showed [Qd Kh] and lost with a pair of Queens
Seat 6: Dorex2007 (big blind) folded before Flop
Seat 7: ExZell66 folded before Flop (didn't bet)
Seat 9: SSRxAK89 folded before Flop (didn't bet)



PokerStars Hand #237229236524:  Hold'em No Limit ($0.01/$0.02 USD) - 2022/07/08 0:03:29 PT [2022/07/08 3:03:29 ET]
Table 'Bateson III' 9-max Seat #3 is the button
Seat 1: bree161616 ($0.88 in chips) 
Seat 2: bentota2 ($1.24 in chips) 
Seat 3: Greg Pak ($2.24 in chips) 
Seat 6: Dorex2007 ($3.75 in chips) 
Seat 7: ExZell66 ($0.96 in chips) 
Seat 9: SSRxAK89 ($1.51 in chips) 
Dorex2007: posts small blind $0.01
ExZell66: posts big blind $0.02
*** HOLE CARDS ***
Dealt to Dorex2007 [2s 9d]
SSRxAK89: folds 
bree161616: folds 
bentota2: folds 
Greg Pak: folds 
Dorex2007: folds 
Uncalled bet ($0.01) returned to ExZell66
ExZell66 collected $0.02 from pot
*** SUMMARY ***
Total pot $0.02 | Rake $0 
Seat 1: bree161616 folded before Flop (didn't bet)
Seat 2: bentota2 folded before Flop (didn't bet)
Seat 3: Greg Pak (button) folded before Flop (didn't bet)
Seat 6: Dorex2007 (small blind) folded before Flop
Seat 7: ExZell66 (big blind) collected ($0.02)
Seat 9: SSRxAK89 folded before Flop (didn't bet)



PokerStars Hand #237229238301:  Hold'em No Limit ($0.01/$0.02 USD) - 2022/07/08 0:03:45 PT [2022/07/08 3:03:45 ET]
Table 'Bateson III' 9-max Seat #6 is the button
Seat 1: bree161616 ($0.88 in chips) 
Seat 2: bentota2 ($1.24 in chips) 
Seat 3: Greg Pak ($2.24 in chips) 
Seat 6: Dorex2007 ($3.74 in chips) 
Seat 7: ExZell66 ($0.97 in chips) 
Seat 9: SSRxAK89 ($1.51 in chips) 
ExZell66: posts small blind $0.01
SSRxAK89: posts big blind $0.02
*** HOLE CARDS ***
Dealt to Dorex2007 [5d 9s]
bree161616: calls $0.02
bentota2: folds 
Greg Pak: folds 
Dorex2007: folds 
ExZell66: raises $0.14 to $0.16
SSRxAK89: folds 
bree161616: calls $0.14
*** FLOP *** [Kc 7c Ts]
ExZell66: bets $0.17
bree161616: calls $0.17
*** TURN *** [Kc 7c Ts] [Ks]
ExZell66: bets $0.64 and is all-in
bree161616: folds 
Uncalled bet ($0.64) returned to ExZell66
ExZell66 collected $0.66 from pot
*** SUMMARY ***
Total pot $0.68 | Rake $0.02 
Board [Kc 7c Ts Ks]
Seat 1: bree161616 folded on the Turn
Seat 2: bentota2 folded before Flop (didn't bet)
Seat 3: Greg Pak folded before Flop (didn't bet)
Seat 6: Dorex2007 (button) folded before Flop (didn't bet)
Seat 7: ExZell66 (small blind) collected ($0.66)
Seat 9: SSRxAK89 (big blind) folded before Flop



PokerStars Hand #237229244122:  Hold'em No Limit ($0.01/$0.02 USD) - 2022/07/08 0:04:39 PT [2022/07/08 3:04:39 ET]
Table 'Bateson III' 9-max Seat #7 is the button
Seat 1: bree161616 ($0.55 in chips) 
Seat 2: bentota2 ($1.24 in chips) 
Seat 3: Greg Pak ($2.24 in chips) 
Seat 6: Dorex2007 ($3.74 in chips) 
Seat 7: ExZell66 ($1.30 in chips) 
Seat 9: SSRxAK89 ($1.49 in chips) 
SSRxAK89: posts small blind $0.01
bree161616: posts big blind $0.02
*** HOLE CARDS ***
Dealt to Dorex2007 [8c Js]
bentota2: folds 
Greg Pak: folds 
Dorex2007: folds 
ExZell66: calls $0.02
SSRxAK89: folds 
bree161616: checks 
*** FLOP *** [Qc 3s Qh]
bree161616: checks 
ExZell66: checks 
*** TURN *** [Qc 3s Qh] [Ah]
bree161616: checks 
ExZell66: checks 
*** RIVER *** [Qc 3s Qh Ah] [9s]
bree161616: checks 
ExZell66: checks 
*** SHOW DOWN ***
bree161616: shows [Kh Jd] (a pair of Queens)
ExZell66: shows [Kd 3d] (two pair, Queens and Threes)
ExZell66 collected $0.05 from pot
*** SUMMARY ***
Total pot $0.05 | Rake $0 
Board [Qc 3s Qh Ah 9s]
Seat 1: bree161616 (big blind) showed [Kh Jd] and lost with a pair of Queens
Seat 2: bentota2 folded before Flop (didn't bet)
Seat 3: Greg Pak folded before Flop (didn't bet)
Seat 6: Dorex2007 folded before Flop (didn't bet)
Seat 7: ExZell66 (button) showed [Kd 3d] and won ($0.05) with two pair, Queens and Threes
Seat 9: SSRxAK89 (small blind) folded before Flop



PokerStars Hand #237229247455:  Hold'em No Limit ($0.01/$0.02 USD) - 2022/07/08 0:05:09 PT [2022/07/08 3:05:09 ET]
Table 'Bateson III' 9-max Seat #9 is the button
Seat 1: bree161616 ($0.53 in chips) 
Seat 2: bentota2 ($1.24 in chips) 
Seat 3: Greg Pak ($2.24 in chips) 
Seat 6: Dorex2007 ($3.74 in chips) 
Seat 7: ExZell66 ($1.33 in chips) 
Seat 9: SSRxAK89 ($1.48 in chips) 
bree161616: posts small blind $0.01
bentota2: posts big blind $0.02
*** HOLE CARDS ***
Dealt to Dorex2007 [Qh 8h]
Greg Pak: folds 
Dorex2007: folds 
ExZell66: folds 
SSRxAK89: folds 
bree161616: calls $0.01
bentota2: checks 
*** FLOP *** [2h 2d 5h]
bree161616: checks 
bentota2: checks 
*** TURN *** [2h 2d 5h] [6d]
bree161616: checks 
bentota2: checks 
*** RIVER *** [2h 2d 5h 6d] [9h]
bree161616: checks 
bentota2: bets $0.02
bree161616: folds 
Uncalled bet ($0.02) returned to bentota2
bentota2 collected $0.04 from pot
*** SUMMARY ***
Total pot $0.04 | Rake $0 
Board [2h 2d 5h 6d 9h]
Seat 1: bree161616 (small blind) folded on the River
Seat 2: bentota2 (big blind) collected ($0.04)
Seat 3: Greg Pak folded before Flop (didn't bet)
Seat 6: Dorex2007 folded before Flop (didn't bet)
Seat 7: ExZell66 folded before Flop (didn't bet)
Seat 9: SSRxAK89 (button) folded before Flop (didn't bet)



PokerStars Hand #237229252187:  Hold'em No Limit ($0.01/$0.02 USD) - 2022/07/08 0:05:53 PT [2022/07/08 3:05:53 ET]
Table 'Bateson III' 9-max Seat #1 is the button
Seat 1: bree161616 ($0.51 in chips) 
Seat 2: bentota2 ($1.26 in chips) 
Seat 3: Greg Pak ($2.24 in chips) 
Seat 6: Dorex2007 ($3.74 in chips) 
Seat 7: ExZell66 ($1.33 in chips) 
Seat 9: SSRxAK89 ($1.48 in chips) 
bentota2: posts small blind $0.01
Greg Pak: posts big blind $0.02
*** HOLE CARDS ***
Dealt to Dorex2007 [Qh 2d]
Dorex2007: folds 
37Oleg77 joins the table at seat #8 
ExZell66 has timed out
ExZell66: folds 
SSRxAK89: raises $0.03 to $0.05
bree161616: folds 
bentota2: folds 
Greg Pak: calls $0.03
*** FLOP *** [As Qd 3d]
Greg Pak: checks 
SSRxAK89: bets $0.07
Greg Pak: folds 
Uncalled bet ($0.07) returned to SSRxAK89
SSRxAK89 collected $0.11 from pot
*** SUMMARY ***
Total pot $0.11 | Rake $0 
Board [As Qd 3d]
Seat 1: bree161616 (button) folded before Flop (didn't bet)
Seat 2: bentota2 (small blind) folded before Flop
Seat 3: Greg Pak (big blind) folded on the Flop
Seat 6: Dorex2007 folded before Flop (didn't bet)
Seat 7: ExZell66 folded before Flop (didn't bet)
Seat 9: SSRxAK89 collected ($0.11)



PokerStars Hand #237229256851:  Hold'em No Limit ($0.01/$0.02 USD) - 2022/07/08 0:06:36 PT [2022/07/08 3:06:36 ET]
Table 'Bateson III' 9-max Seat #2 is the button
Seat 1: bree161616 ($0.51 in chips) 
Seat 2: bentota2 ($1.25 in chips) 
Seat 3: Greg Pak ($2.19 in chips) 
Seat 6: Dorex2007 ($3.74 in chips) 
Seat 7: ExZell66 ($1.33 in chips) 
Seat 8: 37Oleg77 ($2 in chips) 
Seat 9: SSRxAK89 ($1.54 in chips) 
Greg Pak: posts small blind $0.01
Dorex2007: posts big blind $0.02
37Oleg77: posts big blind $0.02
*** HOLE CARDS ***
Dealt to Dorex2007 [9s 9d]
ExZell66: folds 
37Oleg77: raises $0.04 to $0.06
SSRxAK89: folds 
bree161616: folds 
bentota2: folds 
Greg Pak: folds 
Dorex2007: calls $0.04
*** FLOP *** [Jd Ks Ad]
Dorex2007: checks 
37Oleg77: bets $0.07
Dorex2007: folds 
Uncalled bet ($0.07) returned to 37Oleg77
37Oleg77 collected $0.13 from pot
*** SUMMARY ***
Total pot $0.13 | Rake $0 
Board [Jd Ks Ad]
Seat 1: bree161616 folded before Flop (didn't bet)
Seat 2: bentota2 (button) folded before Flop (didn't bet)
Seat 3: Greg Pak (small blind) folded before Flop
Seat 6: Dorex2007 (big blind) folded on the Flop
Seat 7: ExZell66 folded before Flop (didn't bet)
Seat 8: 37Oleg77 collected ($0.13)
Seat 9: SSRxAK89 folded before Flop (didn't bet)



PokerStars Hand #237229260469:  Hold'em No Limit ($0.01/$0.02 USD) - 2022/07/08 0:07:09 PT [2022/07/08 3:07:09 ET]
Table 'Bateson III' 9-max Seat #3 is the button
Seat 1: bree161616 ($0.51 in chips) 
Seat 2: bentota2 ($1.25 in chips) 
Seat 3: Greg Pak ($2.18 in chips) 
Seat 6: Dorex2007 ($3.68 in chips) 
Seat 7: ExZell66 ($1.33 in chips) 
Seat 8: 37Oleg77 ($2.07 in chips) 
Seat 9: SSRxAK89 ($1.54 in chips) 
Dorex2007: posts small blind $0.01
ExZell66: posts big blind $0.02
*** HOLE CARDS ***
Dealt to Dorex2007 [Jd 9d]
37Oleg77: folds 
SSRxAK89: folds 
bree161616: calls $0.02
bentota2: folds 
Greg Pak: raises $0.02 to $0.04
Dorex2007: folds 
ExZell66: calls $0.02
bree161616: calls $0.02
*** FLOP *** [4h 6c Jc]
ExZell66: checks 
bree161616: bets $0.07
Greg Pak: folds 
ExZell66: folds 
Uncalled bet ($0.07) returned to bree161616
bree161616 collected $0.13 from pot
*** SUMMARY ***
Total pot $0.13 | Rake $0 
Board [4h 6c Jc]
Seat 1: bree161616 collected ($0.13)
Seat 2: bentota2 folded before Flop (didn't bet)
Seat 3: Greg Pak (button) folded on the Flop
Seat 6: Dorex2007 (small blind) folded before Flop
Seat 7: ExZell66 (big blind) folded on the Flop
Seat 8: 37Oleg77 folded before Flop (didn't bet)
Seat 9: SSRxAK89 folded before Flop (didn't bet)



PokerStars Hand #237229263504:  Hold'em No Limit ($0.01/$0.02 USD) - 2022/07/08 0:07:37 PT [2022/07/08 3:07:37 ET]
Table 'Bateson III' 9-max Seat #6 is the button
Seat 1: bree161616 ($0.60 in chips) 
Seat 2: bentota2 ($1.25 in chips) 
Seat 3: Greg Pak ($2.14 in chips) 
Seat 6: Dorex2007 ($3.67 in chips) 
Seat 7: ExZell66 ($1.29 in chips) 
Seat 8: 37Oleg77 ($2.07 in chips) 
Seat 9: SSRxAK89 ($1.54 in chips) 
ExZell66: posts small blind $0.01
37Oleg77: posts big blind $0.02
*** HOLE CARDS ***
Dealt to Dorex2007 [2d 4c]
SSRxAK89: folds 
bree161616: folds 
bentota2: folds 
Greg Pak: folds 
Dorex2007: folds 
ExZell66: calls $0.01
37Oleg77: checks 
*** FLOP *** [Kd 8s 6c]
ExZell66: checks 
37Oleg77: checks 
*** TURN *** [Kd 8s 6c] [Ac]
ExZell66: checks 
37Oleg77: checks 
*** RIVER *** [Kd 8s 6c Ac] [Ts]
ExZell66: checks 
37Oleg77: checks 
*** SHOW DOWN ***
ExZell66: shows [Ah 5c] (a pair of Aces)
37Oleg77: mucks hand 
ExZell66 collected $0.04 from pot
*** SUMMARY ***
Total pot $0.04 | Rake $0 
Board [Kd 8s 6c Ac Ts]
Seat 1: bree161616 folded before Flop (didn't bet)
Seat 2: bentota2 folded before Flop (didn't bet)
Seat 3: Greg Pak folded before Flop (didn't bet)
Seat 6: Dorex2007 (button) folded before Flop (didn't bet)
Seat 7: ExZell66 (small blind) showed [Ah 5c] and won ($0.04) with a pair of Aces
Seat 8: 37Oleg77 (big blind) mucked [3c 2h]
Seat 9: SSRxAK89 folded before Flop (didn't bet)



PokerStars Hand #237229267533:  Hold'em No Limit ($0.01/$0.02 USD) - 2022/07/08 0:08:14 PT [2022/07/08 3:08:14 ET]
Table 'Bateson III' 9-max Seat #7 is the button
Seat 1: bree161616 ($0.60 in chips) 
Seat 2: bentota2 ($1.25 in chips) 
Seat 3: Greg Pak ($2.14 in chips) 
Seat 6: Dorex2007 ($3.67 in chips) 
Seat 7: ExZell66 ($1.31 in chips) 
Seat 8: 37Oleg77 ($2.05 in chips) 
Seat 9: SSRxAK89 ($1.54 in chips) 
37Oleg77: posts small blind $0.01
SSRxAK89: posts big blind $0.02
*** HOLE CARDS ***
Dealt to Dorex2007 [8s 8h]
bree161616: raises $0.04 to $0.06
bentota2: folds 
Greg Pak: calls $0.06
Dorex2007: calls $0.06
ExZell66: folds 
37Oleg77: folds 
SSRxAK89: folds 
*** FLOP *** [5s Qs 9d]
bree161616: checks 
Greg Pak: bets $0.10
Dorex2007: folds 
bree161616: calls $0.10
*** TURN *** [5s Qs 9d] [Ks]
bree161616: bets $0.20
Greg Pak: raises $0.20 to $0.40
deileon leaves the table
bree161616: calls $0.20
*** RIVER *** [5s Qs 9d Ks] [Qd]
bree161616: checks 
Greg Pak: bets $0.06
bree161616: calls $0.04 and is all-in
Uncalled bet ($0.02) returned to Greg Pak
*** SHOW DOWN ***
Greg Pak: shows [Kc Js] (two pair, Kings and Queens)
bree161616: shows [Kd As] (two pair, Kings and Queens - Ace kicker)
bree161616 collected $1.24 from pot
*** SUMMARY ***
Total pot $1.29 | Rake $0.05 
Board [5s Qs 9d Ks Qd]
Seat 1: bree161616 showed [Kd As] and won ($1.24) with two pair, Kings and Queens
Seat 2: bentota2 folded before Flop (didn't bet)
Seat 3: Greg Pak showed [Kc Js] and lost with two pair, Kings and Queens
Seat 6: Dorex2007 folded on the Flop
Seat 7: ExZell66 (button) folded before Flop (didn't bet)
Seat 8: 37Oleg77 (small blind) folded before Flop
Seat 9: SSRxAK89 (big blind) folded before Flop



PokerStars Hand #237229275955:  Hold'em No Limit ($0.01/$0.02 USD) - 2022/07/08 0:09:32 PT [2022/07/08 3:09:32 ET]
Table 'Bateson III' 9-max Seat #8 is the button
Seat 1: bree161616 ($1.24 in chips) 
Seat 2: bentota2 ($1.25 in chips) 
Seat 3: Greg Pak ($1.54 in chips) 
Seat 6: Dorex2007 ($3.61 in chips) 
Seat 7: ExZell66 ($1.31 in chips) 
Seat 8: 37Oleg77 ($2.04 in chips) 
Seat 9: SSRxAK89 ($1.52 in chips) 
SSRxAK89: posts small blind $0.01
bree161616: posts big blind $0.02
*** HOLE CARDS ***
Dealt to Dorex2007 [Ah Ad]
bentota2: folds 
Greg Pak: folds 
Greg Pak leaves the table
Dorex2007: raises $0.04 to $0.06
ExZell66: folds 
37Oleg77: calls $0.06
SSRxAK89: folds 
bree161616: folds 
*** FLOP *** [8s 5s 6h]
Dorex2007: bets $0.09
Smith1606 joins the table at seat #3 
37Oleg77: calls $0.09
*** TURN *** [8s 5s 6h] [9s]
juliograciel leaves the table
Dorex2007: bets $0.16
37Oleg77: folds 
Uncalled bet ($0.16) returned to Dorex2007
Dorex2007 collected $0.32 from pot
*** SUMMARY ***
Total pot $0.33 | Rake $0.01 
Board [8s 5s 6h 9s]
Seat 1: bree161616 (big blind) folded before Flop
Seat 2: bentota2 folded before Flop (didn't bet)
Seat 3: Greg Pak folded before Flop (didn't bet)
Seat 6: Dorex2007 collected ($0.32)
Seat 7: ExZell66 folded before Flop (didn't bet)
Seat 8: 37Oleg77 (button) folded on the Turn
Seat 9: SSRxAK89 (small blind) folded before Flop



PokerStars Hand #237229280134:  Hold'em No Limit ($0.01/$0.02 USD) - 2022/07/08 0:10:10 PT [2022/07/08 3:10:10 ET]
Table 'Bateson III' 9-max Seat #9 is the button
Seat 1: bree161616 ($1.22 in chips) 
Seat 2: bentota2 ($1.25 in chips) 
Seat 6: Dorex2007 ($3.78 in chips) 
Seat 7: ExZell66 ($1.31 in chips) 
Seat 8: 37Oleg77 ($1.89 in chips) 
Seat 9: SSRxAK89 ($1.51 in chips) 
bree161616: posts small blind $0.01
bentota2: posts big blind $0.02
Smith1606: sits out 
*** HOLE CARDS ***
Dealt to Dorex2007 [5d 3s]
chicosox joins the table at seat #4 
Dorex2007: folds 
ExZell66: folds 
37Oleg77: folds 
SSRxAK89: folds 
bree161616: calls $0.01
bentota2: checks 
*** FLOP *** [5s 9d 3c]
bree161616: checks 
bentota2: checks 
*** TURN *** [5s 9d 3c] [8c]
bree161616: checks 
kokomimi701 joins the table at seat #5 
bentota2: bets $0.04
bree161616: calls $0.04
*** RIVER *** [5s 9d 3c 8c] [4h]
bree161616: bets $0.06
bentota2: calls $0.06
*** SHOW DOWN ***
bree161616: shows [Ac 2c] (a straight, Ace to Five)
bentota2: mucks hand 
bree161616 collected $0.23 from pot
*** SUMMARY ***
Total pot $0.24 | Rake $0.01 
Board [5s 9d 3c 8c 4h]
Seat 1: bree161616 (small blind) showed [Ac 2c] and won ($0.23) with a straight, Ace to Five
Seat 2: bentota2 (big blind) mucked [9s 5h]
Seat 6: Dorex2007 folded before Flop (didn't bet)
Seat 7: ExZell66 folded before Flop (didn't bet)
Seat 8: 37Oleg77 folded before Flop (didn't bet)
Seat 9: SSRxAK89 (button) folded before Flop (didn't bet)



PokerStars Hand #237229284545:  Hold'em No Limit ($0.01/$0.02 USD) - 2022/07/08 0:10:48 PT [2022/07/08 3:10:48 ET]
Table 'Bateson III' 9-max Seat #1 is the button
Seat 1: bree161616 ($1.33 in chips) 
Seat 2: bentota2 ($1.13 in chips) 
Seat 3: Smith1606 ($1.37 in chips) 
Seat 4: chicosox ($0.80 in chips) 
Seat 6: Dorex2007 ($3.78 in chips) 
Seat 7: ExZell66 ($1.31 in chips) 
Seat 8: 37Oleg77 ($1.89 in chips) 
Seat 9: SSRxAK89 ($1.51 in chips) 
bentota2: posts small blind $0.01
Smith1606: posts big blind $0.02
chicosox: posts big blind $0.02
kokomimi701: sits out 
*** HOLE CARDS ***
Dealt to Dorex2007 [Kc Ad]
chicosox: checks 
Dorex2007: calls $0.02
ExZell66: raises $0.10 to $0.12
37Oleg77: folds 
SSRxAK89: folds 
bree161616: folds 
bentota2: folds 
Smith1606: folds 
chicosox: folds 
SSRxAK89 leaves the table
Dorex2007: calls $0.10
*** FLOP *** [Th Js Qh]
fbjensen777 joins the table at seat #9 
Dorex2007: checks 
ExZell66: bets $0.21
Dorex2007: raises $0.35 to $0.56
ExZell66: raises $0.63 to $1.19 and is all-in
Dorex2007: calls $0.63
*** TURN *** [Th Js Qh] [4h]
*** RIVER *** [Th Js Qh 4h] [Kd]
*** SHOW DOWN ***
Dorex2007: shows [Kc Ad] (a straight, Ten to Ace)
ExZell66: shows [Jc Qc] (two pair, Queens and Jacks)
Dorex2007 cashed out the hand for $2.10 | Cash Out Fee $0.02
*** SUMMARY ***
Total pot $2.67 | Rake $0.09 
Board [Th Js Qh 4h Kd]
Seat 1: bree161616 (button) folded before Flop (didn't bet)
Seat 2: bentota2 (small blind) folded before Flop
Seat 3: Smith1606 (big blind) folded before Flop
Seat 4: chicosox folded before Flop (didn't bet)
Seat 6: Dorex2007 showed [Kc Ad] and won ($2.58) with a straight, Ten to Ace (pot not awarded as player cashed out)
Seat 7: ExZell66 showed [Jc Qc] and lost with two pair, Queens and Jacks
Seat 8: 37Oleg77 folded before Flop (didn't bet)
Seat 9: SSRxAK89 folded before Flop (didn't bet)



PokerStars Hand #237229294576:  Hold'em No Limit ($0.01/$0.02 USD) - 2022/07/08 0:12:17 PT [2022/07/08 3:12:17 ET]
Table 'Bateson III' 9-max Seat #2 is the button
Seat 1: bree161616 ($1.33 in chips) 
Seat 2: bentota2 ($1.12 in chips) 
Seat 3: Smith1606 ($1.35 in chips) 
Seat 4: chicosox ($0.78 in chips) 
Seat 6: Dorex2007 ($4.57 in chips) 
Seat 8: 37Oleg77 ($1.89 in chips) 
Smith1606: posts small blind $0.01
chicosox: posts big blind $0.02
kokomimi701: sits out 
fbjensen777: sits out 
*** HOLE CARDS ***
Dealt to Dorex2007 [9d 9c]
Dorex2007: calls $0.02
37Oleg77: raises $0.04 to $0.06
bree161616: folds 
bentota2: folds 
Smith1606: folds 
chicosox: calls $0.04
Dorex2007: calls $0.04
*** FLOP *** [5c 7h Qd]
chicosox: checks 
ExZell66 leaves the table
Dorex2007: checks 
37Oleg77: checks 
*** TURN *** [5c 7h Qd] [Jh]
chicosox: checks 
Dorex2007: bets $0.04
37Oleg77: calls $0.04
chicosox: folds 
*** RIVER *** [5c 7h Qd Jh] [9h]
Dorex2007: bets $0.17
37Oleg77: folds 
Uncalled bet ($0.17) returned to Dorex2007
Dorex2007 collected $0.26 from pot
*** SUMMARY ***
Total pot $0.27 | Rake $0.01 
Board [5c 7h Qd Jh 9h]
Seat 1: bree161616 folded before Flop (didn't bet)
Seat 2: bentota2 (button) folded before Flop (didn't bet)
Seat 3: Smith1606 (small blind) folded before Flop
Seat 4: chicosox (big blind) folded on the Turn
Seat 6: Dorex2007 collected ($0.26)
Seat 8: 37Oleg77 folded on the River



PokerStars Hand #237229303815:  Hold'em No Limit ($0.01/$0.02 USD) - 2022/07/08 0:13:06 PT [2022/07/08 3:13:06 ET]
Table 'Bateson III' 9-max Seat #3 is the button
Seat 1: bree161616 ($1.33 in chips) 
Seat 2: bentota2 ($1.12 in chips) 
Seat 3: Smith1606 ($1.34 in chips) 
Seat 4: chicosox ($0.72 in chips) 
Seat 5: kokomimi701 ($1.60 in chips) 
Seat 6: Dorex2007 ($4.73 in chips) 
Seat 8: 37Oleg77 ($1.79 in chips) 
chicosox: posts small blind $0.01
kokomimi701: posts big blind $0.02
fbjensen777: sits out 
*** HOLE CARDS ***
Dealt to Dorex2007 [Kh 8s]
Dorex2007: folds 
37Oleg77: folds 
bree161616: folds 
bentota2: folds 
Smith1606: folds 
chicosox: calls $0.01
kokomimi701: checks 
*** FLOP *** [2h Qs Td]
chicosox: checks 
kokomimi701: checks 
*** TURN *** [2h Qs Td] [2s]
chicosox: bets $0.02
kokomimi701: folds 
Uncalled bet ($0.02) returned to chicosox
chicosox collected $0.04 from pot
*** SUMMARY ***
Total pot $0.04 | Rake $0 
Board [2h Qs Td 2s]
Seat 1: bree161616 folded before Flop (didn't bet)
Seat 2: bentota2 folded before Flop (didn't bet)
Seat 3: Smith1606 (button) folded before Flop (didn't bet)
Seat 4: chicosox (small blind) collected ($0.04)
Seat 5: kokomimi701 (big blind) folded on the Turn
Seat 6: Dorex2007 folded before Flop (didn't bet)
Seat 8: 37Oleg77 folded before Flop (didn't bet)



PokerStars Hand #237229307274:  Hold'em No Limit ($0.01/$0.02 USD) - 2022/07/08 0:13:36 PT [2022/07/08 3:13:36 ET]
Table 'Bateson III' 9-max Seat #4 is the button
Seat 1: bree161616 ($1.33 in chips) 
Seat 2: bentota2 ($1.12 in chips) 
Seat 3: Smith1606 ($1.34 in chips) 
Seat 4: chicosox ($0.74 in chips) 
Seat 5: kokomimi701 ($1.58 in chips) 
Seat 6: Dorex2007 ($4.73 in chips) 
Seat 8: 37Oleg77 ($1.79 in chips) 
kokomimi701: posts small blind $0.01
Dorex2007: posts big blind $0.02
fbjensen777: sits out 
*** HOLE CARDS ***
Dealt to Dorex2007 [3h 3c]
37Oleg77: folds 
Akhee93 joins the table at seat #7 
bree161616: calls $0.02
bentota2: folds 
Smith1606: folds 
chicosox: calls $0.02
kokomimi701: calls $0.01
Dorex2007: checks 
*** FLOP *** [Td 3d Qc]
kokomimi701: checks 
Dorex2007: bets $0.08
bree161616: folds 
chicosox: folds 
kokomimi701: calls $0.08
*** TURN *** [Td 3d Qc] [5d]
kokomimi701: checks 
Dorex2007: bets $0.11
kokomimi701: calls $0.11
*** RIVER *** [Td 3d Qc 5d] [8h]
kokomimi701: checks 
Dorex2007: checks 
*** SHOW DOWN ***
kokomimi701: shows [Js Qs] (a pair of Queens)
Dorex2007: shows [3h 3c] (three of a kind, Threes)
Dorex2007 collected $0.44 from pot
*** SUMMARY ***
Total pot $0.46 | Rake $0.02 
Board [Td 3d Qc 5d 8h]
Seat 1: bree161616 folded on the Flop
Seat 2: bentota2 folded before Flop (didn't bet)
Seat 3: Smith1606 folded before Flop (didn't bet)
Seat 4: chicosox (button) folded on the Flop
Seat 5: kokomimi701 (small blind) showed [Js Qs] and lost with a pair of Queens
Seat 6: Dorex2007 (big blind) showed [3h 3c] and won ($0.44) with three of a kind, Threes
Seat 8: 37Oleg77 folded before Flop (didn't bet)



PokerStars Hand #237229312066:  Hold'em No Limit ($0.01/$0.02 USD) - 2022/07/08 0:14:19 PT [2022/07/08 3:14:19 ET]
Table 'Bateson III' 9-max Seat #5 is the button
Seat 1: bree161616 ($1.31 in chips) 
Seat 2: bentota2 ($1.12 in chips) 
Seat 3: Smith1606 ($1.34 in chips) 
Seat 4: chicosox ($0.72 in chips) 
Seat 5: kokomimi701 ($1.37 in chips) 
Seat 6: Dorex2007 ($4.96 in chips) 
Seat 7: Akhee93 ($2 in chips) 
Seat 8: 37Oleg77 ($1.79 in chips) 
Dorex2007: posts small blind $0.01
Akhee93: posts big blind $0.02
fbjensen777: sits out 
*** HOLE CARDS ***
Dealt to Dorex2007 [Kd 8d]
37Oleg77: folds 
bree161616: raises $0.04 to $0.06
bentota2: folds 
Smith1606: folds 
chicosox: calls $0.06
kokomimi701: calls $0.06
Dorex2007: folds 
Akhee93: folds 
*** FLOP *** [4d Tc 7h]
bree161616: bets $0.10
chicosox: calls $0.10
kokomimi701: calls $0.10
*** TURN *** [4d Tc 7h] [9c]
bree161616: bets $0.25
chicosox: calls $0.25
kokomimi701: calls $0.25
*** RIVER *** [4d Tc 7h 9c] [2d]
bree161616: bets $0.61
chicosox: calls $0.31 and is all-in
kokomimi701: folds 
Uncalled bet ($0.30) returned to bree161616
*** SHOW DOWN ***
bree161616: shows [Qc Qh] (a pair of Queens)
chicosox: shows [4s 4h] (three of a kind, Fours)
chicosox collected $1.81 from pot
*** SUMMARY ***
Total pot $1.88 | Rake $0.07 
Board [4d Tc 7h 9c 2d]
Seat 1: bree161616 showed [Qc Qh] and lost with a pair of Queens
Seat 2: bentota2 folded before Flop (didn't bet)
Seat 3: Smith1606 folded before Flop (didn't bet)
Seat 4: chicosox showed [4s 4h] and won ($1.81) with three of a kind, Fours
Seat 5: kokomimi701 (button) folded on the River
Seat 6: Dorex2007 (small blind) folded before Flop
Seat 7: Akhee93 (big blind) folded before Flop
Seat 8: 37Oleg77 folded before Flop (didn't bet)



PokerStars Hand #237229317806:  Hold'em No Limit ($0.01/$0.02 USD) - 2022/07/08 0:15:11 PT [2022/07/08 3:15:11 ET]
Table 'Bateson III' 9-max Seat #6 is the button
Seat 1: bree161616 ($0.59 in chips) 
Seat 2: bentota2 ($1.12 in chips) 
Seat 3: Smith1606 ($1.34 in chips) 
Seat 4: chicosox ($1.81 in chips) 
Seat 5: kokomimi701 ($0.96 in chips) 
Seat 6: Dorex2007 ($4.95 in chips) 
Seat 7: Akhee93 ($1.98 in chips) 
Seat 8: 37Oleg77 ($1.79 in chips) 
Akhee93: posts small blind $0.01
37Oleg77: posts big blind $0.02
fbjensen777: sits out 
*** HOLE CARDS ***
Dealt to Dorex2007 [6c Js]
bree161616: folds 
bentota2: folds 
Smith1606: calls $0.02
chicosox: calls $0.02
kokomimi701: folds 
Dorex2007: folds 
Akhee93: folds 
37Oleg77: checks 
*** FLOP *** [As Jh Ah]
37Oleg77: checks 
Smith1606: bets $0.03
chicosox: calls $0.03
37Oleg77: calls $0.03
*** TURN *** [As Jh Ah] [9s]
37Oleg77: checks 
Smith1606: bets $0.07
chicosox: calls $0.07
37Oleg77: calls $0.07
*** RIVER *** [As Jh Ah 9s] [2h]
37Oleg77: checks 
Smith1606: bets $1.22 and is all-in
chicosox: folds 
37Oleg77: calls $1.22
*** SHOW DOWN ***
Smith1606: shows [Ad 2d] (a full house, Aces full of Deuces)
37Oleg77: shows [6h Qh] (a flush, Ace high)
Smith1606 collected $2.71 from pot
*** SUMMARY ***
Total pot $2.81 | Rake $0.10 
Board [As Jh Ah 9s 2h]
Seat 1: bree161616 folded before Flop (didn't bet)
Seat 2: bentota2 folded before Flop (didn't bet)
Seat 3: Smith1606 showed [Ad 2d] and won ($2.71) with a full house, Aces full of Deuces
Seat 4: chicosox folded on the River
Seat 5: kokomimi701 folded before Flop (didn't bet)
Seat 6: Dorex2007 (button) folded before Flop (didn't bet)
Seat 7: Akhee93 (small blind) folded before Flop
Seat 8: 37Oleg77 (big blind) showed [6h Qh] and lost with a flush, Ace high



PokerStars Hand #237229324173:  Hold'em No Limit ($0.01/$0.02 USD) - 2022/07/08 0:16:07 PT [2022/07/08 3:16:07 ET]
Table 'Bateson III' 9-max Seat #7 is the button
Seat 1: bree161616 ($0.59 in chips) 
Seat 2: bentota2 ($1.12 in chips) 
Seat 3: Smith1606 ($2.71 in chips) 
Seat 4: chicosox ($1.69 in chips) 
Seat 5: kokomimi701 ($0.96 in chips) 
Seat 6: Dorex2007 ($4.95 in chips) 
Seat 7: Akhee93 ($1.97 in chips) 
Seat 8: 37Oleg77 ($0.45 in chips) 
Seat 9: fbjensen777 ($0.80 in chips) 
37Oleg77: posts small blind $0.01
fbjensen777: posts big blind $0.02
*** HOLE CARDS ***
Dealt to Dorex2007 [5d 6d]
bree161616: calls $0.02
bentota2: calls $0.02
Smith1606: folds 
chicosox: calls $0.02
kokomimi701: folds 
Dorex2007: folds 
Akhee93: calls $0.02
37Oleg77: calls $0.01
Smith1606 leaves the table
fbjensen777: raises $0.04 to $0.06
bree161616: calls $0.04
bentota2: folds 
chicosox: calls $0.04
Akhee93: calls $0.04
37Oleg77: folds 
*** FLOP *** [3c 2s Ah]
fbjensen777: bets $0.27
bree161616: folds 
chicosox: calls $0.27
Akhee93: folds 
*** TURN *** [3c 2s Ah] [Qd]
fbjensen777: bets $0.47 and is all-in
chicosox: calls $0.47
*** RIVER *** [3c 2s Ah Qd] [4d]
*** SHOW DOWN ***
fbjensen777: shows [Ad 2d] (two pair, Aces and Deuces)
chicosox: shows [9h Ac] (a pair of Aces)
fbjensen777 collected $1.70 from pot
chicosox cashed out the hand for $0.28
*** SUMMARY ***
Total pot $1.76 | Rake $0.06 
Board [3c 2s Ah Qd 4d]
Seat 1: bree161616 folded on the Flop
Seat 2: bentota2 folded before Flop
Seat 3: Smith1606 folded before Flop (didn't bet)
Seat 4: chicosox showed [9h Ac] and lost with a pair of Aces (cashed out).
Seat 5: kokomimi701 folded before Flop (didn't bet)
Seat 6: Dorex2007 folded before Flop (didn't bet)
Seat 7: Akhee93 (button) folded on the Flop
Seat 8: 37Oleg77 (small blind) folded before Flop
Seat 9: fbjensen777 (big blind) showed [Ad 2d] and won ($1.70) with two pair, Aces and Deuces



PokerStars Hand #237229332899:  Hold'em No Limit ($0.01/$0.02 USD) - 2022/07/08 0:17:27 PT [2022/07/08 3:17:27 ET]
Table 'Bateson III' 9-max Seat #8 is the button
Seat 1: bree161616 ($0.53 in chips) 
Seat 2: bentota2 ($1.10 in chips) 
Seat 4: chicosox ($1.17 in chips) 
Seat 5: kokomimi701 ($0.96 in chips) 
Seat 6: Dorex2007 ($4.95 in chips) 
Seat 7: Akhee93 ($1.91 in chips) 
Seat 8: 37Oleg77 ($1.48 in chips) 
Seat 9: fbjensen777 ($1.70 in chips) 
fbjensen777: posts small blind $0.01
bree161616: posts big blind $0.02
*** HOLE CARDS ***
Dealt to Dorex2007 [8s 2c]
bentota2: folds 
chicosox: folds 
kokomimi701: calls $0.02
Dorex2007: folds 
Artiom198 joins the table at seat #3 
Akhee93: calls $0.02
37Oleg77: calls $0.02
fbjensen777: calls $0.01
bree161616: checks 
*** FLOP *** [As 4d Kd]
fbjensen777: checks 
bree161616: bets $0.05
kokomimi701: calls $0.05
Akhee93: calls $0.05
37Oleg77: calls $0.05
fbjensen777: calls $0.05
*** TURN *** [As 4d Kd] [Jc]
fbjensen777: checks 
bree161616: checks 
kokomimi701: checks 
Akhee93: checks 
37Oleg77: bets $0.17
fbjensen777: folds 
bree161616: calls $0.17
kokomimi701: calls $0.17
Akhee93: folds 
*** RIVER *** [As 4d Kd Jc] [Js]
bree161616: checks 
kokomimi701: bets $0.10
37Oleg77: folds 
bree161616: calls $0.10
*** SHOW DOWN ***
kokomimi701: shows [Ah 8h] (two pair, Aces and Jacks)
bree161616: shows [Ts Ac] (two pair, Aces and Jacks)
bree161616 collected $0.51 from pot
kokomimi701 collected $0.51 from pot
*** SUMMARY ***
Total pot $1.06 | Rake $0.04 
Board [As 4d Kd Jc Js]
Seat 1: bree161616 (big blind) showed [Ts Ac] and won ($0.51) with two pair, Aces and Jacks
Seat 2: bentota2 folded before Flop (didn't bet)
Seat 4: chicosox folded before Flop (didn't bet)
Seat 5: kokomimi701 showed [Ah 8h] and won ($0.51) with two pair, Aces and Jacks
Seat 6: Dorex2007 folded before Flop (didn't bet)
Seat 7: Akhee93 folded on the Turn
Seat 8: 37Oleg77 (button) folded on the River
Seat 9: fbjensen777 (small blind) folded on the Turn



PokerStars Hand #237229344361:  Hold'em No Limit ($0.01/$0.02 USD) - 2022/07/08 0:19:08 PT [2022/07/08 3:19:08 ET]
Table 'Bateson III' 9-max Seat #9 is the button
Seat 1: bree161616 ($0.70 in chips) 
Seat 2: bentota2 ($1.10 in chips) 
Seat 3: Artiom198 ($2 in chips) 
Seat 4: chicosox ($1.17 in chips) 
Seat 5: kokomimi701 ($1.13 in chips) 
Seat 6: Dorex2007 ($4.95 in chips) 
Seat 7: Akhee93 ($1.84 in chips) 
Seat 8: 37Oleg77 ($1.24 in chips) 
Seat 9: fbjensen777 ($1.63 in chips) 
bree161616: posts small blind $0.01
bentota2: posts big blind $0.02
Artiom198: posts big blind $0.02
*** HOLE CARDS ***
Dealt to Dorex2007 [Js Jd]
Artiom198: checks 
chicosox: folds 
kokomimi701: folds 
Dorex2007: raises $0.04 to $0.06
Akhee93: folds 
37Oleg77: calls $0.06
fbjensen777: folds 
bree161616: folds 
bentota2: calls $0.04
Artiom198: calls $0.04
*** FLOP *** [3s 2d 7d]
bentota2: checks 
Artiom198: checks 
Dorex2007: bets $0.24
37Oleg77: folds 
bentota2: folds 
Artiom198: folds 
Uncalled bet ($0.24) returned to Dorex2007
Dorex2007 collected $0.24 from pot
*** SUMMARY ***
Total pot $0.25 | Rake $0.01 
Board [3s 2d 7d]
Seat 1: bree161616 (small blind) folded before Flop
Seat 2: bentota2 (big blind) folded on the Flop
Seat 3: Artiom198 folded on the Flop
Seat 4: chicosox folded before Flop (didn't bet)
Seat 5: kokomimi701 folded before Flop (didn't bet)
Seat 6: Dorex2007 collected ($0.24)
Seat 7: Akhee93 folded before Flop (didn't bet)
Seat 8: 37Oleg77 folded on the Flop
Seat 9: fbjensen777 (button) folded before Flop (didn't bet)



PokerStars Hand #237229350294:  Hold'em No Limit ($0.01/$0.02 USD) - 2022/07/08 0:20:01 PT [2022/07/08 3:20:01 ET]
Table 'Bateson III' 9-max Seat #1 is the button
Seat 1: bree161616 ($0.69 in chips) 
Seat 2: bentota2 ($1.04 in chips) 
Seat 3: Artiom198 ($2 in chips) 
Seat 4: chicosox ($1.17 in chips) 
Seat 5: kokomimi701 ($1.13 in chips) 
Seat 6: Dorex2007 ($5.13 in chips) 
Seat 7: Akhee93 ($1.84 in chips) 
Seat 8: 37Oleg77 ($1.18 in chips) 
Seat 9: fbjensen777 ($1.63 in chips) 
bentota2: posts small blind $0.01
Artiom198: posts big blind $0.02
*** HOLE CARDS ***
Dealt to Dorex2007 [2d 7d]
chicosox: folds 
kokomimi701: raises $0.02 to $0.04
Dorex2007: folds 
Akhee93: calls $0.04
37Oleg77: calls $0.04
fbjensen777: folds 
bree161616: calls $0.04
bentota2: folds 
Artiom198: calls $0.02
*** FLOP *** [2s 4s 6h]
Artiom198: checks 
kokomimi701: checks 
Akhee93: bets $0.10
37Oleg77: calls $0.10
bree161616: calls $0.10
Artiom198: folds 
kokomimi701: folds 
*** TURN *** [2s 4s 6h] [9d]
Akhee93: checks 
37Oleg77: checks 
bree161616: checks 
*** RIVER *** [2s 4s 6h 9d] [Qh]
Akhee93: checks 
37Oleg77: checks 
bree161616: checks 
*** SHOW DOWN ***
Akhee93: shows [Ks Ac] (high card Ace)
37Oleg77: shows [Ad 6s] (a pair of Sixes)
bree161616: mucks hand 
37Oleg77 collected $0.49 from pot
*** SUMMARY ***
Total pot $0.51 | Rake $0.02 
Board [2s 4s 6h 9d Qh]
Seat 1: bree161616 (button) mucked [7c 8d]
Seat 2: bentota2 (small blind) folded before Flop
Seat 3: Artiom198 (big blind) folded on the Flop
Seat 4: chicosox folded before Flop (didn't bet)
Seat 5: kokomimi701 folded on the Flop
Seat 6: Dorex2007 folded before Flop (didn't bet)
Seat 7: Akhee93 showed [Ks Ac] and lost with high card Ace
Seat 8: 37Oleg77 showed [Ad 6s] and won ($0.49) with a pair of Sixes
Seat 9: fbjensen777 folded before Flop (didn't bet)



PokerStars Hand #237229358995:  Hold'em No Limit ($0.01/$0.02 USD) - 2022/07/08 0:21:16 PT [2022/07/08 3:21:16 ET]
Table 'Bateson III' 9-max Seat #2 is the button
Seat 1: bree161616 ($0.55 in chips) 
Seat 2: bentota2 ($1.03 in chips) 
Seat 3: Artiom198 ($2 in chips) 
Seat 4: chicosox ($1.17 in chips) 
Seat 5: kokomimi701 ($1.09 in chips) 
Seat 6: Dorex2007 ($5.13 in chips) 
Seat 7: Akhee93 ($1.70 in chips) 
Seat 8: 37Oleg77 ($1.53 in chips) 
Seat 9: fbjensen777 ($1.63 in chips) 
Artiom198: posts small blind $0.01
chicosox: posts big blind $0.02
*** HOLE CARDS ***
Dealt to Dorex2007 [7s 6h]
kokomimi701: folds 
Dorex2007: folds 
Akhee93: folds 
37Oleg77: folds 
fbjensen777: folds 
bree161616: folds 
bentota2: calls $0.02
Artiom198: calls $0.01
chicosox: checks 
*** FLOP *** [6d 9s 5d]
Artiom198: checks 
chicosox: checks 
bentota2: checks 
*** TURN *** [6d 9s 5d] [7d]
Artiom198: checks 
chicosox: checks 
bentota2: checks 
*** RIVER *** [6d 9s 5d 7d] [6s]
Artiom198: checks 
chicosox: bets $0.03
bentota2: folds 
Artiom198: folds 
Uncalled bet ($0.03) returned to chicosox
chicosox collected $0.06 from pot
*** SUMMARY ***
Total pot $0.06 | Rake $0 
Board [6d 9s 5d 7d 6s]
Seat 1: bree161616 folded before Flop (didn't bet)
Seat 2: bentota2 (button) folded on the River
Seat 3: Artiom198 (small blind) folded on the River
Seat 4: chicosox (big blind) collected ($0.06)
Seat 5: kokomimi701 folded before Flop (didn't bet)
Seat 6: Dorex2007 folded before Flop (didn't bet)
Seat 7: Akhee93 folded before Flop (didn't bet)
Seat 8: 37Oleg77 folded before Flop (didn't bet)
Seat 9: fbjensen777 folded before Flop (didn't bet)



PokerStars Hand #237229366319:  Hold'em No Limit ($0.01/$0.02 USD) - 2022/07/08 0:22:21 PT [2022/07/08 3:22:21 ET]
Table 'Bateson III' 9-max Seat #3 is the button
Seat 1: bree161616 ($0.55 in chips) 
Seat 2: bentota2 ($1.01 in chips) 
Seat 3: Artiom198 ($2 in chips) 
Seat 4: chicosox ($1.21 in chips) 
Seat 5: kokomimi701 ($1.09 in chips) 
Seat 6: Dorex2007 ($5.13 in chips) 
Seat 7: Akhee93 ($1.70 in chips) 
Seat 8: 37Oleg77 ($1.53 in chips) 
Seat 9: fbjensen777 ($1.63 in chips) 
chicosox: posts small blind $0.01
kokomimi701: posts big blind $0.02
*** HOLE CARDS ***
Dealt to Dorex2007 [Td 5c]
Dorex2007 has timed out
Dorex2007: folds 
Akhee93: calls $0.02
37Oleg77: calls $0.02
fbjensen777: raises $0.02 to $0.04
bree161616: folds 
bentota2: folds 
Artiom198: folds 
chicosox: folds 
kokomimi701: calls $0.02
Akhee93: calls $0.02
37Oleg77: calls $0.02
*** FLOP *** [As 6s Jd]
kokomimi701: checks 
Akhee93: checks 
37Oleg77: checks 
fbjensen777: bets $0.10
kokomimi701: folds 
Akhee93: calls $0.10
37Oleg77: folds 
*** TURN *** [As 6s Jd] [2s]
Akhee93: checks 
fbjensen777: checks 
*** RIVER *** [As 6s Jd 2s] [Kh]
Akhee93: bets $0.36
fbjensen777: calls $0.36
*** SHOW DOWN ***
Akhee93: shows [Kc Js] (two pair, Kings and Jacks)
fbjensen777: mucks hand 
Akhee93 collected $1.05 from pot
*** SUMMARY ***
Total pot $1.09 | Rake $0.04 
Board [As 6s Jd 2s Kh]
Seat 1: bree161616 folded before Flop (didn't bet)
Seat 2: bentota2 folded before Flop (didn't bet)
Seat 3: Artiom198 (button) folded before Flop (didn't bet)
Seat 4: chicosox (small blind) folded before Flop
Seat 5: kokomimi701 (big blind) folded on the Flop
Seat 6: Dorex2007 folded before Flop (didn't bet)
Seat 7: Akhee93 showed [Kc Js] and won ($1.05) with two pair, Kings and Jacks
Seat 8: 37Oleg77 folded on the Flop
Seat 9: fbjensen777 mucked [Qh Ac]



PokerStars Hand #237229376709:  Hold'em No Limit ($0.01/$0.02 USD) - 2022/07/08 0:23:53 PT [2022/07/08 3:23:53 ET]
Table 'Bateson III' 9-max Seat #4 is the button
Seat 1: bree161616 ($0.55 in chips) 
Seat 2: bentota2 ($1.01 in chips) 
Seat 3: Artiom198 ($2 in chips) 
Seat 4: chicosox ($1.20 in chips) 
Seat 5: kokomimi701 ($1.05 in chips) 
Seat 6: Dorex2007 ($5.13 in chips) 
Seat 7: Akhee93 ($2.25 in chips) 
Seat 8: 37Oleg77 ($1.49 in chips) 
Seat 9: fbjensen777 ($1.13 in chips) 
kokomimi701: posts small blind $0.01
Dorex2007: posts big blind $0.02
*** HOLE CARDS ***
Dealt to Dorex2007 [Kc Jd]
Akhee93: calls $0.02
37Oleg77: raises $0.04 to $0.06
fbjensen777: folds 
bree161616: folds 
bentota2: folds 
Artiom198: folds 
chicosox: folds 
kokomimi701: folds 
Dorex2007: calls $0.04
Akhee93: calls $0.04
*** FLOP *** [2d 7d Kh]
Dorex2007: bets $0.12
Akhee93: calls $0.12
37Oleg77: folds 
*** TURN *** [2d 7d Kh] [Qs]
Dorex2007: checks 
Akhee93: checks 
*** RIVER *** [2d 7d Kh Qs] [6c]
Dorex2007: bets $0.20
Akhee93: calls $0.20
*** SHOW DOWN ***
Dorex2007: shows [Kc Jd] (a pair of Kings)
Akhee93: mucks hand 
Dorex2007 collected $0.80 from pot
*** SUMMARY ***
Total pot $0.83 | Rake $0.03 
Board [2d 7d Kh Qs 6c]
Seat 1: bree161616 folded before Flop (didn't bet)
Seat 2: bentota2 folded before Flop (didn't bet)
Seat 3: Artiom198 folded before Flop (didn't bet)
Seat 4: chicosox (button) folded before Flop (didn't bet)
Seat 5: kokomimi701 (small blind) folded before Flop
Seat 6: Dorex2007 (big blind) showed [Kc Jd] and won ($0.80) with a pair of Kings
Seat 7: Akhee93 mucked [9s Kd]
Seat 8: 37Oleg77 folded on the Flop
Seat 9: fbjensen777 folded before Flop (didn't bet)



PokerStars Hand #237229382900:  Hold'em No Limit ($0.01/$0.02 USD) - 2022/07/08 0:24:47 PT [2022/07/08 3:24:47 ET]
Table 'Bateson III' 9-max Seat #5 is the button
Seat 1: bree161616 ($0.55 in chips) 
Seat 2: bentota2 ($1.01 in chips) 
Seat 3: Artiom198 ($2 in chips) 
Seat 4: chicosox ($1.20 in chips) 
Seat 5: kokomimi701 ($1.04 in chips) 
Seat 6: Dorex2007 ($5.55 in chips) 
Seat 7: Akhee93 ($1.87 in chips) 
Seat 8: 37Oleg77 ($1.43 in chips) 
Seat 9: fbjensen777 ($1.13 in chips) 
Dorex2007: posts small blind $0.01
Akhee93: posts big blind $0.02
*** HOLE CARDS ***
Dealt to Dorex2007 [5s Ad]
37Oleg77: folds 
fbjensen777: calls $0.02
bree161616: folds 
bentota2: calls $0.02
Artiom198: calls $0.02
chicosox: folds 
kokomimi701: folds 
Dorex2007: calls $0.01
Akhee93: checks 
*** FLOP *** [Kd 3h 2s]
Dorex2007: checks 
Akhee93: bets $0.05
fbjensen777: folds 
bentota2: calls $0.05
Artiom198: folds 
fbjensen777 leaves the table
Dorex2007: folds 
*** TURN *** [Kd 3h 2s] [Qd]
Akhee93: checks 
bentota2: bets $0.09
wALEXSANDRw joins the table at seat #9 
Akhee93: folds 
Uncalled bet ($0.09) returned to bentota2
bentota2 collected $0.19 from pot
*** SUMMARY ***
Total pot $0.20 | Rake $0.01 
Board [Kd 3h 2s Qd]
Seat 1: bree161616 folded before Flop (didn't bet)
Seat 2: bentota2 collected ($0.19)
Seat 3: Artiom198 folded on the Flop
Seat 4: chicosox folded before Flop (didn't bet)
Seat 5: kokomimi701 (button) folded before Flop (didn't bet)
Seat 6: Dorex2007 (small blind) folded on the Flop
Seat 7: Akhee93 (big blind) folded on the Turn
Seat 8: 37Oleg77 folded before Flop (didn't bet)
Seat 9: fbjensen777 folded on the Flop



PokerStars Hand #237229389979:  Hold'em No Limit ($0.01/$0.02 USD) - 2022/07/08 0:25:49 PT [2022/07/08 3:25:49 ET]
Table 'Bateson III' 9-max Seat #6 is the button
Seat 1: bree161616 ($0.55 in chips) 
Seat 2: bentota2 ($1.13 in chips) 
Seat 3: Artiom198 ($2 in chips) 
Seat 4: chicosox ($1.20 in chips) 
Seat 5: kokomimi701 ($1.04 in chips) 
Seat 6: Dorex2007 ($5.53 in chips) 
Seat 7: Akhee93 ($1.80 in chips) 
Seat 8: 37Oleg77 ($1.43 in chips) 
Akhee93: posts small blind $0.01
37Oleg77: posts big blind $0.02
wALEXSANDRw: sits out 
*** HOLE CARDS ***
Dealt to Dorex2007 [2s 3c]
bree161616: folds 
bentota2: folds 
Artiom198: folds 
chicosox: raises $0.02 to $0.04
kokomimi701: folds 
Dorex2007: folds 
Akhee93: folds 
37Oleg77: calls $0.02
*** FLOP *** [Jc Qh 6d]
37Oleg77: bets $0.09
chicosox: folds 
Uncalled bet ($0.09) returned to 37Oleg77
37Oleg77 collected $0.09 from pot
*** SUMMARY ***
Total pot $0.09 | Rake $0 
Board [Jc Qh 6d]
Seat 1: bree161616 folded before Flop (didn't bet)
Seat 2: bentota2 folded before Flop (didn't bet)
Seat 3: Artiom198 folded before Flop (didn't bet)
Seat 4: chicosox folded on the Flop
Seat 5: kokomimi701 folded before Flop (didn't bet)
Seat 6: Dorex2007 (button) folded before Flop (didn't bet)
Seat 7: Akhee93 (small blind) folded before Flop
Seat 8: 37Oleg77 (big blind) collected ($0.09)



PokerStars Hand #237229392827:  Hold'em No Limit ($0.01/$0.02 USD) - 2022/07/08 0:26:13 PT [2022/07/08 3:26:13 ET]
Table 'Bateson III' 9-max Seat #7 is the button
Seat 1: bree161616 ($0.55 in chips) 
Seat 2: bentota2 ($1.13 in chips) 
Seat 3: Artiom198 ($2 in chips) 
Seat 4: chicosox ($1.16 in chips) 
Seat 5: kokomimi701 ($1.04 in chips) 
Seat 6: Dorex2007 ($5.53 in chips) 
Seat 7: Akhee93 ($1.79 in chips) 
Seat 8: 37Oleg77 ($1.48 in chips) 
Seat 9: wALEXSANDRw ($1.74 in chips) 
37Oleg77: posts small blind $0.01
wALEXSANDRw: posts big blind $0.02
*** HOLE CARDS ***
Dealt to Dorex2007 [7c Ad]
bree161616: folds 
bentota2: folds 
Artiom198: folds 
chicosox: folds 
kokomimi701: folds 
Dorex2007: folds 
Akhee93: folds 
37Oleg77: raises $0.04 to $0.06
wALEXSANDRw: calls $0.04
*** FLOP *** [Ts Kc 3c]
37Oleg77: bets $0.12
wALEXSANDRw: calls $0.12
*** TURN *** [Ts Kc 3c] [Js]
37Oleg77: bets $0.35
wALEXSANDRw: folds 
Uncalled bet ($0.35) returned to 37Oleg77
37Oleg77 collected $0.35 from pot
*** SUMMARY ***
Total pot $0.36 | Rake $0.01 
Board [Ts Kc 3c Js]
Seat 1: bree161616 folded before Flop (didn't bet)
Seat 2: bentota2 folded before Flop (didn't bet)
Seat 3: Artiom198 folded before Flop (didn't bet)
Seat 4: chicosox folded before Flop (didn't bet)
Seat 5: kokomimi701 folded before Flop (didn't bet)
Seat 6: Dorex2007 folded before Flop (didn't bet)
Seat 7: Akhee93 (button) folded before Flop (didn't bet)
Seat 8: 37Oleg77 (small blind) collected ($0.35)
Seat 9: wALEXSANDRw (big blind) folded on the Turn



PokerStars Hand #237229396508:  Hold'em No Limit ($0.01/$0.02 USD) - 2022/07/08 0:26:45 PT [2022/07/08 3:26:45 ET]
Table 'Bateson III' 9-max Seat #8 is the button
Seat 1: bree161616 ($0.55 in chips) 
Seat 2: bentota2 ($1.13 in chips) 
Seat 3: Artiom198 ($2 in chips) 
Seat 4: chicosox ($1.16 in chips) 
Seat 5: kokomimi701 ($1.04 in chips) 
Seat 6: Dorex2007 ($5.53 in chips) 
Seat 7: Akhee93 ($1.79 in chips) 
Seat 8: 37Oleg77 ($1.65 in chips) 
Seat 9: wALEXSANDRw ($1.56 in chips) 
wALEXSANDRw: posts small blind $0.01
bree161616: posts big blind $0.02
*** HOLE CARDS ***
Dealt to Dorex2007 [9s Kc]
bentota2: folds 
Artiom198: folds 
chicosox: folds 
kokomimi701: folds 
Dorex2007: folds 
Akhee93: calls $0.02
37Oleg77: calls $0.02
wALEXSANDRw: calls $0.01
bree161616: checks 
*** FLOP *** [Ks 2s As]
wALEXSANDRw: checks 
bree161616: checks 
Akhee93: checks 
37Oleg77: bets $0.08
wALEXSANDRw: folds 
bree161616: calls $0.08
Akhee93: folds 
*** TURN *** [Ks 2s As] [Td]
bree161616: checks 
37Oleg77: bets $0.12
bree161616: calls $0.12
*** RIVER *** [Ks 2s As Td] [Kh]
bree161616: checks 
37Oleg77: bets $0.46
bree161616: folds 
Uncalled bet ($0.46) returned to 37Oleg77
37Oleg77 collected $0.46 from pot
*** SUMMARY ***
Total pot $0.48 | Rake $0.02 
Board [Ks 2s As Td Kh]
Seat 1: bree161616 (big blind) folded on the River
Seat 2: bentota2 folded before Flop (didn't bet)
Seat 3: Artiom198 folded before Flop (didn't bet)
Seat 4: chicosox folded before Flop (didn't bet)
Seat 5: kokomimi701 folded before Flop (didn't bet)
Seat 6: Dorex2007 folded before Flop (didn't bet)
Seat 7: Akhee93 folded on the Flop
Seat 8: 37Oleg77 (button) collected ($0.46)
Seat 9: wALEXSANDRw (small blind) folded on the Flop



PokerStars Hand #237229407323:  Hold'em No Limit ($0.01/$0.02 USD) - 2022/07/08 0:28:21 PT [2022/07/08 3:28:21 ET]
Table 'Bateson III' 9-max Seat #9 is the button
Seat 1: bree161616 ($0.33 in chips) 
Seat 2: bentota2 ($1.13 in chips) 
Seat 3: Artiom198 ($2 in chips) 
Seat 4: chicosox ($1.16 in chips) 
Seat 5: kokomimi701 ($1.04 in chips) 
Seat 6: Dorex2007 ($5.53 in chips) 
Seat 7: Akhee93 ($1.77 in chips) 
Seat 8: 37Oleg77 ($1.89 in chips) 
Seat 9: wALEXSANDRw ($1.54 in chips) 
bree161616: posts small blind $0.01
bentota2: posts big blind $0.02
*** HOLE CARDS ***
Dealt to Dorex2007 [4c Kc]
Artiom198: folds 
chicosox: raises $0.02 to $0.04
kokomimi701: folds 
Dorex2007: folds 
Akhee93: folds 
37Oleg77: folds 
wALEXSANDRw: folds 
bree161616: calls $0.03
bentota2: calls $0.02
*** FLOP *** [As 8s 3h]
bree161616: checks 
bentota2: checks 
chicosox: checks 
*** TURN *** [As 8s 3h] [5h]
bree161616: checks 
bentota2: checks 
chicosox: checks 
*** RIVER *** [As 8s 3h 5h] [3d]
bree161616: bets $0.02
bentota2: folds 
chicosox: calls $0.02
*** SHOW DOWN ***
bree161616: shows [8h 9h] (two pair, Eights and Threes)
chicosox: mucks hand 
bree161616 collected $0.15 from pot
*** SUMMARY ***
Total pot $0.16 | Rake $0.01 
Board [As 8s 3h 5h 3d]
Seat 1: bree161616 (small blind) showed [8h 9h] and won ($0.15) with two pair, Eights and Threes
Seat 2: bentota2 (big blind) folded on the River
Seat 3: Artiom198 folded before Flop (didn't bet)
Seat 4: chicosox mucked [Qh Js]
Seat 5: kokomimi701 folded before Flop (didn't bet)
Seat 6: Dorex2007 folded before Flop (didn't bet)
Seat 7: Akhee93 folded before Flop (didn't bet)
Seat 8: 37Oleg77 folded before Flop (didn't bet)
Seat 9: wALEXSANDRw (button) folded before Flop (didn't bet)



PokerStars Hand #237229412543:  Hold'em No Limit ($0.01/$0.02 USD) - 2022/07/08 0:29:08 PT [2022/07/08 3:29:08 ET]
Table 'Bateson III' 9-max Seat #1 is the button
Seat 1: bree161616 ($0.42 in chips) 
Seat 2: bentota2 ($1.09 in chips) 
Seat 3: Artiom198 ($2 in chips) 
Seat 4: chicosox ($1.10 in chips) 
Seat 5: kokomimi701 ($1.04 in chips) 
Seat 6: Dorex2007 ($5.53 in chips) 
Seat 7: Akhee93 ($1.77 in chips) 
Seat 8: 37Oleg77 ($1.89 in chips) 
Seat 9: wALEXSANDRw ($1.54 in chips) 
bentota2: posts small blind $0.01
Artiom198: posts big blind $0.02
*** HOLE CARDS ***
Dealt to Dorex2007 [Jh 4d]
chicosox: raises $0.02 to $0.04
kokomimi701: folds 
Dorex2007: folds 
Akhee93: folds 
37Oleg77: folds 
wALEXSANDRw: folds 
bree161616: folds 
bentota2: folds 
Artiom198: calls $0.02
*** FLOP *** [2s 6c 8s]
Artiom198: checks 
chicosox: bets $0.03
Artiom198: folds 
Uncalled bet ($0.03) returned to chicosox
chicosox collected $0.09 from pot
*** SUMMARY ***
Total pot $0.09 | Rake $0 
Board [2s 6c 8s]
Seat 1: bree161616 (button) folded before Flop (didn't bet)
Seat 2: bentota2 (small blind) folded before Flop
Seat 3: Artiom198 (big blind) folded on the Flop
Seat 4: chicosox collected ($0.09)
Seat 5: kokomimi701 folded before Flop (didn't bet)
Seat 6: Dorex2007 folded before Flop (didn't bet)
Seat 7: Akhee93 folded before Flop (didn't bet)
Seat 8: 37Oleg77 folded before Flop (didn't bet)
Seat 9: wALEXSANDRw folded before Flop (didn't bet)



PokerStars Hand #237229415893:  Hold'em No Limit ($0.01/$0.02 USD) - 2022/07/08 0:29:38 PT [2022/07/08 3:29:38 ET]
Table 'Bateson III' 9-max Seat #2 is the button
Seat 1: bree161616 ($0.42 in chips) 
Seat 2: bentota2 ($1.08 in chips) 
Seat 3: Artiom198 ($2 in chips) 
Seat 4: chicosox ($1.15 in chips) 
Seat 5: kokomimi701 ($1.04 in chips) 
Seat 6: Dorex2007 ($5.53 in chips) 
Seat 7: Akhee93 ($1.77 in chips) 
Seat 8: 37Oleg77 ($1.89 in chips) 
Seat 9: wALEXSANDRw ($1.54 in chips) 
Artiom198: posts small blind $0.01
chicosox: posts big blind $0.02
*** HOLE CARDS ***
Dealt to Dorex2007 [5c Kh]
kokomimi701: folds 
Dorex2007: folds 
Akhee93: raises $0.04 to $0.06
37Oleg77: calls $0.06
wALEXSANDRw: folds 
bree161616: calls $0.06
bentota2: folds 
Artiom198: calls $0.05
chicosox: folds 
*** FLOP *** [9s 4c 3s]
Artiom198: bets $0.04
Akhee93: calls $0.04
37Oleg77: calls $0.04
bree161616: calls $0.04
*** TURN *** [9s 4c 3s] [Qh]
Artiom198: checks 
Akhee93: checks 
37Oleg77: checks 
bree161616: checks 
*** RIVER *** [9s 4c 3s Qh] [Kc]
Artiom198: checks 
Akhee93: bets $0.41
37Oleg77: folds 
bree161616: folds 
Artiom198: folds 
Uncalled bet ($0.41) returned to Akhee93
Akhee93 collected $0.41 from pot
*** SUMMARY ***
Total pot $0.42 | Rake $0.01 
Board [9s 4c 3s Qh Kc]
Seat 1: bree161616 folded on the River
Seat 2: bentota2 (button) folded before Flop (didn't bet)
Seat 3: Artiom198 (small blind) folded on the River
Seat 4: chicosox (big blind) folded before Flop
Seat 5: kokomimi701 folded before Flop (didn't bet)
Seat 6: Dorex2007 folded before Flop (didn't bet)
Seat 7: Akhee93 collected ($0.41)
Seat 8: 37Oleg77 folded on the River
Seat 9: wALEXSANDRw folded before Flop (didn't bet)



PokerStars Hand #237229426011:  Hold'em No Limit ($0.01/$0.02 USD) - 2022/07/08 0:31:06 PT [2022/07/08 3:31:06 ET]
Table 'Bateson III' 9-max Seat #3 is the button
Seat 1: bree161616 ($0.32 in chips) 
Seat 2: bentota2 ($1.08 in chips) 
Seat 3: Artiom198 ($2 in chips) 
Seat 4: chicosox ($1.13 in chips) 
Seat 5: kokomimi701 ($1.04 in chips) 
Seat 6: Dorex2007 ($5.53 in chips) 
Seat 7: Akhee93 ($2.08 in chips) 
Seat 8: 37Oleg77 ($1.79 in chips) 
Seat 9: wALEXSANDRw ($1.54 in chips) 
chicosox: posts small blind $0.01
kokomimi701: posts big blind $0.02
*** HOLE CARDS ***
Dealt to Dorex2007 [4h Ts]
Dorex2007 has timed out
Dorex2007: folds 
Akhee93: calls $0.02
37Oleg77: raises $1.77 to $1.79 and is all-in
wALEXSANDRw: folds 
bree161616: folds 
bentota2: folds 
Artiom198: folds 
chicosox: folds 
kokomimi701: folds 
Akhee93: folds 
Uncalled bet ($1.77) returned to 37Oleg77
37Oleg77 collected $0.07 from pot
*** SUMMARY ***
Total pot $0.07 | Rake $0 
Seat 1: bree161616 folded before Flop (didn't bet)
Seat 2: bentota2 folded before Flop (didn't bet)
Seat 3: Artiom198 (button) folded before Flop (didn't bet)
Seat 4: chicosox (small blind) folded before Flop
Seat 5: kokomimi701 (big blind) folded before Flop
Seat 6: Dorex2007 folded before Flop (didn't bet)
Seat 7: Akhee93 folded before Flop
Seat 8: 37Oleg77 collected ($0.07)
Seat 9: wALEXSANDRw folded before Flop (didn't bet)



PokerStars Hand #237229430363:  Hold'em No Limit ($0.01/$0.02 USD) - 2022/07/08 0:31:44 PT [2022/07/08 3:31:44 ET]
Table 'Bateson III' 9-max Seat #4 is the button
Seat 1: bree161616 ($0.32 in chips) 
Seat 2: bentota2 ($1.08 in chips) 
Seat 3: Artiom198 ($2 in chips) 
Seat 4: chicosox ($1.12 in chips) 
Seat 5: kokomimi701 ($1.02 in chips) 
Seat 6: Dorex2007 ($5.53 in chips) 
Seat 7: Akhee93 ($2.06 in chips) 
Seat 8: 37Oleg77 ($1.84 in chips) 
Seat 9: wALEXSANDRw ($1.54 in chips) 
kokomimi701: posts small blind $0.01
Dorex2007: posts big blind $0.02
*** HOLE CARDS ***
Dealt to Dorex2007 [7c 9d]
Akhee93: folds 
37Oleg77: folds 
wALEXSANDRw: folds 
bree161616: folds 
bentota2: folds 
Artiom198 has timed out
Artiom198: folds 
chicosox: raises $0.05 to $0.07
kokomimi701: folds 
Dorex2007: folds 
Uncalled bet ($0.05) returned to chicosox
chicosox collected $0.05 from pot
*** SUMMARY ***
Total pot $0.05 | Rake $0 
Seat 1: bree161616 folded before Flop (didn't bet)
Seat 2: bentota2 folded before Flop (didn't bet)
Seat 3: Artiom198 folded before Flop (didn't bet)
Seat 4: chicosox (button) collected ($0.05)
Seat 5: kokomimi701 (small blind) folded before Flop
Seat 6: Dorex2007 (big blind) folded before Flop
Seat 7: Akhee93 folded before Flop (didn't bet)
Seat 8: 37Oleg77 folded before Flop (didn't bet)
Seat 9: wALEXSANDRw folded before Flop (didn't bet)



PokerStars Hand #237229433803:  Hold'em No Limit ($0.01/$0.02 USD) - 2022/07/08 0:32:14 PT [2022/07/08 3:32:14 ET]
Table 'Bateson III' 9-max Seat #5 is the button
Seat 1: bree161616 ($0.32 in chips) 
Seat 2: bentota2 ($1.08 in chips) 
Seat 3: Artiom198 ($2 in chips) 
Seat 4: chicosox ($1.15 in chips) 
Seat 5: kokomimi701 ($1.01 in chips) 
Seat 6: Dorex2007 ($5.51 in chips) 
Seat 7: Akhee93 ($2.06 in chips) 
Seat 8: 37Oleg77 ($1.84 in chips) 
Seat 9: wALEXSANDRw ($1.54 in chips) 
Dorex2007: posts small blind $0.01
Akhee93: posts big blind $0.02
*** HOLE CARDS ***
Dealt to Dorex2007 [Kh 4h]
37Oleg77: folds 
wALEXSANDRw: folds 
bree161616: folds 
bentota2: folds 
Artiom198: calls $0.02
chicosox: folds 
kokomimi701: folds 
Dorex2007: calls $0.01
Akhee93: checks 
*** FLOP *** [2h 4s 8s]
Dorex2007: bets $0.03
Akhee93: calls $0.03
Artiom198: calls $0.03
*** TURN *** [2h 4s 8s] [7c]
Dorex2007: checks 
Akhee93: checks 
Artiom198: bets $0.06
Dorex2007: folds 
Akhee93: calls $0.06
*** RIVER *** [2h 4s 8s 7c] [8h]
Akhee93: checks 
Artiom198: bets $0.10
Akhee93: folds 
Uncalled bet ($0.10) returned to Artiom198
Artiom198 collected $0.26 from pot
*** SUMMARY ***
Total pot $0.27 | Rake $0.01 
Board [2h 4s 8s 7c 8h]
Seat 1: bree161616 folded before Flop (didn't bet)
Seat 2: bentota2 folded before Flop (didn't bet)
Seat 3: Artiom198 collected ($0.26)
Seat 4: chicosox folded before Flop (didn't bet)
Seat 5: kokomimi701 (button) folded before Flop (didn't bet)
Seat 6: Dorex2007 (small blind) folded on the Turn
Seat 7: Akhee93 (big blind) folded on the River
Seat 8: 37Oleg77 folded before Flop (didn't bet)
Seat 9: wALEXSANDRw folded before Flop (didn't bet)



PokerStars Hand #237229441832:  Hold'em No Limit ($0.01/$0.02 USD) - 2022/07/08 0:33:25 PT [2022/07/08 3:33:25 ET]
Table 'Bateson III' 9-max Seat #6 is the button
Seat 1: bree161616 ($0.32 in chips) 
Seat 2: bentota2 ($1.08 in chips) 
Seat 3: Artiom198 ($2.15 in chips) 
Seat 4: chicosox ($1.15 in chips) 
Seat 5: kokomimi701 ($1.01 in chips) 
Seat 6: Dorex2007 ($5.46 in chips) 
Seat 7: Akhee93 ($1.95 in chips) 
Seat 8: 37Oleg77 ($1.84 in chips) 
Seat 9: wALEXSANDRw ($1.54 in chips) 
Akhee93: posts small blind $0.01
37Oleg77: posts big blind $0.02
*** HOLE CARDS ***
Dealt to Dorex2007 [Ad Js]
wALEXSANDRw: folds 
bree161616: folds 
bentota2: folds 
Artiom198: folds 
chicosox: folds 
kokomimi701: folds 
Dorex2007: raises $0.02 to $0.04
Akhee93: folds 
37Oleg77: calls $0.02
*** FLOP *** [4c Jc 6c]
37Oleg77: checks 
Dorex2007: bets $0.04
37Oleg77: folds 
Uncalled bet ($0.04) returned to Dorex2007
Dorex2007 collected $0.09 from pot
*** SUMMARY ***
Total pot $0.09 | Rake $0 
Board [4c Jc 6c]
Seat 1: bree161616 folded before Flop (didn't bet)
Seat 2: bentota2 folded before Flop (didn't bet)
Seat 3: Artiom198 folded before Flop (didn't bet)
Seat 4: chicosox folded before Flop (didn't bet)
Seat 5: kokomimi701 folded before Flop (didn't bet)
Seat 6: Dorex2007 (button) collected ($0.09)
Seat 7: Akhee93 (small blind) folded before Flop
Seat 8: 37Oleg77 (big blind) folded on the Flop
Seat 9: wALEXSANDRw folded before Flop (didn't bet)



PokerStars Hand #237229445045:  Hold'em No Limit ($0.01/$0.02 USD) - 2022/07/08 0:33:53 PT [2022/07/08 3:33:53 ET]
Table 'Bateson III' 9-max Seat #7 is the button
Seat 1: bree161616 ($0.32 in chips) 
Seat 2: bentota2 ($1.08 in chips) 
Seat 3: Artiom198 ($2.15 in chips) 
Seat 4: chicosox ($1.15 in chips) 
Seat 5: kokomimi701 ($1.01 in chips) 
Seat 6: Dorex2007 ($5.51 in chips) 
Seat 7: Akhee93 ($1.94 in chips) 
Seat 8: 37Oleg77 ($1.80 in chips) 
Seat 9: wALEXSANDRw ($1.54 in chips) 
37Oleg77: posts small blind $0.01
wALEXSANDRw: posts big blind $0.02
*** HOLE CARDS ***
Dealt to Dorex2007 [9h 7s]
bree161616: raises $0.04 to $0.06
bentota2: folds 
Artiom198: folds 
chicosox: folds 
kokomimi701: folds 
Dorex2007: folds 
Akhee93: folds 
37Oleg77: folds 
wALEXSANDRw: folds 
Uncalled bet ($0.04) returned to bree161616
bree161616 collected $0.05 from pot
*** SUMMARY ***
Total pot $0.05 | Rake $0 
Seat 1: bree161616 collected ($0.05)
Seat 2: bentota2 folded before Flop (didn't bet)
Seat 3: Artiom198 folded before Flop (didn't bet)
Seat 4: chicosox folded before Flop (didn't bet)
Seat 5: kokomimi701 folded before Flop (didn't bet)
Seat 6: Dorex2007 folded before Flop (didn't bet)
Seat 7: Akhee93 (button) folded before Flop (didn't bet)
Seat 8: 37Oleg77 (small blind) folded before Flop
Seat 9: wALEXSANDRw (big blind) folded before Flop



PokerStars Hand #237229447567:  Hold'em No Limit ($0.01/$0.02 USD) - 2022/07/08 0:34:16 PT [2022/07/08 3:34:16 ET]
Table 'Bateson III' 9-max Seat #8 is the button
Seat 1: bree161616 ($0.35 in chips) 
Seat 2: bentota2 ($1.08 in chips) 
Seat 3: Artiom198 ($2.15 in chips) 
Seat 4: chicosox ($1.15 in chips) 
Seat 5: kokomimi701 ($1.01 in chips) 
Seat 6: Dorex2007 ($5.51 in chips) 
Seat 7: Akhee93 ($1.94 in chips) 
Seat 8: 37Oleg77 ($1.79 in chips) 
Seat 9: wALEXSANDRw ($1.52 in chips) 
wALEXSANDRw: posts small blind $0.01
bree161616: posts big blind $0.02
*** HOLE CARDS ***
Dealt to Dorex2007 [5s 4d]
bentota2: folds 
Artiom198: folds 
chicosox: folds 
kokomimi701: calls $0.02
Dorex2007: folds 
Akhee93: folds 
37Oleg77: folds 
wALEXSANDRw: folds 
bree161616: raises $0.04 to $0.06
kokomimi701: calls $0.04
*** FLOP *** [Ad 8s Th]
bree161616: bets $0.07
kokomimi701: calls $0.07
*** TURN *** [Ad 8s Th] [9s]
bree161616: bets $0.13
kokomimi701: calls $0.13
*** RIVER *** [Ad 8s Th 9s] [Qc]
bree161616: bets $0.09 and is all-in
kokomimi701: calls $0.09
*** SHOW DOWN ***
bree161616: shows [Ts Td] (three of a kind, Tens)
kokomimi701: shows [Ah Qd] (two pair, Aces and Queens)
bree161616 collected $0.69 from pot
*** SUMMARY ***
Total pot $0.71 | Rake $0.02 
Board [Ad 8s Th 9s Qc]
Seat 1: bree161616 (big blind) showed [Ts Td] and won ($0.69) with three of a kind, Tens
Seat 2: bentota2 folded before Flop (didn't bet)
Seat 3: Artiom198 folded before Flop (didn't bet)
Seat 4: chicosox folded before Flop (didn't bet)
Seat 5: kokomimi701 showed [Ah Qd] and lost with two pair, Aces and Queens
Seat 6: Dorex2007 folded before Flop (didn't bet)
Seat 7: Akhee93 folded before Flop (didn't bet)
Seat 8: 37Oleg77 (button) folded before Flop (didn't bet)
Seat 9: wALEXSANDRw (small blind) folded before Flop



PokerStars Hand #237229454577:  Hold'em No Limit ($0.01/$0.02 USD) - 2022/07/08 0:35:17 PT [2022/07/08 3:35:17 ET]
Table 'Bateson III' 9-max Seat #9 is the button
Seat 1: bree161616 ($0.69 in chips) 
Seat 2: bentota2 ($1.08 in chips) 
Seat 3: Artiom198 ($2.15 in chips) 
Seat 4: chicosox ($1.15 in chips) 
Seat 5: kokomimi701 ($0.66 in chips) 
Seat 6: Dorex2007 ($5.51 in chips) 
Seat 7: Akhee93 ($1.94 in chips) 
Seat 9: wALEXSANDRw ($1.51 in chips) 
bree161616: posts small blind $0.01
bentota2: posts big blind $0.02
*** HOLE CARDS ***
Dealt to Dorex2007 [4c 3s]
Artiom198: folds 
chicosox: raises $0.02 to $0.04
kokomimi701: folds 
Dorex2007: folds 
Akhee93: folds 
wALEXSANDRw: calls $0.04
bree161616: calls $0.03
bentota2: folds 
*** FLOP *** [Kc 4d Js]
bree161616: checks 
chicosox: checks 
wALEXSANDRw: bets $0.04
bree161616: calls $0.04
chicosox: calls $0.04
*** TURN *** [Kc 4d Js] [6s]
bree161616: checks 
chicosox: checks 
wALEXSANDRw: bets $0.06
bree161616: folds 
chicosox: folds 
Uncalled bet ($0.06) returned to wALEXSANDRw
wALEXSANDRw collected $0.25 from pot
*** SUMMARY ***
Total pot $0.26 | Rake $0.01 
Board [Kc 4d Js 6s]
Seat 1: bree161616 (small blind) folded on the Turn
Seat 2: bentota2 (big blind) folded before Flop
Seat 3: Artiom198 folded before Flop (didn't bet)
Seat 4: chicosox folded on the Turn
Seat 5: kokomimi701 folded before Flop (didn't bet)
Seat 6: Dorex2007 folded before Flop (didn't bet)
Seat 7: Akhee93 folded before Flop (didn't bet)
Seat 9: wALEXSANDRw (button) collected ($0.25)



PokerStars Hand #237229460721:  Hold'em No Limit ($0.01/$0.02 USD) - 2022/07/08 0:36:11 PT [2022/07/08 3:36:11 ET]
Table 'Bateson III' 9-max Seat #1 is the button
Seat 1: bree161616 ($0.61 in chips) 
Seat 2: bentota2 ($1.06 in chips) 
Seat 3: Artiom198 ($2.15 in chips) 
Seat 4: chicosox ($1.07 in chips) 
Seat 5: kokomimi701 ($0.66 in chips) 
Seat 6: Dorex2007 ($5.51 in chips) 
Seat 7: Akhee93 ($1.94 in chips) 
Seat 8: 37Oleg77 ($1.79 in chips) 
Seat 9: wALEXSANDRw ($1.68 in chips) 
bentota2: posts small blind $0.01
Artiom198: posts big blind $0.02
*** HOLE CARDS ***
Dealt to Dorex2007 [Ts 4s]
chicosox: raises $0.05 to $0.07
kokomimi701: folds 
Dorex2007: folds 
Akhee93: folds 
37Oleg77: folds 
wALEXSANDRw: folds 
bree161616: folds 
bentota2: folds 
Artiom198: calls $0.05
*** FLOP *** [7c 3c 8h]
Artiom198: checks 
chicosox: bets $0.04
Artiom198: folds 
Uncalled bet ($0.04) returned to chicosox
chicosox collected $0.14 from pot
*** SUMMARY ***
Total pot $0.15 | Rake $0.01 
Board [7c 3c 8h]
Seat 1: bree161616 (button) folded before Flop (didn't bet)
Seat 2: bentota2 (small blind) folded before Flop
Seat 3: Artiom198 (big blind) folded on the Flop
Seat 4: chicosox collected ($0.14)
Seat 5: kokomimi701 folded before Flop (didn't bet)
Seat 6: Dorex2007 folded before Flop (didn't bet)
Seat 7: Akhee93 folded before Flop (didn't bet)
Seat 8: 37Oleg77 folded before Flop (didn't bet)
Seat 9: wALEXSANDRw folded before Flop (didn't bet)



PokerStars Hand #237229466582:  Hold'em No Limit ($0.01/$0.02 USD) - 2022/07/08 0:37:02 PT [2022/07/08 3:37:02 ET]
Table 'Bateson III' 9-max Seat #2 is the button
Seat 1: bree161616 ($0.61 in chips) 
Seat 2: bentota2 ($1.05 in chips) 
Seat 3: Artiom198 ($2.08 in chips) 
Seat 4: chicosox ($1.14 in chips) 
Seat 5: kokomimi701 ($0.66 in chips) 
Seat 6: Dorex2007 ($5.51 in chips) 
Seat 7: Akhee93 ($1.94 in chips) 
Seat 8: 37Oleg77 ($1.79 in chips) 
Seat 9: wALEXSANDRw ($1.68 in chips) 
Artiom198: posts small blind $0.01
chicosox: posts big blind $0.02
*** HOLE CARDS ***
Dealt to Dorex2007 [9h 7h]
kokomimi701: calls $0.02
Dorex2007: folds 
Akhee93: folds 
37Oleg77: calls $0.02
wALEXSANDRw: raises $0.04 to $0.06
bree161616: calls $0.06
bentota2: folds 
bentota2 leaves the table
Artiom198: folds 
chicosox: folds 
kokomimi701: calls $0.04
37Oleg77: calls $0.04
*** FLOP *** [6c Kh Qc]
kokomimi701: checks 
37Oleg77: checks 
wALEXSANDRw: checks 
bree161616: checks 
*** TURN *** [6c Kh Qc] [Jd]
kokomimi701: checks 
37Oleg77: checks 
wALEXSANDRw: bets $0.10
bree161616: calls $0.10
kokomimi701: calls $0.10
37Oleg77: folds 
*** RIVER *** [6c Kh Qc Jd] [As]
kokomimi701: bets $0.50 and is all-in
wALEXSANDRw: folds 
bree161616: calls $0.45 and is all-in
Uncalled bet ($0.05) returned to kokomimi701
*** SHOW DOWN ***
kokomimi701: shows [Ks Ts] (a straight, Ten to Ace)
bree161616: shows [9d Th] (a straight, Ten to Ace)
kokomimi701 collected $0.71 from pot
bree161616 collected $0.71 from pot
*** SUMMARY ***
Total pot $1.47 | Rake $0.05 
Board [6c Kh Qc Jd As]
Seat 1: bree161616 showed [9d Th] and won ($0.71) with a straight, Ten to Ace
Seat 2: bentota2 (button) folded before Flop (didn't bet)
Seat 3: Artiom198 (small blind) folded before Flop
Seat 4: chicosox (big blind) folded before Flop
Seat 5: kokomimi701 showed [Ks Ts] and won ($0.71) with a straight, Ten to Ace
Seat 6: Dorex2007 folded before Flop (didn't bet)
Seat 7: Akhee93 folded before Flop (didn't bet)
Seat 8: 37Oleg77 folded on the Turn
Seat 9: wALEXSANDRw folded on the River



PokerStars Hand #237229475248:  Hold'em No Limit ($0.01/$0.02 USD) - 2022/07/08 0:38:19 PT [2022/07/08 3:38:19 ET]
Table 'Bateson III' 9-max Seat #3 is the button
Seat 1: bree161616 ($0.71 in chips) 
Seat 3: Artiom198 ($2.07 in chips) 
Seat 4: chicosox ($1.12 in chips) 
Seat 5: kokomimi701 ($0.76 in chips) 
Seat 6: Dorex2007 ($5.51 in chips) 
Seat 7: Akhee93 ($1.94 in chips) 
Seat 8: 37Oleg77 ($1.73 in chips) 
Seat 9: wALEXSANDRw ($1.52 in chips) 
chicosox: posts small blind $0.01
kokomimi701: posts big blind $0.02
*** HOLE CARDS ***
Dealt to Dorex2007 [9h Qc]
Dorex2007: folds 
Akhee93: calls $0.02
37Oleg77: folds 
wALEXSANDRw: folds 
noah4034 joins the table at seat #2 
bree161616: folds 
Artiom198: folds 
chicosox: calls $0.01
kokomimi701: checks 
*** FLOP *** [As 3h Ts]
chicosox: checks 
kokomimi701: checks 
Akhee93: checks 
*** TURN *** [As 3h Ts] [5h]
chicosox: bets $0.02
kokomimi701: calls $0.02
Akhee93: folds 
*** RIVER *** [As 3h Ts 5h] [3c]
chicosox: checks 
kokomimi701: checks 
*** SHOW DOWN ***
chicosox: shows [6d 4h] (a pair of Threes)
kokomimi701: shows [Kd Jd] (a pair of Threes - Ace+King kicker)
kokomimi701 collected $0.10 from pot
*** SUMMARY ***
Total pot $0.10 | Rake $0 
Board [As 3h Ts 5h 3c]
Seat 1: bree161616 folded before Flop (didn't bet)
Seat 3: Artiom198 (button) folded before Flop (didn't bet)
Seat 4: chicosox (small blind) showed [6d 4h] and lost with a pair of Threes
Seat 5: kokomimi701 (big blind) showed [Kd Jd] and won ($0.10) with a pair of Threes
Seat 6: Dorex2007 folded before Flop (didn't bet)
Seat 7: Akhee93 folded on the Turn
Seat 8: 37Oleg77 folded before Flop (didn't bet)
Seat 9: wALEXSANDRw folded before Flop (didn't bet)



PokerStars Hand #237229483135:  Hold'em No Limit ($0.01/$0.02 USD) - 2022/07/08 0:39:29 PT [2022/07/08 3:39:29 ET]
Table 'Bateson III' 9-max Seat #4 is the button
Seat 1: bree161616 ($0.71 in chips) 
Seat 3: Artiom198 ($2.07 in chips) 
Seat 4: chicosox ($1.08 in chips) 
Seat 5: kokomimi701 ($0.82 in chips) 
Seat 6: Dorex2007 ($5.51 in chips) 
Seat 7: Akhee93 ($1.92 in chips) 
Seat 8: 37Oleg77 ($1.73 in chips) 
Seat 9: wALEXSANDRw ($1.52 in chips) 
kokomimi701: posts small blind $0.01
Dorex2007: posts big blind $0.02
noah4034: sits out 
*** HOLE CARDS ***
Dealt to Dorex2007 [Ts Js]
Akhee93: folds 
37Oleg77: raises $0.04 to $0.06
wALEXSANDRw: folds 
bree161616: folds 
Artiom198: folds 
chicosox: calls $0.06
kokomimi701: folds 
Dorex2007: calls $0.04
*** FLOP *** [3s 2d 7h]
Dorex2007: checks 
37Oleg77: checks 
chicosox: bets $0.09
Dorex2007: folds 
37Oleg77: calls $0.09
*** TURN *** [3s 2d 7h] [4c]
37Oleg77: checks 
chicosox: bets $0.11
37Oleg77: folds 
Uncalled bet ($0.11) returned to chicosox
chicosox collected $0.36 from pot
*** SUMMARY ***
Total pot $0.37 | Rake $0.01 
Board [3s 2d 7h 4c]
Seat 1: bree161616 folded before Flop (didn't bet)
Seat 3: Artiom198 folded before Flop (didn't bet)
Seat 4: chicosox (button) collected ($0.36)
Seat 5: kokomimi701 (small blind) folded before Flop
Seat 6: Dorex2007 (big blind) folded on the Flop
Seat 7: Akhee93 folded before Flop (didn't bet)
Seat 8: 37Oleg77 folded on the Turn
Seat 9: wALEXSANDRw folded before Flop (didn't bet)



PokerStars Hand #237229487854:  Hold'em No Limit ($0.01/$0.02 USD) - 2022/07/08 0:40:09 PT [2022/07/08 3:40:09 ET]
Table 'Bateson III' 9-max Seat #5 is the button
Seat 1: bree161616 ($0.71 in chips) 
Seat 2: noah4034 ($0.80 in chips) 
Seat 3: Artiom198 ($2.07 in chips) 
Seat 4: chicosox ($1.29 in chips) 
Seat 5: kokomimi701 ($0.81 in chips) 
Seat 6: Dorex2007 ($5.45 in chips) 
Seat 7: Akhee93 ($1.92 in chips) 
Seat 8: 37Oleg77 ($1.58 in chips) 
Seat 9: wALEXSANDRw ($1.52 in chips) 
Dorex2007: posts small blind $0.01
Akhee93: posts big blind $0.02
noah4034: posts big blind $0.02
*** HOLE CARDS ***
Dealt to Dorex2007 [Ad 3h]
37Oleg77: folds 
wALEXSANDRw: folds 
bree161616: folds 
noah4034: checks 
Artiom198: folds 
chicosox: calls $0.02
kokomimi701: folds 
Dorex2007: folds 
Akhee93: checks 
*** FLOP *** [Kd 5d Jc]
Akhee93: checks 
noah4034: checks 
chicosox: bets $0.03
Akhee93: calls $0.03
noah4034: folds 
*** TURN *** [Kd 5d Jc] [3c]
Akhee93: bets $0.06
chicosox: calls $0.06
*** RIVER *** [Kd 5d Jc 3c] [Ts]
Akhee93: checks 
chicosox: checks 
*** SHOW DOWN ***
Akhee93: shows [As 7d] (high card Ace)
chicosox: shows [Kh 9c] (a pair of Kings)
chicosox collected $0.24 from pot
*** SUMMARY ***
Total pot $0.25 | Rake $0.01 
Board [Kd 5d Jc 3c Ts]
Seat 1: bree161616 folded before Flop (didn't bet)
Seat 2: noah4034 folded on the Flop (didn't bet)
Seat 3: Artiom198 folded before Flop (didn't bet)
Seat 4: chicosox showed [Kh 9c] and won ($0.24) with a pair of Kings
Seat 5: kokomimi701 (button) folded before Flop (didn't bet)
Seat 6: Dorex2007 (small blind) folded before Flop
Seat 7: Akhee93 (big blind) showed [As 7d] and lost with high card Ace
Seat 8: 37Oleg77 folded before Flop (didn't bet)
Seat 9: wALEXSANDRw folded before Flop (didn't bet)



PokerStars Hand #237229495486:  Hold'em No Limit ($0.01/$0.02 USD) - 2022/07/08 0:41:12 PT [2022/07/08 3:41:12 ET]
Table 'Bateson III' 9-max Seat #6 is the button
Seat 1: bree161616 ($0.71 in chips) 
Seat 2: noah4034 ($0.78 in chips) 
Seat 3: Artiom198 ($2.07 in chips) 
Seat 4: chicosox ($1.42 in chips) 
Seat 5: kokomimi701 ($0.81 in chips) 
Seat 6: Dorex2007 ($5.44 in chips) 
Seat 7: Akhee93 ($1.81 in chips) 
Seat 8: 37Oleg77 ($1.58 in chips) 
Seat 9: wALEXSANDRw ($1.52 in chips) 
Akhee93: posts small blind $0.01
37Oleg77: posts big blind $0.02
*** HOLE CARDS ***
Dealt to Dorex2007 [7h Th]
wALEXSANDRw: folds 
bree161616: folds 
noah4034: calls $0.02
Artiom198: folds 
chicosox: calls $0.02
bree161616 leaves the table
kokomimi701 has timed out
kokomimi701: folds 
73d91 joins the table at seat #1 
Dorex2007: folds 
Akhee93: folds 
37Oleg77: raises $0.04 to $0.06
noah4034: folds 
chicosox: calls $0.04
*** FLOP *** [8d 2s 3h]
37Oleg77: bets $0.07
chicosox: folds 
Uncalled bet ($0.07) returned to 37Oleg77
37Oleg77 collected $0.14 from pot
*** SUMMARY ***
Total pot $0.15 | Rake $0.01 
Board [8d 2s 3h]
Seat 1: bree161616 folded before Flop (didn't bet)
Seat 2: noah4034 folded before Flop
Seat 3: Artiom198 folded before Flop (didn't bet)
Seat 4: chicosox folded on the Flop
Seat 5: kokomimi701 folded before Flop (didn't bet)
Seat 6: Dorex2007 (button) folded before Flop (didn't bet)
Seat 7: Akhee93 (small blind) folded before Flop
Seat 8: 37Oleg77 (big blind) collected ($0.14)
Seat 9: wALEXSANDRw folded before Flop (didn't bet)



PokerStars Hand #237229501103:  Hold'em No Limit ($0.01/$0.02 USD) - 2022/07/08 0:41:59 PT [2022/07/08 3:41:59 ET]
Table 'Bateson III' 9-max Seat #7 is the button
Seat 2: noah4034 ($0.76 in chips) 
Seat 3: Artiom198 ($2.07 in chips) 
Seat 4: chicosox ($1.36 in chips) 
Seat 6: Dorex2007 ($5.44 in chips) 
Seat 7: Akhee93 ($1.80 in chips) 
Seat 8: 37Oleg77 ($1.66 in chips) 
Seat 9: wALEXSANDRw ($1.52 in chips) 
37Oleg77: posts small blind $0.01
wALEXSANDRw: posts big blind $0.02
73d91: sits out 
*** HOLE CARDS ***
Dealt to Dorex2007 [Kh Kc]
noah4034: calls $0.02
Artiom198: folds 
chicosox: folds 
Dorex2007: raises $0.06 to $0.08
Akhee93: folds 
37Oleg77: folds 
wALEXSANDRw: folds 
noah4034: folds 
Uncalled bet ($0.06) returned to Dorex2007
Dorex2007 collected $0.07 from pot
*** SUMMARY ***
Total pot $0.07 | Rake $0 
Seat 2: noah4034 folded before Flop
Seat 3: Artiom198 folded before Flop (didn't bet)
Seat 4: chicosox folded before Flop (didn't bet)
Seat 6: Dorex2007 collected ($0.07)
Seat 7: Akhee93 (button) folded before Flop (didn't bet)
Seat 8: 37Oleg77 (small blind) folded before Flop
Seat 9: wALEXSANDRw (big blind) folded before Flop



PokerStars Hand #237229504276:  Hold'em No Limit ($0.01/$0.02 USD) - 2022/07/08 0:42:26 PT [2022/07/08 3:42:26 ET]
Table 'Bateson III' 9-max Seat #8 is the button
Seat 1: 73d91 ($1.60 in chips) 
Seat 2: noah4034 ($0.74 in chips) 
Seat 3: Artiom198 ($2.07 in chips) 
Seat 4: chicosox ($1.36 in chips) 
Seat 6: Dorex2007 ($5.49 in chips) 
Seat 7: Akhee93 ($1.80 in chips) 
Seat 8: 37Oleg77 ($1.65 in chips) 
Seat 9: wALEXSANDRw ($1.50 in chips) 
wALEXSANDRw: posts small blind $0.01
73d91: posts big blind $0.02
*** HOLE CARDS ***
Dealt to Dorex2007 [6d 5s]
noah4034: raises $0.02 to $0.04
Artiom198: folds 
chicosox: folds 
Dorex2007: folds 
Akhee93: folds 
37Oleg77: folds 
wALEXSANDRw: folds 
73d91: calls $0.02
*** FLOP *** [4s 5d 6s]
73d91: bets $0.02
noah4034: calls $0.02
*** TURN *** [4s 5d 6s] [4h]
73d91: bets $0.06
noah4034: folds 
Uncalled bet ($0.06) returned to 73d91
73d91 collected $0.13 from pot
*** SUMMARY ***
Total pot $0.13 | Rake $0 
Board [4s 5d 6s 4h]
Seat 1: 73d91 (big blind) collected ($0.13)
Seat 2: noah4034 folded on the Turn
Seat 3: Artiom198 folded before Flop (didn't bet)
Seat 4: chicosox folded before Flop (didn't bet)
Seat 6: Dorex2007 folded before Flop (didn't bet)
Seat 7: Akhee93 folded before Flop (didn't bet)
Seat 8: 37Oleg77 (button) folded before Flop (didn't bet)
Seat 9: wALEXSANDRw (small blind) folded before Flop



PokerStars Hand #237229508614:  Hold'em No Limit ($0.01/$0.02 USD) - 2022/07/08 0:43:03 PT [2022/07/08 3:43:03 ET]
Table 'Bateson III' 9-max Seat #9 is the button
Seat 1: 73d91 ($1.67 in chips) 
Seat 2: noah4034 ($0.68 in chips) 
Seat 3: Artiom198 ($2.07 in chips) 
Seat 4: chicosox ($1.36 in chips) 
Seat 5: kokomimi701 ($0.81 in chips) 
Seat 6: Dorex2007 ($5.49 in chips) 
Seat 7: Akhee93 ($1.80 in chips) 
Seat 8: 37Oleg77 ($1.65 in chips) 
Seat 9: wALEXSANDRw ($1.49 in chips) 
73d91: posts small blind $0.01
noah4034: posts big blind $0.02
*** HOLE CARDS ***
Dealt to Dorex2007 [5d Ah]
Artiom198: folds 
chicosox: folds 
kokomimi701: folds 
Dorex2007: folds 
Akhee93: calls $0.02
37Oleg77: raises $0.04 to $0.06
wALEXSANDRw: folds 
73d91: folds 
noah4034: folds 
Akhee93: calls $0.04
*** FLOP *** [3c 2c 3s]
Akhee93: checks 
37Oleg77: checks 
*** TURN *** [3c 2c 3s] [5c]
Akhee93: checks 
37Oleg77: checks 
*** RIVER *** [3c 2c 3s 5c] [8s]
Akhee93: checks 
37Oleg77: checks 
*** SHOW DOWN ***
Akhee93: shows [6s Td] (a pair of Threes)
37Oleg77: shows [9s Qs] (a pair of Threes - Queen kicker)
37Oleg77 collected $0.14 from pot
*** SUMMARY ***
Total pot $0.15 | Rake $0.01 
Board [3c 2c 3s 5c 8s]
Seat 1: 73d91 (small blind) folded before Flop
Seat 2: noah4034 (big blind) folded before Flop
Seat 3: Artiom198 folded before Flop (didn't bet)
Seat 4: chicosox folded before Flop (didn't bet)
Seat 5: kokomimi701 folded before Flop (didn't bet)
Seat 6: Dorex2007 folded before Flop (didn't bet)
Seat 7: Akhee93 showed [6s Td] and lost with a pair of Threes
Seat 8: 37Oleg77 showed [9s Qs] and won ($0.14) with a pair of Threes
Seat 9: wALEXSANDRw (button) folded before Flop (didn't bet)



PokerStars Hand #237229514321:  Hold'em No Limit ($0.01/$0.02 USD) - 2022/07/08 0:43:52 PT [2022/07/08 3:43:52 ET]
Table 'Bateson III' 9-max Seat #1 is the button
Seat 1: 73d91 ($1.66 in chips) 
Seat 2: noah4034 ($0.66 in chips) 
Seat 4: chicosox ($1.36 in chips) 
Seat 5: kokomimi701 ($0.81 in chips) 
Seat 6: Dorex2007 ($5.49 in chips) 
Seat 7: Akhee93 ($1.74 in chips) 
Seat 8: 37Oleg77 ($1.73 in chips) 
Seat 9: wALEXSANDRw ($1.49 in chips) 
noah4034: posts small blind $0.01
Artiom198: is sitting out 
chicosox: posts big blind $0.02
*** HOLE CARDS ***
Dealt to Dorex2007 [9d 3s]
Artiom198 leaves the table
kokomimi701: calls $0.02
Dorex2007 has timed out
Dorex2007: folds 
Akhee93: folds 
37Oleg77: folds 
wALEXSANDRw: folds 
73d91: folds 
noah4034: raises $0.02 to $0.04
chicosox: folds 
kokomimi701: calls $0.02
*** FLOP *** [Jc 9h 6s]
bodenleger joins the table at seat #3 
noah4034: checks 
kokomimi701: checks 
*** TURN *** [Jc 9h 6s] [5d]
noah4034: checks 
kokomimi701: checks 
*** RIVER *** [Jc 9h 6s 5d] [8d]
noah4034: bets $0.02
kokomimi701: raises $0.02 to $0.04
noah4034: raises $0.02 to $0.06
kokomimi701: calls $0.02
*** SHOW DOWN ***
noah4034: shows [Tc Td] (a pair of Tens)
kokomimi701: shows [7c 7h] (a straight, Five to Nine)
kokomimi701 collected $0.21 from pot
*** SUMMARY ***
Total pot $0.22 | Rake $0.01 
Board [Jc 9h 6s 5d 8d]
Seat 1: 73d91 (button) folded before Flop (didn't bet)
Seat 2: noah4034 (small blind) showed [Tc Td] and lost with a pair of Tens
Seat 4: chicosox (big blind) folded before Flop
Seat 5: kokomimi701 showed [7c 7h] and won ($0.21) with a straight, Five to Nine
Seat 6: Dorex2007 folded before Flop (didn't bet)
Seat 7: Akhee93 folded before Flop (didn't bet)
Seat 8: 37Oleg77 folded before Flop (didn't bet)
Seat 9: wALEXSANDRw folded before Flop (didn't bet)



PokerStars Hand #237229519908:  Hold'em No Limit ($0.01/$0.02 USD) - 2022/07/08 0:44:41 PT [2022/07/08 3:44:41 ET]
Table 'Bateson III' 9-max Seat #2 is the button
Seat 1: 73d91 ($1.66 in chips) 
Seat 2: noah4034 ($0.56 in chips) 
Seat 4: chicosox ($1.34 in chips) 
Seat 5: kokomimi701 ($0.92 in chips) 
Seat 6: Dorex2007 ($5.49 in chips) 
Seat 7: Akhee93 ($1.74 in chips) 
Seat 8: 37Oleg77 ($1.73 in chips) 
Seat 9: wALEXSANDRw ($1.49 in chips) 
chicosox: posts small blind $0.01
kokomimi701: posts big blind $0.02
*** HOLE CARDS ***
Dealt to Dorex2007 [2d Js]
Dorex2007: folds 
Akhee93: calls $0.02
37Oleg77: raises $0.04 to $0.06
wALEXSANDRw: folds 
73d91: folds 
noah4034: folds 
chicosox: calls $0.05
kokomimi701: calls $0.04
Akhee93: calls $0.04
*** FLOP *** [3h Ad Td]
chicosox: checks 
kokomimi701: checks 
Akhee93: checks 
37Oleg77: checks 
*** TURN *** [3h Ad Td] [4d]
chicosox: bets $0.07
kokomimi701: calls $0.07
Akhee93: folds 
37Oleg77: folds 
*** RIVER *** [3h Ad Td 4d] [4h]
chicosox: checks 
kokomimi701: checks 
*** SHOW DOWN ***
chicosox: shows [As 7s] (two pair, Aces and Fours)
kokomimi701: mucks hand 
chicosox collected $0.37 from pot
*** SUMMARY ***
Total pot $0.38 | Rake $0.01 
Board [3h Ad Td 4d 4h]
Seat 1: 73d91 folded before Flop (didn't bet)
Seat 2: noah4034 (button) folded before Flop (didn't bet)
Seat 4: chicosox (small blind) showed [As 7s] and won ($0.37) with two pair, Aces and Fours
Seat 5: kokomimi701 (big blind) mucked [2h 6h]
Seat 6: Dorex2007 folded before Flop (didn't bet)
Seat 7: Akhee93 folded on the Turn
Seat 8: 37Oleg77 folded on the Turn
Seat 9: wALEXSANDRw folded before Flop (didn't bet)



PokerStars Hand #237229527634:  Hold'em No Limit ($0.01/$0.02 USD) - 2022/07/08 0:45:47 PT [2022/07/08 3:45:47 ET]
Table 'Bateson III' 9-max Seat #4 is the button
Seat 1: 73d91 ($1.66 in chips) 
Seat 2: noah4034 ($0.56 in chips) 
Seat 3: bodenleger ($2 in chips) 
Seat 4: chicosox ($1.58 in chips) 
Seat 5: kokomimi701 ($0.79 in chips) 
Seat 6: Dorex2007 ($5.49 in chips) 
Seat 7: Akhee93 ($1.68 in chips) 
Seat 8: 37Oleg77 ($1.67 in chips) 
Seat 9: wALEXSANDRw ($1.49 in chips) 
kokomimi701: posts small blind $0.01
Dorex2007: posts big blind $0.02
bodenleger: posts big blind $0.02
*** HOLE CARDS ***
Dealt to Dorex2007 [2s Ac]
Akhee93: folds 
37Oleg77: folds 
wALEXSANDRw: calls $0.02
73d91: raises $0.02 to $0.04
noah4034: calls $0.04
bodenleger: calls $0.02
chicosox: folds 
kokomimi701: calls $0.03
Dorex2007: folds 
wALEXSANDRw: calls $0.02
*** FLOP *** [7c Jh Kd]
kokomimi701: checks 
wALEXSANDRw: checks 
73d91: checks 
noah4034: checks 
bodenleger: checks 
*** TURN *** [7c Jh Kd] [Tc]
kokomimi701: checks 
wALEXSANDRw: checks 
73d91: checks 
noah4034: checks 
bodenleger: checks 
*** RIVER *** [7c Jh Kd Tc] [9h]
kokomimi701: checks 
wALEXSANDRw: checks 
73d91: bets $0.21
noah4034: folds 
bodenleger: folds 
kokomimi701: folds 
wALEXSANDRw: folds 
Uncalled bet ($0.21) returned to 73d91
73d91 collected $0.21 from pot
*** SUMMARY ***
Total pot $0.22 | Rake $0.01 
Board [7c Jh Kd Tc 9h]
Seat 1: 73d91 collected ($0.21)
Seat 2: noah4034 folded on the River
Seat 3: bodenleger folded on the River
Seat 4: chicosox (button) folded before Flop (didn't bet)
Seat 5: kokomimi701 (small blind) folded on the River
Seat 6: Dorex2007 (big blind) folded before Flop
Seat 7: Akhee93 folded before Flop (didn't bet)
Seat 8: 37Oleg77 folded before Flop (didn't bet)
Seat 9: wALEXSANDRw folded on the River



PokerStars Hand #237229538930:  Hold'em No Limit ($0.01/$0.02 USD) - 2022/07/08 0:47:24 PT [2022/07/08 3:47:24 ET]
Table 'Bateson III' 9-max Seat #5 is the button
Seat 1: 73d91 ($1.83 in chips) 
Seat 2: noah4034 ($0.52 in chips) 
Seat 3: bodenleger ($1.96 in chips) 
Seat 4: chicosox ($1.58 in chips) 
Seat 5: kokomimi701 ($0.75 in chips) 
Seat 6: Dorex2007 ($5.47 in chips) 
Seat 7: Akhee93 ($1.68 in chips) 
Seat 8: 37Oleg77 ($1.67 in chips) 
Seat 9: wALEXSANDRw ($1.45 in chips) 
Dorex2007: posts small blind $0.01
Akhee93: posts big blind $0.02
*** HOLE CARDS ***
Dealt to Dorex2007 [6s 7d]
37Oleg77: folds 
wALEXSANDRw: folds 
73d91: folds 
noah4034: folds 
bodenleger: folds 
chicosox: raises $0.02 to $0.04
kokomimi701: folds 
Dorex2007: folds 
Akhee93: calls $0.02
*** FLOP *** [2c 4d 3c]
Akhee93: checks 
chicosox: bets $0.03
Akhee93: calls $0.03
*** TURN *** [2c 4d 3c] [Jc]
Akhee93: checks 
chicosox: checks 
*** RIVER *** [2c 4d 3c Jc] [3h]
Akhee93: bets $0.14
chicosox: folds 
Uncalled bet ($0.14) returned to Akhee93
Akhee93 collected $0.14 from pot
*** SUMMARY ***
Total pot $0.15 | Rake $0.01 
Board [2c 4d 3c Jc 3h]
Seat 1: 73d91 folded before Flop (didn't bet)
Seat 2: noah4034 folded before Flop (didn't bet)
Seat 3: bodenleger folded before Flop (didn't bet)
Seat 4: chicosox folded on the River
Seat 5: kokomimi701 (button) folded before Flop (didn't bet)
Seat 6: Dorex2007 (small blind) folded before Flop
Seat 7: Akhee93 (big blind) collected ($0.14)
Seat 8: 37Oleg77 folded before Flop (didn't bet)
Seat 9: wALEXSANDRw folded before Flop (didn't bet)



PokerStars Hand #237229544265:  Hold'em No Limit ($0.01/$0.02 USD) - 2022/07/08 0:48:09 PT [2022/07/08 3:48:09 ET]
Table 'Bateson III' 9-max Seat #6 is the button
Seat 1: 73d91 ($1.83 in chips) 
Seat 2: noah4034 ($0.52 in chips) 
Seat 3: bodenleger ($1.96 in chips) 
Seat 4: chicosox ($1.51 in chips) 
Seat 5: kokomimi701 ($0.75 in chips) 
Seat 6: Dorex2007 ($5.46 in chips) 
Seat 7: Akhee93 ($1.75 in chips) 
Seat 8: 37Oleg77 ($1.67 in chips) 
Seat 9: wALEXSANDRw ($1.45 in chips) 
Akhee93: posts small blind $0.01
37Oleg77: posts big blind $0.02
*** HOLE CARDS ***
Dealt to Dorex2007 [4d 9h]
wALEXSANDRw: calls $0.02
73d91: folds 
noah4034: calls $0.02
bodenleger: folds 
chicosox: folds 
kokomimi701: folds 
Dorex2007: folds 
Akhee93: folds 
37Oleg77: checks 
*** FLOP *** [Kc Qc Ac]
37Oleg77: bets $0.07
wALEXSANDRw: folds 
noah4034: calls $0.07
*** TURN *** [Kc Qc Ac] [Td]
37Oleg77: bets $0.20
noah4034: raises $0.20 to $0.40
37Oleg77: raises $0.20 to $0.60
noah4034: calls $0.03 and is all-in
Uncalled bet ($0.17) returned to 37Oleg77
*** RIVER *** [Kc Qc Ac Td] [9d]
*** SHOW DOWN ***
37Oleg77: shows [Js 9c] (a straight, Ten to Ace)
noah4034: shows [Qh Kd] (two pair, Kings and Queens)
37Oleg77 collected $1.03 from pot
noah4034 cashed out the hand for $0.11
*** SUMMARY ***
Total pot $1.07 | Rake $0.04 
Board [Kc Qc Ac Td 9d]
Seat 1: 73d91 folded before Flop (didn't bet)
Seat 2: noah4034 showed [Qh Kd] and lost with two pair, Kings and Queens (cashed out).
Seat 3: bodenleger folded before Flop (didn't bet)
Seat 4: chicosox folded before Flop (didn't bet)
Seat 5: kokomimi701 folded before Flop (didn't bet)
Seat 6: Dorex2007 (button) folded before Flop (didn't bet)
Seat 7: Akhee93 (small blind) folded before Flop
Seat 8: 37Oleg77 (big blind) showed [Js 9c] and won ($1.03) with a straight, Ten to Ace
Seat 9: wALEXSANDRw folded on the Flop



PokerStars Hand #237229551038:  Hold'em No Limit ($0.01/$0.02 USD) - 2022/07/08 0:49:06 PT [2022/07/08 3:49:06 ET]
Table 'Bateson III' 9-max Seat #7 is the button
Seat 1: 73d91 ($1.83 in chips) 
Seat 2: noah4034 ($0.11 in chips) 
Seat 3: bodenleger ($1.96 in chips) 
Seat 4: chicosox ($1.51 in chips) 
Seat 5: kokomimi701 ($0.75 in chips) 
Seat 6: Dorex2007 ($5.46 in chips) 
Seat 7: Akhee93 ($1.74 in chips) 
Seat 8: 37Oleg77 ($2.18 in chips) 
Seat 9: wALEXSANDRw ($1.43 in chips) 
37Oleg77: posts small blind $0.01
wALEXSANDRw: posts big blind $0.02
*** HOLE CARDS ***
Dealt to Dorex2007 [Kh Th]
73d91: calls $0.02
noah4034: folds 
bodenleger: folds 
chicosox: folds 
kokomimi701: folds 
Dorex2007: raises $0.04 to $0.06
Akhee93: calls $0.06
37Oleg77: calls $0.05
wALEXSANDRw: calls $0.04
73d91: folds 
*** FLOP *** [Jd 7d 5d]
37Oleg77: checks 
wALEXSANDRw: checks 
Dorex2007: checks 
Akhee93: bets $0.12
37Oleg77: folds 
wALEXSANDRw: folds 
Dorex2007: folds 
Uncalled bet ($0.12) returned to Akhee93
Akhee93 collected $0.25 from pot
*** SUMMARY ***
Total pot $0.26 | Rake $0.01 
Board [Jd 7d 5d]
Seat 1: 73d91 folded before Flop
Seat 2: noah4034 folded before Flop (didn't bet)
Seat 3: bodenleger folded before Flop (didn't bet)
Seat 4: chicosox folded before Flop (didn't bet)
Seat 5: kokomimi701 folded before Flop (didn't bet)
Seat 6: Dorex2007 folded on the Flop
Seat 7: Akhee93 (button) collected ($0.25)
Seat 8: 37Oleg77 (small blind) folded on the Flop
Seat 9: wALEXSANDRw (big blind) folded on the Flop



