PokerStars Hand #233873922420:  Hold'em No Limit ($0.01/$0.02 USD) - 2022/02/07 15:29:38 PT [2022/02/07 18:29:38 ET]
Table 'Union III' 9-max Seat #4 is the button
Seat 1: hamrin ($1.17 in chips) 
Seat 2: Zuzu1717 ($4.18 in chips) 
Seat 3: Dorex2007 ($2 in chips) 
Seat 4: Arizona78939 ($1.10 in chips) 
Seat 5: Olariusiese ($2.10 in chips) 
Seat 6: macbeth1867 ($2.07 in chips) 
Seat 7: krakow20 ($2.02 in chips) 
Seat 8: tutjak ($3.68 in chips) 
Seat 9: Deluxiest ($1.33 in chips) 
Olariusiese: posts small blind $0.01
macbeth1867: posts big blind $0.02
Dorex2007: posts big blind $0.02
*** HOLE CARDS ***
Dealt to Dorex2007 [9c Ks]
krakow20: folds 
tutjak: folds 
Deluxiest: folds 
hamrin: calls $0.02
Zuzu1717: raises $0.02 to $0.04
Dorex2007: folds 
Arizona78939: folds 
Olariusiese: folds 
macbeth1867: calls $0.02
hamrin: calls $0.02
*** FLOP *** [Kh 8s Qc]
macbeth1867: checks 
hamrin: checks 
Zuzu1717: checks 
*** TURN *** [Kh 8s Qc] [2h]
macbeth1867: checks 
hamrin: bets $0.10
Zuzu1717: calls $0.10
macbeth1867: folds 
*** RIVER *** [Kh 8s Qc 2h] [Th]
hamrin: checks 
Zuzu1717: bets $0.17
hamrin: calls $0.17
*** SHOW DOWN ***
Zuzu1717: shows [2d Ad] (a pair of Deuces)
hamrin: shows [8c 7c] (a pair of Eights)
hamrin collected $0.67 from pot
*** SUMMARY ***
Total pot $0.69 | Rake $0.02 
Board [Kh 8s Qc 2h Th]
Seat 1: hamrin showed [8c 7c] and won ($0.67) with a pair of Eights
Seat 2: Zuzu1717 showed [2d Ad] and lost with a pair of Deuces
Seat 3: Dorex2007 folded before Flop (didn't bet)
Seat 4: Arizona78939 (button) folded before Flop (didn't bet)
Seat 5: Olariusiese (small blind) folded before Flop
Seat 6: macbeth1867 (big blind) folded on the Turn
Seat 7: krakow20 folded before Flop (didn't bet)
Seat 8: tutjak folded before Flop (didn't bet)
Seat 9: Deluxiest folded before Flop (didn't bet)



PokerStars Hand #233874033628:  Hold'em No Limit ($0.01/$0.02 USD) - 2022/02/07 15:34:06 PT [2022/02/07 18:34:06 ET]
Table 'Union III' 9-max Seat #4 is the button
Seat 1: Fandr ($0.78 in chips) 
Seat 2: Zuzu1717 ($3.93 in chips) 
Seat 3: Dorex2007 ($2 in chips) 
Seat 4: Arizona78939 ($1.13 in chips) 
Seat 5: Olariusiese ($2.05 in chips) 
Seat 6: macbeth1867 ($2.23 in chips) 
Seat 7: krakow20 ($1.99 in chips) 
Seat 8: tutjak ($3.60 in chips) 
Seat 9: Deluxiest ($1.25 in chips) 
Olariusiese: posts small blind $0.01
macbeth1867: posts big blind $0.02
Dorex2007: posts small & big blinds $0.03
*** HOLE CARDS ***
Dealt to Dorex2007 [2s Qs]
krakow20: folds 
tutjak: calls $0.02
Deluxiest: folds 
Fandr: folds 
Zuzu1717: folds 
Dorex2007: checks 
Arizona78939: raises $0.06 to $0.08
Olariusiese: folds 
macbeth1867: folds 
tutjak: folds 
Dorex2007: folds 
Uncalled bet ($0.06) returned to Arizona78939
Arizona78939 collected $0.10 from pot
Arizona78939: doesn't show hand 
*** SUMMARY ***
Total pot $0.10 | Rake $0 
Seat 1: Fandr folded before Flop (didn't bet)
Seat 2: Zuzu1717 folded before Flop (didn't bet)
Seat 3: Dorex2007 folded before Flop (didn't bet)
Seat 4: Arizona78939 (button) collected ($0.10)
Seat 5: Olariusiese (small blind) folded before Flop
Seat 6: macbeth1867 (big blind) folded before Flop
Seat 7: krakow20 folded before Flop (didn't bet)
Seat 8: tutjak folded before Flop
Seat 9: Deluxiest folded before Flop (didn't bet)



PokerStars Hand #233874047336:  Hold'em No Limit ($0.01/$0.02 USD) - 2022/02/07 15:34:39 PT [2022/02/07 18:34:39 ET]
Table 'Union III' 9-max Seat #5 is the button
Seat 1: Fandr ($0.78 in chips) 
Seat 2: Zuzu1717 ($3.93 in chips) 
Seat 3: Dorex2007 ($2 in chips) 
Seat 4: Arizona78939 ($1.21 in chips) 
Seat 5: Olariusiese ($2.04 in chips) 
Seat 6: macbeth1867 ($2.21 in chips) 
Seat 7: krakow20 ($1.99 in chips) 
Seat 8: tutjak ($3.58 in chips) 
Seat 9: Deluxiest ($1.25 in chips) 
macbeth1867: posts small blind $0.01
krakow20: posts big blind $0.02
*** HOLE CARDS ***
Dealt to Dorex2007 [2d 2c]
tutjak: folds 
Deluxiest: calls $0.02
Fandr: folds 
Zuzu1717: folds 
Dorex2007: calls $0.02
Arizona78939: raises $0.09 to $0.11
Olariusiese: folds 
macbeth1867: folds 
krakow20: folds 
Deluxiest: calls $0.09
Dorex2007: folds 
*** FLOP *** [3h Kd Jc]
Deluxiest: checks 
Arizona78939: bets $0.08
Deluxiest: calls $0.08
*** TURN *** [3h Kd Jc] [3d]
Deluxiest: checks 
Arizona78939: bets $0.18
Deluxiest: folds 
Uncalled bet ($0.18) returned to Arizona78939
Arizona78939 collected $0.41 from pot
Arizona78939: doesn't show hand 
*** SUMMARY ***
Total pot $0.43 | Rake $0.02 
Board [3h Kd Jc 3d]
Seat 1: Fandr folded before Flop (didn't bet)
Seat 2: Zuzu1717 folded before Flop (didn't bet)
Seat 3: Dorex2007 folded before Flop
Seat 4: Arizona78939 collected ($0.41)
Seat 5: Olariusiese (button) folded before Flop (didn't bet)
Seat 6: macbeth1867 (small blind) folded before Flop
Seat 7: krakow20 (big blind) folded before Flop
Seat 8: tutjak folded before Flop (didn't bet)
Seat 9: Deluxiest folded on the Turn



PokerStars Hand #233874079615:  Hold'em No Limit ($0.01/$0.02 USD) - 2022/02/07 15:35:58 PT [2022/02/07 18:35:58 ET]
Table 'Union III' 9-max Seat #6 is the button
Seat 1: Fandr ($0.78 in chips) 
Seat 2: Zuzu1717 ($3.93 in chips) 
Seat 3: Dorex2007 ($2 in chips) 
Seat 4: Arizona78939 ($1.43 in chips) 
Seat 5: Olariusiese ($2.04 in chips) 
Seat 6: macbeth1867 ($2.20 in chips) 
Seat 7: krakow20 ($1.97 in chips) 
Seat 8: tutjak ($3.58 in chips) 
Seat 9: Deluxiest ($1.06 in chips) 
krakow20: posts small blind $0.01
tutjak: posts big blind $0.02
*** HOLE CARDS ***
Dealt to Dorex2007 [8h Ks]
Deluxiest: calls $0.02
Fandr: folds 
Zuzu1717: raises $0.04 to $0.06
Dorex2007: folds 
Arizona78939: folds 
Olariusiese: folds 
macbeth1867: folds 
krakow20: folds 
tutjak: calls $0.04
Deluxiest: folds 
*** FLOP *** [2s 4s 6h]
tutjak: checks 
Zuzu1717: bets $0.07
tutjak: calls $0.07
*** TURN *** [2s 4s 6h] [Kd]
tutjak: checks 
Zuzu1717: bets $0.14
tutjak: raises $0.24 to $0.38
Zuzu1717: folds 
Uncalled bet ($0.24) returned to tutjak
tutjak collected $0.55 from pot
tutjak: doesn't show hand 
*** SUMMARY ***
Total pot $0.57 | Rake $0.02 
Board [2s 4s 6h Kd]
Seat 1: Fandr folded before Flop (didn't bet)
Seat 2: Zuzu1717 folded on the Turn
Seat 3: Dorex2007 folded before Flop (didn't bet)
Seat 4: Arizona78939 folded before Flop (didn't bet)
Seat 5: Olariusiese folded before Flop (didn't bet)
Seat 6: macbeth1867 (button) folded before Flop (didn't bet)
Seat 7: krakow20 (small blind) folded before Flop
Seat 8: tutjak (big blind) collected ($0.55)
Seat 9: Deluxiest folded before Flop



PokerStars Hand #233874106579:  Hold'em No Limit ($0.01/$0.02 USD) - 2022/02/07 15:37:04 PT [2022/02/07 18:37:04 ET]
Table 'Union III' 9-max Seat #7 is the button
Seat 1: Fandr ($0.78 in chips) 
Seat 2: Zuzu1717 ($3.66 in chips) 
Seat 3: Dorex2007 ($2 in chips) 
Seat 4: Arizona78939 ($1.43 in chips) 
Seat 5: Olariusiese ($2.04 in chips) 
Seat 6: macbeth1867 ($2.20 in chips) 
Seat 7: krakow20 ($1.96 in chips) 
Seat 8: tutjak ($3.86 in chips) 
Seat 9: Deluxiest ($1.04 in chips) 
tutjak: posts small blind $0.01
Deluxiest: posts big blind $0.02
*** HOLE CARDS ***
Dealt to Dorex2007 [7s 8d]
Fandr: calls $0.02
Zuzu1717: folds 
Dorex2007: folds 
Arizona78939: folds 
Olariusiese: folds 
macbeth1867: raises $0.04 to $0.06
krakow20: folds 
tutjak: folds 
Deluxiest: folds 
Fandr: calls $0.04
*** FLOP *** [9c 5s 6d]
Fandr: checks 
macbeth1867: bets $0.10
Fandr: folds 
Uncalled bet ($0.10) returned to macbeth1867
macbeth1867 collected $0.14 from pot
macbeth1867: doesn't show hand 
*** SUMMARY ***
Total pot $0.15 | Rake $0.01 
Board [9c 5s 6d]
Seat 1: Fandr folded on the Flop
Seat 2: Zuzu1717 folded before Flop (didn't bet)
Seat 3: Dorex2007 folded before Flop (didn't bet)
Seat 4: Arizona78939 folded before Flop (didn't bet)
Seat 5: Olariusiese folded before Flop (didn't bet)
Seat 6: macbeth1867 collected ($0.14)
Seat 7: krakow20 (button) folded before Flop (didn't bet)
Seat 8: tutjak (small blind) folded before Flop
Seat 9: Deluxiest (big blind) folded before Flop



PokerStars Hand #233874121349:  Hold'em No Limit ($0.01/$0.02 USD) - 2022/02/07 15:37:41 PT [2022/02/07 18:37:41 ET]
Table 'Union III' 9-max Seat #8 is the button
Seat 1: Fandr ($0.72 in chips) 
Seat 2: Zuzu1717 ($3.66 in chips) 
Seat 3: Dorex2007 ($2 in chips) 
Seat 4: Arizona78939 ($1.43 in chips) 
Seat 5: Olariusiese ($2.04 in chips) 
Seat 6: macbeth1867 ($2.28 in chips) 
Seat 7: krakow20 ($1.96 in chips) 
Seat 8: tutjak ($3.85 in chips) 
Seat 9: Deluxiest ($1.02 in chips) 
Deluxiest: posts small blind $0.01
Fandr: posts big blind $0.02
*** HOLE CARDS ***
Dealt to Dorex2007 [4c Ts]
Zuzu1717: folds 
Dorex2007: folds 
Arizona78939: folds 
Olariusiese: folds 
macbeth1867: folds 
krakow20: folds 
tutjak: folds 
Deluxiest: calls $0.01
Fandr: checks 
*** FLOP *** [Js Qs Kh]
Deluxiest: checks 
Fandr: checks 
*** TURN *** [Js Qs Kh] [5c]
Deluxiest: bets $0.02
Fandr: folds 
Uncalled bet ($0.02) returned to Deluxiest
Deluxiest collected $0.04 from pot
Deluxiest: doesn't show hand 
*** SUMMARY ***
Total pot $0.04 | Rake $0 
Board [Js Qs Kh 5c]
Seat 1: Fandr (big blind) folded on the Turn
Seat 2: Zuzu1717 folded before Flop (didn't bet)
Seat 3: Dorex2007 folded before Flop (didn't bet)
Seat 4: Arizona78939 folded before Flop (didn't bet)
Seat 5: Olariusiese folded before Flop (didn't bet)
Seat 6: macbeth1867 folded before Flop (didn't bet)
Seat 7: krakow20 folded before Flop (didn't bet)
Seat 8: tutjak (button) folded before Flop (didn't bet)
Seat 9: Deluxiest (small blind) collected ($0.04)



PokerStars Hand #233874142313:  Hold'em No Limit ($0.01/$0.02 USD) - 2022/02/07 15:38:33 PT [2022/02/07 18:38:33 ET]
Table 'Union III' 9-max Seat #9 is the button
Seat 1: Fandr ($0.70 in chips) 
Seat 2: Zuzu1717 ($3.66 in chips) 
Seat 3: Dorex2007 ($2 in chips) 
Seat 4: Arizona78939 ($1.43 in chips) 
Seat 5: Olariusiese ($2.04 in chips) 
Seat 6: macbeth1867 ($2.28 in chips) 
Seat 7: krakow20 ($1.96 in chips) 
Seat 8: tutjak ($3.85 in chips) 
Seat 9: Deluxiest ($1.04 in chips) 
Fandr: posts small blind $0.01
Zuzu1717: posts big blind $0.02
*** HOLE CARDS ***
Dealt to Dorex2007 [5d Jd]
Dorex2007: folds 
Arizona78939: raises $0.06 to $0.08
Olariusiese: folds 
macbeth1867: folds 
krakow20: folds 
tutjak: folds 
Deluxiest: calls $0.08
Fandr: folds 
Zuzu1717: calls $0.06
*** FLOP *** [2d 9d 3d]
Zuzu1717: checks 
Arizona78939: bets $0.12
Deluxiest: folds 
Zuzu1717: raises $0.24 to $0.36
Arizona78939: folds 
Uncalled bet ($0.24) returned to Zuzu1717
Zuzu1717 collected $0.47 from pot
Zuzu1717: doesn't show hand 
*** SUMMARY ***
Total pot $0.49 | Rake $0.02 
Board [2d 9d 3d]
Seat 1: Fandr (small blind) folded before Flop
Seat 2: Zuzu1717 (big blind) collected ($0.47)
Seat 3: Dorex2007 folded before Flop (didn't bet)
Seat 4: Arizona78939 folded on the Flop
Seat 5: Olariusiese folded before Flop (didn't bet)
Seat 6: macbeth1867 folded before Flop (didn't bet)
Seat 7: krakow20 folded before Flop (didn't bet)
Seat 8: tutjak folded before Flop (didn't bet)
Seat 9: Deluxiest (button) folded on the Flop



PokerStars Hand #233874172459:  Hold'em No Limit ($0.01/$0.02 USD) - 2022/02/07 15:39:48 PT [2022/02/07 18:39:48 ET]
Table 'Union III' 9-max Seat #1 is the button
Seat 1: Fandr ($0.69 in chips) 
Seat 2: Zuzu1717 ($3.93 in chips) 
Seat 3: Dorex2007 ($2 in chips) 
Seat 4: Arizona78939 ($1.23 in chips) 
Seat 5: Olariusiese ($2.04 in chips) 
Seat 6: macbeth1867 ($2.28 in chips) 
Seat 7: krakow20 ($2 in chips) 
Seat 8: tutjak ($3.85 in chips) 
Seat 9: Deluxiest ($0.96 in chips) 
Zuzu1717: posts small blind $0.01
Dorex2007: posts big blind $0.02
*** HOLE CARDS ***
Dealt to Dorex2007 [Qd 8c]
Arizona78939: folds 
Olariusiese: folds 
macbeth1867: folds 
krakow20: folds 
tutjak: folds 
Deluxiest: folds 
Fandr: calls $0.02
Zuzu1717: folds 
Dorex2007: checks 
*** FLOP *** [8s 8d Qs]
Dorex2007: checks 
Fandr: checks 
*** TURN *** [8s 8d Qs] [6h]
Dorex2007: bets $0.05
Fandr: folds 
Uncalled bet ($0.05) returned to Dorex2007
Dorex2007 collected $0.05 from pot
Dorex2007: doesn't show hand 
*** SUMMARY ***
Total pot $0.05 | Rake $0 
Board [8s 8d Qs 6h]
Seat 1: Fandr (button) folded on the Turn
Seat 2: Zuzu1717 (small blind) folded before Flop
Seat 3: Dorex2007 (big blind) collected ($0.05)
Seat 4: Arizona78939 folded before Flop (didn't bet)
Seat 5: Olariusiese folded before Flop (didn't bet)
Seat 6: macbeth1867 folded before Flop (didn't bet)
Seat 7: krakow20 folded before Flop (didn't bet)
Seat 8: tutjak folded before Flop (didn't bet)
Seat 9: Deluxiest folded before Flop (didn't bet)



PokerStars Hand #233874187726:  Hold'em No Limit ($0.01/$0.02 USD) - 2022/02/07 15:40:27 PT [2022/02/07 18:40:27 ET]
Table 'Union III' 9-max Seat #2 is the button
Seat 1: Fandr ($0.67 in chips) 
Seat 2: Zuzu1717 ($3.92 in chips) 
Seat 3: Dorex2007 ($2.03 in chips) 
Seat 4: Arizona78939 ($1.23 in chips) 
Seat 5: Olariusiese ($2.04 in chips) 
Seat 6: macbeth1867 ($2.28 in chips) 
Seat 7: krakow20 ($2 in chips) 
Seat 8: tutjak ($3.85 in chips) 
Seat 9: Deluxiest ($0.96 in chips) 
Dorex2007: posts small blind $0.01
Arizona78939: posts big blind $0.02
*** HOLE CARDS ***
Dealt to Dorex2007 [3h 5d]
Olariusiese: folds 
macbeth1867: folds 
krakow20: folds 
tutjak: folds 
Deluxiest: folds 
krakow20 leaves the table
Fandr: calls $0.02
Zuzu1717: raises $0.04 to $0.06
Dorex2007: folds 
Arizona78939: folds 
Fandr: calls $0.04
*** FLOP *** [Kh 6c 7s]
Fandr: bets $0.08
Zuzu1717: calls $0.08
*** TURN *** [Kh 6c 7s] [9c]
Fandr: bets $0.10
Zuzu1717: calls $0.10
*** RIVER *** [Kh 6c 7s 9c] [6d]
Fandr: bets $0.20
Zuzu1717: folds 
Uncalled bet ($0.20) returned to Fandr
Fandr collected $0.49 from pot
*** SUMMARY ***
Total pot $0.51 | Rake $0.02 
Board [Kh 6c 7s 9c 6d]
Seat 1: Fandr collected ($0.49)
Seat 2: Zuzu1717 (button) folded on the River
Seat 3: Dorex2007 (small blind) folded before Flop
Seat 4: Arizona78939 (big blind) folded before Flop
Seat 5: Olariusiese folded before Flop (didn't bet)
Seat 6: macbeth1867 folded before Flop (didn't bet)
Seat 7: krakow20 folded before Flop (didn't bet)
Seat 8: tutjak folded before Flop (didn't bet)
Seat 9: Deluxiest folded before Flop (didn't bet)



PokerStars Hand #233874219958:  Hold'em No Limit ($0.01/$0.02 USD) - 2022/02/07 15:41:47 PT [2022/02/07 18:41:47 ET]
Table 'Union III' 9-max Seat #3 is the button
Seat 1: Fandr ($0.92 in chips) 
Seat 3: Dorex2007 ($2.02 in chips) 
Seat 4: Arizona78939 ($1.21 in chips) 
Seat 5: Olariusiese ($2.04 in chips) 
Seat 6: macbeth1867 ($2.28 in chips) 
Seat 8: tutjak ($3.85 in chips) 
Seat 9: Deluxiest ($0.96 in chips) 
Arizona78939: posts small blind $0.01
Olariusiese: posts big blind $0.02
*** HOLE CARDS ***
Dealt to Dorex2007 [9c 5d]
Zuzu1717 leaves the table
macbeth1867: raises $0.04 to $0.06
tutjak: folds 
Deluxiest: folds 
Fandr: calls $0.06
Dorex2007: folds 
Arizona78939: folds 
Olariusiese: folds 
*** FLOP *** [Qd Ts 9h]
macbeth1867: bets $0.07
Fandr: folds 
Uncalled bet ($0.07) returned to macbeth1867
macbeth1867 collected $0.14 from pot
macbeth1867: doesn't show hand 
*** SUMMARY ***
Total pot $0.15 | Rake $0.01 
Board [Qd Ts 9h]
Seat 1: Fandr folded on the Flop
Seat 3: Dorex2007 (button) folded before Flop (didn't bet)
Seat 4: Arizona78939 (small blind) folded before Flop
Seat 5: Olariusiese (big blind) folded before Flop
Seat 6: macbeth1867 collected ($0.14)
Seat 8: tutjak folded before Flop (didn't bet)
Seat 9: Deluxiest folded before Flop (didn't bet)



PokerStars Hand #233874233886:  Hold'em No Limit ($0.01/$0.02 USD) - 2022/02/07 15:42:22 PT [2022/02/07 18:42:22 ET]
Table 'Union III' 9-max Seat #4 is the button
Seat 1: Fandr ($0.86 in chips) 
Seat 3: Dorex2007 ($2.02 in chips) 
Seat 4: Arizona78939 ($1.20 in chips) 
Seat 5: Olariusiese ($2.02 in chips) 
Seat 8: tutjak ($3.85 in chips) 
Seat 9: Deluxiest ($0.96 in chips) 
Olariusiese: posts small blind $0.01
macbeth1867: is sitting out 
tutjak: posts big blind $0.02
*** HOLE CARDS ***
Dealt to Dorex2007 [8d Qc]
macbeth1867 leaves the table
Deluxiest: folds 
Fandr: folds 
Dorex2007: folds 
Arizona78939: raises $0.04 to $0.06
Olariusiese: folds 
tutjak: folds 
Uncalled bet ($0.04) returned to Arizona78939
Arizona78939 collected $0.05 from pot
Arizona78939: doesn't show hand 
*** SUMMARY ***
Total pot $0.05 | Rake $0 
Seat 1: Fandr folded before Flop (didn't bet)
Seat 3: Dorex2007 folded before Flop (didn't bet)
Seat 4: Arizona78939 (button) collected ($0.05)
Seat 5: Olariusiese (small blind) folded before Flop
Seat 8: tutjak (big blind) folded before Flop
Seat 9: Deluxiest folded before Flop (didn't bet)



