PokerStars Hand #237977551873:  Hold'em No Limit ($0.02/$0.05 USD) - 2022/08/13 21:00:27 PT [2022/08/14 0:00:27 ET]
Table 'Ariel III' 9-max Seat #3 is the button
Seat 1: geniuss ($7.11 in chips) 
Seat 2: OSO-456 ($4.37 in chips) 
Seat 3: only6-6lol ($4.16 in chips) 
Seat 4: In-Solem ($15.39 in chips) 
Seat 5: peakypotter ($5.11 in chips) 
Seat 6: Math Ladrao ($2.55 in chips) 
Seat 7: Dorex2007 ($5 in chips) 
Seat 9: alfcapone87 ($6.61 in chips) 
In-Solem: posts small blind $0.02
peakypotter: posts big blind $0.05
TheMugger170: sits out 
*** HOLE CARDS ***
Dealt to Dorex2007 [5h 8c]
Math Ladrao: folds 
Dorex2007 has timed out
Dorex2007: folds 
alfcapone87: folds 
geniuss: folds 
OSO-456: folds 
only6-6lol: raises $0.10 to $0.15
In-Solem: folds 
peakypotter: folds 
Uncalled bet ($0.10) returned to only6-6lol
only6-6lol collected $0.12 from pot
*** SUMMARY ***
Total pot $0.12 | Rake $0 
Seat 1: geniuss folded before Flop (didn't bet)
Seat 2: OSO-456 folded before Flop (didn't bet)
Seat 3: only6-6lol (button) collected ($0.12)
Seat 4: In-Solem (small blind) folded before Flop
Seat 5: peakypotter (big blind) folded before Flop
Seat 6: Math Ladrao folded before Flop (didn't bet)
Seat 7: Dorex2007 folded before Flop (didn't bet)
Seat 9: alfcapone87 folded before Flop (didn't bet)



PokerStars Hand #237977565717:  Hold'em No Limit ($0.02/$0.05 USD) - 2022/08/13 21:02:16 PT [2022/08/14 0:02:16 ET]
Table 'Ariel III' 9-max Seat #5 is the button
Seat 1: geniuss ($7.11 in chips) 
Seat 2: OSO-456 ($4.37 in chips) 
Seat 3: only6-6lol ($5.42 in chips) 
Seat 4: In-Solem ($15.37 in chips) 
Seat 5: peakypotter ($3.81 in chips) 
Seat 6: Math Ladrao ($2.50 in chips) 
Seat 7: Dorex2007 ($5 in chips) 
Seat 9: alfcapone87 ($6.61 in chips) 
Math Ladrao: posts small blind $0.02
Dorex2007: posts big blind $0.05
TheMugger170: sits out 
*** HOLE CARDS ***
Dealt to Dorex2007 [9h 7c]
alfcapone87: folds 
geniuss: folds 
OSO-456: folds 
only6-6lol: raises $0.05 to $0.10
In-Solem: folds 
peakypotter: folds 
Math Ladrao: folds 
Dorex2007: folds 
Uncalled bet ($0.05) returned to only6-6lol
only6-6lol collected $0.12 from pot
*** SUMMARY ***
Total pot $0.12 | Rake $0 
Seat 1: geniuss folded before Flop (didn't bet)
Seat 2: OSO-456 folded before Flop (didn't bet)
Seat 3: only6-6lol collected ($0.12)
Seat 4: In-Solem folded before Flop (didn't bet)
Seat 5: peakypotter (button) folded before Flop (didn't bet)
Seat 6: Math Ladrao (small blind) folded before Flop
Seat 7: Dorex2007 (big blind) folded before Flop
Seat 9: alfcapone87 folded before Flop (didn't bet)



PokerStars Hand #237977569106:  Hold'em No Limit ($0.02/$0.05 USD) - 2022/08/13 21:02:42 PT [2022/08/14 0:02:42 ET]
Table 'Ariel III' 9-max Seat #6 is the button
Seat 1: geniuss ($7.11 in chips) 
Seat 2: OSO-456 ($4.37 in chips) 
Seat 3: only6-6lol ($5.49 in chips) 
Seat 4: In-Solem ($15.37 in chips) 
Seat 5: peakypotter ($3.81 in chips) 
Seat 6: Math Ladrao ($2.48 in chips) 
Seat 7: Dorex2007 ($5 in chips) 
Seat 8: TheMugger170 ($5 in chips) 
Seat 9: alfcapone87 ($6.61 in chips) 
Dorex2007: posts small blind $0.02
TheMugger170: posts big blind $0.05
*** HOLE CARDS ***
Dealt to Dorex2007 [4s Qc]
alfcapone87: folds 
geniuss: folds 
OSO-456: folds 
only6-6lol: calls $0.05
In-Solem: calls $0.05
peakypotter: calls $0.05
Math Ladrao: calls $0.05
Dorex2007: folds 
TheMugger170: checks 
*** FLOP *** [Ts Ac 9d]
TheMugger170: checks 
only6-6lol: checks 
In-Solem: bets $0.13
peakypotter: calls $0.13
Math Ladrao: calls $0.13
TheMugger170: folds 
only6-6lol: calls $0.13
*** TURN *** [Ts Ac 9d] [5c]
only6-6lol: checks 
In-Solem: checks 
peakypotter: bets $0.76
Math Ladrao: folds 
only6-6lol: calls $0.76
In-Solem: folds 
*** RIVER *** [Ts Ac 9d 5c] [9c]
only6-6lol: checks 
peakypotter: checks 
*** SHOW DOWN ***
only6-6lol: shows [8d 7d] (a pair of Nines)
peakypotter: shows [Tc Jh] (two pair, Tens and Nines)
peakypotter collected $2.21 from pot
*** SUMMARY ***
Total pot $2.31 | Rake $0.10 
Board [Ts Ac 9d 5c 9c]
Seat 1: geniuss folded before Flop (didn't bet)
Seat 2: OSO-456 folded before Flop (didn't bet)
Seat 3: only6-6lol showed [8d 7d] and lost with a pair of Nines
Seat 4: In-Solem folded on the Turn
Seat 5: peakypotter showed [Tc Jh] and won ($2.21) with two pair, Tens and Nines
Seat 6: Math Ladrao (button) folded on the Turn
Seat 7: Dorex2007 (small blind) folded before Flop
Seat 8: TheMugger170 (big blind) folded on the Flop
Seat 9: alfcapone87 folded before Flop (didn't bet)



PokerStars Hand #237977581510:  Hold'em No Limit ($0.02/$0.05 USD) - 2022/08/13 21:04:17 PT [2022/08/14 0:04:17 ET]
Table 'Ariel III' 9-max Seat #7 is the button
Seat 1: geniuss ($7.11 in chips) 
Seat 2: OSO-456 ($4.37 in chips) 
Seat 3: only6-6lol ($4.55 in chips) 
Seat 4: In-Solem ($15.19 in chips) 
Seat 5: peakypotter ($5.08 in chips) 
Seat 6: Math Ladrao ($2.30 in chips) 
Seat 7: Dorex2007 ($5 in chips) 
Seat 8: TheMugger170 ($4.95 in chips) 
Seat 9: alfcapone87 ($6.61 in chips) 
TheMugger170: posts small blind $0.02
alfcapone87: posts big blind $0.05
*** HOLE CARDS ***
Dealt to Dorex2007 [Qh Jc]
geniuss: folds 
OSO-456: folds 
only6-6lol: raises $0.05 to $0.10
In-Solem: folds 
peakypotter: folds 
Math Ladrao: folds 
Dorex2007: folds 
TheMugger170: calls $0.08
alfcapone87: calls $0.05
*** FLOP *** [2h 5d 3d]
TheMugger170: checks 
alfcapone87: checks 
only6-6lol: checks 
*** TURN *** [2h 5d 3d] [7h]
TheMugger170: bets $0.10
alfcapone87: folds 
only6-6lol: calls $0.10
*** RIVER *** [2h 5d 3d 7h] [Jd]
TheMugger170: bets $0.40
only6-6lol: folds 
Uncalled bet ($0.40) returned to TheMugger170
TheMugger170 collected $0.48 from pot
TheMugger170: doesn't show hand 
*** SUMMARY ***
Total pot $0.50 | Rake $0.02 
Board [2h 5d 3d 7h Jd]
Seat 1: geniuss folded before Flop (didn't bet)
Seat 2: OSO-456 folded before Flop (didn't bet)
Seat 3: only6-6lol folded on the River
Seat 4: In-Solem folded before Flop (didn't bet)
Seat 5: peakypotter folded before Flop (didn't bet)
Seat 6: Math Ladrao folded before Flop (didn't bet)
Seat 7: Dorex2007 (button) folded before Flop (didn't bet)
Seat 8: TheMugger170 (small blind) collected ($0.48)
Seat 9: alfcapone87 (big blind) folded on the Turn



PokerStars Hand #237977591945:  Hold'em No Limit ($0.02/$0.05 USD) - 2022/08/13 21:05:37 PT [2022/08/14 0:05:37 ET]
Table 'Ariel III' 9-max Seat #8 is the button
Seat 1: geniuss ($7.11 in chips) 
Seat 2: OSO-456 ($4.37 in chips) 
Seat 3: only6-6lol ($4.35 in chips) 
Seat 4: In-Solem ($15.19 in chips) 
Seat 5: peakypotter ($5.08 in chips) 
Seat 6: Math Ladrao ($2.30 in chips) 
Seat 7: Dorex2007 ($5 in chips) 
Seat 8: TheMugger170 ($5.23 in chips) 
Seat 9: alfcapone87 ($6.51 in chips) 
alfcapone87: posts small blind $0.02
geniuss: posts big blind $0.05
*** HOLE CARDS ***
Dealt to Dorex2007 [Jh 3h]
OSO-456: folds 
only6-6lol: folds 
In-Solem: folds 
peakypotter: folds 
Math Ladrao: folds 
Dorex2007: folds 
TheMugger170: folds 
alfcapone87: raises $0.30 to $0.35
geniuss: calls $0.30
*** FLOP *** [Ac 3s 7h]
alfcapone87: bets $0.74
geniuss: folds 
Uncalled bet ($0.74) returned to alfcapone87
alfcapone87 collected $0.67 from pot
alfcapone87: doesn't show hand 
*** SUMMARY ***
Total pot $0.70 | Rake $0.03 
Board [Ac 3s 7h]
Seat 1: geniuss (big blind) folded on the Flop
Seat 2: OSO-456 folded before Flop (didn't bet)
Seat 3: only6-6lol folded before Flop (didn't bet)
Seat 4: In-Solem folded before Flop (didn't bet)
Seat 5: peakypotter folded before Flop (didn't bet)
Seat 6: Math Ladrao folded before Flop (didn't bet)
Seat 7: Dorex2007 folded before Flop (didn't bet)
Seat 8: TheMugger170 (button) folded before Flop (didn't bet)
Seat 9: alfcapone87 (small blind) collected ($0.67)



PokerStars Hand #237977596071:  Hold'em No Limit ($0.02/$0.05 USD) - 2022/08/13 21:06:09 PT [2022/08/14 0:06:09 ET]
Table 'Ariel III' 9-max Seat #9 is the button
Seat 1: geniuss ($6.76 in chips) 
Seat 2: OSO-456 ($4.37 in chips) 
Seat 3: only6-6lol ($4.35 in chips) 
Seat 4: In-Solem ($15.19 in chips) 
Seat 5: peakypotter ($5.08 in chips) 
Seat 6: Math Ladrao ($2.30 in chips) 
Seat 7: Dorex2007 ($5 in chips) 
Seat 8: TheMugger170 ($5.23 in chips) 
Seat 9: alfcapone87 ($6.83 in chips) 
geniuss: posts small blind $0.02
OSO-456: posts big blind $0.05
*** HOLE CARDS ***
Dealt to Dorex2007 [6c 9h]
only6-6lol: calls $0.05
In-Solem: folds 
peakypotter: calls $0.05
Math Ladrao: folds 
Dorex2007: folds 
TheMugger170: folds 
alfcapone87: folds 
geniuss: raises $0.20 to $0.25
OSO-456: folds 
only6-6lol: folds 
peakypotter: calls $0.20
*** FLOP *** [Tc 5h Kd]
geniuss: checks 
peakypotter: checks 
*** TURN *** [Tc 5h Kd] [2d]
geniuss: bets $0.43
peakypotter: folds 
Uncalled bet ($0.43) returned to geniuss
geniuss collected $0.58 from pot
*** SUMMARY ***
Total pot $0.60 | Rake $0.02 
Board [Tc 5h Kd 2d]
Seat 1: geniuss (small blind) collected ($0.58)
Seat 2: OSO-456 (big blind) folded before Flop
Seat 3: only6-6lol folded before Flop
Seat 4: In-Solem folded before Flop (didn't bet)
Seat 5: peakypotter folded on the Turn
Seat 6: Math Ladrao folded before Flop (didn't bet)
Seat 7: Dorex2007 folded before Flop (didn't bet)
Seat 8: TheMugger170 folded before Flop (didn't bet)
Seat 9: alfcapone87 (button) folded before Flop (didn't bet)



PokerStars Hand #237977602629:  Hold'em No Limit ($0.02/$0.05 USD) - 2022/08/13 21:07:01 PT [2022/08/14 0:07:01 ET]
Table 'Ariel III' 9-max Seat #1 is the button
Seat 1: geniuss ($7.09 in chips) 
Seat 2: OSO-456 ($4.32 in chips) 
Seat 3: only6-6lol ($4.30 in chips) 
Seat 4: In-Solem ($15.19 in chips) 
Seat 5: peakypotter ($4.83 in chips) 
Seat 6: Math Ladrao ($2.30 in chips) 
Seat 7: Dorex2007 ($5 in chips) 
Seat 8: TheMugger170 ($5.23 in chips) 
Seat 9: alfcapone87 ($6.83 in chips) 
OSO-456: posts small blind $0.02
only6-6lol: posts big blind $0.05
*** HOLE CARDS ***
Dealt to Dorex2007 [Jc Kh]
In-Solem: folds 
peakypotter: calls $0.05
Math Ladrao: folds 
Dorex2007: calls $0.05
TheMugger170: folds 
alfcapone87: folds 
geniuss: folds 
OSO-456: calls $0.03
only6-6lol: raises $0.05 to $0.10
peakypotter: calls $0.05
Dorex2007: folds 
OSO-456: calls $0.05
*** FLOP *** [9h 8c Qh]
OSO-456: checks 
only6-6lol: checks 
peakypotter: checks 
*** TURN *** [9h 8c Qh] [Td]
OSO-456: checks 
only6-6lol: checks 
peakypotter: bets $0.34
OSO-456: folds 
only6-6lol: folds 
Uncalled bet ($0.34) returned to peakypotter
peakypotter collected $0.34 from pot
peakypotter: doesn't show hand 
*** SUMMARY ***
Total pot $0.35 | Rake $0.01 
Board [9h 8c Qh Td]
Seat 1: geniuss (button) folded before Flop (didn't bet)
Seat 2: OSO-456 (small blind) folded on the Turn
Seat 3: only6-6lol (big blind) folded on the Turn
Seat 4: In-Solem folded before Flop (didn't bet)
Seat 5: peakypotter collected ($0.34)
Seat 6: Math Ladrao folded before Flop (didn't bet)
Seat 7: Dorex2007 folded before Flop
Seat 8: TheMugger170 folded before Flop (didn't bet)
Seat 9: alfcapone87 folded before Flop (didn't bet)



PokerStars Hand #237977612742:  Hold'em No Limit ($0.02/$0.05 USD) - 2022/08/13 21:08:19 PT [2022/08/14 0:08:19 ET]
Table 'Ariel III' 9-max Seat #2 is the button
Seat 1: geniuss ($7.09 in chips) 
Seat 2: OSO-456 ($4.22 in chips) 
Seat 3: only6-6lol ($4.20 in chips) 
Seat 4: In-Solem ($15.19 in chips) 
Seat 5: peakypotter ($5.07 in chips) 
Seat 6: Math Ladrao ($2.30 in chips) 
Seat 7: Dorex2007 ($5 in chips) 
Seat 8: TheMugger170 ($5.23 in chips) 
Seat 9: alfcapone87 ($6.83 in chips) 
only6-6lol: posts small blind $0.02
In-Solem: posts big blind $0.05
*** HOLE CARDS ***
Dealt to Dorex2007 [Tc Th]
peakypotter: calls $0.05
Math Ladrao: calls $0.05
Dorex2007: calls $0.05
TheMugger170: raises $0.30 to $0.35
alfcapone87: folds 
geniuss: folds 
OSO-456: folds 
only6-6lol: folds 
In-Solem: folds 
peakypotter: folds 
Math Ladrao: folds 
Dorex2007: calls $0.30
*** FLOP *** [Kc Js 7c]
Dorex2007: checks 
TheMugger170: checks 
*** TURN *** [Kc Js 7c] [4h]
Dorex2007: bets $0.41
TheMugger170: calls $0.41
*** RIVER *** [Kc Js 7c 4h] [Td]
Dorex2007: bets $1.62
TheMugger170: folds 
Uncalled bet ($1.62) returned to Dorex2007
Dorex2007 collected $1.62 from pot
Dorex2007: doesn't show hand 
*** SUMMARY ***
Total pot $1.69 | Rake $0.07 
Board [Kc Js 7c 4h Td]
Seat 1: geniuss folded before Flop (didn't bet)
Seat 2: OSO-456 (button) folded before Flop (didn't bet)
Seat 3: only6-6lol (small blind) folded before Flop
Seat 4: In-Solem (big blind) folded before Flop
Seat 5: peakypotter folded before Flop
Seat 6: Math Ladrao folded before Flop
Seat 7: Dorex2007 collected ($1.62)
Seat 8: TheMugger170 folded on the River
Seat 9: alfcapone87 folded before Flop (didn't bet)



PokerStars Hand #237977626072:  Hold'em No Limit ($0.02/$0.05 USD) - 2022/08/13 21:10:02 PT [2022/08/14 0:10:02 ET]
Table 'Ariel III' 9-max Seat #3 is the button
Seat 1: geniuss ($7.09 in chips) 
Seat 2: OSO-456 ($4.22 in chips) 
Seat 3: only6-6lol ($4.18 in chips) 
Seat 4: In-Solem ($15.14 in chips) 
Seat 5: peakypotter ($5.02 in chips) 
Seat 6: Math Ladrao ($2.25 in chips) 
Seat 7: Dorex2007 ($5.86 in chips) 
Seat 8: TheMugger170 ($4.47 in chips) 
Seat 9: alfcapone87 ($6.83 in chips) 
In-Solem: posts small blind $0.02
peakypotter: posts big blind $0.05
*** HOLE CARDS ***
Dealt to Dorex2007 [8h 7d]
Math Ladrao: folds 
Dorex2007: folds 
TheMugger170: calls $0.05
alfcapone87: folds 
geniuss has timed out
geniuss: folds 
OSO-456: folds 
only6-6lol: calls $0.05
In-Solem: folds 
peakypotter: checks 
*** FLOP *** [3s 3d Kc]
peakypotter: bets $0.16
TheMugger170: calls $0.16
only6-6lol: calls $0.16
*** TURN *** [3s 3d Kc] [3c]
peakypotter: checks 
TheMugger170: bets $0.30
only6-6lol: folds 
peakypotter: calls $0.30
*** RIVER *** [3s 3d Kc 3c] [8c]
peakypotter: checks 
TheMugger170: checks 
*** SHOW DOWN ***
peakypotter: shows [Kh 5s] (a full house, Threes full of Kings)
TheMugger170: mucks hand 
peakypotter collected $1.20 from pot
*** SUMMARY ***
Total pot $1.25 | Rake $0.05 
Board [3s 3d Kc 3c 8c]
Seat 1: geniuss folded before Flop (didn't bet)
Seat 2: OSO-456 folded before Flop (didn't bet)
Seat 3: only6-6lol (button) folded on the Turn
Seat 4: In-Solem (small blind) folded before Flop
Seat 5: peakypotter (big blind) showed [Kh 5s] and won ($1.20) with a full house, Threes full of Kings
Seat 6: Math Ladrao folded before Flop (didn't bet)
Seat 7: Dorex2007 folded before Flop (didn't bet)
Seat 8: TheMugger170 mucked [2s 2h]
Seat 9: alfcapone87 folded before Flop (didn't bet)



PokerStars Hand #237977641184:  Hold'em No Limit ($0.02/$0.05 USD) - 2022/08/13 21:12:01 PT [2022/08/14 0:12:01 ET]
Table 'Ariel III' 9-max Seat #4 is the button
Seat 2: OSO-456 ($4.22 in chips) 
Seat 3: only6-6lol ($4.79 in chips) 
Seat 4: In-Solem ($15.12 in chips) 
Seat 5: peakypotter ($5.71 in chips) 
Seat 6: Math Ladrao ($2.25 in chips) 
Seat 7: Dorex2007 ($5.86 in chips) 
Seat 8: TheMugger170 ($3.96 in chips) 
Seat 9: alfcapone87 ($6.83 in chips) 
peakypotter: posts small blind $0.02
Math Ladrao: posts big blind $0.05
*** HOLE CARDS ***
Dealt to Dorex2007 [3c 6c]
Dorex2007: folds 
TheMugger170: folds 
alfcapone87: folds 
OSO-456: raises $0.10 to $0.15
only6-6lol: calls $0.15
In-Solem: folds 
peakypotter: calls $0.13
Math Ladrao: folds 
*** FLOP *** [Qc Kh 6h]
peakypotter: checks 
OSO-456: checks 
only6-6lol: checks 
*** TURN *** [Qc Kh 6h] [Ks]
geniuss leaves the table
peakypotter: bets $0.48
OSO-456: calls $0.48
only6-6lol: folds 
*** RIVER *** [Qc Kh 6h Ks] [Jd]
peakypotter: checks 
OSO-456: checks 
*** SHOW DOWN ***
peakypotter: shows [Qd As] (two pair, Kings and Queens)
OSO-456: mucks hand 
peakypotter collected $1.40 from pot
*** SUMMARY ***
Total pot $1.46 | Rake $0.06 
Board [Qc Kh 6h Ks Jd]
Seat 2: OSO-456 mucked [Th Jh]
Seat 3: only6-6lol folded on the Turn
Seat 4: In-Solem (button) folded before Flop (didn't bet)
Seat 5: peakypotter (small blind) showed [Qd As] and won ($1.40) with two pair, Kings and Queens
Seat 6: Math Ladrao (big blind) folded before Flop
Seat 7: Dorex2007 folded before Flop (didn't bet)
Seat 8: TheMugger170 folded before Flop (didn't bet)
Seat 9: alfcapone87 folded before Flop (didn't bet)



PokerStars Hand #237977665725:  Hold'em No Limit ($0.02/$0.05 USD) - 2022/08/13 21:13:33 PT [2022/08/14 0:13:33 ET]
Table 'Ariel III' 9-max Seat #5 is the button
Seat 2: OSO-456 ($3.59 in chips) 
Seat 3: only6-6lol ($4.64 in chips) 
Seat 4: In-Solem ($15.12 in chips) 
Seat 5: peakypotter ($6.48 in chips) 
Seat 6: Math Ladrao ($2.20 in chips) 
Seat 7: Dorex2007 ($5.86 in chips) 
Seat 8: TheMugger170 ($3.96 in chips) 
Seat 9: alfcapone87 ($6.83 in chips) 
Math Ladrao: posts small blind $0.02
Dorex2007: posts big blind $0.05
*** HOLE CARDS ***
Dealt to Dorex2007 [6h Jc]
Templar85 joins the table at seat #1 
TheMugger170: folds 
alfcapone87: folds 
OSO-456: folds 
only6-6lol: raises $0.05 to $0.10
In-Solem: folds 
peakypotter: calls $0.10
Math Ladrao: calls $0.08
Dorex2007: folds 
*** FLOP *** [4h 5h 7c]
Math Ladrao: bets $0.34
only6-6lol: calls $0.34
peakypotter: folds 
*** TURN *** [4h 5h 7c] [Tc]
Math Ladrao: bets $0.49
only6-6lol: calls $0.49
*** RIVER *** [4h 5h 7c Tc] [Kc]
Math Ladrao: bets $0.30
only6-6lol: raises $3.41 to $3.71 and is all-in
Math Ladrao: calls $0.97 and is all-in
Uncalled bet ($2.44) returned to only6-6lol
*** SHOW DOWN ***
only6-6lol: shows [6c Kh] (a pair of Kings)
Math Ladrao: shows [7s 4s] (two pair, Sevens and Fours)
Math Ladrao collected $4.36 from pot
*** SUMMARY ***
Total pot $4.55 | Rake $0.19 
Board [4h 5h 7c Tc Kc]
Seat 2: OSO-456 folded before Flop (didn't bet)
Seat 3: only6-6lol showed [6c Kh] and lost with a pair of Kings
Seat 4: In-Solem folded before Flop (didn't bet)
Seat 5: peakypotter (button) folded on the Flop
Seat 6: Math Ladrao (small blind) showed [7s 4s] and won ($4.36) with two pair, Sevens and Fours
Seat 7: Dorex2007 (big blind) folded before Flop
Seat 8: TheMugger170 folded before Flop (didn't bet)
Seat 9: alfcapone87 folded before Flop (didn't bet)



PokerStars Hand #237977676818:  Hold'em No Limit ($0.02/$0.05 USD) - 2022/08/13 21:15:00 PT [2022/08/14 0:15:00 ET]
Table 'Ariel III' 9-max Seat #6 is the button
Seat 2: OSO-456 ($3.59 in chips) 
Seat 3: only6-6lol ($2.44 in chips) 
Seat 4: In-Solem ($15.12 in chips) 
Seat 5: peakypotter ($6.38 in chips) 
Seat 6: Math Ladrao ($4.36 in chips) 
Seat 7: Dorex2007 ($5.81 in chips) 
Seat 8: TheMugger170 ($3.96 in chips) 
Seat 9: alfcapone87 ($6.83 in chips) 
Dorex2007: posts small blind $0.02
TheMugger170: posts big blind $0.05
*** HOLE CARDS ***
Dealt to Dorex2007 [2c 7s]
alfcapone87: folds 
OSO-456: folds 
only6-6lol: raises $0.12 to $0.17
In-Solem: raises $0.41 to $0.58
peakypotter: calls $0.58
Math Ladrao has timed out
Math Ladrao: folds 
Dorex2007: folds 
TheMugger170: calls $0.53
only6-6lol: calls $0.41
*** FLOP *** [As Jc 7c]
TheMugger170: checks 
only6-6lol: checks 
In-Solem: checks 
peakypotter: bets $1.12
TheMugger170: folds 
only6-6lol: folds 
In-Solem: folds 
Uncalled bet ($1.12) returned to peakypotter
peakypotter collected $2.24 from pot
peakypotter: doesn't show hand 
*** SUMMARY ***
Total pot $2.34 | Rake $0.10 
Board [As Jc 7c]
Seat 2: OSO-456 folded before Flop (didn't bet)
Seat 3: only6-6lol folded on the Flop
Seat 4: In-Solem folded on the Flop
Seat 5: peakypotter collected ($2.24)
Seat 6: Math Ladrao (button) folded before Flop (didn't bet)
Seat 7: Dorex2007 (small blind) folded before Flop
Seat 8: TheMugger170 (big blind) folded on the Flop
Seat 9: alfcapone87 folded before Flop (didn't bet)



PokerStars Hand #237977686701:  Hold'em No Limit ($0.02/$0.05 USD) - 2022/08/13 21:16:17 PT [2022/08/14 0:16:17 ET]
Table 'Ariel III' 9-max Seat #7 is the button
Seat 2: OSO-456 ($3.59 in chips) 
Seat 3: only6-6lol ($1.86 in chips) 
Seat 4: In-Solem ($14.54 in chips) 
Seat 5: peakypotter ($8.04 in chips) 
Seat 6: Math Ladrao ($4.36 in chips) 
Seat 7: Dorex2007 ($5.79 in chips) 
Seat 8: TheMugger170 ($3.38 in chips) 
Seat 9: alfcapone87 ($6.83 in chips) 
TheMugger170: posts small blind $0.02
alfcapone87: posts big blind $0.05
Templar85: sits out 
*** HOLE CARDS ***
Dealt to Dorex2007 [Jh Ac]
OSO-456: folds 
only6-6lol: raises $0.05 to $0.10
In-Solem: folds 
peakypotter: calls $0.10
Math Ladrao: calls $0.10
Dorex2007: calls $0.10
TheMugger170: raises $1.10 to $1.20
alfcapone87: folds 
only6-6lol: folds 
peakypotter: folds 
Math Ladrao: folds 
Dorex2007: folds 
Uncalled bet ($1.10) returned to TheMugger170
TheMugger170 collected $0.55 from pot
TheMugger170: doesn't show hand 
*** SUMMARY ***
Total pot $0.55 | Rake $0 
Seat 2: OSO-456 folded before Flop (didn't bet)
Seat 3: only6-6lol folded before Flop
Seat 4: In-Solem folded before Flop (didn't bet)
Seat 5: peakypotter folded before Flop
Seat 6: Math Ladrao folded before Flop
Seat 7: Dorex2007 (button) folded before Flop
Seat 8: TheMugger170 (small blind) collected ($0.55)
Seat 9: alfcapone87 (big blind) folded before Flop



PokerStars Hand #237977693038:  Hold'em No Limit ($0.02/$0.05 USD) - 2022/08/13 21:17:06 PT [2022/08/14 0:17:06 ET]
Table 'Ariel III' 9-max Seat #8 is the button
Seat 1: Templar85 ($5 in chips) 
Seat 2: OSO-456 ($3.59 in chips) 
Seat 3: only6-6lol ($1.76 in chips) 
Seat 4: In-Solem ($14.54 in chips) 
Seat 5: peakypotter ($7.94 in chips) 
Seat 6: Math Ladrao ($4.26 in chips) 
Seat 7: Dorex2007 ($5.69 in chips) 
Seat 8: TheMugger170 ($3.83 in chips) 
Seat 9: alfcapone87 ($6.78 in chips) 
alfcapone87: posts small blind $0.02
Templar85: posts big blind $0.05
*** HOLE CARDS ***
Dealt to Dorex2007 [8s 5s]
OSO-456: folds 
only6-6lol: calls $0.05
In-Solem: folds 
peakypotter: calls $0.05
Math Ladrao: folds 
Dorex2007: folds 
TheMugger170: folds 
alfcapone87: calls $0.03
Templar85: checks 
*** FLOP *** [9s As 3h]
alfcapone87: checks 
Templar85: checks 
only6-6lol: checks 
peakypotter: bets $0.50
alfcapone87: folds 
Templar85: folds 
only6-6lol: folds 
Uncalled bet ($0.50) returned to peakypotter
peakypotter collected $0.19 from pot
peakypotter: doesn't show hand 
*** SUMMARY ***
Total pot $0.20 | Rake $0.01 
Board [9s As 3h]
Seat 1: Templar85 (big blind) folded on the Flop
Seat 2: OSO-456 folded before Flop (didn't bet)
Seat 3: only6-6lol folded on the Flop
Seat 4: In-Solem folded before Flop (didn't bet)
Seat 5: peakypotter collected ($0.19)
Seat 6: Math Ladrao folded before Flop (didn't bet)
Seat 7: Dorex2007 folded before Flop (didn't bet)
Seat 8: TheMugger170 (button) folded before Flop (didn't bet)
Seat 9: alfcapone87 (small blind) folded on the Flop



PokerStars Hand #237977700845:  Hold'em No Limit ($0.02/$0.05 USD) - 2022/08/13 21:18:05 PT [2022/08/14 0:18:05 ET]
Table 'Ariel III' 9-max Seat #9 is the button
Seat 1: Templar85 ($5 in chips) 
Seat 2: OSO-456 ($3.59 in chips) 
Seat 3: only6-6lol ($1.71 in chips) 
Seat 4: In-Solem ($14.54 in chips) 
Seat 5: peakypotter ($8.08 in chips) 
Seat 6: Math Ladrao ($4.26 in chips) 
Seat 7: Dorex2007 ($5.69 in chips) 
Seat 8: TheMugger170 ($3.83 in chips) 
Seat 9: alfcapone87 ($6.73 in chips) 
Templar85: posts small blind $0.02
OSO-456: posts big blind $0.05
*** HOLE CARDS ***
Dealt to Dorex2007 [5h 2d]
only6-6lol: raises $1.66 to $1.71 and is all-in
In-Solem: raises $12.83 to $14.54 and is all-in
peakypotter: folds 
Math Ladrao: folds 
Dorex2007: folds 
TheMugger170: folds 
alfcapone87: folds 
Templar85: folds 
OSO-456: folds 
Uncalled bet ($12.83) returned to In-Solem
*** FLOP *** [2h 7s 8d]
*** TURN *** [2h 7s 8d] [2s]
*** RIVER *** [2h 7s 8d 2s] [8c]
*** SHOW DOWN ***
only6-6lol: shows [Jd Qd] (two pair, Eights and Deuces)
In-Solem: shows [Kd Kc] (two pair, Kings and Eights)
In-Solem cashed out the hand for $2.74 | Cash Out Fee $0.03
*** SUMMARY ***
Total pot $3.49 | Rake $0.14 
Board [2h 7s 8d 2s 8c]
Seat 1: Templar85 (small blind) folded before Flop
Seat 2: OSO-456 (big blind) folded before Flop
Seat 3: only6-6lol showed [Jd Qd] and lost with two pair, Eights and Deuces
Seat 4: In-Solem showed [Kd Kc] and won ($3.35) with two pair, Kings and Eights (pot not awarded as player cashed out)
Seat 5: peakypotter folded before Flop (didn't bet)
Seat 6: Math Ladrao folded before Flop (didn't bet)
Seat 7: Dorex2007 folded before Flop (didn't bet)
Seat 8: TheMugger170 folded before Flop (didn't bet)
Seat 9: alfcapone87 (button) folded before Flop (didn't bet)



PokerStars Hand #237977705257:  Hold'em No Limit ($0.02/$0.05 USD) - 2022/08/13 21:18:40 PT [2022/08/14 0:18:40 ET]
Table 'Ariel III' 9-max Seat #1 is the button
Seat 1: Templar85 ($5 in chips) 
Seat 2: OSO-456 ($3.54 in chips) 
Seat 4: In-Solem ($15.57 in chips) 
Seat 5: peakypotter ($8.08 in chips) 
Seat 6: Math Ladrao ($4.26 in chips) 
Seat 7: Dorex2007 ($5.69 in chips) 
Seat 8: TheMugger170 ($3.83 in chips) 
Seat 9: alfcapone87 ($6.73 in chips) 
OSO-456: posts small blind $0.02
In-Solem: posts big blind $0.05
*** HOLE CARDS ***
Dealt to Dorex2007 [4c 4h]
peakypotter: folds 
Math Ladrao: folds 
Dorex2007: calls $0.05
TheMugger170: raises $0.10 to $0.15
alfcapone87: folds 
Templar85: folds 
OSO-456: folds 
In-Solem: folds 
Dorex2007: calls $0.10
*** FLOP *** [6h Jd As]
Dorex2007: checks 
TheMugger170: bets $0.15
Dorex2007: folds 
Uncalled bet ($0.15) returned to TheMugger170
TheMugger170 collected $0.35 from pot
TheMugger170: doesn't show hand 
*** SUMMARY ***
Total pot $0.37 | Rake $0.02 
Board [6h Jd As]
Seat 1: Templar85 (button) folded before Flop (didn't bet)
Seat 2: OSO-456 (small blind) folded before Flop
Seat 4: In-Solem (big blind) folded before Flop
Seat 5: peakypotter folded before Flop (didn't bet)
Seat 6: Math Ladrao folded before Flop (didn't bet)
Seat 7: Dorex2007 folded on the Flop
Seat 8: TheMugger170 collected ($0.35)
Seat 9: alfcapone87 folded before Flop (didn't bet)



PokerStars Hand #237977714432:  Hold'em No Limit ($0.02/$0.05 USD) - 2022/08/13 21:19:19 PT [2022/08/14 0:19:19 ET]
Table 'Ariel III' 9-max Seat #2 is the button
Seat 1: Templar85 ($5 in chips) 
Seat 2: OSO-456 ($3.52 in chips) 
Seat 4: In-Solem ($15.52 in chips) 
Seat 5: peakypotter ($8.08 in chips) 
Seat 6: Math Ladrao ($4.26 in chips) 
Seat 7: Dorex2007 ($5.54 in chips) 
Seat 8: TheMugger170 ($4.03 in chips) 
Seat 9: alfcapone87 ($6.73 in chips) 
In-Solem: posts small blind $0.02
peakypotter: posts big blind $0.05
*** HOLE CARDS ***
Dealt to Dorex2007 [9c 5c]
Math Ladrao: calls $0.05
Dorex2007: folds 
TheMugger170: folds 
alfcapone87: folds 
Templar85: folds 
OSO-456: raises $0.19 to $0.24
In-Solem: folds 
peakypotter: folds 
Math Ladrao: folds 
Uncalled bet ($0.19) returned to OSO-456
OSO-456 collected $0.17 from pot
OSO-456: doesn't show hand 
*** SUMMARY ***
Total pot $0.17 | Rake $0 
Seat 1: Templar85 folded before Flop (didn't bet)
Seat 2: OSO-456 (button) collected ($0.17)
Seat 4: In-Solem (small blind) folded before Flop
Seat 5: peakypotter (big blind) folded before Flop
Seat 6: Math Ladrao folded before Flop
Seat 7: Dorex2007 folded before Flop (didn't bet)
Seat 8: TheMugger170 folded before Flop (didn't bet)
Seat 9: alfcapone87 folded before Flop (didn't bet)



PokerStars Hand #237977719755:  Hold'em No Limit ($0.02/$0.05 USD) - 2022/08/13 21:20:01 PT [2022/08/14 0:20:01 ET]
Table 'Ariel III' 9-max Seat #4 is the button
Seat 1: Templar85 ($5 in chips) 
Seat 2: OSO-456 ($3.64 in chips) 
Seat 3: only6-6lol ($5 in chips) 
Seat 4: In-Solem ($15.50 in chips) 
Seat 5: peakypotter ($8.03 in chips) 
Seat 6: Math Ladrao ($4.21 in chips) 
Seat 7: Dorex2007 ($5.54 in chips) 
Seat 8: TheMugger170 ($4.03 in chips) 
Seat 9: alfcapone87 ($6.73 in chips) 
peakypotter: posts small blind $0.02
Math Ladrao: posts big blind $0.05
only6-6lol: posts small & big blinds $0.07
*** HOLE CARDS ***
Dealt to Dorex2007 [2d 6c]
Dorex2007: folds 
TheMugger170: folds 
alfcapone87: folds 
Templar85: folds 
OSO-456: folds 
only6-6lol: raises $0.05 to $0.10
In-Solem: calls $0.10
peakypotter: calls $0.08
Math Ladrao: folds 
*** FLOP *** [Qh 4d 6h]
peakypotter: bets $0.50
only6-6lol: folds 
In-Solem: folds 
Uncalled bet ($0.50) returned to peakypotter
peakypotter collected $0.35 from pot
peakypotter: doesn't show hand 
*** SUMMARY ***
Total pot $0.37 | Rake $0.02 
Board [Qh 4d 6h]
Seat 1: Templar85 folded before Flop (didn't bet)
Seat 2: OSO-456 folded before Flop (didn't bet)
Seat 3: only6-6lol folded on the Flop
Seat 4: In-Solem (button) folded on the Flop
Seat 5: peakypotter (small blind) collected ($0.35)
Seat 6: Math Ladrao (big blind) folded before Flop
Seat 7: Dorex2007 folded before Flop (didn't bet)
Seat 8: TheMugger170 folded before Flop (didn't bet)
Seat 9: alfcapone87 folded before Flop (didn't bet)



PokerStars Hand #237977725923:  Hold'em No Limit ($0.02/$0.05 USD) - 2022/08/13 21:20:49 PT [2022/08/14 0:20:49 ET]
Table 'Ariel III' 9-max Seat #5 is the button
Seat 1: Templar85 ($5 in chips) 
Seat 2: OSO-456 ($3.64 in chips) 
Seat 3: only6-6lol ($4.88 in chips) 
Seat 4: In-Solem ($15.40 in chips) 
Seat 5: peakypotter ($8.28 in chips) 
Seat 6: Math Ladrao ($4.16 in chips) 
Seat 7: Dorex2007 ($5.54 in chips) 
Seat 8: TheMugger170 ($4.03 in chips) 
Seat 9: alfcapone87 ($6.73 in chips) 
Math Ladrao: posts small blind $0.02
Dorex2007: posts big blind $0.05
*** HOLE CARDS ***
Dealt to Dorex2007 [3h 5d]
TheMugger170: raises $0.10 to $0.15
alfcapone87: folds 
Templar85: folds 
OSO-456: folds 
only6-6lol: calls $0.15
In-Solem: calls $0.15
peakypotter: calls $0.15
Math Ladrao: calls $0.13
Dorex2007: folds 
*** FLOP *** [Kd Kc Jh]
Math Ladrao: checks 
TheMugger170: checks 
only6-6lol: checks 
In-Solem: checks 
peakypotter: checks 
*** TURN *** [Kd Kc Jh] [Kh]
Math Ladrao: checks 
TheMugger170: checks 
only6-6lol: checks 
In-Solem: checks 
peakypotter: bets $0.05
Math Ladrao: calls $0.05
TheMugger170: folds 
only6-6lol: calls $0.05
In-Solem: calls $0.05
*** RIVER *** [Kd Kc Jh Kh] [Tc]
Math Ladrao: checks 
only6-6lol: checks 
In-Solem: checks 
peakypotter: bets $0.05
Math Ladrao: folds 
only6-6lol: calls $0.05
In-Solem: calls $0.05
*** SHOW DOWN ***
peakypotter: shows [6d 9d] (three of a kind, Kings)
only6-6lol: shows [4s Ad] (three of a kind, Kings - Ace kicker)
In-Solem: shows [8c 8s] (a full house, Kings full of Eights)
In-Solem collected $1.10 from pot
*** SUMMARY ***
Total pot $1.15 | Rake $0.05 
Board [Kd Kc Jh Kh Tc]
Seat 1: Templar85 folded before Flop (didn't bet)
Seat 2: OSO-456 folded before Flop (didn't bet)
Seat 3: only6-6lol showed [4s Ad] and lost with three of a kind, Kings
Seat 4: In-Solem showed [8c 8s] and won ($1.10) with a full house, Kings full of Eights
Seat 5: peakypotter (button) showed [6d 9d] and lost with three of a kind, Kings
Seat 6: Math Ladrao (small blind) folded on the River
Seat 7: Dorex2007 (big blind) folded before Flop
Seat 8: TheMugger170 folded on the Turn
Seat 9: alfcapone87 folded before Flop (didn't bet)



PokerStars Hand #237977741777:  Hold'em No Limit ($0.02/$0.05 USD) - 2022/08/13 21:22:54 PT [2022/08/14 0:22:54 ET]
Table 'Ariel III' 9-max Seat #6 is the button
Seat 1: Templar85 ($5 in chips) 
Seat 2: OSO-456 ($3.64 in chips) 
Seat 3: only6-6lol ($4.63 in chips) 
Seat 4: In-Solem ($16.25 in chips) 
Seat 5: peakypotter ($8.03 in chips) 
Seat 6: Math Ladrao ($3.96 in chips) 
Seat 7: Dorex2007 ($5.49 in chips) 
Seat 8: TheMugger170 ($3.88 in chips) 
Seat 9: alfcapone87 ($6.73 in chips) 
Dorex2007: posts small blind $0.02
TheMugger170: posts big blind $0.05
*** HOLE CARDS ***
Dealt to Dorex2007 [7h 5s]
alfcapone87: folds 
Templar85: folds 
OSO-456: folds 
only6-6lol: calls $0.05
In-Solem: calls $0.05
peakypotter: calls $0.05
Math Ladrao: folds 
Dorex2007: folds 
TheMugger170: raises $0.15 to $0.20
only6-6lol: folds 
In-Solem: calls $0.15
peakypotter: calls $0.15
*** FLOP *** [9d Qs Qc]
TheMugger170: bets $0.26
In-Solem: folds 
peakypotter: folds 
Uncalled bet ($0.26) returned to TheMugger170
TheMugger170 collected $0.64 from pot
TheMugger170: doesn't show hand 
*** SUMMARY ***
Total pot $0.67 | Rake $0.03 
Board [9d Qs Qc]
Seat 1: Templar85 folded before Flop (didn't bet)
Seat 2: OSO-456 folded before Flop (didn't bet)
Seat 3: only6-6lol folded before Flop
Seat 4: In-Solem folded on the Flop
Seat 5: peakypotter folded on the Flop
Seat 6: Math Ladrao (button) folded before Flop (didn't bet)
Seat 7: Dorex2007 (small blind) folded before Flop
Seat 8: TheMugger170 (big blind) collected ($0.64)
Seat 9: alfcapone87 folded before Flop (didn't bet)



PokerStars Hand #237977749825:  Hold'em No Limit ($0.02/$0.05 USD) - 2022/08/13 21:23:57 PT [2022/08/14 0:23:57 ET]
Table 'Ariel III' 9-max Seat #7 is the button
Seat 1: Templar85 ($5 in chips) 
Seat 2: OSO-456 ($3.64 in chips) 
Seat 3: only6-6lol ($4.58 in chips) 
Seat 4: In-Solem ($16.05 in chips) 
Seat 5: peakypotter ($7.83 in chips) 
Seat 6: Math Ladrao ($3.96 in chips) 
Seat 7: Dorex2007 ($5.47 in chips) 
Seat 8: TheMugger170 ($4.32 in chips) 
Seat 9: alfcapone87 ($6.73 in chips) 
TheMugger170: posts small blind $0.02
alfcapone87: posts big blind $0.05
*** HOLE CARDS ***
Dealt to Dorex2007 [Ks 8d]
Templar85: folds 
OSO-456: folds 
only6-6lol: calls $0.05
In-Solem: folds 
peakypotter: folds 
Math Ladrao: folds 
Dorex2007: folds 
TheMugger170: calls $0.03
alfcapone87: raises $0.35 to $0.40
only6-6lol: folds 
TheMugger170: calls $0.35
*** FLOP *** [Ts Jh 3c]
TheMugger170: checks 
alfcapone87: checks 
*** TURN *** [Ts Jh 3c] [5d]
TheMugger170: bets $0.39
alfcapone87: calls $0.39
*** RIVER *** [Ts Jh 3c 5d] [4c]
TheMugger170: bets $1.10
alfcapone87: folds 
Uncalled bet ($1.10) returned to TheMugger170
TheMugger170 collected $1.56 from pot
TheMugger170: doesn't show hand 
*** SUMMARY ***
Total pot $1.63 | Rake $0.07 
Board [Ts Jh 3c 5d 4c]
Seat 1: Templar85 folded before Flop (didn't bet)
Seat 2: OSO-456 folded before Flop (didn't bet)
Seat 3: only6-6lol folded before Flop
Seat 4: In-Solem folded before Flop (didn't bet)
Seat 5: peakypotter folded before Flop (didn't bet)
Seat 6: Math Ladrao folded before Flop (didn't bet)
Seat 7: Dorex2007 (button) folded before Flop (didn't bet)
Seat 8: TheMugger170 (small blind) collected ($1.56)
Seat 9: alfcapone87 (big blind) folded on the River



PokerStars Hand #237977760198:  Hold'em No Limit ($0.02/$0.05 USD) - 2022/08/13 21:25:20 PT [2022/08/14 0:25:20 ET]
Table 'Ariel III' 9-max Seat #8 is the button
Seat 1: Templar85 ($5 in chips) 
Seat 2: OSO-456 ($3.64 in chips) 
Seat 3: only6-6lol ($4.53 in chips) 
Seat 4: In-Solem ($16.05 in chips) 
Seat 5: peakypotter ($7.83 in chips) 
Seat 6: Math Ladrao ($3.96 in chips) 
Seat 7: Dorex2007 ($5.47 in chips) 
Seat 8: TheMugger170 ($5.09 in chips) 
Seat 9: alfcapone87 ($5.94 in chips) 
alfcapone87: posts small blind $0.02
Templar85: posts big blind $0.05
*** HOLE CARDS ***
Dealt to Dorex2007 [Th 5s]
OSO-456: folds 
only6-6lol: raises $0.05 to $0.10
In-Solem: calls $0.10
peakypotter: calls $0.10
Math Ladrao: calls $0.10
Dorex2007: folds 
TheMugger170: folds 
alfcapone87: calls $0.08
Templar85: folds 
*** FLOP *** [5d Ks 3c]
alfcapone87: checks 
only6-6lol: checks 
In-Solem: bets $0.15
peakypotter: calls $0.15
Math Ladrao: folds 
alfcapone87: folds 
only6-6lol: folds 
*** TURN *** [5d Ks 3c] [6h]
In-Solem: bets $0.41
peakypotter: folds 
Uncalled bet ($0.41) returned to In-Solem
In-Solem collected $0.81 from pot
*** SUMMARY ***
Total pot $0.85 | Rake $0.04 
Board [5d Ks 3c 6h]
Seat 1: Templar85 (big blind) folded before Flop
Seat 2: OSO-456 folded before Flop (didn't bet)
Seat 3: only6-6lol folded on the Flop
Seat 4: In-Solem collected ($0.81)
Seat 5: peakypotter folded on the Turn
Seat 6: Math Ladrao folded on the Flop
Seat 7: Dorex2007 folded before Flop (didn't bet)
Seat 8: TheMugger170 (button) folded before Flop (didn't bet)
Seat 9: alfcapone87 (small blind) folded on the Flop



PokerStars Hand #237977766335:  Hold'em No Limit ($0.02/$0.05 USD) - 2022/08/13 21:26:09 PT [2022/08/14 0:26:09 ET]
Table 'Ariel III' 9-max Seat #9 is the button
Seat 1: Templar85 ($5 in chips) 
Seat 2: OSO-456 ($3.64 in chips) 
Seat 3: only6-6lol ($4.43 in chips) 
Seat 4: In-Solem ($16.61 in chips) 
Seat 5: peakypotter ($7.58 in chips) 
Seat 6: Math Ladrao ($3.86 in chips) 
Seat 7: Dorex2007 ($5.47 in chips) 
Seat 8: TheMugger170 ($5.09 in chips) 
Seat 9: alfcapone87 ($5.84 in chips) 
Templar85: posts small blind $0.02
OSO-456: posts big blind $0.05
*** HOLE CARDS ***
Dealt to Dorex2007 [Qd Qh]
only6-6lol: calls $0.05
In-Solem: calls $0.05
peakypotter: folds 
Math Ladrao: folds 
Dorex2007: raises $0.10 to $0.15
TheMugger170: folds 
alfcapone87: folds 
Templar85: folds 
OSO-456: folds 
only6-6lol: calls $0.10
In-Solem: calls $0.10
*** FLOP *** [8d 2h 8h]
only6-6lol: checks 
In-Solem: checks 
Dorex2007: bets $0.50
only6-6lol: folds 
In-Solem: folds 
Uncalled bet ($0.50) returned to Dorex2007
Dorex2007 collected $0.50 from pot
Dorex2007: doesn't show hand 
*** SUMMARY ***
Total pot $0.52 | Rake $0.02 
Board [8d 2h 8h]
Seat 1: Templar85 (small blind) folded before Flop
Seat 2: OSO-456 (big blind) folded before Flop
Seat 3: only6-6lol folded on the Flop
Seat 4: In-Solem folded on the Flop
Seat 5: peakypotter folded before Flop (didn't bet)
Seat 6: Math Ladrao folded before Flop (didn't bet)
Seat 7: Dorex2007 collected ($0.50)
Seat 8: TheMugger170 folded before Flop (didn't bet)
Seat 9: alfcapone87 (button) folded before Flop (didn't bet)



