PokerStars Hand #237804805584:  Hold'em No Limit ($0.02/$0.05 USD) - 2022/08/05 9:16:11 PT [2022/08/05 12:16:11 ET]
Table 'Lemaitre II' 9-max Seat #9 is the button
Seat 1: BrenoVns ($4.95 in chips) 
Seat 2: AssosManiki ($10.40 in chips) 
Seat 3: Kroki66 ($3.36 in chips) 
Seat 4: Dorex2007 ($5 in chips) 
Seat 5: sebjel ($5.51 in chips) 
Seat 6: Dakota521 ($5.50 in chips) 
Seat 8: 19Roberto79 ($5.33 in chips) 
Seat 9: MorphMan12 ($5.71 in chips) 
BrenoVns: posts small blind $0.02
AssosManiki: posts big blind $0.05
Dorex2007: posts big blind $0.05
*** HOLE CARDS ***
Dealt to Dorex2007 [Th As]
Kroki66: folds 
Dorex2007: raises $0.10 to $0.15
sebjel: raises $0.30 to $0.45
Dakota521: folds 
19Roberto79: folds 
MorphMan12: folds 
BrenoVns: folds 
AssosManiki: folds 
Dorex2007: folds 
Uncalled bet ($0.30) returned to sebjel
sebjel collected $0.37 from pot
sebjel: doesn't show hand 
*** SUMMARY ***
Total pot $0.37 | Rake $0 
Seat 1: BrenoVns (small blind) folded before Flop
Seat 2: AssosManiki (big blind) folded before Flop
Seat 3: Kroki66 folded before Flop (didn't bet)
Seat 4: Dorex2007 folded before Flop
Seat 5: sebjel collected ($0.37)
Seat 6: Dakota521 folded before Flop (didn't bet)
Seat 8: 19Roberto79 folded before Flop (didn't bet)
Seat 9: MorphMan12 (button) folded before Flop (didn't bet)



PokerStars Hand #237804811337:  Hold'em No Limit ($0.02/$0.05 USD) - 2022/08/05 9:16:31 PT [2022/08/05 12:16:31 ET]
Table 'Lemaitre II' 9-max Seat #1 is the button
Seat 1: BrenoVns ($4.93 in chips) 
Seat 2: AssosManiki ($10.35 in chips) 
Seat 3: Kroki66 ($3.36 in chips) 
Seat 4: Dorex2007 ($5 in chips) 
Seat 5: sebjel ($5.73 in chips) 
Seat 6: Dakota521 ($5.50 in chips) 
Seat 8: 19Roberto79 ($5.33 in chips) 
Seat 9: MorphMan12 ($5.71 in chips) 
AssosManiki: posts small blind $0.02
Kroki66: posts big blind $0.05
*** HOLE CARDS ***
Dealt to Dorex2007 [4d 6s]
Dorex2007: folds 
sebjel: folds 
Dakota521: folds 
19Roberto79: folds 
MorphMan12: raises $0.08 to $0.13
BrenoVns: calls $0.13
AssosManiki: folds 
Kroki66: folds 
*** FLOP *** [3d 2h Qh]
MorphMan12: checks 
BrenoVns: bets $0.10
MorphMan12: folds 
Uncalled bet ($0.10) returned to BrenoVns
BrenoVns collected $0.32 from pot
BrenoVns: doesn't show hand 
*** SUMMARY ***
Total pot $0.33 | Rake $0.01 
Board [3d 2h Qh]
Seat 1: BrenoVns (button) collected ($0.32)
Seat 2: AssosManiki (small blind) folded before Flop
Seat 3: Kroki66 (big blind) folded before Flop
Seat 4: Dorex2007 folded before Flop (didn't bet)
Seat 5: sebjel folded before Flop (didn't bet)
Seat 6: Dakota521 folded before Flop (didn't bet)
Seat 8: 19Roberto79 folded before Flop (didn't bet)
Seat 9: MorphMan12 folded on the Flop



PokerStars Hand #237804818752:  Hold'em No Limit ($0.02/$0.05 USD) - 2022/08/05 9:16:58 PT [2022/08/05 12:16:58 ET]
Table 'Lemaitre II' 9-max Seat #2 is the button
Seat 1: BrenoVns ($5.12 in chips) 
Seat 2: AssosManiki ($10.33 in chips) 
Seat 3: Kroki66 ($3.31 in chips) 
Seat 4: Dorex2007 ($5 in chips) 
Seat 5: sebjel ($5.73 in chips) 
Seat 6: Dakota521 ($5.50 in chips) 
Seat 8: 19Roberto79 ($5.33 in chips) 
Seat 9: MorphMan12 ($5.58 in chips) 
Kroki66: posts small blind $0.02
Dorex2007: posts big blind $0.05
*** HOLE CARDS ***
Dealt to Dorex2007 [Qd Kh]
sebjel: folds 
Dakota521: folds 
19Roberto79: folds 
MorphMan12: raises $0.08 to $0.13
BrenoVns: folds 
AssosManiki: folds 
Kroki66: folds 
Dorex2007: calls $0.08
*** FLOP *** [2h Qs 7s]
Dorex2007: bets $0.18
MorphMan12: calls $0.18
*** TURN *** [2h Qs 7s] [Ks]
Dorex2007: checks 
MorphMan12: bets $0.40
Dorex2007: folds 
Uncalled bet ($0.40) returned to MorphMan12
MorphMan12 collected $0.60 from pot
*** SUMMARY ***
Total pot $0.64 | Rake $0.04 
Board [2h Qs 7s Ks]
Seat 1: BrenoVns folded before Flop (didn't bet)
Seat 2: AssosManiki (button) folded before Flop (didn't bet)
Seat 3: Kroki66 (small blind) folded before Flop
Seat 4: Dorex2007 (big blind) folded on the Turn
Seat 5: sebjel folded before Flop (didn't bet)
Seat 6: Dakota521 folded before Flop (didn't bet)
Seat 8: 19Roberto79 folded before Flop (didn't bet)
Seat 9: MorphMan12 collected ($0.60)



PokerStars Hand #237804831280:  Hold'em No Limit ($0.02/$0.05 USD) - 2022/08/05 9:17:42 PT [2022/08/05 12:17:42 ET]
Table 'Lemaitre II' 9-max Seat #3 is the button
Seat 1: BrenoVns ($5.12 in chips) 
Seat 2: AssosManiki ($10.33 in chips) 
Seat 3: Kroki66 ($3.29 in chips) 
Seat 4: Dorex2007 ($5 in chips) 
Seat 5: sebjel ($5.73 in chips) 
Seat 6: Dakota521 ($5.50 in chips) 
Seat 8: 19Roberto79 ($5.33 in chips) 
Seat 9: MorphMan12 ($5.87 in chips) 
Dorex2007: posts small blind $0.02
sebjel: posts big blind $0.05
*** HOLE CARDS ***
Dealt to Dorex2007 [Ah Jc]
Dakota521: raises $0.10 to $0.15
19Roberto79: folds 
MorphMan12: folds 
BrenoVns: folds 
AssosManiki: folds 
Kroki66: folds 
Dorex2007: calls $0.13
sebjel: calls $0.10
*** FLOP *** [Ts Qd 8c]
Dorex2007: checks 
BluffOnTable joins the table at seat #7 
sebjel: checks 
Dakota521: bets $0.22
Dorex2007: calls $0.22
sebjel: folds 
*** TURN *** [Ts Qd 8c] [Qc]
Dorex2007: checks 
Dakota521: checks 
*** RIVER *** [Ts Qd 8c Qc] [As]
Dorex2007: bets $0.42
Dakota521: calls $0.42
*** SHOW DOWN ***
Dorex2007: shows [Ah Jc] (two pair, Aces and Queens)
Dakota521: mucks hand 
Dorex2007 collected $1.66 from pot
*** SUMMARY ***
Total pot $1.73 | Rake $0.07 
Board [Ts Qd 8c Qc As]
Seat 1: BrenoVns folded before Flop (didn't bet)
Seat 2: AssosManiki folded before Flop (didn't bet)
Seat 3: Kroki66 (button) folded before Flop (didn't bet)
Seat 4: Dorex2007 (small blind) showed [Ah Jc] and won ($1.66) with two pair, Aces and Queens
Seat 5: sebjel (big blind) folded on the Flop
Seat 6: Dakota521 mucked [Ad 5d]
Seat 8: 19Roberto79 folded before Flop (didn't bet)
Seat 9: MorphMan12 folded before Flop (didn't bet)



PokerStars Hand #237804845708:  Hold'em No Limit ($0.02/$0.05 USD) - 2022/08/05 9:18:34 PT [2022/08/05 12:18:34 ET]
Table 'Lemaitre II' 9-max Seat #4 is the button
Seat 1: BrenoVns ($5.12 in chips) 
Seat 2: AssosManiki ($10.33 in chips) 
Seat 3: Kroki66 ($3.29 in chips) 
Seat 4: Dorex2007 ($5.87 in chips) 
Seat 5: sebjel ($5.58 in chips) 
Seat 6: Dakota521 ($5 in chips) 
Seat 8: 19Roberto79 ($5.33 in chips) 
Seat 9: MorphMan12 ($5.87 in chips) 
sebjel: posts small blind $0.02
Dakota521: posts big blind $0.05
BluffOnTable: sits out 
*** HOLE CARDS ***
Dealt to Dorex2007 [8s Qs]
19Roberto79: folds 
MorphMan12: folds 
BrenoVns: raises $0.06 to $0.11
AssosManiki: folds 
Kroki66: folds 
Dorex2007: folds 
sebjel: folds 
Dakota521: calls $0.06
*** FLOP *** [6c 7h 3c]
Dakota521: checks 
BrenoVns: checks 
*** TURN *** [6c 7h 3c] [Js]
Dakota521: checks 
BrenoVns: bets $0.11
Dakota521: calls $0.11
*** RIVER *** [6c 7h 3c Js] [2h]
Dakota521: checks 
BrenoVns: checks 
*** SHOW DOWN ***
Dakota521: shows [9h 8d] (high card Jack)
BrenoVns: shows [Qh Kh] (high card King)
BrenoVns collected $0.44 from pot
*** SUMMARY ***
Total pot $0.46 | Rake $0.02 
Board [6c 7h 3c Js 2h]
Seat 1: BrenoVns showed [Qh Kh] and won ($0.44) with high card King
Seat 2: AssosManiki folded before Flop (didn't bet)
Seat 3: Kroki66 folded before Flop (didn't bet)
Seat 4: Dorex2007 (button) folded before Flop (didn't bet)
Seat 5: sebjel (small blind) folded before Flop
Seat 6: Dakota521 (big blind) showed [9h 8d] and lost with high card Jack
Seat 8: 19Roberto79 folded before Flop (didn't bet)
Seat 9: MorphMan12 folded before Flop (didn't bet)



PokerStars Hand #237804857145:  Hold'em No Limit ($0.02/$0.05 USD) - 2022/08/05 9:19:15 PT [2022/08/05 12:19:15 ET]
Table 'Lemaitre II' 9-max Seat #5 is the button
Seat 1: BrenoVns ($5.34 in chips) 
Seat 2: AssosManiki ($10.33 in chips) 
Seat 3: Kroki66 ($3.29 in chips) 
Seat 4: Dorex2007 ($5.87 in chips) 
Seat 5: sebjel ($5.56 in chips) 
Seat 6: Dakota521 ($5 in chips) 
Seat 7: BluffOnTable ($5 in chips) 
Seat 8: 19Roberto79 ($5.33 in chips) 
Seat 9: MorphMan12 ($5.87 in chips) 
Dakota521: posts small blind $0.02
BluffOnTable: posts big blind $0.05
*** HOLE CARDS ***
Dealt to Dorex2007 [7h Kc]
19Roberto79: folds 
MorphMan12: folds 
BrenoVns: folds 
AssosManiki: folds 
Kroki66: folds 
Dorex2007: folds 
sebjel: folds 
Dakota521: folds 
Uncalled bet ($0.03) returned to BluffOnTable
BluffOnTable collected $0.04 from pot
BluffOnTable: doesn't show hand 
*** SUMMARY ***
Total pot $0.04 | Rake $0 
Seat 1: BrenoVns folded before Flop (didn't bet)
Seat 2: AssosManiki folded before Flop (didn't bet)
Seat 3: Kroki66 folded before Flop (didn't bet)
Seat 4: Dorex2007 folded before Flop (didn't bet)
Seat 5: sebjel (button) folded before Flop (didn't bet)
Seat 6: Dakota521 (small blind) folded before Flop
Seat 7: BluffOnTable (big blind) collected ($0.04)
Seat 8: 19Roberto79 folded before Flop (didn't bet)
Seat 9: MorphMan12 folded before Flop (didn't bet)



PokerStars Hand #237804860629:  Hold'em No Limit ($0.02/$0.05 USD) - 2022/08/05 9:19:28 PT [2022/08/05 12:19:28 ET]
Table 'Lemaitre II' 9-max Seat #6 is the button
Seat 1: BrenoVns ($5.34 in chips) 
Seat 2: AssosManiki ($10.33 in chips) 
Seat 3: Kroki66 ($3.29 in chips) 
Seat 4: Dorex2007 ($5.87 in chips) 
Seat 5: sebjel ($5.56 in chips) 
Seat 6: Dakota521 ($5 in chips) 
Seat 7: BluffOnTable ($5.02 in chips) 
Seat 8: 19Roberto79 ($5.33 in chips) 
Seat 9: MorphMan12 ($5.87 in chips) 
BluffOnTable: posts small blind $0.02
19Roberto79: posts big blind $0.05
*** HOLE CARDS ***
Dealt to Dorex2007 [8c 5h]
MorphMan12: folds 
BrenoVns: folds 
AssosManiki: folds 
Kroki66: folds 
Dorex2007: folds 
sebjel: folds 
Dakota521: folds 
BluffOnTable: folds 
Uncalled bet ($0.03) returned to 19Roberto79
19Roberto79 collected $0.04 from pot
*** SUMMARY ***
Total pot $0.04 | Rake $0 
Seat 1: BrenoVns folded before Flop (didn't bet)
Seat 2: AssosManiki folded before Flop (didn't bet)
Seat 3: Kroki66 folded before Flop (didn't bet)
Seat 4: Dorex2007 folded before Flop (didn't bet)
Seat 5: sebjel folded before Flop (didn't bet)
Seat 6: Dakota521 (button) folded before Flop (didn't bet)
Seat 7: BluffOnTable (small blind) folded before Flop
Seat 8: 19Roberto79 (big blind) collected ($0.04)
Seat 9: MorphMan12 folded before Flop (didn't bet)



PokerStars Hand #237804864052:  Hold'em No Limit ($0.02/$0.05 USD) - 2022/08/05 9:19:40 PT [2022/08/05 12:19:40 ET]
Table 'Lemaitre II' 9-max Seat #7 is the button
Seat 1: BrenoVns ($5.34 in chips) 
Seat 2: AssosManiki ($10.33 in chips) 
Seat 3: Kroki66 ($3.29 in chips) 
Seat 4: Dorex2007 ($5.87 in chips) 
Seat 5: sebjel ($5.56 in chips) 
Seat 6: Dakota521 ($5 in chips) 
Seat 7: BluffOnTable ($5 in chips) 
Seat 8: 19Roberto79 ($5.35 in chips) 
Seat 9: MorphMan12 ($5.87 in chips) 
19Roberto79: posts small blind $0.02
MorphMan12: posts big blind $0.05
*** HOLE CARDS ***
Dealt to Dorex2007 [Th 3d]
BrenoVns: raises $0.06 to $0.11
AssosManiki: calls $0.11
Kroki66: folds 
Dorex2007: folds 
sebjel: folds 
Dakota521: folds 
BluffOnTable: folds 
19Roberto79: folds 
MorphMan12: folds 
*** FLOP *** [8c 5d Kd]
BrenoVns: checks 
AssosManiki: bets $0.18
MorphMan12 leaves the table
BrenoVns: folds 
Uncalled bet ($0.18) returned to AssosManiki
AssosManiki collected $0.28 from pot
AssosManiki: doesn't show hand 
*** SUMMARY ***
Total pot $0.29 | Rake $0.01 
Board [8c 5d Kd]
Seat 1: BrenoVns folded on the Flop
Seat 2: AssosManiki collected ($0.28)
Seat 3: Kroki66 folded before Flop (didn't bet)
Seat 4: Dorex2007 folded before Flop (didn't bet)
Seat 5: sebjel folded before Flop (didn't bet)
Seat 6: Dakota521 folded before Flop (didn't bet)
Seat 7: BluffOnTable (button) folded before Flop (didn't bet)
Seat 8: 19Roberto79 (small blind) folded before Flop
Seat 9: MorphMan12 (big blind) folded before Flop



PokerStars Hand #237804873878:  Hold'em No Limit ($0.02/$0.05 USD) - 2022/08/05 9:20:15 PT [2022/08/05 12:20:15 ET]
Table 'Lemaitre II' 9-max Seat #8 is the button
Seat 1: BrenoVns ($5.23 in chips) 
Seat 2: AssosManiki ($10.50 in chips) 
Seat 3: Kroki66 ($3.29 in chips) 
Seat 4: Dorex2007 ($5.87 in chips) 
Seat 5: sebjel ($5.56 in chips) 
Seat 6: Dakota521 ($5 in chips) 
Seat 7: BluffOnTable ($5 in chips) 
Seat 8: 19Roberto79 ($5.33 in chips) 
BrenoVns: posts small blind $0.02
AssosManiki: posts big blind $0.05
*** HOLE CARDS ***
Dealt to Dorex2007 [9s Jh]
Kroki66: folds 
Dorex2007: folds 
sebjel: folds 
Dakota521: raises $0.10 to $0.15
BluffOnTable: folds 
19Roberto79: folds 
BrenoVns: folds 
AssosManiki: folds 
Uncalled bet ($0.10) returned to Dakota521
Dakota521 collected $0.12 from pot
Dakota521: doesn't show hand 
*** SUMMARY ***
Total pot $0.12 | Rake $0 
Seat 1: BrenoVns (small blind) folded before Flop
Seat 2: AssosManiki (big blind) folded before Flop
Seat 3: Kroki66 folded before Flop (didn't bet)
Seat 4: Dorex2007 folded before Flop (didn't bet)
Seat 5: sebjel folded before Flop (didn't bet)
Seat 6: Dakota521 collected ($0.12)
Seat 7: BluffOnTable folded before Flop (didn't bet)
Seat 8: 19Roberto79 (button) folded before Flop (didn't bet)



PokerStars Hand #237804877282:  Hold'em No Limit ($0.02/$0.05 USD) - 2022/08/05 9:20:27 PT [2022/08/05 12:20:27 ET]
Table 'Lemaitre II' 9-max Seat #1 is the button
Seat 1: BrenoVns ($5.21 in chips) 
Seat 2: AssosManiki ($10.45 in chips) 
Seat 3: Kroki66 ($3.29 in chips) 
Seat 4: Dorex2007 ($5.87 in chips) 
Seat 5: sebjel ($5.56 in chips) 
Seat 6: Dakota521 ($5.07 in chips) 
Seat 7: BluffOnTable ($5 in chips) 
Seat 8: 19Roberto79 ($5.33 in chips) 
AssosManiki: posts small blind $0.02
Kroki66: posts big blind $0.05
*** HOLE CARDS ***
Dealt to Dorex2007 [Ac 9c]
Dorex2007: folds 
sebjel: folds 
Dakota521: folds 
BluffOnTable: folds 
19Roberto79: folds 
BrenoVns: folds 
AssosManiki: raises $0.08 to $0.13
Kroki66: folds 
Uncalled bet ($0.08) returned to AssosManiki
AssosManiki collected $0.10 from pot
AssosManiki: doesn't show hand 
*** SUMMARY ***
Total pot $0.10 | Rake $0 
Seat 1: BrenoVns (button) folded before Flop (didn't bet)
Seat 2: AssosManiki (small blind) collected ($0.10)
Seat 3: Kroki66 (big blind) folded before Flop
Seat 4: Dorex2007 folded before Flop (didn't bet)
Seat 5: sebjel folded before Flop (didn't bet)
Seat 6: Dakota521 folded before Flop (didn't bet)
Seat 7: BluffOnTable folded before Flop (didn't bet)
Seat 8: 19Roberto79 folded before Flop (didn't bet)



PokerStars Hand #237804881001:  Hold'em No Limit ($0.02/$0.05 USD) - 2022/08/05 9:20:40 PT [2022/08/05 12:20:40 ET]
Table 'Lemaitre II' 9-max Seat #2 is the button
Seat 1: BrenoVns ($5.21 in chips) 
Seat 2: AssosManiki ($10.50 in chips) 
Seat 3: Kroki66 ($3.24 in chips) 
Seat 4: Dorex2007 ($5.87 in chips) 
Seat 5: sebjel ($5.56 in chips) 
Seat 6: Dakota521 ($5.07 in chips) 
Seat 7: BluffOnTable ($5 in chips) 
Seat 8: 19Roberto79 ($5.33 in chips) 
Kroki66: posts small blind $0.02
Dorex2007: posts big blind $0.05
*** HOLE CARDS ***
Dealt to Dorex2007 [Qd 7c]
sebjel: folds 
Dakota521: folds 
sebjel leaves the table
BluffOnTable: raises $0.10 to $0.15
19Roberto79: folds 
BrenoVns: folds 
AssosManiki: calls $0.15
Kroki66: folds 
Dorex2007: folds 
*** FLOP *** [4c Kd Jh]
BluffOnTable: checks 
AssosManiki: bets $0.23
BluffOnTable: folds 
Uncalled bet ($0.23) returned to AssosManiki
AssosManiki collected $0.35 from pot
AssosManiki: doesn't show hand 
*** SUMMARY ***
Total pot $0.37 | Rake $0.02 
Board [4c Kd Jh]
Seat 1: BrenoVns folded before Flop (didn't bet)
Seat 2: AssosManiki (button) collected ($0.35)
Seat 3: Kroki66 (small blind) folded before Flop
Seat 4: Dorex2007 (big blind) folded before Flop
Seat 5: sebjel folded before Flop (didn't bet)
Seat 6: Dakota521 folded before Flop (didn't bet)
Seat 7: BluffOnTable folded on the Flop
Seat 8: 19Roberto79 folded before Flop (didn't bet)



PokerStars Hand #237804888090:  Hold'em No Limit ($0.02/$0.05 USD) - 2022/08/05 9:21:05 PT [2022/08/05 12:21:05 ET]
Table 'Lemaitre II' 9-max Seat #3 is the button
Seat 1: BrenoVns ($5.21 in chips) 
Seat 2: AssosManiki ($10.70 in chips) 
Seat 3: Kroki66 ($3.22 in chips) 
Seat 4: Dorex2007 ($5.82 in chips) 
Seat 6: Dakota521 ($5.07 in chips) 
Seat 7: BluffOnTable ($5 in chips) 
Seat 8: 19Roberto79 ($5.33 in chips) 
Dorex2007: posts small blind $0.02
Dakota521: posts big blind $0.05
*** HOLE CARDS ***
Dealt to Dorex2007 [8c 4d]
BluffOnTable: folds 
19Roberto79: folds 
BrenoVns: folds 
AssosManiki: folds 
Kroki66: folds 
Dorex2007: folds 
Uncalled bet ($0.03) returned to Dakota521
Dakota521 collected $0.04 from pot
Dakota521: doesn't show hand 
*** SUMMARY ***
Total pot $0.04 | Rake $0 
Seat 1: BrenoVns folded before Flop (didn't bet)
Seat 2: AssosManiki folded before Flop (didn't bet)
Seat 3: Kroki66 (button) folded before Flop (didn't bet)
Seat 4: Dorex2007 (small blind) folded before Flop
Seat 6: Dakota521 (big blind) collected ($0.04)
Seat 7: BluffOnTable folded before Flop (didn't bet)
Seat 8: 19Roberto79 folded before Flop (didn't bet)



PokerStars Hand #237804891435:  Hold'em No Limit ($0.02/$0.05 USD) - 2022/08/05 9:21:17 PT [2022/08/05 12:21:17 ET]
Table 'Lemaitre II' 9-max Seat #4 is the button
Seat 1: BrenoVns ($5.21 in chips) 
Seat 2: AssosManiki ($10.70 in chips) 
Seat 3: Kroki66 ($3.22 in chips) 
Seat 4: Dorex2007 ($5.80 in chips) 
Seat 6: Dakota521 ($5.09 in chips) 
Seat 8: 19Roberto79 ($5.33 in chips) 
Dakota521: posts small blind $0.02
BluffOnTable: is sitting out 
19Roberto79: posts big blind $0.05
*** HOLE CARDS ***
Dealt to Dorex2007 [Th 8d]
BluffOnTable leaves the table
BrenoVns: folds 
AssosManiki: folds 
Kroki66: folds 
Dorex2007: folds 
Dakota521: raises $0.10 to $0.15
19Roberto79: folds 
Uncalled bet ($0.10) returned to Dakota521
Dakota521 collected $0.10 from pot
Dakota521: doesn't show hand 
*** SUMMARY ***
Total pot $0.10 | Rake $0 
Seat 1: BrenoVns folded before Flop (didn't bet)
Seat 2: AssosManiki folded before Flop (didn't bet)
Seat 3: Kroki66 folded before Flop (didn't bet)
Seat 4: Dorex2007 (button) folded before Flop (didn't bet)
Seat 6: Dakota521 (small blind) collected ($0.10)
Seat 8: 19Roberto79 (big blind) folded before Flop



PokerStars Hand #237804896141:  Hold'em No Limit ($0.02/$0.05 USD) - 2022/08/05 9:21:34 PT [2022/08/05 12:21:34 ET]
Table 'Lemaitre II' 9-max Seat #6 is the button
Seat 1: BrenoVns ($5.21 in chips) 
Seat 2: AssosManiki ($10.70 in chips) 
Seat 3: Kroki66 ($3.22 in chips) 
Seat 4: Dorex2007 ($5.80 in chips) 
Seat 6: Dakota521 ($5.14 in chips) 
Seat 8: 19Roberto79 ($5.28 in chips) 
19Roberto79: posts small blind $0.02
BrenoVns: posts big blind $0.05
*** HOLE CARDS ***
Dealt to Dorex2007 [3d Td]
AssosManiki: raises $0.08 to $0.13
Kroki66: folds 
Dorex2007: folds 
Dakota521: folds 
19Roberto79: folds 
BrenoVns: folds 
Uncalled bet ($0.08) returned to AssosManiki
AssosManiki collected $0.12 from pot
AssosManiki: doesn't show hand 
*** SUMMARY ***
Total pot $0.12 | Rake $0 
Seat 1: BrenoVns (big blind) folded before Flop
Seat 2: AssosManiki collected ($0.12)
Seat 3: Kroki66 folded before Flop (didn't bet)
Seat 4: Dorex2007 folded before Flop (didn't bet)
Seat 6: Dakota521 (button) folded before Flop (didn't bet)
Seat 8: 19Roberto79 (small blind) folded before Flop



PokerStars Hand #237804900291:  Hold'em No Limit ($0.02/$0.05 USD) - 2022/08/05 9:21:48 PT [2022/08/05 12:21:48 ET]
Table 'Lemaitre II' 9-max Seat #8 is the button
Seat 1: BrenoVns ($5.16 in chips) 
Seat 2: AssosManiki ($10.77 in chips) 
Seat 3: Kroki66 ($3.22 in chips) 
Seat 4: Dorex2007 ($5.80 in chips) 
Seat 6: Dakota521 ($5.14 in chips) 
Seat 8: 19Roberto79 ($5.26 in chips) 
BrenoVns: posts small blind $0.02
AssosManiki: posts big blind $0.05
*** HOLE CARDS ***
Dealt to Dorex2007 [Ad 3h]
Kroki66: folds 
Kroki66 leaves the table
Dorex2007: folds 
Dakota521: folds 
19Roberto79: folds 
BrenoVns: raises $0.10 to $0.15
AssosManiki: folds 
Uncalled bet ($0.10) returned to BrenoVns
BrenoVns collected $0.10 from pot
BrenoVns: doesn't show hand 
*** SUMMARY ***
Total pot $0.10 | Rake $0 
Seat 1: BrenoVns (small blind) collected ($0.10)
Seat 2: AssosManiki (big blind) folded before Flop
Seat 3: Kroki66 folded before Flop (didn't bet)
Seat 4: Dorex2007 folded before Flop (didn't bet)
Seat 6: Dakota521 folded before Flop (didn't bet)
Seat 8: 19Roberto79 (button) folded before Flop (didn't bet)



PokerStars Hand #237804903871:  Hold'em No Limit ($0.02/$0.05 USD) - 2022/08/05 9:22:01 PT [2022/08/05 12:22:01 ET]
Table 'Lemaitre II' 9-max Seat #1 is the button
Seat 1: BrenoVns ($5.21 in chips) 
Seat 2: AssosManiki ($10.72 in chips) 
Seat 4: Dorex2007 ($5.80 in chips) 
Seat 6: Dakota521 ($5.14 in chips) 
Seat 8: 19Roberto79 ($5.26 in chips) 
AssosManiki: posts small blind $0.02
Dorex2007: posts big blind $0.05
*** HOLE CARDS ***
Dealt to Dorex2007 [Js 4d]
Dakota521: raises $0.10 to $0.15
19Roberto79: calls $0.15
BrenoVns: folds 
AssosManiki: folds 
Dorex2007: folds 
*** FLOP *** [Jd 6s Ts]
Dakota521: bets $0.18
19Roberto79: folds 
Uncalled bet ($0.18) returned to Dakota521
Dakota521 collected $0.35 from pot
Dakota521: doesn't show hand 
*** SUMMARY ***
Total pot $0.37 | Rake $0.02 
Board [Jd 6s Ts]
Seat 1: BrenoVns (button) folded before Flop (didn't bet)
Seat 2: AssosManiki (small blind) folded before Flop
Seat 4: Dorex2007 (big blind) folded before Flop
Seat 6: Dakota521 collected ($0.35)
Seat 8: 19Roberto79 folded on the Flop



PokerStars Hand #237804909678:  Hold'em No Limit ($0.02/$0.05 USD) - 2022/08/05 9:22:21 PT [2022/08/05 12:22:21 ET]
Table 'Lemaitre II' 9-max Seat #2 is the button
Seat 1: BrenoVns ($5.21 in chips) 
Seat 2: AssosManiki ($10.70 in chips) 
Seat 4: Dorex2007 ($5.75 in chips) 
Seat 8: 19Roberto79 ($5.11 in chips) 
Dorex2007: posts small blind $0.02
19Roberto79: posts big blind $0.05
*** HOLE CARDS ***
Dealt to Dorex2007 [6c 9s]
BrenoVns: folds 
AssosManiki: folds 
Dorex2007: folds 
Uncalled bet ($0.03) returned to 19Roberto79
19Roberto79 collected $0.04 from pot
*** SUMMARY ***
Total pot $0.04 | Rake $0 
Seat 1: BrenoVns folded before Flop (didn't bet)
Seat 2: AssosManiki (button) folded before Flop (didn't bet)
Seat 4: Dorex2007 (small blind) folded before Flop
Seat 8: 19Roberto79 (big blind) collected ($0.04)



PokerStars Hand #237804913063:  Hold'em No Limit ($0.02/$0.05 USD) - 2022/08/05 9:22:33 PT [2022/08/05 12:22:33 ET]
Table 'Lemaitre II' 9-max Seat #4 is the button
Seat 1: BrenoVns ($5.21 in chips) 
Seat 2: AssosManiki ($10.70 in chips) 
Seat 4: Dorex2007 ($5.73 in chips) 
Seat 8: 19Roberto79 ($5.13 in chips) 
19Roberto79: posts small blind $0.02
BrenoVns: posts big blind $0.05
*** HOLE CARDS ***
Dealt to Dorex2007 [9c 9d]
AssosManiki: folds 
Dorex2007: raises $0.10 to $0.15
19Roberto79: folds 
BrenoVns: folds 
Uncalled bet ($0.10) returned to Dorex2007
Dorex2007 collected $0.12 from pot
Dorex2007: doesn't show hand 
*** SUMMARY ***
Total pot $0.12 | Rake $0 
Seat 1: BrenoVns (big blind) folded before Flop
Seat 2: AssosManiki folded before Flop (didn't bet)
Seat 4: Dorex2007 (button) collected ($0.12)
Seat 8: 19Roberto79 (small blind) folded before Flop



