PokerStars Hand #233178990395:  Hold'em No Limit ($0.01/$0.02 USD) - 2022/01/15 21:00:26 PT [2022/01/16 0:00:26 ET]
Table 'Eltigen' 9-max Seat #7 is the button
Seat 1: GianniML ($3.26 in chips) 
Seat 2: Dorex2007 ($2.53 in chips) 
Seat 3: SvobodaPoker ($3.19 in chips) 
Seat 4: cr@sh test ($2 in chips) 
Seat 5: MelchiorF1 ($2 in chips) 
Seat 6: Dr_Thomsons ($2.45 in chips) 
Seat 7: warayama262 ($0.76 in chips) 
Seat 8: hiimmatt314 ($4.36 in chips) 
Seat 9: Benoit1999 ($2 in chips) 
hiimmatt314: posts small blind $0.01
Benoit1999: posts big blind $0.02
*** HOLE CARDS ***
Dealt to Dorex2007 [9h 9d]
GianniML: folds 
Dorex2007: raises $0.02 to $0.04
SvobodaPoker has timed out
SvobodaPoker: folds 
cr@sh test: folds 
MelchiorF1: raises $0.02 to $0.06
Dr_Thomsons: folds 
warayama262: folds 
hiimmatt314: folds 
Benoit1999: folds 
Dorex2007: calls $0.02
*** FLOP *** [Ts Qc 5h]
Dorex2007: checks 
MelchiorF1: bets $0.05
Dorex2007: folds 
Uncalled bet ($0.05) returned to MelchiorF1
MelchiorF1 collected $0.14 from pot
MelchiorF1: doesn't show hand 
*** SUMMARY ***
Total pot $0.15 | Rake $0.01 
Board [Ts Qc 5h]
Seat 1: GianniML folded before Flop (didn't bet)
Seat 2: Dorex2007 folded on the Flop
Seat 3: SvobodaPoker folded before Flop (didn't bet)
Seat 4: cr@sh test folded before Flop (didn't bet)
Seat 5: MelchiorF1 collected ($0.14)
Seat 6: Dr_Thomsons folded before Flop (didn't bet)
Seat 7: warayama262 (button) folded before Flop (didn't bet)
Seat 8: hiimmatt314 (small blind) folded before Flop
Seat 9: Benoit1999 (big blind) folded before Flop



PokerStars Hand #233179011789:  Hold'em No Limit ($0.01/$0.02 USD) - 2022/01/15 21:01:32 PT [2022/01/16 0:01:32 ET]
Table 'Eltigen' 9-max Seat #8 is the button
Seat 1: GianniML ($3.26 in chips) 
Seat 2: Dorex2007 ($2.47 in chips) 
Seat 3: SvobodaPoker ($3.19 in chips) 
Seat 4: cr@sh test ($2 in chips) 
Seat 5: MelchiorF1 ($2.08 in chips) 
Seat 6: Dr_Thomsons ($2.45 in chips) 
Seat 7: warayama262 ($0.76 in chips) 
Seat 8: hiimmatt314 ($4.35 in chips) 
Seat 9: Benoit1999 ($2 in chips) 
Benoit1999: posts small blind $0.01
GianniML: posts big blind $0.02
*** HOLE CARDS ***
Dealt to Dorex2007 [Qc 2d]
Dorex2007: folds 
SvobodaPoker: folds 
cr@sh test: folds 
MelchiorF1: folds 
Dr_Thomsons: folds 
warayama262: folds 
hiimmatt314: raises $0.02 to $0.04
Benoit1999: folds 
GianniML: calls $0.02
*** FLOP *** [6d 2s 7d]
GianniML: checks 
hiimmatt314: bets $0.05
GianniML: calls $0.05
*** TURN *** [6d 2s 7d] [5c]
GianniML: checks 
hiimmatt314: checks 
*** RIVER *** [6d 2s 7d 5c] [8h]
GianniML: bets $0.18
hiimmatt314: raises $0.30 to $0.48
GianniML: calls $0.30
*** SHOW DOWN ***
hiimmatt314: shows [9h Td] (a straight, Six to Ten)
GianniML: mucks hand 
hiimmatt314 collected $1.11 from pot
*** SUMMARY ***
Total pot $1.15 | Rake $0.04 
Board [6d 2s 7d 5c 8h]
Seat 1: GianniML (big blind) mucked [6h 9s]
Seat 2: Dorex2007 folded before Flop (didn't bet)
Seat 3: SvobodaPoker folded before Flop (didn't bet)
Seat 4: cr@sh test folded before Flop (didn't bet)
Seat 5: MelchiorF1 folded before Flop (didn't bet)
Seat 6: Dr_Thomsons folded before Flop (didn't bet)
Seat 7: warayama262 folded before Flop (didn't bet)
Seat 8: hiimmatt314 (button) showed [9h Td] and won ($1.11) with a straight, Six to Ten
Seat 9: Benoit1999 (small blind) folded before Flop



PokerStars Hand #233179021988:  Hold'em No Limit ($0.01/$0.02 USD) - 2022/01/15 21:02:25 PT [2022/01/16 0:02:25 ET]
Table 'Eltigen' 9-max Seat #9 is the button
Seat 1: GianniML ($2.69 in chips) 
Seat 2: Dorex2007 ($2.47 in chips) 
Seat 3: SvobodaPoker ($3.19 in chips) 
Seat 4: cr@sh test ($2 in chips) 
Seat 5: MelchiorF1 ($2.08 in chips) 
Seat 6: Dr_Thomsons ($2.45 in chips) 
Seat 7: warayama262 ($0.76 in chips) 
Seat 8: hiimmatt314 ($4.89 in chips) 
Seat 9: Benoit1999 ($2 in chips) 
GianniML: posts small blind $0.01
Dorex2007: posts big blind $0.02
*** HOLE CARDS ***
Dealt to Dorex2007 [9s Kh]
SvobodaPoker: folds 
cr@sh test: folds 
MelchiorF1: folds 
Dr_Thomsons: folds 
warayama262: folds 
hiimmatt314: folds 
Benoit1999: folds 
GianniML: calls $0.01
Dorex2007: checks 
*** FLOP *** [Kc 8c 2c]
GianniML: checks 
Dorex2007: bets $0.04
GianniML: folds 
Uncalled bet ($0.04) returned to Dorex2007
Dorex2007 collected $0.04 from pot
Dorex2007: doesn't show hand 
*** SUMMARY ***
Total pot $0.04 | Rake $0 
Board [Kc 8c 2c]
Seat 1: GianniML (small blind) folded on the Flop
Seat 2: Dorex2007 (big blind) collected ($0.04)
Seat 3: SvobodaPoker folded before Flop (didn't bet)
Seat 4: cr@sh test folded before Flop (didn't bet)
Seat 5: MelchiorF1 folded before Flop (didn't bet)
Seat 6: Dr_Thomsons folded before Flop (didn't bet)
Seat 7: warayama262 folded before Flop (didn't bet)
Seat 8: hiimmatt314 folded before Flop (didn't bet)
Seat 9: Benoit1999 (button) folded before Flop (didn't bet)



PokerStars Hand #233179027669:  Hold'em No Limit ($0.01/$0.02 USD) - 2022/01/15 21:02:55 PT [2022/01/16 0:02:55 ET]
Table 'Eltigen' 9-max Seat #1 is the button
Seat 1: GianniML ($2.67 in chips) 
Seat 2: Dorex2007 ($2.49 in chips) 
Seat 3: SvobodaPoker ($3.19 in chips) 
Seat 4: cr@sh test ($2 in chips) 
Seat 5: MelchiorF1 ($2.08 in chips) 
Seat 6: Dr_Thomsons ($2.45 in chips) 
Seat 7: warayama262 ($0.76 in chips) 
Seat 8: hiimmatt314 ($4.89 in chips) 
Seat 9: Benoit1999 ($2 in chips) 
Dorex2007: posts small blind $0.01
SvobodaPoker: posts big blind $0.02
*** HOLE CARDS ***
Dealt to Dorex2007 [Js 3d]
cr@sh test: folds 
MelchiorF1: folds 
Dr_Thomsons: raises $0.02 to $0.04
warayama262: calls $0.04
hiimmatt314: folds 
Benoit1999: folds 
GianniML: folds 
Dorex2007: folds 
SvobodaPoker: folds 
*** FLOP *** [8s 6d Qd]
Dr_Thomsons: checks 
warayama262: checks 
*** TURN *** [8s 6d Qd] [Ks]
Dr_Thomsons: checks 
warayama262: bets $0.11
Dr_Thomsons: calls $0.11
*** RIVER *** [8s 6d Qd Ks] [Ah]
Dr_Thomsons: checks 
warayama262: bets $0.32
Dr_Thomsons: folds 
Uncalled bet ($0.32) returned to warayama262
warayama262 collected $0.32 from pot
warayama262: doesn't show hand 
*** SUMMARY ***
Total pot $0.33 | Rake $0.01 
Board [8s 6d Qd Ks Ah]
Seat 1: GianniML (button) folded before Flop (didn't bet)
Seat 2: Dorex2007 (small blind) folded before Flop
Seat 3: SvobodaPoker (big blind) folded before Flop
Seat 4: cr@sh test folded before Flop (didn't bet)
Seat 5: MelchiorF1 folded before Flop (didn't bet)
Seat 6: Dr_Thomsons folded on the River
Seat 7: warayama262 collected ($0.32)
Seat 8: hiimmatt314 folded before Flop (didn't bet)
Seat 9: Benoit1999 folded before Flop (didn't bet)



PokerStars Hand #233179037165:  Hold'em No Limit ($0.01/$0.02 USD) - 2022/01/15 21:03:45 PT [2022/01/16 0:03:45 ET]
Table 'Eltigen' 9-max Seat #2 is the button
Seat 1: GianniML ($2.67 in chips) 
Seat 2: Dorex2007 ($2.48 in chips) 
Seat 3: SvobodaPoker ($3.17 in chips) 
Seat 4: cr@sh test ($2 in chips) 
Seat 5: MelchiorF1 ($2.08 in chips) 
Seat 6: Dr_Thomsons ($2.30 in chips) 
Seat 7: warayama262 ($0.93 in chips) 
Seat 8: hiimmatt314 ($4.89 in chips) 
Seat 9: Benoit1999 ($2 in chips) 
SvobodaPoker: posts small blind $0.01
cr@sh test: posts big blind $0.02
*** HOLE CARDS ***
Dealt to Dorex2007 [6c Th]
MelchiorF1: folds 
Dr_Thomsons: folds 
warayama262: folds 
hiimmatt314: folds 
Benoit1999: folds 
GianniML: folds 
Dorex2007: folds 
SvobodaPoker: raises $0.04 to $0.06
cr@sh test: folds 
Uncalled bet ($0.04) returned to SvobodaPoker
SvobodaPoker collected $0.04 from pot
SvobodaPoker: doesn't show hand 
*** SUMMARY ***
Total pot $0.04 | Rake $0 
Seat 1: GianniML folded before Flop (didn't bet)
Seat 2: Dorex2007 (button) folded before Flop (didn't bet)
Seat 3: SvobodaPoker (small blind) collected ($0.04)
Seat 4: cr@sh test (big blind) folded before Flop
Seat 5: MelchiorF1 folded before Flop (didn't bet)
Seat 6: Dr_Thomsons folded before Flop (didn't bet)
Seat 7: warayama262 folded before Flop (didn't bet)
Seat 8: hiimmatt314 folded before Flop (didn't bet)
Seat 9: Benoit1999 folded before Flop (didn't bet)



PokerStars Hand #233179043017:  Hold'em No Limit ($0.01/$0.02 USD) - 2022/01/15 21:04:15 PT [2022/01/16 0:04:15 ET]
Table 'Eltigen' 9-max Seat #3 is the button
Seat 1: GianniML ($2.67 in chips) 
Seat 2: Dorex2007 ($2.48 in chips) 
Seat 3: SvobodaPoker ($3.19 in chips) 
Seat 4: cr@sh test ($2 in chips) 
Seat 5: MelchiorF1 ($2.08 in chips) 
Seat 6: Dr_Thomsons ($2.30 in chips) 
Seat 7: warayama262 ($0.93 in chips) 
Seat 8: hiimmatt314 ($4.89 in chips) 
Seat 9: Benoit1999 ($2 in chips) 
cr@sh test: posts small blind $0.01
MelchiorF1: posts big blind $0.02
*** HOLE CARDS ***
Dealt to Dorex2007 [6s 9d]
Dr_Thomsons: folds 
warayama262: folds 
hiimmatt314: raises $0.04 to $0.06
Benoit1999: folds 
GianniML: folds 
Dorex2007: folds 
SvobodaPoker: calls $0.06
cr@sh test: folds 
MelchiorF1: folds 
*** FLOP *** [3d 8c 5d]
hiimmatt314: bets $0.07
SvobodaPoker: folds 
Uncalled bet ($0.07) returned to hiimmatt314
hiimmatt314 collected $0.14 from pot
hiimmatt314: doesn't show hand 
*** SUMMARY ***
Total pot $0.15 | Rake $0.01 
Board [3d 8c 5d]
Seat 1: GianniML folded before Flop (didn't bet)
Seat 2: Dorex2007 folded before Flop (didn't bet)
Seat 3: SvobodaPoker (button) folded on the Flop
Seat 4: cr@sh test (small blind) folded before Flop
Seat 5: MelchiorF1 (big blind) folded before Flop
Seat 6: Dr_Thomsons folded before Flop (didn't bet)
Seat 7: warayama262 folded before Flop (didn't bet)
Seat 8: hiimmatt314 collected ($0.14)
Seat 9: Benoit1999 folded before Flop (didn't bet)



PokerStars Hand #233179049627:  Hold'em No Limit ($0.01/$0.02 USD) - 2022/01/15 21:04:50 PT [2022/01/16 0:04:50 ET]
Table 'Eltigen' 9-max Seat #4 is the button
Seat 1: GianniML ($2.67 in chips) 
Seat 2: Dorex2007 ($2.48 in chips) 
Seat 3: SvobodaPoker ($3.13 in chips) 
Seat 4: cr@sh test ($2 in chips) 
Seat 5: MelchiorF1 ($2.06 in chips) 
Seat 6: Dr_Thomsons ($2.30 in chips) 
Seat 7: warayama262 ($0.93 in chips) 
Seat 8: hiimmatt314 ($4.97 in chips) 
Seat 9: Benoit1999 ($2 in chips) 
MelchiorF1: posts small blind $0.01
Dr_Thomsons: posts big blind $0.02
*** HOLE CARDS ***
Dealt to Dorex2007 [9d 9s]
warayama262: raises $0.04 to $0.06
hiimmatt314: calls $0.06
Benoit1999: folds 
GianniML: folds 
Dorex2007: calls $0.06
SvobodaPoker: folds 
cr@sh test: calls $0.06
MelchiorF1: folds 
Dr_Thomsons: folds 
*** FLOP *** [Jh 3h Th]
warayama262: checks 
hiimmatt314: bets $0.02
Dorex2007: calls $0.02
cr@sh test: calls $0.02
warayama262: calls $0.02
*** TURN *** [Jh 3h Th] [6h]
warayama262: checks 
hiimmatt314: checks 
Dorex2007: checks 
cr@sh test: checks 
*** RIVER *** [Jh 3h Th 6h] [Qd]
warayama262: checks 
hiimmatt314: checks 
Dorex2007: bets $0.23
cr@sh test: folds 
warayama262: calls $0.23
hiimmatt314: folds 
*** SHOW DOWN ***
Dorex2007: shows [9d 9s] (a pair of Nines)
warayama262: shows [Kc 9c] (a straight, Nine to King)
warayama262 collected $0.78 from pot
*** SUMMARY ***
Total pot $0.81 | Rake $0.03 
Board [Jh 3h Th 6h Qd]
Seat 1: GianniML folded before Flop (didn't bet)
Seat 2: Dorex2007 showed [9d 9s] and lost with a pair of Nines
Seat 3: SvobodaPoker folded before Flop (didn't bet)
Seat 4: cr@sh test (button) folded on the River
Seat 5: MelchiorF1 (small blind) folded before Flop
Seat 6: Dr_Thomsons (big blind) folded before Flop
Seat 7: warayama262 showed [Kc 9c] and won ($0.78) with a straight, Nine to King
Seat 8: hiimmatt314 folded on the River
Seat 9: Benoit1999 folded before Flop (didn't bet)



PokerStars Hand #233179065477:  Hold'em No Limit ($0.01/$0.02 USD) - 2022/01/15 21:06:07 PT [2022/01/16 0:06:07 ET]
Table 'Eltigen' 9-max Seat #5 is the button
Seat 1: GianniML ($2.67 in chips) 
Seat 2: Dorex2007 ($2.17 in chips) 
Seat 3: SvobodaPoker ($3.13 in chips) 
Seat 4: cr@sh test ($2 in chips) 
Seat 5: MelchiorF1 ($2.05 in chips) 
Seat 6: Dr_Thomsons ($2.28 in chips) 
Seat 7: warayama262 ($1.40 in chips) 
Seat 8: hiimmatt314 ($4.89 in chips) 
Seat 9: Benoit1999 ($2 in chips) 
Dr_Thomsons: posts small blind $0.01
warayama262: posts big blind $0.02
*** HOLE CARDS ***
Dealt to Dorex2007 [Jh 8s]
hiimmatt314: raises $0.04 to $0.06
Benoit1999: folds 
GianniML: folds 
Dorex2007: folds 
SvobodaPoker: folds 
cr@sh test: folds 
MelchiorF1: folds 
Dr_Thomsons: folds 
warayama262: folds 
Uncalled bet ($0.04) returned to hiimmatt314
hiimmatt314 collected $0.05 from pot
hiimmatt314: doesn't show hand 
*** SUMMARY ***
Total pot $0.05 | Rake $0 
Seat 1: GianniML folded before Flop (didn't bet)
Seat 2: Dorex2007 folded before Flop (didn't bet)
Seat 3: SvobodaPoker folded before Flop (didn't bet)
Seat 4: cr@sh test folded before Flop (didn't bet)
Seat 5: MelchiorF1 (button) folded before Flop (didn't bet)
Seat 6: Dr_Thomsons (small blind) folded before Flop
Seat 7: warayama262 (big blind) folded before Flop
Seat 8: hiimmatt314 collected ($0.05)
Seat 9: Benoit1999 folded before Flop (didn't bet)



PokerStars Hand #233179069323:  Hold'em No Limit ($0.01/$0.02 USD) - 2022/01/15 21:06:27 PT [2022/01/16 0:06:27 ET]
Table 'Eltigen' 9-max Seat #6 is the button
Seat 1: GianniML ($2.67 in chips) 
Seat 2: Dorex2007 ($2.17 in chips) 
Seat 3: SvobodaPoker ($3.13 in chips) 
Seat 4: cr@sh test ($2 in chips) 
Seat 5: MelchiorF1 ($2.05 in chips) 
Seat 6: Dr_Thomsons ($2.27 in chips) 
Seat 7: warayama262 ($1.38 in chips) 
Seat 8: hiimmatt314 ($4.92 in chips) 
Seat 9: Benoit1999 ($2 in chips) 
warayama262: posts small blind $0.01
hiimmatt314: posts big blind $0.02
*** HOLE CARDS ***
Dealt to Dorex2007 [Ks Ts]
Benoit1999: folds 
GianniML: folds 
Dorex2007: raises $0.04 to $0.06
SvobodaPoker: folds 
cr@sh test: folds 
MelchiorF1: folds 
Dr_Thomsons: folds 
warayama262: folds 
hiimmatt314: folds 
Uncalled bet ($0.04) returned to Dorex2007
Dorex2007 collected $0.05 from pot
Dorex2007: doesn't show hand 
*** SUMMARY ***
Total pot $0.05 | Rake $0 
Seat 1: GianniML folded before Flop (didn't bet)
Seat 2: Dorex2007 collected ($0.05)
Seat 3: SvobodaPoker folded before Flop (didn't bet)
Seat 4: cr@sh test folded before Flop (didn't bet)
Seat 5: MelchiorF1 folded before Flop (didn't bet)
Seat 6: Dr_Thomsons (button) folded before Flop (didn't bet)
Seat 7: warayama262 (small blind) folded before Flop
Seat 8: hiimmatt314 (big blind) folded before Flop
Seat 9: Benoit1999 folded before Flop (didn't bet)



PokerStars Hand #233179073201:  Hold'em No Limit ($0.01/$0.02 USD) - 2022/01/15 21:06:48 PT [2022/01/16 0:06:48 ET]
Table 'Eltigen' 9-max Seat #7 is the button
Seat 1: GianniML ($2.67 in chips) 
Seat 2: Dorex2007 ($2.20 in chips) 
Seat 3: SvobodaPoker ($3.13 in chips) 
Seat 4: cr@sh test ($2 in chips) 
Seat 5: MelchiorF1 ($2.05 in chips) 
Seat 6: Dr_Thomsons ($2.27 in chips) 
Seat 7: warayama262 ($1.37 in chips) 
Seat 8: hiimmatt314 ($4.90 in chips) 
Seat 9: Benoit1999 ($2 in chips) 
hiimmatt314: posts small blind $0.01
Benoit1999: posts big blind $0.02
*** HOLE CARDS ***
Dealt to Dorex2007 [2d 6d]
GianniML: calls $0.02
Dorex2007: folds 
SvobodaPoker: folds 
cr@sh test: folds 
MelchiorF1: folds 
Dr_Thomsons: folds 
warayama262: folds 
hiimmatt314: raises $0.04 to $0.06
Benoit1999: folds 
GianniML: folds 
Uncalled bet ($0.04) returned to hiimmatt314
hiimmatt314 collected $0.06 from pot
hiimmatt314: doesn't show hand 
*** SUMMARY ***
Total pot $0.06 | Rake $0 
Seat 1: GianniML folded before Flop
Seat 2: Dorex2007 folded before Flop (didn't bet)
Seat 3: SvobodaPoker folded before Flop (didn't bet)
Seat 4: cr@sh test folded before Flop (didn't bet)
Seat 5: MelchiorF1 folded before Flop (didn't bet)
Seat 6: Dr_Thomsons folded before Flop (didn't bet)
Seat 7: warayama262 (button) folded before Flop (didn't bet)
Seat 8: hiimmatt314 (small blind) collected ($0.06)
Seat 9: Benoit1999 (big blind) folded before Flop



PokerStars Hand #233179078493:  Hold'em No Limit ($0.01/$0.02 USD) - 2022/01/15 21:07:16 PT [2022/01/16 0:07:16 ET]
Table 'Eltigen' 9-max Seat #8 is the button
Seat 1: GianniML ($2.65 in chips) 
Seat 2: Dorex2007 ($2.20 in chips) 
Seat 3: SvobodaPoker ($3.13 in chips) 
Seat 4: cr@sh test ($2 in chips) 
Seat 5: MelchiorF1 ($2.05 in chips) 
Seat 6: Dr_Thomsons ($2.27 in chips) 
Seat 7: warayama262 ($1.37 in chips) 
Seat 8: hiimmatt314 ($4.94 in chips) 
Seat 9: Benoit1999 ($2 in chips) 
Benoit1999: posts small blind $0.01
GianniML: posts big blind $0.02
*** HOLE CARDS ***
Dealt to Dorex2007 [8h 7h]
Dorex2007: folds 
SvobodaPoker: folds 
cr@sh test: folds 
MelchiorF1: folds 
Dr_Thomsons: folds 
warayama262: folds 
hiimmatt314 has timed out
hiimmatt314: folds 
Benoit1999: folds 
Uncalled bet ($0.01) returned to GianniML
GianniML collected $0.02 from pot
GianniML: doesn't show hand 
*** SUMMARY ***
Total pot $0.02 | Rake $0 
Seat 1: GianniML (big blind) collected ($0.02)
Seat 2: Dorex2007 folded before Flop (didn't bet)
Seat 3: SvobodaPoker folded before Flop (didn't bet)
Seat 4: cr@sh test folded before Flop (didn't bet)
Seat 5: MelchiorF1 folded before Flop (didn't bet)
Seat 6: Dr_Thomsons folded before Flop (didn't bet)
Seat 7: warayama262 folded before Flop (didn't bet)
Seat 8: hiimmatt314 (button) folded before Flop (didn't bet)
Seat 9: Benoit1999 (small blind) folded before Flop



PokerStars Hand #233179084633:  Hold'em No Limit ($0.01/$0.02 USD) - 2022/01/15 21:07:48 PT [2022/01/16 0:07:48 ET]
Table 'Eltigen' 9-max Seat #9 is the button
Seat 1: GianniML ($2.66 in chips) 
Seat 2: Dorex2007 ($2.20 in chips) 
Seat 3: SvobodaPoker ($3.13 in chips) 
Seat 4: cr@sh test ($2 in chips) 
Seat 5: MelchiorF1 ($2.05 in chips) 
Seat 6: Dr_Thomsons ($2.27 in chips) 
Seat 7: warayama262 ($1.37 in chips) 
Seat 9: Benoit1999 ($2 in chips) 
GianniML: posts small blind $0.01
Dorex2007: posts big blind $0.02
*** HOLE CARDS ***
Dealt to Dorex2007 [Ks Ts]
SvobodaPoker: folds 
cr@sh test: folds 
MelchiorF1: raises $0.02 to $0.04
Dr_Thomsons: calls $0.04
warayama262: folds 
Benoit1999: folds 
GianniML: folds 
Dorex2007: calls $0.02
*** FLOP *** [Qh 6c Qc]
Dorex2007: checks 
MelchiorF1: checks 
Dr_Thomsons: bets $0.13
Dorex2007: folds 
MelchiorF1: folds 
Uncalled bet ($0.13) returned to Dr_Thomsons
Dr_Thomsons collected $0.13 from pot
Dr_Thomsons: doesn't show hand 
*** SUMMARY ***
Total pot $0.13 | Rake $0 
Board [Qh 6c Qc]
Seat 1: GianniML (small blind) folded before Flop
Seat 2: Dorex2007 (big blind) folded on the Flop
Seat 3: SvobodaPoker folded before Flop (didn't bet)
Seat 4: cr@sh test folded before Flop (didn't bet)
Seat 5: MelchiorF1 folded on the Flop
Seat 6: Dr_Thomsons collected ($0.13)
Seat 7: warayama262 folded before Flop (didn't bet)
Seat 9: Benoit1999 (button) folded before Flop (didn't bet)



PokerStars Hand #233179093580:  Hold'em No Limit ($0.01/$0.02 USD) - 2022/01/15 21:08:35 PT [2022/01/16 0:08:35 ET]
Table 'Eltigen' 9-max Seat #1 is the button
Seat 1: GianniML ($2.65 in chips) 
Seat 2: Dorex2007 ($2.16 in chips) 
Seat 3: SvobodaPoker ($3.13 in chips) 
Seat 4: cr@sh test ($2 in chips) 
Seat 5: MelchiorF1 ($2.01 in chips) 
Seat 6: Dr_Thomsons ($2.36 in chips) 
Seat 7: warayama262 ($1.37 in chips) 
Seat 8: hiimmatt314 ($4.94 in chips) 
Seat 9: Benoit1999 ($2 in chips) 
Dorex2007: posts small blind $0.01
SvobodaPoker: posts big blind $0.02
*** HOLE CARDS ***
Dealt to Dorex2007 [9s 4d]
cr@sh test: calls $0.02
MelchiorF1: folds 
Dr_Thomsons: folds 
warayama262: folds 
hiimmatt314: raises $0.26 to $0.28
Benoit1999: folds 
GianniML: folds 
Dorex2007: folds 
SvobodaPoker: folds 
cr@sh test: folds 
Uncalled bet ($0.26) returned to hiimmatt314
hiimmatt314 collected $0.07 from pot
hiimmatt314: doesn't show hand 
*** SUMMARY ***
Total pot $0.07 | Rake $0 
Seat 1: GianniML (button) folded before Flop (didn't bet)
Seat 2: Dorex2007 (small blind) folded before Flop
Seat 3: SvobodaPoker (big blind) folded before Flop
Seat 4: cr@sh test folded before Flop
Seat 5: MelchiorF1 folded before Flop (didn't bet)
Seat 6: Dr_Thomsons folded before Flop (didn't bet)
Seat 7: warayama262 folded before Flop (didn't bet)
Seat 8: hiimmatt314 collected ($0.07)
Seat 9: Benoit1999 folded before Flop (didn't bet)



PokerStars Hand #233179099407:  Hold'em No Limit ($0.01/$0.02 USD) - 2022/01/15 21:09:06 PT [2022/01/16 0:09:06 ET]
Table 'Eltigen' 9-max Seat #2 is the button
Seat 1: GianniML ($2.65 in chips) 
Seat 2: Dorex2007 ($2.15 in chips) 
Seat 3: SvobodaPoker ($3.11 in chips) 
Seat 4: cr@sh test ($2 in chips) 
Seat 5: MelchiorF1 ($2.01 in chips) 
Seat 6: Dr_Thomsons ($2.36 in chips) 
Seat 7: warayama262 ($1.37 in chips) 
Seat 8: hiimmatt314 ($4.99 in chips) 
Seat 9: Benoit1999 ($2 in chips) 
SvobodaPoker: posts small blind $0.01
cr@sh test: posts big blind $0.02
*** HOLE CARDS ***
Dealt to Dorex2007 [Td 2s]
MelchiorF1: folds 
Dr_Thomsons: folds 
warayama262: folds 
hiimmatt314: raises $0.10 to $0.12
Benoit1999: folds 
GianniML: folds 
Dorex2007: folds 
SvobodaPoker: folds 
cr@sh test: folds 
Uncalled bet ($0.10) returned to hiimmatt314
hiimmatt314 collected $0.05 from pot
hiimmatt314: doesn't show hand 
*** SUMMARY ***
Total pot $0.05 | Rake $0 
Seat 1: GianniML folded before Flop (didn't bet)
Seat 2: Dorex2007 (button) folded before Flop (didn't bet)
Seat 3: SvobodaPoker (small blind) folded before Flop
Seat 4: cr@sh test (big blind) folded before Flop
Seat 5: MelchiorF1 folded before Flop (didn't bet)
Seat 6: Dr_Thomsons folded before Flop (didn't bet)
Seat 7: warayama262 folded before Flop (didn't bet)
Seat 8: hiimmatt314 collected ($0.05)
Seat 9: Benoit1999 folded before Flop (didn't bet)



PokerStars Hand #233179104769:  Hold'em No Limit ($0.01/$0.02 USD) - 2022/01/15 21:09:34 PT [2022/01/16 0:09:34 ET]
Table 'Eltigen' 9-max Seat #3 is the button
Seat 1: GianniML ($2.65 in chips) 
Seat 2: Dorex2007 ($2.15 in chips) 
Seat 3: SvobodaPoker ($3.10 in chips) 
Seat 4: cr@sh test ($2 in chips) 
Seat 5: MelchiorF1 ($2.01 in chips) 
Seat 6: Dr_Thomsons ($2.36 in chips) 
Seat 7: warayama262 ($1.37 in chips) 
Seat 8: hiimmatt314 ($5.02 in chips) 
Seat 9: Benoit1999 ($2 in chips) 
cr@sh test: posts small blind $0.01
MelchiorF1: posts big blind $0.02
*** HOLE CARDS ***
Dealt to Dorex2007 [Ks 2c]
Dr_Thomsons: folds 
warayama262: folds 
hiimmatt314: folds 
Benoit1999: raises $0.03 to $0.05
GianniML: folds 
Dorex2007: folds 
SvobodaPoker: raises $0.13 to $0.18
cr@sh test: folds 
MelchiorF1: folds 
Benoit1999: calls $0.13
*** FLOP *** [6d 5s Qh]
Benoit1999: checks 
SvobodaPoker: bets $0.19
Benoit1999: calls $0.19
*** TURN *** [6d 5s Qh] [4h]
Benoit1999: checks 
SvobodaPoker: checks 
*** RIVER *** [6d 5s Qh 4h] [Kd]
Benoit1999: checks 
SvobodaPoker: checks 
*** SHOW DOWN ***
Benoit1999: shows [Ts Th] (a pair of Tens)
SvobodaPoker: shows [As Kh] (a pair of Kings)
SvobodaPoker collected $0.74 from pot
*** SUMMARY ***
Total pot $0.77 | Rake $0.03 
Board [6d 5s Qh 4h Kd]
Seat 1: GianniML folded before Flop (didn't bet)
Seat 2: Dorex2007 folded before Flop (didn't bet)
Seat 3: SvobodaPoker (button) showed [As Kh] and won ($0.74) with a pair of Kings
Seat 4: cr@sh test (small blind) folded before Flop
Seat 5: MelchiorF1 (big blind) folded before Flop
Seat 6: Dr_Thomsons folded before Flop (didn't bet)
Seat 7: warayama262 folded before Flop (didn't bet)
Seat 8: hiimmatt314 folded before Flop (didn't bet)
Seat 9: Benoit1999 showed [Ts Th] and lost with a pair of Tens



PokerStars Hand #233179123482:  Hold'em No Limit ($0.01/$0.02 USD) - 2022/01/15 21:10:36 PT [2022/01/16 0:10:36 ET]
Table 'Eltigen' 9-max Seat #4 is the button
Seat 1: GianniML ($2.65 in chips) 
Seat 2: Dorex2007 ($2.15 in chips) 
Seat 3: SvobodaPoker ($3.47 in chips) 
Seat 4: cr@sh test ($2 in chips) 
Seat 5: MelchiorF1 ($2 in chips) 
Seat 6: Dr_Thomsons ($2.36 in chips) 
Seat 7: warayama262 ($1.37 in chips) 
Seat 8: hiimmatt314 ($5.02 in chips) 
Seat 9: Benoit1999 ($2 in chips) 
MelchiorF1: posts small blind $0.01
Dr_Thomsons: posts big blind $0.02
*** HOLE CARDS ***
Dealt to Dorex2007 [7s 2c]
warayama262: folds 
hiimmatt314: folds 
Benoit1999: raises $0.03 to $0.05
GianniML: folds 
Dorex2007: folds 
SvobodaPoker: folds 
cr@sh test: folds 
MelchiorF1: folds 
Dr_Thomsons: calls $0.03
*** FLOP *** [3d 5d Js]
Dr_Thomsons: checks 
Benoit1999: bets $0.04
Dr_Thomsons: folds 
Uncalled bet ($0.04) returned to Benoit1999
Benoit1999 collected $0.11 from pot
*** SUMMARY ***
Total pot $0.11 | Rake $0 
Board [3d 5d Js]
Seat 1: GianniML folded before Flop (didn't bet)
Seat 2: Dorex2007 folded before Flop (didn't bet)
Seat 3: SvobodaPoker folded before Flop (didn't bet)
Seat 4: cr@sh test (button) folded before Flop (didn't bet)
Seat 5: MelchiorF1 (small blind) folded before Flop
Seat 6: Dr_Thomsons (big blind) folded on the Flop
Seat 7: warayama262 folded before Flop (didn't bet)
Seat 8: hiimmatt314 folded before Flop (didn't bet)
Seat 9: Benoit1999 collected ($0.11)



PokerStars Hand #233179130078:  Hold'em No Limit ($0.01/$0.02 USD) - 2022/01/15 21:11:10 PT [2022/01/16 0:11:10 ET]
Table 'Eltigen' 9-max Seat #5 is the button
Seat 1: GianniML ($2.65 in chips) 
Seat 2: Dorex2007 ($2.15 in chips) 
Seat 3: SvobodaPoker ($3.47 in chips) 
Seat 4: cr@sh test ($2 in chips) 
Seat 5: MelchiorF1 ($2 in chips) 
Seat 6: Dr_Thomsons ($2.31 in chips) 
Seat 7: warayama262 ($1.37 in chips) 
Seat 8: hiimmatt314 ($5.02 in chips) 
Seat 9: Benoit1999 ($2.06 in chips) 
Dr_Thomsons: posts small blind $0.01
warayama262: posts big blind $0.02
*** HOLE CARDS ***
Dealt to Dorex2007 [4c 8s]
hiimmatt314: folds 
Benoit1999: folds 
GianniML: folds 
Dorex2007: folds 
SvobodaPoker: folds 
cr@sh test: raises $0.04 to $0.06
MelchiorF1: folds 
Dr_Thomsons: folds 
warayama262: calls $0.04
*** FLOP *** [9h Jh 6c]
warayama262: checks 
cr@sh test: checks 
*** TURN *** [9h Jh 6c] [3d]
warayama262: checks 
cr@sh test: checks 
*** RIVER *** [9h Jh 6c 3d] [Qh]
warayama262: bets $0.07
cr@sh test: folds 
Uncalled bet ($0.07) returned to warayama262
warayama262 collected $0.13 from pot
warayama262: doesn't show hand 
*** SUMMARY ***
Total pot $0.13 | Rake $0 
Board [9h Jh 6c 3d Qh]
Seat 1: GianniML folded before Flop (didn't bet)
Seat 2: Dorex2007 folded before Flop (didn't bet)
Seat 3: SvobodaPoker folded before Flop (didn't bet)
Seat 4: cr@sh test folded on the River
Seat 5: MelchiorF1 (button) folded before Flop (didn't bet)
Seat 6: Dr_Thomsons (small blind) folded before Flop
Seat 7: warayama262 (big blind) collected ($0.13)
Seat 8: hiimmatt314 folded before Flop (didn't bet)
Seat 9: Benoit1999 folded before Flop (didn't bet)



PokerStars Hand #233179137975:  Hold'em No Limit ($0.01/$0.02 USD) - 2022/01/15 21:11:51 PT [2022/01/16 0:11:51 ET]
Table 'Eltigen' 9-max Seat #6 is the button
Seat 1: GianniML ($2.65 in chips) 
Seat 2: Dorex2007 ($2.15 in chips) 
Seat 3: SvobodaPoker ($3.47 in chips) 
Seat 4: cr@sh test ($2 in chips) 
Seat 5: MelchiorF1 ($2 in chips) 
Seat 6: Dr_Thomsons ($2.30 in chips) 
Seat 7: warayama262 ($1.44 in chips) 
Seat 8: hiimmatt314 ($5.02 in chips) 
Seat 9: Benoit1999 ($2.06 in chips) 
warayama262: posts small blind $0.01
hiimmatt314: posts big blind $0.02
*** HOLE CARDS ***
Dealt to Dorex2007 [5c 3d]
Benoit1999: folds 
GianniML: folds 
Dorex2007: folds 
SvobodaPoker: folds 
cr@sh test: folds 
MelchiorF1: folds 
Dr_Thomsons: raises $0.05 to $0.07
warayama262: raises $0.05 to $0.12
hiimmatt314: folds 
Dr_Thomsons: calls $0.05
*** FLOP *** [2s 3c 7s]
warayama262: checks 
Dr_Thomsons: bets $0.25
warayama262: calls $0.25
*** TURN *** [2s 3c 7s] [Qh]
warayama262: checks 
Dr_Thomsons: bets $0.73
warayama262: calls $0.73
*** RIVER *** [2s 3c 7s Qh] [7h]
warayama262: checks 
Dr_Thomsons: bets $1.20 and is all-in
warayama262: calls $0.34 and is all-in
Uncalled bet ($0.86) returned to Dr_Thomsons
*** SHOW DOWN ***
Dr_Thomsons: shows [Js Jd] (two pair, Jacks and Sevens)
warayama262: shows [As Ac] (two pair, Aces and Sevens)
warayama262 collected $2.80 from pot
*** SUMMARY ***
Total pot $2.90 | Rake $0.10 
Board [2s 3c 7s Qh 7h]
Seat 1: GianniML folded before Flop (didn't bet)
Seat 2: Dorex2007 folded before Flop (didn't bet)
Seat 3: SvobodaPoker folded before Flop (didn't bet)
Seat 4: cr@sh test folded before Flop (didn't bet)
Seat 5: MelchiorF1 folded before Flop (didn't bet)
Seat 6: Dr_Thomsons (button) showed [Js Jd] and lost with two pair, Jacks and Sevens
Seat 7: warayama262 (small blind) showed [As Ac] and won ($2.80) with two pair, Aces and Sevens
Seat 8: hiimmatt314 (big blind) folded before Flop
Seat 9: Benoit1999 folded before Flop (didn't bet)



PokerStars Hand #233179149379:  Hold'em No Limit ($0.01/$0.02 USD) - 2022/01/15 21:12:50 PT [2022/01/16 0:12:50 ET]
Table 'Eltigen' 9-max Seat #7 is the button
Seat 1: GianniML ($2.65 in chips) 
Seat 2: Dorex2007 ($2.15 in chips) 
Seat 3: SvobodaPoker ($3.47 in chips) 
Seat 4: cr@sh test ($2 in chips) 
Seat 5: MelchiorF1 ($2 in chips) 
Seat 6: Dr_Thomsons ($0.86 in chips) 
Seat 7: warayama262 ($2.80 in chips) 
Seat 8: hiimmatt314 ($5 in chips) 
Seat 9: Benoit1999 ($2.06 in chips) 
hiimmatt314: posts small blind $0.01
Benoit1999: posts big blind $0.02
*** HOLE CARDS ***
Dealt to Dorex2007 [Qd Jh]
GianniML: folds 
Dorex2007: raises $0.02 to $0.04
SvobodaPoker: raises $0.02 to $0.06
cr@sh test: folds 
MelchiorF1: folds 
Dr_Thomsons: raises $0.80 to $0.86 and is all-in
warayama262: folds 
hiimmatt314: folds 
Benoit1999: folds 
Dorex2007: calls $0.82
SvobodaPoker: calls $0.80
*** FLOP *** [7c 5s Qh]
Dorex2007: bets $1.29 and is all-in
SvobodaPoker: folds 
Uncalled bet ($1.29) returned to Dorex2007
*** TURN *** [7c 5s Qh] [Kc]
*** RIVER *** [7c 5s Qh Kc] [3h]
*** SHOW DOWN ***
Dorex2007: shows [Qd Jh] (a pair of Queens)
Dr_Thomsons: shows [Ac Kh] (a pair of Kings)
Dorex2007 cashed out the hand for $1.92 | Cash Out Fee $0.02
Dr_Thomsons cashed out the hand for $0.57 | Cash Out Fee $0.01
*** SUMMARY ***
Total pot $2.61 | Rake $0.09 
Board [7c 5s Qh Kc 3h]
Seat 1: GianniML folded before Flop (didn't bet)
Seat 2: Dorex2007 showed [Qd Jh] and lost with a pair of Queens (cashed out).
Seat 3: SvobodaPoker folded on the Flop
Seat 4: cr@sh test folded before Flop (didn't bet)
Seat 5: MelchiorF1 folded before Flop (didn't bet)
Seat 6: Dr_Thomsons showed [Ac Kh] and won ($2.52) with a pair of Kings (pot not awarded as player cashed out)
Seat 7: warayama262 (button) folded before Flop (didn't bet)
Seat 8: hiimmatt314 (small blind) folded before Flop
Seat 9: Benoit1999 (big blind) folded before Flop



PokerStars Hand #233179160363:  Hold'em No Limit ($0.01/$0.02 USD) - 2022/01/15 21:13:48 PT [2022/01/16 0:13:48 ET]
Table 'Eltigen' 9-max Seat #8 is the button
Seat 1: GianniML ($2.65 in chips) 
Seat 2: Dorex2007 ($3.21 in chips) 
Seat 3: SvobodaPoker ($2.61 in chips) 
Seat 4: cr@sh test ($2 in chips) 
Seat 5: MelchiorF1 ($2 in chips) 
Seat 6: Dr_Thomsons ($0.57 in chips) 
Seat 7: warayama262 ($2.80 in chips) 
Seat 8: hiimmatt314 ($4.99 in chips) 
Seat 9: Benoit1999 ($2.04 in chips) 
Benoit1999: posts small blind $0.01
GianniML: posts big blind $0.02
*** HOLE CARDS ***
Dealt to Dorex2007 [6s Ad]
Dorex2007: folds 
SvobodaPoker: folds 
cr@sh test: folds 
MelchiorF1: folds 
Dr_Thomsons: folds 
Dr_Thomsons leaves the table
warayama262: folds 
hiimmatt314: folds 
Benoit1999: raises $0.04 to $0.06
abufirs joins the table at seat #6 
GianniML: folds 
Uncalled bet ($0.04) returned to Benoit1999
Benoit1999 collected $0.04 from pot
*** SUMMARY ***
Total pot $0.04 | Rake $0 
Seat 1: GianniML (big blind) folded before Flop
Seat 2: Dorex2007 folded before Flop (didn't bet)
Seat 3: SvobodaPoker folded before Flop (didn't bet)
Seat 4: cr@sh test folded before Flop (didn't bet)
Seat 5: MelchiorF1 folded before Flop (didn't bet)
Seat 6: Dr_Thomsons folded before Flop (didn't bet)
Seat 7: warayama262 folded before Flop (didn't bet)
Seat 8: hiimmatt314 (button) folded before Flop (didn't bet)
Seat 9: Benoit1999 (small blind) collected ($0.04)



PokerStars Hand #233179166992:  Hold'em No Limit ($0.01/$0.02 USD) - 2022/01/15 21:14:23 PT [2022/01/16 0:14:23 ET]
Table 'Eltigen' 9-max Seat #9 is the button
Seat 1: GianniML ($2.63 in chips) 
Seat 2: Dorex2007 ($3.21 in chips) 
Seat 3: SvobodaPoker ($2.61 in chips) 
Seat 4: cr@sh test ($2 in chips) 
Seat 5: MelchiorF1 ($2 in chips) 
Seat 7: warayama262 ($2.80 in chips) 
Seat 8: hiimmatt314 ($4.99 in chips) 
Seat 9: Benoit1999 ($2.06 in chips) 
GianniML: posts small blind $0.01
Dorex2007: posts big blind $0.02
abufirs: sits out 
*** HOLE CARDS ***
Dealt to Dorex2007 [Js 7s]
SvobodaPoker: folds 
cr@sh test: folds 
MelchiorF1: folds 
Dorex2007 said, "LOL calling there was a misclick"
warayama262: raises $0.04 to $0.06
hiimmatt314: folds 
Benoit1999: folds 
GianniML: folds 
Dorex2007: folds 
Uncalled bet ($0.04) returned to warayama262
warayama262 collected $0.05 from pot
warayama262: doesn't show hand 
*** SUMMARY ***
Total pot $0.05 | Rake $0 
Seat 1: GianniML (small blind) folded before Flop
Seat 2: Dorex2007 (big blind) folded before Flop
Seat 3: SvobodaPoker folded before Flop (didn't bet)
Seat 4: cr@sh test folded before Flop (didn't bet)
Seat 5: MelchiorF1 folded before Flop (didn't bet)
Seat 7: warayama262 collected ($0.05)
Seat 8: hiimmatt314 folded before Flop (didn't bet)
Seat 9: Benoit1999 (button) folded before Flop (didn't bet)



PokerStars Hand #233179171257:  Hold'em No Limit ($0.01/$0.02 USD) - 2022/01/15 21:14:45 PT [2022/01/16 0:14:45 ET]
Table 'Eltigen' 9-max Seat #1 is the button
Seat 1: GianniML ($2.62 in chips) 
Seat 2: Dorex2007 ($3.19 in chips) 
Seat 3: SvobodaPoker ($2.61 in chips) 
Seat 4: cr@sh test ($2 in chips) 
Seat 5: MelchiorF1 ($2 in chips) 
Seat 7: warayama262 ($2.83 in chips) 
Seat 8: hiimmatt314 ($4.99 in chips) 
Seat 9: Benoit1999 ($2.06 in chips) 
Dorex2007: posts small blind $0.01
SvobodaPoker: posts big blind $0.02
abufirs: sits out 
*** HOLE CARDS ***
Dealt to Dorex2007 [Ac 7h]
cr@sh test: folds 
MelchiorF1: raises $0.04 to $0.06
warayama262: folds 
hiimmatt314: calls $0.06
Benoit1999: folds 
GianniML: calls $0.06
Dorex2007: folds 
SvobodaPoker: folds 
*** FLOP *** [4h 3h 5s]
MelchiorF1: bets $0.10
hiimmatt314: calls $0.10
GianniML: raises $0.22 to $0.32
MelchiorF1: folds 
hiimmatt314: calls $0.22
*** TURN *** [4h 3h 5s] [6s]
hiimmatt314: checks 
GianniML: bets $0.48
hiimmatt314: folds 
Uncalled bet ($0.48) returned to GianniML
GianniML collected $0.92 from pot
GianniML: doesn't show hand 
*** SUMMARY ***
Total pot $0.95 | Rake $0.03 
Board [4h 3h 5s 6s]
Seat 1: GianniML (button) collected ($0.92)
Seat 2: Dorex2007 (small blind) folded before Flop
Seat 3: SvobodaPoker (big blind) folded before Flop
Seat 4: cr@sh test folded before Flop (didn't bet)
Seat 5: MelchiorF1 folded on the Flop
Seat 7: warayama262 folded before Flop (didn't bet)
Seat 8: hiimmatt314 folded on the Turn
Seat 9: Benoit1999 folded before Flop (didn't bet)



PokerStars Hand #233179184169:  Hold'em No Limit ($0.01/$0.02 USD) - 2022/01/15 21:15:54 PT [2022/01/16 0:15:54 ET]
Table 'Eltigen' 9-max Seat #2 is the button
Seat 1: GianniML ($3.16 in chips) 
Seat 2: Dorex2007 ($3.18 in chips) 
Seat 3: SvobodaPoker ($2.59 in chips) 
Seat 4: cr@sh test ($2 in chips) 
Seat 5: MelchiorF1 ($2 in chips) 
Seat 7: warayama262 ($2.83 in chips) 
Seat 8: hiimmatt314 ($4.61 in chips) 
Seat 9: Benoit1999 ($2.06 in chips) 
SvobodaPoker: posts small blind $0.01
cr@sh test: posts big blind $0.02
abufirs: sits out 
*** HOLE CARDS ***
Dealt to Dorex2007 [Jc As]
MelchiorF1: folds 
warayama262: folds 
hiimmatt314: folds 
Benoit1999: folds 
GianniML: folds 
Dorex2007: raises $0.02 to $0.04
SvobodaPoker: folds 
cr@sh test: folds 
Uncalled bet ($0.02) returned to Dorex2007
Dorex2007 collected $0.05 from pot
Dorex2007: doesn't show hand 
*** SUMMARY ***
Total pot $0.05 | Rake $0 
Seat 1: GianniML folded before Flop (didn't bet)
Seat 2: Dorex2007 (button) collected ($0.05)
Seat 3: SvobodaPoker (small blind) folded before Flop
Seat 4: cr@sh test (big blind) folded before Flop
Seat 5: MelchiorF1 folded before Flop (didn't bet)
Seat 7: warayama262 folded before Flop (didn't bet)
Seat 8: hiimmatt314 folded before Flop (didn't bet)
Seat 9: Benoit1999 folded before Flop (didn't bet)



PokerStars Hand #233179187721:  Hold'em No Limit ($0.01/$0.02 USD) - 2022/01/15 21:16:12 PT [2022/01/16 0:16:12 ET]
Table 'Eltigen' 9-max Seat #3 is the button
Seat 1: GianniML ($3.16 in chips) 
Seat 2: Dorex2007 ($3.21 in chips) 
Seat 3: SvobodaPoker ($2.58 in chips) 
Seat 4: cr@sh test ($2 in chips) 
Seat 5: MelchiorF1 ($2 in chips) 
Seat 7: warayama262 ($2.83 in chips) 
Seat 8: hiimmatt314 ($4.61 in chips) 
Seat 9: Benoit1999 ($2.06 in chips) 
cr@sh test: posts small blind $0.01
MelchiorF1: posts big blind $0.02
abufirs: sits out 
*** HOLE CARDS ***
Dealt to Dorex2007 [3s 5d]
warayama262: folds 
hiimmatt314: folds 
Benoit1999: folds 
GianniML: calls $0.02
Dorex2007: folds 
SvobodaPoker: folds 
cr@sh test: folds 
MelchiorF1: raises $0.04 to $0.06
GianniML: folds 
Uncalled bet ($0.04) returned to MelchiorF1
MelchiorF1 collected $0.05 from pot
MelchiorF1: doesn't show hand 
*** SUMMARY ***
Total pot $0.05 | Rake $0 
Seat 1: GianniML folded before Flop
Seat 2: Dorex2007 folded before Flop (didn't bet)
Seat 3: SvobodaPoker (button) folded before Flop (didn't bet)
Seat 4: cr@sh test (small blind) folded before Flop
Seat 5: MelchiorF1 (big blind) collected ($0.05)
Seat 7: warayama262 folded before Flop (didn't bet)
Seat 8: hiimmatt314 folded before Flop (didn't bet)
Seat 9: Benoit1999 folded before Flop (didn't bet)



PokerStars Hand #233179194169:  Hold'em No Limit ($0.01/$0.02 USD) - 2022/01/15 21:16:47 PT [2022/01/16 0:16:47 ET]
Table 'Eltigen' 9-max Seat #4 is the button
Seat 1: GianniML ($3.14 in chips) 
Seat 2: Dorex2007 ($3.21 in chips) 
Seat 3: SvobodaPoker ($2.58 in chips) 
Seat 4: cr@sh test ($2 in chips) 
Seat 5: MelchiorF1 ($2.03 in chips) 
Seat 6: abufirs ($1.83 in chips) 
Seat 7: warayama262 ($2.83 in chips) 
Seat 8: hiimmatt314 ($4.61 in chips) 
Seat 9: Benoit1999 ($2.06 in chips) 
MelchiorF1: posts small blind $0.01
abufirs: posts big blind $0.02
*** HOLE CARDS ***
Dealt to Dorex2007 [Ac 9c]
warayama262: raises $0.04 to $0.06
hiimmatt314: folds 
Benoit1999: folds 
GianniML: folds 
Dorex2007: calls $0.06
SvobodaPoker: folds 
cr@sh test: calls $0.06
MelchiorF1: folds 
abufirs: calls $0.04
*** FLOP *** [Ah 2s 5s]
abufirs: checks 
warayama262: checks 
Dorex2007: bets $0.12
cr@sh test: folds 
abufirs: folds 
warayama262: calls $0.12
*** TURN *** [Ah 2s 5s] [6d]
warayama262: checks 
Dorex2007: checks 
*** RIVER *** [Ah 2s 5s 6d] [8h]
warayama262: checks 
Dorex2007: checks 
*** SHOW DOWN ***
warayama262: shows [9d 9s] (a pair of Nines)
Dorex2007: shows [Ac 9c] (a pair of Aces)
Dorex2007 collected $0.47 from pot
*** SUMMARY ***
Total pot $0.49 | Rake $0.02 
Board [Ah 2s 5s 6d 8h]
Seat 1: GianniML folded before Flop (didn't bet)
Seat 2: Dorex2007 showed [Ac 9c] and won ($0.47) with a pair of Aces
Seat 3: SvobodaPoker folded before Flop (didn't bet)
Seat 4: cr@sh test (button) folded on the Flop
Seat 5: MelchiorF1 (small blind) folded before Flop
Seat 6: abufirs (big blind) folded on the Flop
Seat 7: warayama262 showed [9d 9s] and lost with a pair of Nines
Seat 8: hiimmatt314 folded before Flop (didn't bet)
Seat 9: Benoit1999 folded before Flop (didn't bet)



PokerStars Hand #233179203189:  Hold'em No Limit ($0.01/$0.02 USD) - 2022/01/15 21:17:35 PT [2022/01/16 0:17:35 ET]
Table 'Eltigen' 9-max Seat #5 is the button
Seat 1: GianniML ($3.14 in chips) 
Seat 2: Dorex2007 ($3.50 in chips) 
Seat 3: SvobodaPoker ($2.58 in chips) 
Seat 4: cr@sh test ($2 in chips) 
Seat 5: MelchiorF1 ($2.02 in chips) 
Seat 6: abufirs ($1.77 in chips) 
Seat 7: warayama262 ($2.65 in chips) 
Seat 8: hiimmatt314 ($4.61 in chips) 
Seat 9: Benoit1999 ($2.06 in chips) 
abufirs: posts small blind $0.01
warayama262: posts big blind $0.02
*** HOLE CARDS ***
Dealt to Dorex2007 [Tc 7d]
hiimmatt314: folds 
Benoit1999: folds 
GianniML: calls $0.02
Dorex2007: folds 
SvobodaPoker: raises $0.04 to $0.06
cr@sh test: calls $0.06
MelchiorF1: folds 
abufirs: folds 
warayama262: calls $0.04
GianniML: calls $0.04
*** FLOP *** [7s 3h 5c]
warayama262: checks 
GianniML: checks 
SvobodaPoker: checks 
cr@sh test: bets $0.16
warayama262: calls $0.16
GianniML: folds 
SvobodaPoker: folds 
*** TURN *** [7s 3h 5c] [7h]
warayama262: checks 
cr@sh test: bets $0.28
warayama262: folds 
Uncalled bet ($0.28) returned to cr@sh test
cr@sh test collected $0.55 from pot
cr@sh test: doesn't show hand 
*** SUMMARY ***
Total pot $0.57 | Rake $0.02 
Board [7s 3h 5c 7h]
Seat 1: GianniML folded on the Flop
Seat 2: Dorex2007 folded before Flop (didn't bet)
Seat 3: SvobodaPoker folded on the Flop
Seat 4: cr@sh test collected ($0.55)
Seat 5: MelchiorF1 (button) folded before Flop (didn't bet)
Seat 6: abufirs (small blind) folded before Flop
Seat 7: warayama262 (big blind) folded on the Turn
Seat 8: hiimmatt314 folded before Flop (didn't bet)
Seat 9: Benoit1999 folded before Flop (didn't bet)



PokerStars Hand #233179216145:  Hold'em No Limit ($0.01/$0.02 USD) - 2022/01/15 21:18:28 PT [2022/01/16 0:18:28 ET]
Table 'Eltigen' 9-max Seat #6 is the button
Seat 1: GianniML ($3.08 in chips) 
Seat 2: Dorex2007 ($3.50 in chips) 
Seat 3: SvobodaPoker ($2.52 in chips) 
Seat 4: cr@sh test ($2.33 in chips) 
Seat 5: MelchiorF1 ($2.02 in chips) 
Seat 6: abufirs ($1.76 in chips) 
Seat 7: warayama262 ($2.43 in chips) 
Seat 8: hiimmatt314 ($4.61 in chips) 
Seat 9: Benoit1999 ($2.06 in chips) 
warayama262: posts small blind $0.01
hiimmatt314: posts big blind $0.02
*** HOLE CARDS ***
Dealt to Dorex2007 [6s 3s]
Benoit1999: folds 
GianniML: folds 
Dorex2007: folds 
SvobodaPoker has timed out
SvobodaPoker: folds 
cr@sh test: folds 
MelchiorF1: raises $0.04 to $0.06
abufirs: folds 
warayama262: folds 
hiimmatt314: calls $0.04
*** FLOP *** [2c Kc Qs]
hiimmatt314: bets $0.07
MelchiorF1: folds 
Uncalled bet ($0.07) returned to hiimmatt314
hiimmatt314 collected $0.13 from pot
hiimmatt314: doesn't show hand 
*** SUMMARY ***
Total pot $0.13 | Rake $0 
Board [2c Kc Qs]
Seat 1: GianniML folded before Flop (didn't bet)
Seat 2: Dorex2007 folded before Flop (didn't bet)
Seat 3: SvobodaPoker folded before Flop (didn't bet)
Seat 4: cr@sh test folded before Flop (didn't bet)
Seat 5: MelchiorF1 folded on the Flop
Seat 6: abufirs (button) folded before Flop (didn't bet)
Seat 7: warayama262 (small blind) folded before Flop
Seat 8: hiimmatt314 (big blind) collected ($0.13)
Seat 9: Benoit1999 folded before Flop (didn't bet)



PokerStars Hand #233179266039:  Hold'em No Limit ($0.01/$0.02 USD) - 2022/01/15 21:22:51 PT [2022/01/16 0:22:51 ET]
Table 'Eltigen' 9-max Seat #3 is the button
Seat 1: GianniML ($3.31 in chips) 
Seat 2: Dorex2007 ($3.50 in chips) 
Seat 3: SvobodaPoker ($2.45 in chips) 
Seat 4: cr@sh test ($2.31 in chips) 
Seat 5: MelchiorF1 ($2.03 in chips) 
Seat 6: abufirs ($1.42 in chips) 
Seat 7: warayama262 ($1.91 in chips) 
Seat 8: hiimmatt314 ($5.32 in chips) 
Seat 9: Benoit1999 ($2.03 in chips) 
cr@sh test: posts small blind $0.01
MelchiorF1: posts big blind $0.02
Dorex2007: posts small & big blinds $0.03
*** HOLE CARDS ***
Dealt to Dorex2007 [Js 7h]
abufirs: folds 
warayama262: folds 
hiimmatt314: raises $0.04 to $0.06
Benoit1999: folds 
GianniML: folds 
Dorex2007: folds 
SvobodaPoker: folds 
cr@sh test: folds 
MelchiorF1: folds 
Uncalled bet ($0.04) returned to hiimmatt314
hiimmatt314 collected $0.08 from pot
hiimmatt314: doesn't show hand 
*** SUMMARY ***
Total pot $0.08 | Rake $0 
Seat 1: GianniML folded before Flop (didn't bet)
Seat 2: Dorex2007 folded before Flop (didn't bet)
Seat 3: SvobodaPoker (button) folded before Flop (didn't bet)
Seat 4: cr@sh test (small blind) folded before Flop
Seat 5: MelchiorF1 (big blind) folded before Flop
Seat 6: abufirs folded before Flop (didn't bet)
Seat 7: warayama262 folded before Flop (didn't bet)
Seat 8: hiimmatt314 collected ($0.08)
Seat 9: Benoit1999 folded before Flop (didn't bet)



PokerStars Hand #233179271104:  Hold'em No Limit ($0.01/$0.02 USD) - 2022/01/15 21:23:13 PT [2022/01/16 0:23:13 ET]
Table 'Eltigen' 9-max Seat #4 is the button
Seat 1: GianniML ($3.31 in chips) 
Seat 2: Dorex2007 ($3.47 in chips) 
Seat 3: SvobodaPoker ($2.45 in chips) 
Seat 4: cr@sh test ($2.30 in chips) 
Seat 5: MelchiorF1 ($2.01 in chips) 
Seat 6: abufirs ($1.92 in chips) 
Seat 7: warayama262 ($1.91 in chips) 
Seat 8: hiimmatt314 ($5.38 in chips) 
Seat 9: Benoit1999 ($2.03 in chips) 
MelchiorF1: posts small blind $0.01
abufirs: posts big blind $0.02
*** HOLE CARDS ***
Dealt to Dorex2007 [5h Ks]
warayama262: folds 
hiimmatt314: folds 
Benoit1999: folds 
GianniML: folds 
Dorex2007: folds 
SvobodaPoker: raises $0.04 to $0.06
cr@sh test: folds 
MelchiorF1: folds 
abufirs: folds 
Uncalled bet ($0.04) returned to SvobodaPoker
SvobodaPoker collected $0.05 from pot
SvobodaPoker: doesn't show hand 
*** SUMMARY ***
Total pot $0.05 | Rake $0 
Seat 1: GianniML folded before Flop (didn't bet)
Seat 2: Dorex2007 folded before Flop (didn't bet)
Seat 3: SvobodaPoker collected ($0.05)
Seat 4: cr@sh test (button) folded before Flop (didn't bet)
Seat 5: MelchiorF1 (small blind) folded before Flop
Seat 6: abufirs (big blind) folded before Flop
Seat 7: warayama262 folded before Flop (didn't bet)
Seat 8: hiimmatt314 folded before Flop (didn't bet)
Seat 9: Benoit1999 folded before Flop (didn't bet)



PokerStars Hand #233179274405:  Hold'em No Limit ($0.01/$0.02 USD) - 2022/01/15 21:23:31 PT [2022/01/16 0:23:31 ET]
Table 'Eltigen' 9-max Seat #5 is the button
Seat 1: GianniML ($3.31 in chips) 
Seat 2: Dorex2007 ($3.47 in chips) 
Seat 3: SvobodaPoker ($2.48 in chips) 
Seat 4: cr@sh test ($2.30 in chips) 
Seat 5: MelchiorF1 ($2 in chips) 
Seat 6: abufirs ($1.90 in chips) 
Seat 7: warayama262 ($1.91 in chips) 
Seat 8: hiimmatt314 ($5.38 in chips) 
Seat 9: Benoit1999 ($2.03 in chips) 
abufirs: posts small blind $0.01
warayama262: posts big blind $0.02
*** HOLE CARDS ***
Dealt to Dorex2007 [5h 3s]
hiimmatt314: folds 
Benoit1999: folds 
GianniML: folds 
Dorex2007: folds 
SvobodaPoker: folds 
cr@sh test: folds 
MelchiorF1: raises $0.04 to $0.06
cr@sh test leaves the table
abufirs is disconnected 
abufirs has timed out while disconnected
abufirs: folds 
warayama262: folds 
Uncalled bet ($0.04) returned to MelchiorF1
MelchiorF1 collected $0.05 from pot
MelchiorF1: doesn't show hand 
*** SUMMARY ***
Total pot $0.05 | Rake $0 
Seat 1: GianniML folded before Flop (didn't bet)
Seat 2: Dorex2007 folded before Flop (didn't bet)
Seat 3: SvobodaPoker folded before Flop (didn't bet)
Seat 4: cr@sh test folded before Flop (didn't bet)
Seat 5: MelchiorF1 (button) collected ($0.05)
Seat 6: abufirs (small blind) folded before Flop
Seat 7: warayama262 (big blind) folded before Flop
Seat 8: hiimmatt314 folded before Flop (didn't bet)
Seat 9: Benoit1999 folded before Flop (didn't bet)



PokerStars Hand #233179285977:  Hold'em No Limit ($0.01/$0.02 USD) - 2022/01/15 21:24:33 PT [2022/01/16 0:24:33 ET]
Table 'Eltigen' 9-max Seat #7 is the button
Seat 1: GianniML ($3.31 in chips) 
Seat 2: Dorex2007 ($3.47 in chips) 
Seat 3: SvobodaPoker ($2.48 in chips) 
Seat 5: MelchiorF1 ($2.03 in chips) 
Seat 7: warayama262 ($1.89 in chips) 
Seat 8: hiimmatt314 ($5.38 in chips) 
Seat 9: Benoit1999 ($2.03 in chips) 
hiimmatt314: posts small blind $0.01
Benoit1999: posts big blind $0.02
*** HOLE CARDS ***
Dealt to Dorex2007 [4h 3h]
GianniML: folds 
Dorex2007: folds 
SvobodaPoker: calls $0.02
MelchiorF1: folds 
warayama262: folds 
lahezis1950 joins the table at seat #4 
hiimmatt314: raises $0.02 to $0.04
Benoit1999: calls $0.02
SvobodaPoker: calls $0.02
*** FLOP *** [Th 4d Ts]
hiimmatt314: bets $0.06
Benoit1999: folds 
SvobodaPoker: calls $0.06
*** TURN *** [Th 4d Ts] [3d]
abufirs is disconnected 
hiimmatt314: bets $0.23
SvobodaPoker: folds 
Uncalled bet ($0.23) returned to hiimmatt314
hiimmatt314 collected $0.23 from pot
hiimmatt314: doesn't show hand 
*** SUMMARY ***
Total pot $0.24 | Rake $0.01 
Board [Th 4d Ts 3d]
Seat 1: GianniML folded before Flop (didn't bet)
Seat 2: Dorex2007 folded before Flop (didn't bet)
Seat 3: SvobodaPoker folded on the Turn
Seat 5: MelchiorF1 folded before Flop (didn't bet)
Seat 7: warayama262 (button) folded before Flop (didn't bet)
Seat 8: hiimmatt314 (small blind) collected ($0.23)
Seat 9: Benoit1999 (big blind) folded on the Flop



PokerStars Hand #233179294910:  Hold'em No Limit ($0.01/$0.02 USD) - 2022/01/15 21:25:22 PT [2022/01/16 0:25:22 ET]
Table 'Eltigen' 9-max Seat #8 is the button
Seat 1: GianniML ($3.31 in chips) 
Seat 2: Dorex2007 ($3.47 in chips) 
Seat 3: SvobodaPoker ($2.38 in chips) 
Seat 5: MelchiorF1 ($2.03 in chips) 
Seat 7: warayama262 ($1.89 in chips) 
Seat 8: hiimmatt314 ($5.51 in chips) 
Seat 9: Benoit1999 ($2 in chips) 
Benoit1999: posts small blind $0.01
GianniML: posts big blind $0.02
lahezis1950: sits out 
*** HOLE CARDS ***
Dealt to Dorex2007 [Th 9d]
Dorex2007: folds 
SvobodaPoker: folds 
MelchiorF1: folds 
warayama262: raises $0.04 to $0.06
hiimmatt314: folds 
Benoit1999: folds 
GianniML: folds 
Uncalled bet ($0.04) returned to warayama262
warayama262 collected $0.05 from pot
warayama262: doesn't show hand 
*** SUMMARY ***
Total pot $0.05 | Rake $0 
Seat 1: GianniML (big blind) folded before Flop
Seat 2: Dorex2007 folded before Flop (didn't bet)
Seat 3: SvobodaPoker folded before Flop (didn't bet)
Seat 5: MelchiorF1 folded before Flop (didn't bet)
Seat 7: warayama262 collected ($0.05)
Seat 8: hiimmatt314 (button) folded before Flop (didn't bet)
Seat 9: Benoit1999 (small blind) folded before Flop



PokerStars Hand #233179302411:  Hold'em No Limit ($0.01/$0.02 USD) - 2022/01/15 21:25:43 PT [2022/01/16 0:25:43 ET]
Table 'Eltigen' 9-max Seat #9 is the button
Seat 1: GianniML ($3.29 in chips) 
Seat 2: Dorex2007 ($3.47 in chips) 
Seat 3: SvobodaPoker ($2.38 in chips) 
Seat 5: MelchiorF1 ($2.03 in chips) 
Seat 7: warayama262 ($1.92 in chips) 
Seat 8: hiimmatt314 ($5.51 in chips) 
Seat 9: Benoit1999 ($2 in chips) 
GianniML: posts small blind $0.01
Dorex2007: posts big blind $0.02
lahezis1950: sits out 
*** HOLE CARDS ***
Dealt to Dorex2007 [3d Th]
SvobodaPoker: raises $0.04 to $0.06
MelchiorF1: folds 
warayama262: folds 
hiimmatt314: folds 
Benoit1999: folds 
GianniML: folds 
Dorex2007: folds 
Uncalled bet ($0.04) returned to SvobodaPoker
SvobodaPoker collected $0.05 from pot
SvobodaPoker: doesn't show hand 
*** SUMMARY ***
Total pot $0.05 | Rake $0 
Seat 1: GianniML (small blind) folded before Flop
Seat 2: Dorex2007 (big blind) folded before Flop
Seat 3: SvobodaPoker collected ($0.05)
Seat 5: MelchiorF1 folded before Flop (didn't bet)
Seat 7: warayama262 folded before Flop (didn't bet)
Seat 8: hiimmatt314 folded before Flop (didn't bet)
Seat 9: Benoit1999 (button) folded before Flop (didn't bet)



PokerStars Hand #233179305454:  Hold'em No Limit ($0.01/$0.02 USD) - 2022/01/15 21:25:59 PT [2022/01/16 0:25:59 ET]
Table 'Eltigen' 9-max Seat #1 is the button
Seat 1: GianniML ($3.28 in chips) 
Seat 2: Dorex2007 ($3.45 in chips) 
Seat 3: SvobodaPoker ($2.41 in chips) 
Seat 5: MelchiorF1 ($2.03 in chips) 
Seat 7: warayama262 ($1.92 in chips) 
Seat 8: hiimmatt314 ($5.51 in chips) 
Seat 9: Benoit1999 ($2 in chips) 
Dorex2007: posts small blind $0.01
SvobodaPoker: posts big blind $0.02
lahezis1950: sits out 
*** HOLE CARDS ***
Dealt to Dorex2007 [3c 4d]
MelchiorF1: folds 
warayama262: folds 
hiimmatt314: folds 
Benoit1999: raises $0.03 to $0.05
GianniML: folds 
Dorex2007: folds 
SvobodaPoker: folds 
Uncalled bet ($0.03) returned to Benoit1999
Benoit1999 collected $0.05 from pot
*** SUMMARY ***
Total pot $0.05 | Rake $0 
Seat 1: GianniML (button) folded before Flop (didn't bet)
Seat 2: Dorex2007 (small blind) folded before Flop
Seat 3: SvobodaPoker (big blind) folded before Flop
Seat 5: MelchiorF1 folded before Flop (didn't bet)
Seat 7: warayama262 folded before Flop (didn't bet)
Seat 8: hiimmatt314 folded before Flop (didn't bet)
Seat 9: Benoit1999 collected ($0.05)



PokerStars Hand #233179308426:  Hold'em No Limit ($0.01/$0.02 USD) - 2022/01/15 21:26:16 PT [2022/01/16 0:26:16 ET]
Table 'Eltigen' 9-max Seat #2 is the button
Seat 1: GianniML ($3.28 in chips) 
Seat 2: Dorex2007 ($3.44 in chips) 
Seat 3: SvobodaPoker ($2.39 in chips) 
Seat 4: lahezis1950 ($1.60 in chips) 
Seat 5: MelchiorF1 ($2.03 in chips) 
Seat 7: warayama262 ($1.92 in chips) 
Seat 8: hiimmatt314 ($5.51 in chips) 
Seat 9: Benoit1999 ($2.03 in chips) 
SvobodaPoker: posts small blind $0.01
lahezis1950: posts big blind $0.02
*** HOLE CARDS ***
Dealt to Dorex2007 [8h 6h]
MelchiorF1: folds 
warayama262: folds 
hiimmatt314: folds 
Benoit1999: folds 
GianniML: folds 
Dorex2007: folds 
SvobodaPoker: raises $0.04 to $0.06
lahezis1950: raises $0.14 to $0.20
SvobodaPoker: calls $0.14
*** FLOP *** [9s Qs Js]
SvobodaPoker: bets $2.19 and is all-in
lahezis1950: calls $1.40 and is all-in
Uncalled bet ($0.79) returned to SvobodaPoker
*** TURN *** [9s Qs Js] [5s]
*** RIVER *** [9s Qs Js 5s] [3h]
*** SHOW DOWN ***
SvobodaPoker: shows [Jh Qh] (two pair, Queens and Jacks)
lahezis1950: shows [Kc Kh] (a pair of Kings)
SvobodaPoker collected $3.09 from pot
*** SUMMARY ***
Total pot $3.20 | Rake $0.11 
Board [9s Qs Js 5s 3h]
Seat 1: GianniML folded before Flop (didn't bet)
Seat 2: Dorex2007 (button) folded before Flop (didn't bet)
Seat 3: SvobodaPoker (small blind) showed [Jh Qh] and won ($3.09) with two pair, Queens and Jacks
Seat 4: lahezis1950 (big blind) showed [Kc Kh] and lost with a pair of Kings
Seat 5: MelchiorF1 folded before Flop (didn't bet)
Seat 7: warayama262 folded before Flop (didn't bet)
Seat 8: hiimmatt314 folded before Flop (didn't bet)
Seat 9: Benoit1999 folded before Flop (didn't bet)



PokerStars Hand #233179317886:  Hold'em No Limit ($0.01/$0.02 USD) - 2022/01/15 21:27:08 PT [2022/01/16 0:27:08 ET]
Table 'Eltigen' 9-max Seat #3 is the button
Seat 1: GianniML ($3.28 in chips) 
Seat 2: Dorex2007 ($3.44 in chips) 
Seat 3: SvobodaPoker ($3.88 in chips) 
Seat 5: MelchiorF1 ($2.03 in chips) 
Seat 6: abufirs ($1.89 in chips) 
Seat 7: warayama262 ($1.92 in chips) 
Seat 8: hiimmatt314 ($5.51 in chips) 
Seat 9: Benoit1999 ($2.03 in chips) 
MelchiorF1: posts small blind $0.01
abufirs: posts big blind $0.02
*** HOLE CARDS ***
Dealt to Dorex2007 [3h Td]
warayama262: folds 
hiimmatt314: raises $0.04 to $0.06
Benoit1999: folds 
GianniML: folds 
Dorex2007: folds 
SvobodaPoker: folds 
MelchiorF1: folds 
abufirs: calls $0.04
*** FLOP *** [6s Qs 7c]
SvobodaPoker said, "nh"
abufirs: checks 
hiimmatt314: bets $0.07
abufirs: folds 
Uncalled bet ($0.07) returned to hiimmatt314
hiimmatt314 collected $0.13 from pot
hiimmatt314: doesn't show hand 
*** SUMMARY ***
Total pot $0.13 | Rake $0 
Board [6s Qs 7c]
Seat 1: GianniML folded before Flop (didn't bet)
Seat 2: Dorex2007 folded before Flop (didn't bet)
Seat 3: SvobodaPoker (button) folded before Flop (didn't bet)
Seat 5: MelchiorF1 (small blind) folded before Flop
Seat 6: abufirs (big blind) folded on the Flop
Seat 7: warayama262 folded before Flop (didn't bet)
Seat 8: hiimmatt314 collected ($0.13)
Seat 9: Benoit1999 folded before Flop (didn't bet)



PokerStars Hand #233179322470:  Hold'em No Limit ($0.01/$0.02 USD) - 2022/01/15 21:27:33 PT [2022/01/16 0:27:33 ET]
Table 'Eltigen' 9-max Seat #5 is the button
Seat 1: GianniML ($3.28 in chips) 
Seat 2: Dorex2007 ($3.44 in chips) 
Seat 3: SvobodaPoker ($3.88 in chips) 
Seat 4: lahezis1950 ($1.52 in chips) 
Seat 5: MelchiorF1 ($2.02 in chips) 
Seat 6: abufirs ($1.83 in chips) 
Seat 7: warayama262 ($1.92 in chips) 
Seat 8: hiimmatt314 ($5.58 in chips) 
Seat 9: Benoit1999 ($2.03 in chips) 
abufirs: posts small blind $0.01
warayama262: posts big blind $0.02
lahezis1950: posts small blind $0.01
*** HOLE CARDS ***
Dealt to Dorex2007 [Ac 3h]
hiimmatt314: folds 
Benoit1999: folds 
GianniML: folds 
Dorex2007: folds 
SvobodaPoker: folds 
lahezis1950: raises $0.02 to $0.04
MelchiorF1: folds 
abufirs: calls $0.03
warayama262: folds 
*** FLOP *** [Kc 7c 6c]
abufirs: bets $0.11
lahezis1950: folds 
Uncalled bet ($0.11) returned to abufirs
abufirs collected $0.11 from pot
abufirs: doesn't show hand 
*** SUMMARY ***
Total pot $0.11 | Rake $0 
Board [Kc 7c 6c]
Seat 1: GianniML folded before Flop (didn't bet)
Seat 2: Dorex2007 folded before Flop (didn't bet)
Seat 3: SvobodaPoker folded before Flop (didn't bet)
Seat 4: lahezis1950 folded on the Flop
Seat 5: MelchiorF1 (button) folded before Flop (didn't bet)
Seat 6: abufirs (small blind) collected ($0.11)
Seat 7: warayama262 (big blind) folded before Flop
Seat 8: hiimmatt314 folded before Flop (didn't bet)
Seat 9: Benoit1999 folded before Flop (didn't bet)



PokerStars Hand #233179328870:  Hold'em No Limit ($0.01/$0.02 USD) - 2022/01/15 21:28:07 PT [2022/01/16 0:28:07 ET]
Table 'Eltigen' 9-max Seat #6 is the button
Seat 1: GianniML ($3.28 in chips) 
Seat 2: Dorex2007 ($3.44 in chips) 
Seat 3: SvobodaPoker ($3.88 in chips) 
Seat 4: lahezis1950 ($1.47 in chips) 
Seat 5: MelchiorF1 ($2.02 in chips) 
Seat 6: abufirs ($1.90 in chips) 
Seat 7: warayama262 ($1.90 in chips) 
Seat 8: hiimmatt314 ($5.58 in chips) 
Seat 9: Benoit1999 ($2.03 in chips) 
warayama262: posts small blind $0.01
hiimmatt314: posts big blind $0.02
*** HOLE CARDS ***
Dealt to Dorex2007 [Qh 8s]
Benoit1999: folds 
GianniML: folds 
Dorex2007: folds 
SvobodaPoker: folds 
lahezis1950: folds 
MelchiorF1: folds 
abufirs: calls $0.02
warayama262: folds 
hiimmatt314: checks 
*** FLOP *** [9c 2d Ad]
hiimmatt314: checks 
abufirs: checks 
*** TURN *** [9c 2d Ad] [8h]
hiimmatt314: checks 
abufirs: checks 
*** RIVER *** [9c 2d Ad 8h] [Jc]
hiimmatt314: checks 
abufirs: checks 
*** SHOW DOWN ***
hiimmatt314: shows [Qs 7s] (high card Ace)
abufirs: mucks hand 
hiimmatt314 collected $0.05 from pot
*** SUMMARY ***
Total pot $0.05 | Rake $0 
Board [9c 2d Ad 8h Jc]
Seat 1: GianniML folded before Flop (didn't bet)
Seat 2: Dorex2007 folded before Flop (didn't bet)
Seat 3: SvobodaPoker folded before Flop (didn't bet)
Seat 4: lahezis1950 folded before Flop (didn't bet)
Seat 5: MelchiorF1 folded before Flop (didn't bet)
Seat 6: abufirs (button) mucked [6c 4c]
Seat 7: warayama262 (small blind) folded before Flop
Seat 8: hiimmatt314 (big blind) showed [Qs 7s] and won ($0.05) with high card Ace
Seat 9: Benoit1999 folded before Flop (didn't bet)



PokerStars Hand #233179336342:  Hold'em No Limit ($0.01/$0.02 USD) - 2022/01/15 21:28:48 PT [2022/01/16 0:28:48 ET]
Table 'Eltigen' 9-max Seat #7 is the button
Seat 1: GianniML ($3.28 in chips) 
Seat 2: Dorex2007 ($3.44 in chips) 
Seat 3: SvobodaPoker ($3.88 in chips) 
Seat 4: lahezis1950 ($1.47 in chips) 
Seat 5: MelchiorF1 ($2.02 in chips) 
Seat 6: abufirs ($1.88 in chips) 
Seat 7: warayama262 ($1.89 in chips) 
Seat 8: hiimmatt314 ($5.61 in chips) 
Seat 9: Benoit1999 ($2.03 in chips) 
hiimmatt314: posts small blind $0.01
Benoit1999: posts big blind $0.02
*** HOLE CARDS ***
Dealt to Dorex2007 [5d 2s]
GianniML: folds 
Dorex2007: folds 
SvobodaPoker: folds 
lahezis1950: folds 
MelchiorF1: folds 
abufirs: raises $0.05 to $0.07
warayama262: folds 
hiimmatt314: calls $0.06
Benoit1999: folds 
*** FLOP *** [3c Ts Qs]
hiimmatt314: checks 
abufirs: bets $0.10
hiimmatt314: calls $0.10
*** TURN *** [3c Ts Qs] [3s]
hiimmatt314: checks 
abufirs: checks 
*** RIVER *** [3c Ts Qs 3s] [6s]
hiimmatt314: bets $0.18
abufirs: folds 
Uncalled bet ($0.18) returned to hiimmatt314
hiimmatt314 collected $0.35 from pot
hiimmatt314: doesn't show hand 
*** SUMMARY ***
Total pot $0.36 | Rake $0.01 
Board [3c Ts Qs 3s 6s]
Seat 1: GianniML folded before Flop (didn't bet)
Seat 2: Dorex2007 folded before Flop (didn't bet)
Seat 3: SvobodaPoker folded before Flop (didn't bet)
Seat 4: lahezis1950 folded before Flop (didn't bet)
Seat 5: MelchiorF1 folded before Flop (didn't bet)
Seat 6: abufirs folded on the River
Seat 7: warayama262 (button) folded before Flop (didn't bet)
Seat 8: hiimmatt314 (small blind) collected ($0.35)
Seat 9: Benoit1999 (big blind) folded before Flop



PokerStars Hand #233179343349:  Hold'em No Limit ($0.01/$0.02 USD) - 2022/01/15 21:29:27 PT [2022/01/16 0:29:27 ET]
Table 'Eltigen' 9-max Seat #8 is the button
Seat 1: GianniML ($3.28 in chips) 
Seat 2: Dorex2007 ($3.44 in chips) 
Seat 3: SvobodaPoker ($3.88 in chips) 
Seat 4: lahezis1950 ($1.47 in chips) 
Seat 5: MelchiorF1 ($2.02 in chips) 
Seat 6: abufirs ($1.71 in chips) 
Seat 7: warayama262 ($1.89 in chips) 
Seat 8: hiimmatt314 ($5.79 in chips) 
Seat 9: Benoit1999 ($2.01 in chips) 
Benoit1999: posts small blind $0.01
GianniML: posts big blind $0.02
*** HOLE CARDS ***
Dealt to Dorex2007 [2c 3h]
Dorex2007: folds 
SvobodaPoker: raises $0.04 to $0.06
lahezis1950: folds 
MelchiorF1: folds 
abufirs: folds 
warayama262: calls $0.06
hiimmatt314: raises $0.14 to $0.20
Benoit1999: folds 
GianniML: folds 
SvobodaPoker: folds 
warayama262: calls $0.14
*** FLOP *** [9d Tc 3s]
warayama262: checks 
hiimmatt314: bets $0.24
warayama262: calls $0.24
*** TURN *** [9d Tc 3s] [8c]
warayama262: checks 
hiimmatt314: bets $0.47
warayama262: calls $0.47
*** RIVER *** [9d Tc 3s 8c] [9c]
warayama262: checks 
hiimmatt314: checks 
*** SHOW DOWN ***
warayama262: shows [Js Ts] (two pair, Tens and Nines)
hiimmatt314: mucks hand 
warayama262 collected $1.84 from pot
*** SUMMARY ***
Total pot $1.91 | Rake $0.07 
Board [9d Tc 3s 8c 9c]
Seat 1: GianniML (big blind) folded before Flop
Seat 2: Dorex2007 folded before Flop (didn't bet)
Seat 3: SvobodaPoker folded before Flop
Seat 4: lahezis1950 folded before Flop (didn't bet)
Seat 5: MelchiorF1 folded before Flop (didn't bet)
Seat 6: abufirs folded before Flop (didn't bet)
Seat 7: warayama262 showed [Js Ts] and won ($1.84) with two pair, Tens and Nines
Seat 8: hiimmatt314 (button) mucked [Ad Qd]
Seat 9: Benoit1999 (small blind) folded before Flop



PokerStars Hand #233179353793:  Hold'em No Limit ($0.01/$0.02 USD) - 2022/01/15 21:30:24 PT [2022/01/16 0:30:24 ET]
Table 'Eltigen' 9-max Seat #9 is the button
Seat 1: GianniML ($3.26 in chips) 
Seat 2: Dorex2007 ($3.44 in chips) 
Seat 3: SvobodaPoker ($3.82 in chips) 
Seat 4: lahezis1950 ($1.47 in chips) 
Seat 5: MelchiorF1 ($2.02 in chips) 
Seat 6: abufirs ($1.71 in chips) 
Seat 7: warayama262 ($2.82 in chips) 
Seat 8: hiimmatt314 ($4.88 in chips) 
Seat 9: Benoit1999 ($2 in chips) 
GianniML: posts small blind $0.01
Dorex2007: posts big blind $0.02
*** HOLE CARDS ***
Dealt to Dorex2007 [6c Kh]
SvobodaPoker: folds 
lahezis1950: folds 
MelchiorF1: folds 
abufirs: folds 
warayama262: raises $0.04 to $0.06
hiimmatt314: folds 
Benoit1999: folds 
GianniML: folds 
Dorex2007: folds 
Uncalled bet ($0.04) returned to warayama262
warayama262 collected $0.05 from pot
warayama262: doesn't show hand 
*** SUMMARY ***
Total pot $0.05 | Rake $0 
Seat 1: GianniML (small blind) folded before Flop
Seat 2: Dorex2007 (big blind) folded before Flop
Seat 3: SvobodaPoker folded before Flop (didn't bet)
Seat 4: lahezis1950 folded before Flop (didn't bet)
Seat 5: MelchiorF1 folded before Flop (didn't bet)
Seat 6: abufirs folded before Flop (didn't bet)
Seat 7: warayama262 collected ($0.05)
Seat 8: hiimmatt314 folded before Flop (didn't bet)
Seat 9: Benoit1999 (button) folded before Flop (didn't bet)



PokerStars Hand #233179357831:  Hold'em No Limit ($0.01/$0.02 USD) - 2022/01/15 21:30:46 PT [2022/01/16 0:30:46 ET]
Table 'Eltigen' 9-max Seat #1 is the button
Seat 1: GianniML ($3.25 in chips) 
Seat 2: Dorex2007 ($3.42 in chips) 
Seat 3: SvobodaPoker ($3.82 in chips) 
Seat 4: lahezis1950 ($1.47 in chips) 
Seat 5: MelchiorF1 ($2.02 in chips) 
Seat 6: abufirs ($1.71 in chips) 
Seat 7: warayama262 ($2.85 in chips) 
Seat 8: hiimmatt314 ($4.88 in chips) 
Seat 9: Benoit1999 ($2 in chips) 
Dorex2007: posts small blind $0.01
SvobodaPoker: posts big blind $0.02
*** HOLE CARDS ***
Dealt to Dorex2007 [Qs 3h]
lahezis1950: folds 
MelchiorF1: folds 
abufirs: folds 
warayama262: folds 
hiimmatt314: folds 
Benoit1999: folds 
GianniML: folds 
Dorex2007: folds 
Uncalled bet ($0.01) returned to SvobodaPoker
SvobodaPoker collected $0.02 from pot
SvobodaPoker: doesn't show hand 
*** SUMMARY ***
Total pot $0.02 | Rake $0 
Seat 1: GianniML (button) folded before Flop (didn't bet)
Seat 2: Dorex2007 (small blind) folded before Flop
Seat 3: SvobodaPoker (big blind) collected ($0.02)
Seat 4: lahezis1950 folded before Flop (didn't bet)
Seat 5: MelchiorF1 folded before Flop (didn't bet)
Seat 6: abufirs folded before Flop (didn't bet)
Seat 7: warayama262 folded before Flop (didn't bet)
Seat 8: hiimmatt314 folded before Flop (didn't bet)
Seat 9: Benoit1999 folded before Flop (didn't bet)



PokerStars Hand #233179360618:  Hold'em No Limit ($0.01/$0.02 USD) - 2022/01/15 21:31:01 PT [2022/01/16 0:31:01 ET]
Table 'Eltigen' 9-max Seat #2 is the button
Seat 1: GianniML ($3.25 in chips) 
Seat 2: Dorex2007 ($3.41 in chips) 
Seat 3: SvobodaPoker ($3.83 in chips) 
Seat 4: lahezis1950 ($1.47 in chips) 
Seat 5: MelchiorF1 ($2.02 in chips) 
Seat 6: abufirs ($1.71 in chips) 
Seat 7: warayama262 ($2.85 in chips) 
Seat 8: hiimmatt314 ($4.88 in chips) 
Seat 9: Benoit1999 ($2 in chips) 
SvobodaPoker: posts small blind $0.01
lahezis1950: posts big blind $0.02
*** HOLE CARDS ***
Dealt to Dorex2007 [9s Qs]
MelchiorF1: folds 
abufirs: folds 
warayama262: folds 
hiimmatt314: folds 
Benoit1999: folds 
GianniML: folds 
Dorex2007: raises $0.02 to $0.04
SvobodaPoker: folds 
lahezis1950: folds 
Uncalled bet ($0.02) returned to Dorex2007
Dorex2007 collected $0.05 from pot
Dorex2007: doesn't show hand 
*** SUMMARY ***
Total pot $0.05 | Rake $0 
Seat 1: GianniML folded before Flop (didn't bet)
Seat 2: Dorex2007 (button) collected ($0.05)
Seat 3: SvobodaPoker (small blind) folded before Flop
Seat 4: lahezis1950 (big blind) folded before Flop
Seat 5: MelchiorF1 folded before Flop (didn't bet)
Seat 6: abufirs folded before Flop (didn't bet)
Seat 7: warayama262 folded before Flop (didn't bet)
Seat 8: hiimmatt314 folded before Flop (didn't bet)
Seat 9: Benoit1999 folded before Flop (didn't bet)



PokerStars Hand #233179364292:  Hold'em No Limit ($0.01/$0.02 USD) - 2022/01/15 21:31:22 PT [2022/01/16 0:31:22 ET]
Table 'Eltigen' 9-max Seat #3 is the button
Seat 1: GianniML ($3.25 in chips) 
Seat 2: Dorex2007 ($3.44 in chips) 
Seat 3: SvobodaPoker ($3.82 in chips) 
Seat 4: lahezis1950 ($1.45 in chips) 
Seat 5: MelchiorF1 ($2.02 in chips) 
Seat 6: abufirs ($1.71 in chips) 
Seat 7: warayama262 ($2.85 in chips) 
Seat 8: hiimmatt314 ($4.88 in chips) 
Seat 9: Benoit1999 ($2 in chips) 
lahezis1950: posts small blind $0.01
MelchiorF1: posts big blind $0.02
*** HOLE CARDS ***
Dealt to Dorex2007 [Td Ks]
abufirs: calls $0.02
warayama262: folds 
hiimmatt314: folds 
Benoit1999: folds 
GianniML: folds 
Dorex2007: folds 
SvobodaPoker: folds 
lahezis1950: folds 
MelchiorF1: checks 
*** FLOP *** [Qc 3c 5c]
MelchiorF1: checks 
abufirs: checks 
*** TURN *** [Qc 3c 5c] [Kh]
MelchiorF1: bets $0.04
abufirs: calls $0.04
*** RIVER *** [Qc 3c 5c Kh] [Jd]
SvobodaPoker leaves the table
MelchiorF1: bets $0.07
abufirs: folds 
Uncalled bet ($0.07) returned to MelchiorF1
MelchiorF1 collected $0.13 from pot
MelchiorF1: doesn't show hand 
*** SUMMARY ***
Total pot $0.13 | Rake $0 
Board [Qc 3c 5c Kh Jd]
Seat 1: GianniML folded before Flop (didn't bet)
Seat 2: Dorex2007 folded before Flop (didn't bet)
Seat 3: SvobodaPoker (button) folded before Flop (didn't bet)
Seat 4: lahezis1950 (small blind) folded before Flop
Seat 5: MelchiorF1 (big blind) collected ($0.13)
Seat 6: abufirs folded on the River
Seat 7: warayama262 folded before Flop (didn't bet)
Seat 8: hiimmatt314 folded before Flop (didn't bet)
Seat 9: Benoit1999 folded before Flop (didn't bet)



PokerStars Hand #233179370486:  Hold'em No Limit ($0.01/$0.02 USD) - 2022/01/15 21:31:57 PT [2022/01/16 0:31:57 ET]
Table 'Eltigen' 9-max Seat #4 is the button
Seat 1: GianniML ($3.25 in chips) 
Seat 2: Dorex2007 ($3.44 in chips) 
Seat 4: lahezis1950 ($1.44 in chips) 
Seat 5: MelchiorF1 ($2.09 in chips) 
Seat 6: abufirs ($1.65 in chips) 
Seat 7: warayama262 ($2.85 in chips) 
Seat 8: hiimmatt314 ($4.88 in chips) 
Seat 9: Benoit1999 ($2 in chips) 
MelchiorF1: posts small blind $0.01
abufirs: posts big blind $0.02
*** HOLE CARDS ***
Dealt to Dorex2007 [6h 9s]
warayama262: folds 
hiimmatt314: folds 
Benoit1999: raises $0.03 to $0.05
GianniML has timed out
GianniML: folds 
Dorex2007: folds 
lahezis1950: calls $0.05
MelchiorF1: calls $0.04
abufirs: folds 
*** FLOP *** [7d 2d As]
MelchiorF1: checks 
Benoit1999: bets $0.08
lahezis1950: calls $0.08
MelchiorF1: calls $0.08
*** TURN *** [7d 2d As] [4h]
MelchiorF1: checks 
Benoit1999: bets $0.24
lahezis1950: calls $0.24
MelchiorF1: folds 
*** RIVER *** [7d 2d As 4h] [3s]
Benoit1999: bets $0.26
lahezis1950: calls $0.26
*** SHOW DOWN ***
Benoit1999: shows [Jc Ad] (a pair of Aces)
lahezis1950: mucks hand 
Benoit1999 collected $1.36 from pot
*** SUMMARY ***
Total pot $1.41 | Rake $0.05 
Board [7d 2d As 4h 3s]
Seat 1: GianniML folded before Flop (didn't bet)
Seat 2: Dorex2007 folded before Flop (didn't bet)
Seat 4: lahezis1950 (button) mucked [Ac 8c]
Seat 5: MelchiorF1 (small blind) folded on the Turn
Seat 6: abufirs (big blind) folded before Flop
Seat 7: warayama262 folded before Flop (didn't bet)
Seat 8: hiimmatt314 folded before Flop (didn't bet)
Seat 9: Benoit1999 showed [Jc Ad] and won ($1.36) with a pair of Aces



PokerStars Hand #233179390697:  Hold'em No Limit ($0.01/$0.02 USD) - 2022/01/15 21:33:11 PT [2022/01/16 0:33:11 ET]
Table 'Eltigen' 9-max Seat #5 is the button
Seat 2: Dorex2007 ($3.44 in chips) 
Seat 4: lahezis1950 ($0.81 in chips) 
Seat 5: MelchiorF1 ($2 in chips) 
Seat 6: abufirs ($1.63 in chips) 
Seat 7: warayama262 ($2.85 in chips) 
Seat 8: hiimmatt314 ($4.88 in chips) 
Seat 9: Benoit1999 ($2.73 in chips) 
abufirs: posts small blind $0.01
warayama262: posts big blind $0.02
*** HOLE CARDS ***
Dealt to Dorex2007 [4s 2c]
hiimmatt314: folds 
Benoit1999: folds 
Dorex2007: folds 
lahezis1950: raises $0.04 to $0.06
MelchiorF1: calls $0.06
abufirs: folds 
warayama262: calls $0.04
*** FLOP *** [9c Ts 7h]
warayama262: checks 
lahezis1950: checks 
MelchiorF1: checks 
*** TURN *** [9c Ts 7h] [Jd]
shawmoney joins the table at seat #3 
warayama262: bets $0.18
lahezis1950: raises $0.57 to $0.75 and is all-in
MelchiorF1: calls $0.75
warayama262: folds 
*** RIVER *** [9c Ts 7h Jd] [5c]
*** SHOW DOWN ***
lahezis1950: shows [Qs Kc] (a straight, Nine to King)
MelchiorF1: shows [Ks Qh] (a straight, Nine to King)
lahezis1950 collected $0.90 from pot
MelchiorF1 collected $0.90 from pot
*** SUMMARY ***
Total pot $1.87 | Rake $0.07 
Board [9c Ts 7h Jd 5c]
Seat 2: Dorex2007 folded before Flop (didn't bet)
Seat 4: lahezis1950 showed [Qs Kc] and won ($0.90) with a straight, Nine to King
Seat 5: MelchiorF1 (button) showed [Ks Qh] and won ($0.90) with a straight, Nine to King
Seat 6: abufirs (small blind) folded before Flop
Seat 7: warayama262 (big blind) folded on the Turn
Seat 8: hiimmatt314 folded before Flop (didn't bet)
Seat 9: Benoit1999 folded before Flop (didn't bet)



PokerStars Hand #233179400748:  Hold'em No Limit ($0.01/$0.02 USD) - 2022/01/15 21:34:06 PT [2022/01/16 0:34:06 ET]
Table 'Eltigen' 9-max Seat #6 is the button
Seat 2: Dorex2007 ($3.44 in chips) 
Seat 4: lahezis1950 ($0.90 in chips) 
Seat 5: MelchiorF1 ($2.09 in chips) 
Seat 6: abufirs ($1.62 in chips) 
Seat 7: warayama262 ($2.61 in chips) 
Seat 8: hiimmatt314 ($4.88 in chips) 
Seat 9: Benoit1999 ($2.73 in chips) 
warayama262: posts small blind $0.01
hiimmatt314: posts big blind $0.02
shawmoney: sits out 
*** HOLE CARDS ***
Dealt to Dorex2007 [Qh 2h]
Benoit1999: folds 
Dorex2007: folds 
lahezis1950: folds 
MelchiorF1: folds 
abufirs: calls $0.02
warayama262: folds 
hiimmatt314: checks 
*** FLOP *** [8s Qs 4h]
hiimmatt314: checks 
abufirs: checks 
*** TURN *** [8s Qs 4h] [Kd]
hiimmatt314: bets $0.03
abufirs: folds 
Uncalled bet ($0.03) returned to hiimmatt314
hiimmatt314 collected $0.05 from pot
hiimmatt314: doesn't show hand 
*** SUMMARY ***
Total pot $0.05 | Rake $0 
Board [8s Qs 4h Kd]
Seat 2: Dorex2007 folded before Flop (didn't bet)
Seat 4: lahezis1950 folded before Flop (didn't bet)
Seat 5: MelchiorF1 folded before Flop (didn't bet)
Seat 6: abufirs (button) folded on the Turn
Seat 7: warayama262 (small blind) folded before Flop
Seat 8: hiimmatt314 (big blind) collected ($0.05)
Seat 9: Benoit1999 folded before Flop (didn't bet)



PokerStars Hand #233179405558:  Hold'em No Limit ($0.01/$0.02 USD) - 2022/01/15 21:34:32 PT [2022/01/16 0:34:32 ET]
Table 'Eltigen' 9-max Seat #7 is the button
Seat 2: Dorex2007 ($3.44 in chips) 
Seat 4: lahezis1950 ($0.90 in chips) 
Seat 5: MelchiorF1 ($2.09 in chips) 
Seat 6: abufirs ($1.60 in chips) 
Seat 7: warayama262 ($2.60 in chips) 
Seat 8: hiimmatt314 ($4.91 in chips) 
Seat 9: Benoit1999 ($2.73 in chips) 
hiimmatt314: posts small blind $0.01
Benoit1999: posts big blind $0.02
shawmoney: sits out 
*** HOLE CARDS ***
Dealt to Dorex2007 [Ah 9d]
Dorex2007: folds 
lahezis1950: folds 
MelchiorF1: folds 
abufirs: folds 
warayama262: folds 
hiimmatt314: raises $0.02 to $0.04
Benoit1999: calls $0.02
*** FLOP *** [Tc 5h Qc]
hiimmatt314: bets $0.02
Benoit1999: calls $0.02
*** TURN *** [Tc 5h Qc] [8d]
hiimmatt314: checks 
Benoit1999: checks 
*** RIVER *** [Tc 5h Qc 8d] [Ks]
hiimmatt314: checks 
Benoit1999: checks 
*** SHOW DOWN ***
hiimmatt314: shows [4h Js] (high card King)
Benoit1999: shows [Ad 8h] (a pair of Eights)
Benoit1999 collected $0.12 from pot
*** SUMMARY ***
Total pot $0.12 | Rake $0 
Board [Tc 5h Qc 8d Ks]
Seat 2: Dorex2007 folded before Flop (didn't bet)
Seat 4: lahezis1950 folded before Flop (didn't bet)
Seat 5: MelchiorF1 folded before Flop (didn't bet)
Seat 6: abufirs folded before Flop (didn't bet)
Seat 7: warayama262 (button) folded before Flop (didn't bet)
Seat 8: hiimmatt314 (small blind) showed [4h Js] and lost with high card King
Seat 9: Benoit1999 (big blind) showed [Ad 8h] and won ($0.12) with a pair of Eights



PokerStars Hand #233179410981:  Hold'em No Limit ($0.01/$0.02 USD) - 2022/01/15 21:35:03 PT [2022/01/16 0:35:03 ET]
Table 'Eltigen' 9-max Seat #8 is the button
Seat 1: GianniML ($3.25 in chips) 
Seat 2: Dorex2007 ($3.44 in chips) 
Seat 4: lahezis1950 ($0.90 in chips) 
Seat 5: MelchiorF1 ($2.09 in chips) 
Seat 6: abufirs ($1.60 in chips) 
Seat 7: warayama262 ($2.60 in chips) 
Seat 8: hiimmatt314 ($4.85 in chips) 
Seat 9: Benoit1999 ($2.79 in chips) 
Benoit1999: posts small blind $0.01
GianniML: posts big blind $0.02
shawmoney: sits out 
*** HOLE CARDS ***
Dealt to Dorex2007 [3d 6d]
Dorex2007: folds 
lahezis1950: folds 
MelchiorF1: folds 
abufirs: folds 
warayama262: folds 
hiimmatt314: raises $0.04 to $0.06
Benoit1999: folds 
GianniML: folds 
Uncalled bet ($0.04) returned to hiimmatt314
hiimmatt314 collected $0.05 from pot
hiimmatt314: doesn't show hand 
*** SUMMARY ***
Total pot $0.05 | Rake $0 
Seat 1: GianniML (big blind) folded before Flop
Seat 2: Dorex2007 folded before Flop (didn't bet)
Seat 4: lahezis1950 folded before Flop (didn't bet)
Seat 5: MelchiorF1 folded before Flop (didn't bet)
Seat 6: abufirs folded before Flop (didn't bet)
Seat 7: warayama262 folded before Flop (didn't bet)
Seat 8: hiimmatt314 (button) collected ($0.05)
Seat 9: Benoit1999 (small blind) folded before Flop



PokerStars Hand #233179413828:  Hold'em No Limit ($0.01/$0.02 USD) - 2022/01/15 21:35:19 PT [2022/01/16 0:35:19 ET]
Table 'Eltigen' 9-max Seat #9 is the button
Seat 1: GianniML ($3.23 in chips) 
Seat 2: Dorex2007 ($3.44 in chips) 
Seat 4: lahezis1950 ($0.90 in chips) 
Seat 5: MelchiorF1 ($2.09 in chips) 
Seat 6: abufirs ($1.60 in chips) 
Seat 7: warayama262 ($2.60 in chips) 
Seat 8: hiimmatt314 ($4.88 in chips) 
Seat 9: Benoit1999 ($2.78 in chips) 
GianniML: posts small blind $0.01
Dorex2007: posts big blind $0.02
shawmoney: sits out 
*** HOLE CARDS ***
Dealt to Dorex2007 [5d 9c]
lahezis1950: folds 
MelchiorF1: folds 
abufirs: calls $0.02
warayama262: raises $0.04 to $0.06
hiimmatt314: folds 
Benoit1999: folds 
GianniML: folds 
Dorex2007: folds 
abufirs: calls $0.04
*** FLOP *** [7d 6d 7s]
abufirs: checks 
warayama262: checks 
*** TURN *** [7d 6d 7s] [Ks]
abufirs: checks 
warayama262: bets $0.07
abufirs: calls $0.07
*** RIVER *** [7d 6d 7s Ks] [5s]
abufirs: checks 
warayama262: checks 
*** SHOW DOWN ***
abufirs: shows [5c 4c] (two pair, Sevens and Fives)
warayama262: shows [Jh Kh] (two pair, Kings and Sevens)
warayama262 collected $0.28 from pot
*** SUMMARY ***
Total pot $0.29 | Rake $0.01 
Board [7d 6d 7s Ks 5s]
Seat 1: GianniML (small blind) folded before Flop
Seat 2: Dorex2007 (big blind) folded before Flop
Seat 4: lahezis1950 folded before Flop (didn't bet)
Seat 5: MelchiorF1 folded before Flop (didn't bet)
Seat 6: abufirs showed [5c 4c] and lost with two pair, Sevens and Fives
Seat 7: warayama262 showed [Jh Kh] and won ($0.28) with two pair, Kings and Sevens
Seat 8: hiimmatt314 folded before Flop (didn't bet)
Seat 9: Benoit1999 (button) folded before Flop (didn't bet)



PokerStars Hand #233179421376:  Hold'em No Limit ($0.01/$0.02 USD) - 2022/01/15 21:35:59 PT [2022/01/16 0:35:59 ET]
Table 'Eltigen' 9-max Seat #1 is the button
Seat 1: GianniML ($3.22 in chips) 
Seat 2: Dorex2007 ($3.42 in chips) 
Seat 3: shawmoney ($1.60 in chips) 
Seat 4: lahezis1950 ($0.90 in chips) 
Seat 5: MelchiorF1 ($2.09 in chips) 
Seat 6: abufirs ($1.47 in chips) 
Seat 7: warayama262 ($2.75 in chips) 
Seat 8: hiimmatt314 ($4.88 in chips) 
Seat 9: Benoit1999 ($2.78 in chips) 
Dorex2007: posts small blind $0.01
shawmoney: posts big blind $0.02
*** HOLE CARDS ***
Dealt to Dorex2007 [6h Jh]
lahezis1950: folds 
MelchiorF1: folds 
abufirs: folds 
warayama262: folds 
hiimmatt314: folds 
Benoit1999: folds 
GianniML: folds 
Dorex2007: raises $0.02 to $0.04
shawmoney: calls $0.02
*** FLOP *** [As 2c 8h]
Dorex2007: checks 
shawmoney: checks 
*** TURN *** [As 2c 8h] [3s]
Dorex2007: bets $0.05
shawmoney: calls $0.05
*** RIVER *** [As 2c 8h 3s] [6c]
Dorex2007: bets $0.11
shawmoney: calls $0.11
*** SHOW DOWN ***
Dorex2007: shows [6h Jh] (a pair of Sixes)
shawmoney: mucks hand 
Dorex2007 collected $0.39 from pot
*** SUMMARY ***
Total pot $0.40 | Rake $0.01 
Board [As 2c 8h 3s 6c]
Seat 1: GianniML (button) folded before Flop (didn't bet)
Seat 2: Dorex2007 (small blind) showed [6h Jh] and won ($0.39) with a pair of Sixes
Seat 3: shawmoney (big blind) mucked [Qc 3d]
Seat 4: lahezis1950 folded before Flop (didn't bet)
Seat 5: MelchiorF1 folded before Flop (didn't bet)
Seat 6: abufirs folded before Flop (didn't bet)
Seat 7: warayama262 folded before Flop (didn't bet)
Seat 8: hiimmatt314 folded before Flop (didn't bet)
Seat 9: Benoit1999 folded before Flop (didn't bet)



PokerStars Hand #233179429718:  Hold'em No Limit ($0.01/$0.02 USD) - 2022/01/15 21:36:45 PT [2022/01/16 0:36:45 ET]
Table 'Eltigen' 9-max Seat #2 is the button
Seat 1: GianniML ($3.22 in chips) 
Seat 2: Dorex2007 ($3.61 in chips) 
Seat 3: shawmoney ($1.40 in chips) 
Seat 4: lahezis1950 ($0.90 in chips) 
Seat 5: MelchiorF1 ($2.09 in chips) 
Seat 6: abufirs ($1.47 in chips) 
Seat 7: warayama262 ($2.75 in chips) 
Seat 8: hiimmatt314 ($4.88 in chips) 
Seat 9: Benoit1999 ($2.78 in chips) 
shawmoney: posts small blind $0.01
lahezis1950: posts big blind $0.02
*** HOLE CARDS ***
Dealt to Dorex2007 [7h 9h]
MelchiorF1: folds 
abufirs: calls $0.02
MelchiorF1 leaves the table
warayama262: calls $0.02
hiimmatt314: raises $0.04 to $0.06
Benoit1999: folds 
GianniML: folds 
Dorex2007: folds 
shawmoney: folds 
lahezis1950: folds 
abufirs: calls $0.04
warayama262: calls $0.04
*** FLOP *** [3h 7s Ac]
abufirs: checks 
warayama262: checks 
hiimmatt314: bets $0.10
abufirs: calls $0.10
warayama262: folds 
*** TURN *** [3h 7s Ac] [6s]
abufirs: checks 
hiimmatt314: bets $0.20
abufirs: folds 
Uncalled bet ($0.20) returned to hiimmatt314
hiimmatt314 collected $0.40 from pot
hiimmatt314: doesn't show hand 
*** SUMMARY ***
Total pot $0.41 | Rake $0.01 
Board [3h 7s Ac 6s]
Seat 1: GianniML folded before Flop (didn't bet)
Seat 2: Dorex2007 (button) folded before Flop (didn't bet)
Seat 3: shawmoney (small blind) folded before Flop
Seat 4: lahezis1950 (big blind) folded before Flop
Seat 5: MelchiorF1 folded before Flop (didn't bet)
Seat 6: abufirs folded on the Turn
Seat 7: warayama262 folded on the Flop
Seat 8: hiimmatt314 collected ($0.40)
Seat 9: Benoit1999 folded before Flop (didn't bet)



PokerStars Hand #233179436645:  Hold'em No Limit ($0.01/$0.02 USD) - 2022/01/15 21:37:25 PT [2022/01/16 0:37:25 ET]
Table 'Eltigen' 9-max Seat #3 is the button
Seat 1: GianniML ($3.22 in chips) 
Seat 2: Dorex2007 ($3.61 in chips) 
Seat 3: shawmoney ($1.39 in chips) 
Seat 4: lahezis1950 ($0.88 in chips) 
Seat 6: abufirs ($1.31 in chips) 
Seat 7: warayama262 ($2.69 in chips) 
Seat 8: hiimmatt314 ($5.12 in chips) 
Seat 9: Benoit1999 ($2.78 in chips) 
lahezis1950: posts small blind $0.01
abufirs: posts big blind $0.02
*** HOLE CARDS ***
Dealt to Dorex2007 [4s 7s]
warayama262: folds 
hiimmatt314: folds 
Benoit1999: folds 
GianniML: folds 
Dorex2007: folds 
shawmoney: calls $0.02
lahezis1950: raises $0.12 to $0.14
abufirs: folds 
shawmoney: folds 
Uncalled bet ($0.12) returned to lahezis1950
lahezis1950 collected $0.06 from pot
*** SUMMARY ***
Total pot $0.06 | Rake $0 
Seat 1: GianniML folded before Flop (didn't bet)
Seat 2: Dorex2007 folded before Flop (didn't bet)
Seat 3: shawmoney (button) folded before Flop
Seat 4: lahezis1950 (small blind) collected ($0.06)
Seat 6: abufirs (big blind) folded before Flop
Seat 7: warayama262 folded before Flop (didn't bet)
Seat 8: hiimmatt314 folded before Flop (didn't bet)
Seat 9: Benoit1999 folded before Flop (didn't bet)



PokerStars Hand #233179444917:  Hold'em No Limit ($0.01/$0.02 USD) - 2022/01/15 21:37:55 PT [2022/01/16 0:37:55 ET]
Table 'Eltigen' 9-max Seat #4 is the button
Seat 1: GianniML ($3.22 in chips) 
Seat 2: Dorex2007 ($3.61 in chips) 
Seat 3: shawmoney ($1.37 in chips) 
Seat 4: lahezis1950 ($0.92 in chips) 
Seat 6: abufirs ($1.29 in chips) 
Seat 7: warayama262 ($2.69 in chips) 
Seat 8: hiimmatt314 ($5.12 in chips) 
Seat 9: Benoit1999 ($2.78 in chips) 
abufirs: posts small blind $0.01
warayama262: posts big blind $0.02
*** HOLE CARDS ***
Dealt to Dorex2007 [Td 4d]
hiimmatt314: folds 
Benoit1999: folds 
GianniML: folds 
Dorex2007: folds 
shawmoney: raises $0.02 to $0.04
lahezis1950: folds 
abufirs: folds 
warayama262: calls $0.02
*** FLOP *** [4s Ts Qd]
warayama262: checks 
shawmoney: bets $0.04
warayama262: calls $0.04
*** TURN *** [4s Ts Qd] [Tc]
warayama262: checks 
shawmoney: bets $0.08
warayama262: folds 
Uncalled bet ($0.08) returned to shawmoney
shawmoney collected $0.16 from pot
shawmoney: doesn't show hand 
*** SUMMARY ***
Total pot $0.17 | Rake $0.01 
Board [4s Ts Qd Tc]
Seat 1: GianniML folded before Flop (didn't bet)
Seat 2: Dorex2007 folded before Flop (didn't bet)
Seat 3: shawmoney collected ($0.16)
Seat 4: lahezis1950 (button) folded before Flop (didn't bet)
Seat 6: abufirs (small blind) folded before Flop
Seat 7: warayama262 (big blind) folded on the Turn
Seat 8: hiimmatt314 folded before Flop (didn't bet)
Seat 9: Benoit1999 folded before Flop (didn't bet)



PokerStars Hand #233179451940:  Hold'em No Limit ($0.01/$0.02 USD) - 2022/01/15 21:38:35 PT [2022/01/16 0:38:35 ET]
Table 'Eltigen' 9-max Seat #6 is the button
Seat 1: GianniML ($3.22 in chips) 
Seat 2: Dorex2007 ($3.61 in chips) 
Seat 3: shawmoney ($1.45 in chips) 
Seat 4: lahezis1950 ($0.92 in chips) 
Seat 6: abufirs ($1.28 in chips) 
Seat 7: warayama262 ($2.61 in chips) 
Seat 8: hiimmatt314 ($5.12 in chips) 
Seat 9: Benoit1999 ($2.78 in chips) 
warayama262: posts small blind $0.01
hiimmatt314: posts big blind $0.02
*** HOLE CARDS ***
Dealt to Dorex2007 [Tc 3d]
Benoit1999: folds 
GianniML: folds 
Dorex2007: folds 
shawmoney: folds 
lahezis1950: folds 
abufirs: calls $0.02
warayama262: calls $0.01
hiimmatt314: checks 
*** FLOP *** [Kh 7c Ts]
warayama262: checks 
hiimmatt314: checks 
abufirs: checks 
*** TURN *** [Kh 7c Ts] [8s]
warayama262: checks 
hiimmatt314: checks 
xKen1x joins the table at seat #5 
abufirs: bets $0.03
warayama262: calls $0.03
hiimmatt314: folds 
*** RIVER *** [Kh 7c Ts 8s] [2s]
warayama262: checks 
abufirs: checks 
*** SHOW DOWN ***
warayama262: shows [Ac 2c] (a pair of Deuces)
abufirs: shows [Ah 8c] (a pair of Eights)
abufirs collected $0.12 from pot
*** SUMMARY ***
Total pot $0.12 | Rake $0 
Board [Kh 7c Ts 8s 2s]
Seat 1: GianniML folded before Flop (didn't bet)
Seat 2: Dorex2007 folded before Flop (didn't bet)
Seat 3: shawmoney folded before Flop (didn't bet)
Seat 4: lahezis1950 folded before Flop (didn't bet)
Seat 6: abufirs (button) showed [Ah 8c] and won ($0.12) with a pair of Eights
Seat 7: warayama262 (small blind) showed [Ac 2c] and lost with a pair of Deuces
Seat 8: hiimmatt314 (big blind) folded on the Turn
Seat 9: Benoit1999 folded before Flop (didn't bet)



PokerStars Hand #233179461419:  Hold'em No Limit ($0.01/$0.02 USD) - 2022/01/15 21:39:27 PT [2022/01/16 0:39:27 ET]
Table 'Eltigen' 9-max Seat #7 is the button
Seat 1: GianniML ($3.22 in chips) 
Seat 2: Dorex2007 ($3.61 in chips) 
Seat 3: shawmoney ($1.45 in chips) 
Seat 4: lahezis1950 ($0.92 in chips) 
Seat 6: abufirs ($1.35 in chips) 
Seat 7: warayama262 ($2.56 in chips) 
Seat 8: hiimmatt314 ($5.10 in chips) 
Seat 9: Benoit1999 ($2.78 in chips) 
hiimmatt314: posts small blind $0.01
Benoit1999: posts big blind $0.02
xKen1x: sits out 
*** HOLE CARDS ***
Dealt to Dorex2007 [6d 7h]
GianniML: folds 
Dorex2007: folds 
shawmoney: calls $0.02
lahezis1950: folds 
abufirs: folds 
warayama262: raises $0.04 to $0.06
hiimmatt314: calls $0.05
Benoit1999: folds 
shawmoney: calls $0.04
*** FLOP *** [5h 2s 6h]
hiimmatt314: checks 
shawmoney: checks 
warayama262: checks 
*** TURN *** [5h 2s 6h] [Ah]
hiimmatt314: bets $0.10
shawmoney: folds 
warayama262: folds 
Uncalled bet ($0.10) returned to hiimmatt314
hiimmatt314 collected $0.19 from pot
hiimmatt314: doesn't show hand 
*** SUMMARY ***
Total pot $0.20 | Rake $0.01 
Board [5h 2s 6h Ah]
Seat 1: GianniML folded before Flop (didn't bet)
Seat 2: Dorex2007 folded before Flop (didn't bet)
Seat 3: shawmoney folded on the Turn
Seat 4: lahezis1950 folded before Flop (didn't bet)
Seat 6: abufirs folded before Flop (didn't bet)
Seat 7: warayama262 (button) folded on the Turn
Seat 8: hiimmatt314 (small blind) collected ($0.19)
Seat 9: Benoit1999 (big blind) folded before Flop



PokerStars Hand #233179469769:  Hold'em No Limit ($0.01/$0.02 USD) - 2022/01/15 21:40:14 PT [2022/01/16 0:40:14 ET]
Table 'Eltigen' 9-max Seat #8 is the button
Seat 1: GianniML ($3.22 in chips) 
Seat 2: Dorex2007 ($3.61 in chips) 
Seat 3: shawmoney ($1.39 in chips) 
Seat 4: lahezis1950 ($0.92 in chips) 
Seat 6: abufirs ($1.35 in chips) 
Seat 7: warayama262 ($2.50 in chips) 
Seat 8: hiimmatt314 ($5.23 in chips) 
Seat 9: Benoit1999 ($2.76 in chips) 
Benoit1999: posts small blind $0.01
GianniML: posts big blind $0.02
xKen1x: sits out 
*** HOLE CARDS ***
Dealt to Dorex2007 [3d 3h]
Dorex2007: folds 
shawmoney: calls $0.02
lahezis1950: folds 
abufirs: folds 
warayama262: folds 
hiimmatt314: raises $0.04 to $0.06
Benoit1999: folds 
GianniML: folds 
shawmoney: calls $0.04
*** FLOP *** [Ah 8h Js]
shawmoney: checks 
hiimmatt314: bets $0.07
shawmoney: folds 
Uncalled bet ($0.07) returned to hiimmatt314
hiimmatt314 collected $0.14 from pot
hiimmatt314: doesn't show hand 
*** SUMMARY ***
Total pot $0.15 | Rake $0.01 
Board [Ah 8h Js]
Seat 1: GianniML (big blind) folded before Flop
Seat 2: Dorex2007 folded before Flop (didn't bet)
Seat 3: shawmoney folded on the Flop
Seat 4: lahezis1950 folded before Flop (didn't bet)
Seat 6: abufirs folded before Flop (didn't bet)
Seat 7: warayama262 folded before Flop (didn't bet)
Seat 8: hiimmatt314 (button) collected ($0.14)
Seat 9: Benoit1999 (small blind) folded before Flop



PokerStars Hand #233179486626:  Hold'em No Limit ($0.01/$0.02 USD) - 2022/01/15 21:41:12 PT [2022/01/16 0:41:12 ET]
Table 'Eltigen' 9-max Seat #9 is the button
Seat 1: GianniML ($3.20 in chips) 
Seat 2: Dorex2007 ($3.61 in chips) 
Seat 3: shawmoney ($1.33 in chips) 
Seat 4: lahezis1950 ($1.50 in chips) 
Seat 6: abufirs ($1.35 in chips) 
Seat 7: warayama262 ($2.50 in chips) 
Seat 8: hiimmatt314 ($5.31 in chips) 
Seat 9: Benoit1999 ($2.75 in chips) 
GianniML: posts small blind $0.01
Dorex2007: posts big blind $0.02
xKen1x: sits out 
*** HOLE CARDS ***
Dealt to Dorex2007 [Kh Ah]
shawmoney: folds 
lahezis1950: folds 
abufirs: folds 
warayama262: raises $0.04 to $0.06
hiimmatt314: folds 
Benoit1999: folds 
GianniML: folds 
Dorex2007: calls $0.04
*** FLOP *** [7s Ac 5s]
Dorex2007: bets $0.13
warayama262: folds 
Uncalled bet ($0.13) returned to Dorex2007
Dorex2007 collected $0.13 from pot
Dorex2007: doesn't show hand 
*** SUMMARY ***
Total pot $0.13 | Rake $0 
Board [7s Ac 5s]
Seat 1: GianniML (small blind) folded before Flop
Seat 2: Dorex2007 (big blind) collected ($0.13)
Seat 3: shawmoney folded before Flop (didn't bet)
Seat 4: lahezis1950 folded before Flop (didn't bet)
Seat 6: abufirs folded before Flop (didn't bet)
Seat 7: warayama262 folded on the Flop
Seat 8: hiimmatt314 folded before Flop (didn't bet)
Seat 9: Benoit1999 (button) folded before Flop (didn't bet)



PokerStars Hand #233179492784:  Hold'em No Limit ($0.01/$0.02 USD) - 2022/01/15 21:41:47 PT [2022/01/16 0:41:47 ET]
Table 'Eltigen' 9-max Seat #1 is the button
Seat 1: GianniML ($3.19 in chips) 
Seat 2: Dorex2007 ($3.68 in chips) 
Seat 3: shawmoney ($1.33 in chips) 
Seat 4: lahezis1950 ($1.50 in chips) 
Seat 6: abufirs ($1.35 in chips) 
Seat 7: warayama262 ($2.44 in chips) 
Seat 8: hiimmatt314 ($5.31 in chips) 
Seat 9: Benoit1999 ($2.75 in chips) 
Dorex2007: posts small blind $0.01
shawmoney: posts big blind $0.02
xKen1x: sits out 
*** HOLE CARDS ***
Dealt to Dorex2007 [Qc 2h]
lahezis1950: folds 
abufirs: folds 
warayama262: folds 
hiimmatt314: raises $0.04 to $0.06
Benoit1999: folds 
GianniML: folds 
Dorex2007: folds 
shawmoney: folds 
Uncalled bet ($0.04) returned to hiimmatt314
hiimmatt314 collected $0.05 from pot
hiimmatt314: doesn't show hand 
*** SUMMARY ***
Total pot $0.05 | Rake $0 
Seat 1: GianniML (button) folded before Flop (didn't bet)
Seat 2: Dorex2007 (small blind) folded before Flop
Seat 3: shawmoney (big blind) folded before Flop
Seat 4: lahezis1950 folded before Flop (didn't bet)
Seat 6: abufirs folded before Flop (didn't bet)
Seat 7: warayama262 folded before Flop (didn't bet)
Seat 8: hiimmatt314 collected ($0.05)
Seat 9: Benoit1999 folded before Flop (didn't bet)



PokerStars Hand #233179495663:  Hold'em No Limit ($0.01/$0.02 USD) - 2022/01/15 21:42:02 PT [2022/01/16 0:42:02 ET]
Table 'Eltigen' 9-max Seat #2 is the button
Seat 1: GianniML ($3.19 in chips) 
Seat 2: Dorex2007 ($3.67 in chips) 
Seat 3: shawmoney ($1.31 in chips) 
Seat 4: lahezis1950 ($1.50 in chips) 
Seat 6: abufirs ($1.35 in chips) 
Seat 7: warayama262 ($2.44 in chips) 
Seat 8: hiimmatt314 ($5.34 in chips) 
Seat 9: Benoit1999 ($2.75 in chips) 
shawmoney: posts small blind $0.01
lahezis1950: posts big blind $0.02
xKen1x: sits out 
*** HOLE CARDS ***
Dealt to Dorex2007 [2s Jd]
abufirs: raises $0.02 to $0.04
warayama262: folds 
hiimmatt314: calls $0.04
Benoit1999: folds 
GianniML: folds 
Dorex2007: folds 
shawmoney: calls $0.03
lahezis1950: folds 
*** FLOP *** [7d 4s 5s]
shawmoney: bets $0.07
abufirs: folds 
hiimmatt314: raises $0.14 to $0.21
shawmoney: calls $0.14
*** TURN *** [7d 4s 5s] [4h]
shawmoney: bets $0.18
hiimmatt314: calls $0.18
*** RIVER *** [7d 4s 5s 4h] [6h]
shawmoney: bets $0.88 and is all-in
hiimmatt314: calls $0.88
*** SHOW DOWN ***
shawmoney: shows [Jc 7c] (two pair, Sevens and Fours)
hiimmatt314: shows [3s 3d] (a straight, Three to Seven)
hiimmatt314 collected $2.59 from pot
*** SUMMARY ***
Total pot $2.68 | Rake $0.09 
Board [7d 4s 5s 4h 6h]
Seat 1: GianniML folded before Flop (didn't bet)
Seat 2: Dorex2007 (button) folded before Flop (didn't bet)
Seat 3: shawmoney (small blind) showed [Jc 7c] and lost with two pair, Sevens and Fours
Seat 4: lahezis1950 (big blind) folded before Flop
Seat 6: abufirs folded on the Flop
Seat 7: warayama262 folded before Flop (didn't bet)
Seat 8: hiimmatt314 showed [3s 3d] and won ($2.59) with a straight, Three to Seven
Seat 9: Benoit1999 folded before Flop (didn't bet)



PokerStars Hand #233179504849:  Hold'em No Limit ($0.01/$0.02 USD) - 2022/01/15 21:42:54 PT [2022/01/16 0:42:54 ET]
Table 'Eltigen' 9-max Seat #4 is the button
Seat 1: GianniML ($3.19 in chips) 
Seat 2: Dorex2007 ($3.67 in chips) 
Seat 4: lahezis1950 ($1.48 in chips) 
Seat 6: abufirs ($1.95 in chips) 
Seat 7: warayama262 ($2.44 in chips) 
Seat 8: hiimmatt314 ($6.62 in chips) 
Seat 9: Benoit1999 ($2.75 in chips) 
abufirs: posts small blind $0.01
warayama262: posts big blind $0.02
*** HOLE CARDS ***
Dealt to Dorex2007 [Kc 8c]
hiimmatt314: folds 
Benoit1999: raises $0.03 to $0.05
GianniML: folds 
shawmoney leaves the table
Dorex2007: folds 
lahezis1950: folds 
abufirs: folds 
warayama262: folds 
Uncalled bet ($0.03) returned to Benoit1999
Benoit1999 collected $0.05 from pot
Benoit1999: doesn't show hand 
*** SUMMARY ***
Total pot $0.05 | Rake $0 
Seat 1: GianniML folded before Flop (didn't bet)
Seat 2: Dorex2007 folded before Flop (didn't bet)
Seat 4: lahezis1950 (button) folded before Flop (didn't bet)
Seat 6: abufirs (small blind) folded before Flop
Seat 7: warayama262 (big blind) folded before Flop
Seat 8: hiimmatt314 folded before Flop (didn't bet)
Seat 9: Benoit1999 collected ($0.05)



PokerStars Hand #233179507293:  Hold'em No Limit ($0.01/$0.02 USD) - 2022/01/15 21:43:07 PT [2022/01/16 0:43:07 ET]
Table 'Eltigen' 9-max Seat #6 is the button
Seat 1: GianniML ($3.19 in chips) 
Seat 2: Dorex2007 ($3.67 in chips) 
Seat 4: lahezis1950 ($1.48 in chips) 
Seat 6: abufirs ($1.94 in chips) 
Seat 7: warayama262 ($2.42 in chips) 
Seat 8: hiimmatt314 ($6.62 in chips) 
Seat 9: Benoit1999 ($2.78 in chips) 
warayama262: posts small blind $0.01
hiimmatt314: posts big blind $0.02
xKen1x: sits out 
*** HOLE CARDS ***
Dealt to Dorex2007 [Td 3s]
Benoit1999: folds 
GianniML has timed out
GianniML: folds 
Dorex2007: folds 
lahezis1950: raises $0.04 to $0.06
abufirs: calls $0.06
endry08 joins the table at seat #3 
warayama262: calls $0.05
hiimmatt314: folds 
*** FLOP *** [5c Kc 8s]
warayama262: checks 
lahezis1950: bets $0.10
abufirs: folds 
warayama262: folds 
Uncalled bet ($0.10) returned to lahezis1950
lahezis1950 collected $0.19 from pot
*** SUMMARY ***
Total pot $0.20 | Rake $0.01 
Board [5c Kc 8s]
Seat 1: GianniML folded before Flop (didn't bet)
Seat 2: Dorex2007 folded before Flop (didn't bet)
Seat 4: lahezis1950 collected ($0.19)
Seat 6: abufirs (button) folded on the Flop
Seat 7: warayama262 (small blind) folded on the Flop
Seat 8: hiimmatt314 (big blind) folded before Flop
Seat 9: Benoit1999 folded before Flop (didn't bet)



PokerStars Hand #233179515834:  Hold'em No Limit ($0.01/$0.02 USD) - 2022/01/15 21:43:55 PT [2022/01/16 0:43:55 ET]
Table 'Eltigen' 9-max Seat #7 is the button
Seat 1: GianniML ($3.19 in chips) 
Seat 2: Dorex2007 ($3.67 in chips) 
Seat 4: lahezis1950 ($1.61 in chips) 
Seat 6: abufirs ($1.88 in chips) 
Seat 7: warayama262 ($2.36 in chips) 
Seat 8: hiimmatt314 ($6.60 in chips) 
Seat 9: Benoit1999 ($2.78 in chips) 
hiimmatt314: posts small blind $0.01
Benoit1999: posts big blind $0.02
endry08: sits out 
xKen1x: sits out 
*** HOLE CARDS ***
Dealt to Dorex2007 [2d Jh]
GianniML: folds 
Dorex2007: folds 
lahezis1950: folds 
abufirs: folds 
warayama262: raises $0.04 to $0.06
hiimmatt314: folds 
Benoit1999: calls $0.04
*** FLOP *** [Js Jc Tc]
Benoit1999: checks 
warayama262: bets $0.07
Benoit1999: raises $0.20 to $0.27
warayama262: calls $0.20
*** TURN *** [Js Jc Tc] [2h]
Benoit1999: bets $0.49
warayama262: folds 
Uncalled bet ($0.49) returned to Benoit1999
Benoit1999 collected $0.65 from pot
*** SUMMARY ***
Total pot $0.67 | Rake $0.02 
Board [Js Jc Tc 2h]
Seat 1: GianniML folded before Flop (didn't bet)
Seat 2: Dorex2007 folded before Flop (didn't bet)
Seat 4: lahezis1950 folded before Flop (didn't bet)
Seat 6: abufirs folded before Flop (didn't bet)
Seat 7: warayama262 (button) folded on the Turn
Seat 8: hiimmatt314 (small blind) folded before Flop
Seat 9: Benoit1999 (big blind) collected ($0.65)



PokerStars Hand #233179527366:  Hold'em No Limit ($0.01/$0.02 USD) - 2022/01/15 21:44:59 PT [2022/01/16 0:44:59 ET]
Table 'Eltigen' 9-max Seat #8 is the button
Seat 1: GianniML ($3.19 in chips) 
Seat 2: Dorex2007 ($3.67 in chips) 
Seat 6: abufirs ($1.88 in chips) 
Seat 7: warayama262 ($2.03 in chips) 
Seat 8: hiimmatt314 ($6.59 in chips) 
Seat 9: Benoit1999 ($3.10 in chips) 
Benoit1999: posts small blind $0.01
GianniML: posts big blind $0.02
endry08: sits out 
xKen1x: sits out 
*** HOLE CARDS ***
Dealt to Dorex2007 [8d Qh]
Dorex2007: folds 
abufirs: raises $0.06 to $0.08
warayama262: folds 
hiimmatt314: calls $0.08
Benoit1999: folds 
GianniML: folds 
*** FLOP *** [9d 2h 4h]
abufirs: checks 
hiimmatt314: bets $0.09
abufirs: raises $1.71 to $1.80 and is all-in
hiimmatt314: folds 
Uncalled bet ($1.71) returned to abufirs
abufirs collected $0.36 from pot
abufirs: doesn't show hand 
*** SUMMARY ***
Total pot $0.37 | Rake $0.01 
Board [9d 2h 4h]
Seat 1: GianniML (big blind) folded before Flop
Seat 2: Dorex2007 folded before Flop (didn't bet)
Seat 6: abufirs collected ($0.36)
Seat 7: warayama262 folded before Flop (didn't bet)
Seat 8: hiimmatt314 (button) folded on the Flop
Seat 9: Benoit1999 (small blind) folded before Flop



PokerStars Hand #233179543180:  Hold'em No Limit ($0.01/$0.02 USD) - 2022/01/15 21:45:44 PT [2022/01/16 0:45:44 ET]
Table 'Eltigen' 9-max Seat #9 is the button
Seat 1: GianniML ($3.17 in chips) 
Seat 2: Dorex2007 ($3.67 in chips) 
Seat 6: abufirs ($2.07 in chips) 
Seat 7: warayama262 ($2.03 in chips) 
Seat 8: hiimmatt314 ($6.42 in chips) 
Seat 9: Benoit1999 ($3.09 in chips) 
GianniML: posts small blind $0.01
Dorex2007: posts big blind $0.02
endry08: sits out 
xKen1x: sits out 
*** HOLE CARDS ***
Dealt to Dorex2007 [7s Ad]
abufirs: folds 
warayama262: folds 
hiimmatt314: raises $0.04 to $0.06
Benoit1999: folds 
GianniML: folds 
Benoit1999 leaves the table
Dorex2007: folds 
Uncalled bet ($0.04) returned to hiimmatt314
hiimmatt314 collected $0.05 from pot
hiimmatt314: doesn't show hand 
*** SUMMARY ***
Total pot $0.05 | Rake $0 
Seat 1: GianniML (small blind) folded before Flop
Seat 2: Dorex2007 (big blind) folded before Flop
Seat 6: abufirs folded before Flop (didn't bet)
Seat 7: warayama262 folded before Flop (didn't bet)
Seat 8: hiimmatt314 collected ($0.05)
Seat 9: Benoit1999 (button) folded before Flop (didn't bet)



PokerStars Hand #233179545262:  Hold'em No Limit ($0.01/$0.02 USD) - 2022/01/15 21:45:56 PT [2022/01/16 0:45:56 ET]
Table 'Eltigen' 9-max Seat #1 is the button
Seat 1: GianniML ($3.16 in chips) 
Seat 2: Dorex2007 ($3.65 in chips) 
Seat 3: endry08 ($0.80 in chips) 
Seat 6: abufirs ($2.07 in chips) 
Seat 7: warayama262 ($2.03 in chips) 
Seat 8: hiimmatt314 ($6.45 in chips) 
Dorex2007: posts small blind $0.01
endry08: posts big blind $0.02
xKen1x: sits out 
*** HOLE CARDS ***
Dealt to Dorex2007 [5h Jd]
abufirs: folds 
warayama262: folds 
hiimmatt314: folds 
GianniML: folds 
Dorex2007: folds 
Uncalled bet ($0.01) returned to endry08
endry08 collected $0.02 from pot
endry08: doesn't show hand 
*** SUMMARY ***
Total pot $0.02 | Rake $0 
Seat 1: GianniML (button) folded before Flop (didn't bet)
Seat 2: Dorex2007 (small blind) folded before Flop
Seat 3: endry08 (big blind) collected ($0.02)
Seat 6: abufirs folded before Flop (didn't bet)
Seat 7: warayama262 folded before Flop (didn't bet)
Seat 8: hiimmatt314 folded before Flop (didn't bet)



PokerStars Hand #233179547370:  Hold'em No Limit ($0.01/$0.02 USD) - 2022/01/15 21:46:07 PT [2022/01/16 0:46:07 ET]
Table 'Eltigen' 9-max Seat #2 is the button
Seat 1: GianniML ($3.16 in chips) 
Seat 2: Dorex2007 ($3.64 in chips) 
Seat 3: endry08 ($0.81 in chips) 
Seat 5: xKen1x ($0.80 in chips) 
Seat 6: abufirs ($2.07 in chips) 
Seat 7: warayama262 ($2.03 in chips) 
Seat 8: hiimmatt314 ($6.45 in chips) 
endry08: posts small blind $0.01
xKen1x: posts big blind $0.02
*** HOLE CARDS ***
Dealt to Dorex2007 [Qc 3d]
abufirs: folds 
warayama262: folds 
hiimmatt314: folds 
GianniML: folds 
Dorex2007: folds 
endry08: calls $0.01
xKen1x: checks 
*** FLOP *** [Jd 4d 6h]
endry08: checks 
xKen1x: checks 
*** TURN *** [Jd 4d 6h] [8h]
endry08: checks 
xKen1x: checks 
*** RIVER *** [Jd 4d 6h 8h] [As]
endry08: bets $0.02
xKen1x: folds 
Uncalled bet ($0.02) returned to endry08
endry08 collected $0.04 from pot
endry08: doesn't show hand 
*** SUMMARY ***
Total pot $0.04 | Rake $0 
Board [Jd 4d 6h 8h As]
Seat 1: GianniML folded before Flop (didn't bet)
Seat 2: Dorex2007 (button) folded before Flop (didn't bet)
Seat 3: endry08 (small blind) collected ($0.04)
Seat 5: xKen1x (big blind) folded on the River
Seat 6: abufirs folded before Flop (didn't bet)
Seat 7: warayama262 folded before Flop (didn't bet)
Seat 8: hiimmatt314 folded before Flop (didn't bet)



PokerStars Hand #233179553101:  Hold'em No Limit ($0.01/$0.02 USD) - 2022/01/15 21:46:39 PT [2022/01/16 0:46:39 ET]
Table 'Eltigen' 9-max Seat #3 is the button
Seat 1: GianniML ($3.16 in chips) 
Seat 2: Dorex2007 ($3.64 in chips) 
Seat 3: endry08 ($0.83 in chips) 
Seat 5: xKen1x ($0.78 in chips) 
Seat 6: abufirs ($2.07 in chips) 
Seat 7: warayama262 ($2.03 in chips) 
Seat 8: hiimmatt314 ($6.45 in chips) 
xKen1x: posts small blind $0.01
abufirs: posts big blind $0.02
*** HOLE CARDS ***
Dealt to Dorex2007 [Th 3c]
warayama262: raises $0.04 to $0.06
hiimmatt314: folds 
GianniML: folds 
Dorex2007: folds 
endry08: folds 
xKen1x: folds 
abufirs: folds 
Uncalled bet ($0.04) returned to warayama262
warayama262 collected $0.05 from pot
warayama262: doesn't show hand 
*** SUMMARY ***
Total pot $0.05 | Rake $0 
Seat 1: GianniML folded before Flop (didn't bet)
Seat 2: Dorex2007 folded before Flop (didn't bet)
Seat 3: endry08 (button) folded before Flop (didn't bet)
Seat 5: xKen1x (small blind) folded before Flop
Seat 6: abufirs (big blind) folded before Flop
Seat 7: warayama262 collected ($0.05)
Seat 8: hiimmatt314 folded before Flop (didn't bet)



PokerStars Hand #233179556159:  Hold'em No Limit ($0.01/$0.02 USD) - 2022/01/15 21:46:57 PT [2022/01/16 0:46:57 ET]
Table 'Eltigen' 9-max Seat #5 is the button
Seat 1: GianniML ($3.16 in chips) 
Seat 2: Dorex2007 ($3.64 in chips) 
Seat 3: endry08 ($0.83 in chips) 
Seat 5: xKen1x ($0.77 in chips) 
Seat 6: abufirs ($2.05 in chips) 
Seat 7: warayama262 ($2.06 in chips) 
Seat 8: hiimmatt314 ($6.45 in chips) 
abufirs: posts small blind $0.01
warayama262: posts big blind $0.02
*** HOLE CARDS ***
Dealt to Dorex2007 [Jh 2d]
hiimmatt314: folds 
GianniML: raises $0.06 to $0.08
Dorex2007: folds 
endry08: folds 
xKen1x: folds 
abufirs: folds 
warayama262: folds 
Uncalled bet ($0.06) returned to GianniML
GianniML collected $0.05 from pot
GianniML: doesn't show hand 
*** SUMMARY ***
Total pot $0.05 | Rake $0 
Seat 1: GianniML collected ($0.05)
Seat 2: Dorex2007 folded before Flop (didn't bet)
Seat 3: endry08 folded before Flop (didn't bet)
Seat 5: xKen1x (button) folded before Flop (didn't bet)
Seat 6: abufirs (small blind) folded before Flop
Seat 7: warayama262 (big blind) folded before Flop
Seat 8: hiimmatt314 folded before Flop (didn't bet)



PokerStars Hand #233179561880:  Hold'em No Limit ($0.01/$0.02 USD) - 2022/01/15 21:47:29 PT [2022/01/16 0:47:29 ET]
Table 'Eltigen' 9-max Seat #6 is the button
Seat 1: GianniML ($3.19 in chips) 
Seat 2: Dorex2007 ($3.64 in chips) 
Seat 3: endry08 ($0.83 in chips) 
Seat 5: xKen1x ($0.77 in chips) 
Seat 6: abufirs ($2.04 in chips) 
Seat 7: warayama262 ($2.04 in chips) 
Seat 8: hiimmatt314 ($6.45 in chips) 
warayama262: posts small blind $0.01
hiimmatt314: posts big blind $0.02
*** HOLE CARDS ***
Dealt to Dorex2007 [2s Qc]
KATASTROF118 joins the table at seat #9 
GianniML: folds 
Dorex2007: folds 
endry08: calls $0.02
xKen1x: folds 
abufirs: calls $0.02
warayama262: folds 
hiimmatt314: checks 
*** FLOP *** [Ad Kd 3h]
hiimmatt314: checks 
endry08: checks 
abufirs: checks 
*** TURN *** [Ad Kd 3h] [7h]
hiimmatt314: checks 
endry08: checks 
abufirs: checks 
*** RIVER *** [Ad Kd 3h 7h] [6d]
hiimmatt314: checks 
endry08: checks 
abufirs: bets $0.04
hiimmatt314: folds 
endry08: folds 
Uncalled bet ($0.04) returned to abufirs
abufirs collected $0.07 from pot
abufirs: doesn't show hand 
*** SUMMARY ***
Total pot $0.07 | Rake $0 
Board [Ad Kd 3h 7h 6d]
Seat 1: GianniML folded before Flop (didn't bet)
Seat 2: Dorex2007 folded before Flop (didn't bet)
Seat 3: endry08 folded on the River
Seat 5: xKen1x folded before Flop (didn't bet)
Seat 6: abufirs (button) collected ($0.07)
Seat 7: warayama262 (small blind) folded before Flop
Seat 8: hiimmatt314 (big blind) folded on the River



PokerStars Hand #233179569296:  Hold'em No Limit ($0.01/$0.02 USD) - 2022/01/15 21:48:11 PT [2022/01/16 0:48:11 ET]
Table 'Eltigen' 9-max Seat #7 is the button
Seat 1: GianniML ($3.19 in chips) 
Seat 2: Dorex2007 ($3.64 in chips) 
Seat 3: endry08 ($0.81 in chips) 
Seat 5: xKen1x ($0.77 in chips) 
Seat 6: abufirs ($2.09 in chips) 
Seat 7: warayama262 ($2.03 in chips) 
Seat 8: hiimmatt314 ($6.43 in chips) 
Seat 9: KATASTROF118 ($0.80 in chips) 
hiimmatt314: posts small blind $0.01
KATASTROF118: posts big blind $0.02
*** HOLE CARDS ***
Dealt to Dorex2007 [6s As]
GianniML: folds 
Dorex2007: folds 
endry08: raises $0.02 to $0.04
xKen1x: folds 
abufirs: calls $0.04
warayama262: folds 
hiimmatt314: folds 
KATASTROF118: raises $0.13 to $0.17
endry08: calls $0.13
abufirs: folds 
*** FLOP *** [9h Ah 9c]
KATASTROF118: bets $0.29
endry08: folds 
Uncalled bet ($0.29) returned to KATASTROF118
KATASTROF118 collected $0.38 from pot
KATASTROF118: doesn't show hand 
*** SUMMARY ***
Total pot $0.39 | Rake $0.01 
Board [9h Ah 9c]
Seat 1: GianniML folded before Flop (didn't bet)
Seat 2: Dorex2007 folded before Flop (didn't bet)
Seat 3: endry08 folded on the Flop
Seat 5: xKen1x folded before Flop (didn't bet)
Seat 6: abufirs folded before Flop
Seat 7: warayama262 (button) folded before Flop (didn't bet)
Seat 8: hiimmatt314 (small blind) folded before Flop
Seat 9: KATASTROF118 (big blind) collected ($0.38)



