PokerStars Hand #237494689373:  Hold'em No Limit ($0.02/$0.05 USD) - 2022/07/21 9:25:55 PT [2022/07/21 12:25:55 ET]
Table 'Plaut' 9-max Seat #5 is the button
Seat 1: Henryck 1515 ($5.45 in chips) 
Seat 2: Hoobs 23 ($5.22 in chips) 
Seat 3: Dorex2007 ($5 in chips) 
Seat 5: KidBananan ($5 in chips) 
Seat 6: twk7 ($5 in chips) 
Seat 7: lbathayde ($2.89 in chips) 
Seat 8: BezDopinga ($6.33 in chips) 
Seat 9: PFelipe95 ($2.72 in chips) 
twk7: posts small blind $0.02
lbathayde: posts big blind $0.05
Dorex2007: posts big blind $0.05
C.Kakashi001: sits out 
*** HOLE CARDS ***
Dealt to Dorex2007 [8s 4d]
BezDopinga: folds 
PFelipe95: folds 
Henryck 1515: calls $0.05
Hoobs 23: folds 
Dorex2007: checks 
KidBananan: folds 
twk7: folds 
lbathayde: checks 
*** FLOP *** [4c 6d 6c]
lbathayde: checks 
Henryck 1515: checks 
Dorex2007: checks 
*** TURN *** [4c 6d 6c] [Td]
lbathayde: checks 
Henryck 1515: checks 
Dorex2007: checks 
*** RIVER *** [4c 6d 6c Td] [Jc]
lbathayde: checks 
Henryck 1515: checks 
Dorex2007: checks 
*** SHOW DOWN ***
lbathayde: shows [5c Ad] (a pair of Sixes)
Henryck 1515: mucks hand 
Dorex2007: shows [8s 4d] (two pair, Sixes and Fours)
Dorex2007 collected $0.16 from pot
*** SUMMARY ***
Total pot $0.17 | Rake $0.01 
Board [4c 6d 6c Td Jc]
Seat 1: Henryck 1515 mucked [5d Qd]
Seat 2: Hoobs 23 folded before Flop (didn't bet)
Seat 3: Dorex2007 showed [8s 4d] and won ($0.16) with two pair, Sixes and Fours
Seat 5: KidBananan (button) folded before Flop (didn't bet)
Seat 6: twk7 (small blind) folded before Flop
Seat 7: lbathayde (big blind) showed [5c Ad] and lost with a pair of Sixes
Seat 8: BezDopinga folded before Flop (didn't bet)
Seat 9: PFelipe95 folded before Flop (didn't bet)



PokerStars Hand #237494708405:  Hold'em No Limit ($0.02/$0.05 USD) - 2022/07/21 9:26:56 PT [2022/07/21 12:26:56 ET]
Table 'Plaut' 9-max Seat #6 is the button
Seat 1: Henryck 1515 ($5.40 in chips) 
Seat 2: Hoobs 23 ($5.22 in chips) 
Seat 3: Dorex2007 ($5.11 in chips) 
Seat 5: KidBananan ($5 in chips) 
Seat 6: twk7 ($5 in chips) 
Seat 7: lbathayde ($2.84 in chips) 
Seat 8: BezDopinga ($6.33 in chips) 
Seat 9: PFelipe95 ($2.72 in chips) 
lbathayde: posts small blind $0.02
BezDopinga: posts big blind $0.05
C.Kakashi001: sits out 
*** HOLE CARDS ***
Dealt to Dorex2007 [Qh 4c]
PFelipe95: folds 
Henryck 1515: calls $0.05
Hoobs 23: raises $0.17 to $0.22
Dorex2007: folds 
KidBananan: folds 
twk7: folds 
lbathayde: folds 
BezDopinga: folds 
Henryck 1515: calls $0.17
*** FLOP *** [Jd 3s Ac]
Henryck 1515: checks 
Hoobs 23: bets $0.35
Henryck 1515: folds 
Uncalled bet ($0.35) returned to Hoobs 23
Hoobs 23 collected $0.49 from pot
*** SUMMARY ***
Total pot $0.51 | Rake $0.02 
Board [Jd 3s Ac]
Seat 1: Henryck 1515 folded on the Flop
Seat 2: Hoobs 23 collected ($0.49)
Seat 3: Dorex2007 folded before Flop (didn't bet)
Seat 5: KidBananan folded before Flop (didn't bet)
Seat 6: twk7 (button) folded before Flop (didn't bet)
Seat 7: lbathayde (small blind) folded before Flop
Seat 8: BezDopinga (big blind) folded before Flop
Seat 9: PFelipe95 folded before Flop (didn't bet)



PokerStars Hand #237494725324:  Hold'em No Limit ($0.02/$0.05 USD) - 2022/07/21 9:27:49 PT [2022/07/21 12:27:49 ET]
Table 'Plaut' 9-max Seat #7 is the button
Seat 1: Henryck 1515 ($5.18 in chips) 
Seat 2: Hoobs 23 ($5.49 in chips) 
Seat 3: Dorex2007 ($5.11 in chips) 
Seat 5: KidBananan ($5 in chips) 
Seat 6: twk7 ($5 in chips) 
Seat 7: lbathayde ($2.82 in chips) 
Seat 8: BezDopinga ($6.28 in chips) 
Seat 9: PFelipe95 ($2.72 in chips) 
BezDopinga: posts small blind $0.02
PFelipe95: posts big blind $0.05
C.Kakashi001: sits out 
*** HOLE CARDS ***
Dealt to Dorex2007 [8h Qc]
Henryck 1515: calls $0.05
Hoobs 23: folds 
Dorex2007: folds 
KidBananan: folds 
twk7: raises $0.07 to $0.12
lbathayde: folds 
BezDopinga: folds 
PFelipe95: calls $0.07
Henryck 1515: calls $0.07
*** FLOP *** [2h Kc Th]
PFelipe95: checks 
Henryck 1515: checks 
twk7: checks 
*** TURN *** [2h Kc Th] [Js]
PFelipe95: checks 
Henryck 1515: bets $0.36
twk7: folds 
PFelipe95: folds 
Uncalled bet ($0.36) returned to Henryck 1515
Henryck 1515 collected $0.36 from pot
*** SUMMARY ***
Total pot $0.38 | Rake $0.02 
Board [2h Kc Th Js]
Seat 1: Henryck 1515 collected ($0.36)
Seat 2: Hoobs 23 folded before Flop (didn't bet)
Seat 3: Dorex2007 folded before Flop (didn't bet)
Seat 5: KidBananan folded before Flop (didn't bet)
Seat 6: twk7 folded on the Turn
Seat 7: lbathayde (button) folded before Flop (didn't bet)
Seat 8: BezDopinga (small blind) folded before Flop
Seat 9: PFelipe95 (big blind) folded on the Turn



PokerStars Hand #237494739403:  Hold'em No Limit ($0.02/$0.05 USD) - 2022/07/21 9:28:34 PT [2022/07/21 12:28:34 ET]
Table 'Plaut' 9-max Seat #8 is the button
Seat 1: Henryck 1515 ($5.42 in chips) 
Seat 2: Hoobs 23 ($5.49 in chips) 
Seat 3: Dorex2007 ($5.11 in chips) 
Seat 5: KidBananan ($5 in chips) 
Seat 6: twk7 ($5 in chips) 
Seat 7: lbathayde ($2.82 in chips) 
Seat 8: BezDopinga ($6.26 in chips) 
Seat 9: PFelipe95 ($2.60 in chips) 
PFelipe95: posts small blind $0.02
Henryck 1515: posts big blind $0.05
C.Kakashi001: sits out 
*** HOLE CARDS ***
Dealt to Dorex2007 [Qc 4c]
Hoobs 23: calls $0.05
Dorex2007: folds 
KidBananan: folds 
twk7: folds 
lbathayde: calls $0.05
BezDopinga: folds 
PFelipe95: calls $0.03
Henryck 1515: checks 
*** FLOP *** [8d 2h 8h]
PFelipe95: checks 
Henryck 1515: checks 
Hoobs 23: checks 
lbathayde: checks 
*** TURN *** [8d 2h 8h] [3d]
PFelipe95: checks 
Henryck 1515: bets $0.09
Hoobs 23: calls $0.09
lbathayde: calls $0.09
PFelipe95: folds 
*** RIVER *** [8d 2h 8h 3d] [5h]
Henryck 1515: bets $0.55
Hoobs 23: folds 
lbathayde: folds 
Uncalled bet ($0.55) returned to Henryck 1515
Henryck 1515 collected $0.45 from pot
*** SUMMARY ***
Total pot $0.47 | Rake $0.02 
Board [8d 2h 8h 3d 5h]
Seat 1: Henryck 1515 (big blind) collected ($0.45)
Seat 2: Hoobs 23 folded on the River
Seat 3: Dorex2007 folded before Flop (didn't bet)
Seat 5: KidBananan folded before Flop (didn't bet)
Seat 6: twk7 folded before Flop (didn't bet)
Seat 7: lbathayde folded on the River
Seat 8: BezDopinga (button) folded before Flop (didn't bet)
Seat 9: PFelipe95 (small blind) folded on the Turn



PokerStars Hand #237494764569:  Hold'em No Limit ($0.02/$0.05 USD) - 2022/07/21 9:29:54 PT [2022/07/21 12:29:54 ET]
Table 'Plaut' 9-max Seat #9 is the button
Seat 1: Henryck 1515 ($5.73 in chips) 
Seat 2: Hoobs 23 ($5.35 in chips) 
Seat 3: Dorex2007 ($5.11 in chips) 
Seat 5: KidBananan ($5 in chips) 
Seat 6: twk7 ($5 in chips) 
Seat 7: lbathayde ($2.68 in chips) 
Seat 8: BezDopinga ($6.26 in chips) 
Seat 9: PFelipe95 ($2.55 in chips) 
Henryck 1515: posts small blind $0.02
Hoobs 23: posts big blind $0.05
C.Kakashi001: sits out 
*** HOLE CARDS ***
Dealt to Dorex2007 [Kd 2d]
Dorex2007: folds 
KidBananan: folds 
twk7: folds 
lbathayde: folds 
BezDopinga: folds 
PFelipe95: raises $0.07 to $0.12
Henryck 1515: raises $0.19 to $0.31
Hoobs 23: folds 
PFelipe95: calls $0.19
*** FLOP *** [7c Qs 6c]
Henryck 1515: bets $0.32
PFelipe95: folds 
Uncalled bet ($0.32) returned to Henryck 1515
Henryck 1515 collected $0.64 from pot
*** SUMMARY ***
Total pot $0.67 | Rake $0.03 
Board [7c Qs 6c]
Seat 1: Henryck 1515 (small blind) collected ($0.64)
Seat 2: Hoobs 23 (big blind) folded before Flop
Seat 3: Dorex2007 folded before Flop (didn't bet)
Seat 5: KidBananan folded before Flop (didn't bet)
Seat 6: twk7 folded before Flop (didn't bet)
Seat 7: lbathayde folded before Flop (didn't bet)
Seat 8: BezDopinga folded before Flop (didn't bet)
Seat 9: PFelipe95 (button) folded on the Flop



PokerStars Hand #237494774559:  Hold'em No Limit ($0.02/$0.05 USD) - 2022/07/21 9:30:25 PT [2022/07/21 12:30:25 ET]
Table 'Plaut' 9-max Seat #1 is the button
Seat 1: Henryck 1515 ($6.06 in chips) 
Seat 2: Hoobs 23 ($5.30 in chips) 
Seat 3: Dorex2007 ($5.11 in chips) 
Seat 5: KidBananan ($5 in chips) 
Seat 6: twk7 ($5 in chips) 
Seat 7: lbathayde ($2.68 in chips) 
Seat 8: BezDopinga ($6.26 in chips) 
Seat 9: PFelipe95 ($2.24 in chips) 
Hoobs 23: posts small blind $0.02
Dorex2007: posts big blind $0.05
C.Kakashi001: sits out 
*** HOLE CARDS ***
Dealt to Dorex2007 [9c 7c]
KidBananan: raises $0.10 to $0.15
twk7: raises $0.30 to $0.45
lbathayde: folds 
BezDopinga: folds 
PFelipe95: folds 
Henryck 1515: folds 
Hoobs 23: folds 
Dorex2007: folds 
KidBananan: folds 
Uncalled bet ($0.30) returned to twk7
twk7 collected $0.37 from pot
*** SUMMARY ***
Total pot $0.37 | Rake $0 
Seat 1: Henryck 1515 (button) folded before Flop (didn't bet)
Seat 2: Hoobs 23 (small blind) folded before Flop
Seat 3: Dorex2007 (big blind) folded before Flop
Seat 5: KidBananan folded before Flop
Seat 6: twk7 collected ($0.37)
Seat 7: lbathayde folded before Flop (didn't bet)
Seat 8: BezDopinga folded before Flop (didn't bet)
Seat 9: PFelipe95 folded before Flop (didn't bet)



PokerStars Hand #237494788579:  Hold'em No Limit ($0.02/$0.05 USD) - 2022/07/21 9:31:09 PT [2022/07/21 12:31:09 ET]
Table 'Plaut' 9-max Seat #2 is the button
Seat 1: Henryck 1515 ($6.06 in chips) 
Seat 2: Hoobs 23 ($5.28 in chips) 
Seat 3: Dorex2007 ($5.06 in chips) 
Seat 4: C.Kakashi001 ($4.93 in chips) 
Seat 5: KidBananan ($5 in chips) 
Seat 6: twk7 ($5.22 in chips) 
Seat 7: lbathayde ($2.68 in chips) 
Seat 8: BezDopinga ($6.26 in chips) 
Seat 9: PFelipe95 ($2.24 in chips) 
Dorex2007: posts small blind $0.02
C.Kakashi001: posts big blind $0.05
*** HOLE CARDS ***
Dealt to Dorex2007 [Qs Ah]
KidBananan: folds 
twk7: folds 
lbathayde: folds 
BezDopinga: folds 
PFelipe95: raises $0.07 to $0.12
Henryck 1515: folds 
Hoobs 23: folds 
Dorex2007: calls $0.10
C.Kakashi001: folds 
*** FLOP *** [9d 7d 3d]
Dorex2007: checks 
PFelipe95: bets $0.14
Dorex2007: calls $0.14
*** TURN *** [9d 7d 3d] [6s]
Dorex2007: bets $0.27
PFelipe95: calls $0.27
*** RIVER *** [9d 7d 3d 6s] [Kd]
Dorex2007: checks 
PFelipe95: bets $0.27
Dorex2007: raises $0.43 to $0.70
PFelipe95: raises $0.70 to $1.40
Dorex2007: folds 
Uncalled bet ($0.70) returned to PFelipe95
PFelipe95 collected $2.41 from pot
*** SUMMARY ***
Total pot $2.51 | Rake $0.10 
Board [9d 7d 3d 6s Kd]
Seat 1: Henryck 1515 folded before Flop (didn't bet)
Seat 2: Hoobs 23 (button) folded before Flop (didn't bet)
Seat 3: Dorex2007 (small blind) folded on the River
Seat 4: C.Kakashi001 (big blind) folded before Flop
Seat 5: KidBananan folded before Flop (didn't bet)
Seat 6: twk7 folded before Flop (didn't bet)
Seat 7: lbathayde folded before Flop (didn't bet)
Seat 8: BezDopinga folded before Flop (didn't bet)
Seat 9: PFelipe95 collected ($2.41)



PokerStars Hand #237494809121:  Hold'em No Limit ($0.02/$0.05 USD) - 2022/07/21 9:32:14 PT [2022/07/21 12:32:14 ET]
Table 'Plaut' 9-max Seat #3 is the button
Seat 1: Henryck 1515 ($6.06 in chips) 
Seat 2: Hoobs 23 ($5.28 in chips) 
Seat 3: Dorex2007 ($5 in chips) 
Seat 4: C.Kakashi001 ($4.88 in chips) 
Seat 5: KidBananan ($5 in chips) 
Seat 6: twk7 ($5.22 in chips) 
Seat 7: lbathayde ($2.68 in chips) 
Seat 8: BezDopinga ($6.26 in chips) 
Seat 9: PFelipe95 ($3.42 in chips) 
C.Kakashi001: posts small blind $0.02
KidBananan: posts big blind $0.05
*** HOLE CARDS ***
Dealt to Dorex2007 [7d Qd]
twk7: folds 
lbathayde: folds 
BezDopinga: folds 
PFelipe95: folds 
Henryck 1515: calls $0.05
Hoobs 23: folds 
Dorex2007: folds 
C.Kakashi001: calls $0.03
KidBananan: checks 
*** FLOP *** [3s 3d Ac]
C.Kakashi001: checks 
KidBananan: checks 
Henryck 1515: checks 
*** TURN *** [3s 3d Ac] [Js]
C.Kakashi001: bets $0.07
KidBananan: folds 
Henryck 1515: folds 
Uncalled bet ($0.07) returned to C.Kakashi001
C.Kakashi001 collected $0.14 from pot
*** SUMMARY ***
Total pot $0.15 | Rake $0.01 
Board [3s 3d Ac Js]
Seat 1: Henryck 1515 folded on the Turn
Seat 2: Hoobs 23 folded before Flop (didn't bet)
Seat 3: Dorex2007 (button) folded before Flop (didn't bet)
Seat 4: C.Kakashi001 (small blind) collected ($0.14)
Seat 5: KidBananan (big blind) folded on the Turn
Seat 6: twk7 folded before Flop (didn't bet)
Seat 7: lbathayde folded before Flop (didn't bet)
Seat 8: BezDopinga folded before Flop (didn't bet)
Seat 9: PFelipe95 folded before Flop (didn't bet)



PokerStars Hand #237494821185:  Hold'em No Limit ($0.02/$0.05 USD) - 2022/07/21 9:32:52 PT [2022/07/21 12:32:52 ET]
Table 'Plaut' 9-max Seat #4 is the button
Seat 1: Henryck 1515 ($6.01 in chips) 
Seat 3: Dorex2007 ($5 in chips) 
Seat 4: C.Kakashi001 ($4.97 in chips) 
Seat 5: KidBananan ($5 in chips) 
Seat 6: twk7 ($5.22 in chips) 
Seat 7: lbathayde ($2.68 in chips) 
Seat 8: BezDopinga ($6.26 in chips) 
Seat 9: PFelipe95 ($3.42 in chips) 
KidBananan: posts small blind $0.02
twk7: posts big blind $0.05
*** HOLE CARDS ***
Dealt to Dorex2007 [5d Tc]
lbathayde has timed out
lbathayde: folds 
BezDopinga: folds 
PFelipe95: raises $0.07 to $0.12
Henryck 1515: calls $0.12
Dorex2007: folds 
C.Kakashi001: folds 
KidBananan: raises $0.58 to $0.70
twk7: folds 
PFelipe95: folds 
Henryck 1515: calls $0.58
*** FLOP *** [7h Ac 7c]
KidBananan: bets $0.95
Henryck 1515: folds 
Uncalled bet ($0.95) returned to KidBananan
KidBananan collected $1.50 from pot
*** SUMMARY ***
Total pot $1.57 | Rake $0.07 
Board [7h Ac 7c]
Seat 1: Henryck 1515 folded on the Flop
Seat 3: Dorex2007 folded before Flop (didn't bet)
Seat 4: C.Kakashi001 (button) folded before Flop (didn't bet)
Seat 5: KidBananan (small blind) collected ($1.50)
Seat 6: twk7 (big blind) folded before Flop
Seat 7: lbathayde folded before Flop (didn't bet)
Seat 8: BezDopinga folded before Flop (didn't bet)
Seat 9: PFelipe95 folded before Flop



PokerStars Hand #237494836330:  Hold'em No Limit ($0.02/$0.05 USD) - 2022/07/21 9:33:40 PT [2022/07/21 12:33:40 ET]
Table 'Plaut' 9-max Seat #5 is the button
Seat 1: Henryck 1515 ($5.31 in chips) 
Seat 3: Dorex2007 ($5 in chips) 
Seat 4: C.Kakashi001 ($4.97 in chips) 
Seat 5: KidBananan ($5.80 in chips) 
Seat 6: twk7 ($5.17 in chips) 
Seat 7: lbathayde ($2.68 in chips) 
Seat 8: BezDopinga ($6.26 in chips) 
Seat 9: PFelipe95 ($3.30 in chips) 
twk7: posts small blind $0.02
lbathayde: posts big blind $0.05
*** HOLE CARDS ***
Dealt to Dorex2007 [Kd Th]
BezDopinga: folds 
PFelipe95: folds 
Henryck 1515: calls $0.05
Dorex2007: calls $0.05
C.Kakashi001: folds 
KidBananan: folds 
twk7: folds 
lbathayde: checks 
*** FLOP *** [9c 5d 8d]
lbathayde: checks 
Hoobs 23 leaves the table
Henryck 1515: checks 
Dorex2007: checks 
*** TURN *** [9c 5d 8d] [Kc]
lbathayde: checks 
Henryck 1515: bets $0.08
Dorex2007: raises $0.13 to $0.21
lbathayde: folds 
Henryck 1515: calls $0.13
*** RIVER *** [9c 5d 8d Kc] [6c]
Henryck 1515: checks 
Dorex2007: checks 
*** SHOW DOWN ***
Henryck 1515: shows [Ts 9d] (a pair of Nines)
Dorex2007: shows [Kd Th] (a pair of Kings)
Dorex2007 collected $0.57 from pot
*** SUMMARY ***
Total pot $0.59 | Rake $0.02 
Board [9c 5d 8d Kc 6c]
Seat 1: Henryck 1515 showed [Ts 9d] and lost with a pair of Nines
Seat 3: Dorex2007 showed [Kd Th] and won ($0.57) with a pair of Kings
Seat 4: C.Kakashi001 folded before Flop (didn't bet)
Seat 5: KidBananan (button) folded before Flop (didn't bet)
Seat 6: twk7 (small blind) folded before Flop
Seat 7: lbathayde (big blind) folded on the Turn
Seat 8: BezDopinga folded before Flop (didn't bet)
Seat 9: PFelipe95 folded before Flop (didn't bet)



PokerStars Hand #237494853118:  Hold'em No Limit ($0.02/$0.05 USD) - 2022/07/21 9:34:33 PT [2022/07/21 12:34:33 ET]
Table 'Plaut' 9-max Seat #6 is the button
Seat 1: Henryck 1515 ($5.05 in chips) 
Seat 3: Dorex2007 ($5.31 in chips) 
Seat 4: C.Kakashi001 ($4.97 in chips) 
Seat 5: KidBananan ($5.80 in chips) 
Seat 6: twk7 ($5.15 in chips) 
Seat 7: lbathayde ($2.63 in chips) 
Seat 8: BezDopinga ($6.26 in chips) 
Seat 9: PFelipe95 ($3.30 in chips) 
lbathayde: posts small blind $0.02
BezDopinga: posts big blind $0.05
*** HOLE CARDS ***
Dealt to Dorex2007 [4d 7c]
__majkeL_102 joins the table at seat #2 
PFelipe95: folds 
Henryck 1515: calls $0.05
Dorex2007: folds 
C.Kakashi001: folds 
KidBananan: folds 
twk7: folds 
lbathayde: calls $0.03
BezDopinga: checks 
*** FLOP *** [2s 8d 3s]
lbathayde: checks 
BezDopinga: checks 
Henryck 1515: checks 
*** TURN *** [2s 8d 3s] [Kc]
lbathayde: checks 
BezDopinga: bets $0.05
Henryck 1515: folds 
lbathayde: folds 
Uncalled bet ($0.05) returned to BezDopinga
BezDopinga collected $0.14 from pot
*** SUMMARY ***
Total pot $0.15 | Rake $0.01 
Board [2s 8d 3s Kc]
Seat 1: Henryck 1515 folded on the Turn
Seat 3: Dorex2007 folded before Flop (didn't bet)
Seat 4: C.Kakashi001 folded before Flop (didn't bet)
Seat 5: KidBananan folded before Flop (didn't bet)
Seat 6: twk7 (button) folded before Flop (didn't bet)
Seat 7: lbathayde (small blind) folded on the Turn
Seat 8: BezDopinga (big blind) collected ($0.14)
Seat 9: PFelipe95 folded before Flop (didn't bet)



PokerStars Hand #237494864472:  Hold'em No Limit ($0.02/$0.05 USD) - 2022/07/21 9:35:08 PT [2022/07/21 12:35:08 ET]
Table 'Plaut' 9-max Seat #7 is the button
Seat 1: Henryck 1515 ($5 in chips) 
Seat 3: Dorex2007 ($5.31 in chips) 
Seat 4: C.Kakashi001 ($4.97 in chips) 
Seat 5: KidBananan ($5.80 in chips) 
Seat 6: twk7 ($5.15 in chips) 
Seat 7: lbathayde ($2.58 in chips) 
Seat 8: BezDopinga ($6.35 in chips) 
Seat 9: PFelipe95 ($3.30 in chips) 
BezDopinga: posts small blind $0.02
PFelipe95: posts big blind $0.05
__majkeL_102: sits out 
*** HOLE CARDS ***
Dealt to Dorex2007 [Ah Td]
Henryck 1515: calls $0.05
Dorex2007: folds 
C.Kakashi001: folds 
KidBananan: folds 
twk7: folds 
lbathayde: folds 
BezDopinga: raises $0.10 to $0.15
PFelipe95: raises $0.30 to $0.45
Henryck 1515: folds 
BezDopinga: folds 
Uncalled bet ($0.30) returned to PFelipe95
PFelipe95 collected $0.35 from pot
*** SUMMARY ***
Total pot $0.35 | Rake $0 
Seat 1: Henryck 1515 folded before Flop
Seat 3: Dorex2007 folded before Flop (didn't bet)
Seat 4: C.Kakashi001 folded before Flop (didn't bet)
Seat 5: KidBananan folded before Flop (didn't bet)
Seat 6: twk7 folded before Flop (didn't bet)
Seat 7: lbathayde (button) folded before Flop (didn't bet)
Seat 8: BezDopinga (small blind) folded before Flop
Seat 9: PFelipe95 (big blind) collected ($0.35)



PokerStars Hand #237494877986:  Hold'em No Limit ($0.02/$0.05 USD) - 2022/07/21 9:35:51 PT [2022/07/21 12:35:51 ET]
Table 'Plaut' 9-max Seat #8 is the button
Seat 1: Henryck 1515 ($4.95 in chips) 
Seat 3: Dorex2007 ($5.31 in chips) 
Seat 4: C.Kakashi001 ($4.97 in chips) 
Seat 5: KidBananan ($5.80 in chips) 
Seat 6: twk7 ($5.15 in chips) 
Seat 7: lbathayde ($2.58 in chips) 
Seat 8: BezDopinga ($6.20 in chips) 
Seat 9: PFelipe95 ($3.50 in chips) 
PFelipe95: posts small blind $0.02
Henryck 1515: posts big blind $0.05
__majkeL_102: sits out 
*** HOLE CARDS ***
Dealt to Dorex2007 [6c 8s]
Dorex2007: folds 
C.Kakashi001: folds 
KidBananan: folds 
twk7: folds 
lbathayde: folds 
BezDopinga: folds 
PFelipe95: raises $0.20 to $0.25
Henryck 1515: calls $0.20
*** FLOP *** [7h Th 4s]
PFelipe95: bets $0.32
Henryck 1515: folds 
Uncalled bet ($0.32) returned to PFelipe95
PFelipe95 collected $0.48 from pot
*** SUMMARY ***
Total pot $0.50 | Rake $0.02 
Board [7h Th 4s]
Seat 1: Henryck 1515 (big blind) folded on the Flop
Seat 3: Dorex2007 folded before Flop (didn't bet)
Seat 4: C.Kakashi001 folded before Flop (didn't bet)
Seat 5: KidBananan folded before Flop (didn't bet)
Seat 6: twk7 folded before Flop (didn't bet)
Seat 7: lbathayde folded before Flop (didn't bet)
Seat 8: BezDopinga (button) folded before Flop (didn't bet)
Seat 9: PFelipe95 (small blind) collected ($0.48)



PokerStars Hand #237494888338:  Hold'em No Limit ($0.02/$0.05 USD) - 2022/07/21 9:36:23 PT [2022/07/21 12:36:23 ET]
Table 'Plaut' 9-max Seat #9 is the button
Seat 1: Henryck 1515 ($4.70 in chips) 
Seat 2: __majkeL_102 ($5 in chips) 
Seat 3: Dorex2007 ($5.31 in chips) 
Seat 4: C.Kakashi001 ($4.97 in chips) 
Seat 5: KidBananan ($5.80 in chips) 
Seat 6: twk7 ($5.15 in chips) 
Seat 7: lbathayde ($2.58 in chips) 
Seat 8: BezDopinga ($6.20 in chips) 
Seat 9: PFelipe95 ($3.73 in chips) 
Henryck 1515: posts small blind $0.02
__majkeL_102: posts big blind $0.05
*** HOLE CARDS ***
Dealt to Dorex2007 [8d Kc]
Dorex2007: folds 
C.Kakashi001: raises $0.10 to $0.15
KidBananan: folds 
twk7: raises $0.30 to $0.45
lbathayde: folds 
BezDopinga: folds 
PFelipe95: folds 
Henryck 1515: folds 
__majkeL_102: folds 
KidBananan leaves the table
C.Kakashi001: raises $0.45 to $0.90
twk7: folds 
Uncalled bet ($0.45) returned to C.Kakashi001
C.Kakashi001 collected $0.97 from pot
*** SUMMARY ***
Total pot $0.97 | Rake $0 
Seat 1: Henryck 1515 (small blind) folded before Flop
Seat 2: __majkeL_102 (big blind) folded before Flop
Seat 3: Dorex2007 folded before Flop (didn't bet)
Seat 4: C.Kakashi001 collected ($0.97)
Seat 5: KidBananan folded before Flop (didn't bet)
Seat 6: twk7 folded before Flop
Seat 7: lbathayde folded before Flop (didn't bet)
Seat 8: BezDopinga folded before Flop (didn't bet)
Seat 9: PFelipe95 (button) folded before Flop (didn't bet)



PokerStars Hand #237494899907:  Hold'em No Limit ($0.02/$0.05 USD) - 2022/07/21 9:36:58 PT [2022/07/21 12:36:58 ET]
Table 'Plaut' 9-max Seat #1 is the button
Seat 1: Henryck 1515 ($4.68 in chips) 
Seat 2: __majkeL_102 ($4.95 in chips) 
Seat 3: Dorex2007 ($5.31 in chips) 
Seat 4: C.Kakashi001 ($5.49 in chips) 
Seat 6: twk7 ($5 in chips) 
Seat 7: lbathayde ($2.58 in chips) 
Seat 8: BezDopinga ($6.20 in chips) 
Seat 9: PFelipe95 ($3.73 in chips) 
__majkeL_102: posts small blind $0.02
Dorex2007: posts big blind $0.05
*** HOLE CARDS ***
Dealt to Dorex2007 [3h 7h]
bjrtyuk joins the table at seat #5 
C.Kakashi001: calls $0.05
twk7: folds 
lbathayde: folds 
BezDopinga: calls $0.05
PFelipe95: raises $0.20 to $0.25
Henryck 1515: calls $0.25
__majkeL_102: folds 
Dorex2007: folds 
C.Kakashi001: calls $0.20
BezDopinga: folds 
*** FLOP *** [As 3d Ks]
C.Kakashi001: checks 
PFelipe95: bets $0.55
Henryck 1515: folds 
C.Kakashi001: folds 
Uncalled bet ($0.55) returned to PFelipe95
PFelipe95 collected $0.83 from pot
*** SUMMARY ***
Total pot $0.87 | Rake $0.04 
Board [As 3d Ks]
Seat 1: Henryck 1515 (button) folded on the Flop
Seat 2: __majkeL_102 (small blind) folded before Flop
Seat 3: Dorex2007 (big blind) folded before Flop
Seat 4: C.Kakashi001 folded on the Flop
Seat 6: twk7 folded before Flop (didn't bet)
Seat 7: lbathayde folded before Flop (didn't bet)
Seat 8: BezDopinga folded before Flop
Seat 9: PFelipe95 collected ($0.83)



PokerStars Hand #237494919775:  Hold'em No Limit ($0.02/$0.05 USD) - 2022/07/21 9:37:59 PT [2022/07/21 12:37:59 ET]
Table 'Plaut' 9-max Seat #2 is the button
Seat 1: Henryck 1515 ($4.43 in chips) 
Seat 2: __majkeL_102 ($4.93 in chips) 
Seat 3: Dorex2007 ($5.26 in chips) 
Seat 4: C.Kakashi001 ($5.24 in chips) 
Seat 6: twk7 ($5 in chips) 
Seat 7: lbathayde ($2.58 in chips) 
Seat 8: BezDopinga ($6.15 in chips) 
Seat 9: PFelipe95 ($4.31 in chips) 
Dorex2007: posts small blind $0.02
C.Kakashi001: posts big blind $0.05
bjrtyuk: sits out 
*** HOLE CARDS ***
Dealt to Dorex2007 [4h 2d]
twk7: folds 
lbathayde: folds 
BezDopinga: folds 
PFelipe95: folds 
Henryck 1515: calls $0.05
__majkeL_102: folds 
Dorex2007: folds 
C.Kakashi001: checks 
*** FLOP *** [Td 2s 5d]
C.Kakashi001: checks 
Henryck 1515: checks 
*** TURN *** [Td 2s 5d] [3h]
C.Kakashi001: bets $0.12
Henryck 1515: folds 
Uncalled bet ($0.12) returned to C.Kakashi001
C.Kakashi001 collected $0.12 from pot
*** SUMMARY ***
Total pot $0.12 | Rake $0 
Board [Td 2s 5d 3h]
Seat 1: Henryck 1515 folded on the Turn
Seat 2: __majkeL_102 (button) folded before Flop (didn't bet)
Seat 3: Dorex2007 (small blind) folded before Flop
Seat 4: C.Kakashi001 (big blind) collected ($0.12)
Seat 6: twk7 folded before Flop (didn't bet)
Seat 7: lbathayde folded before Flop (didn't bet)
Seat 8: BezDopinga folded before Flop (didn't bet)
Seat 9: PFelipe95 folded before Flop (didn't bet)



PokerStars Hand #237494932090:  Hold'em No Limit ($0.02/$0.05 USD) - 2022/07/21 9:38:36 PT [2022/07/21 12:38:36 ET]
Table 'Plaut' 9-max Seat #3 is the button
Seat 1: Henryck 1515 ($4.38 in chips) 
Seat 2: __majkeL_102 ($4.93 in chips) 
Seat 3: Dorex2007 ($5.24 in chips) 
Seat 4: C.Kakashi001 ($5.31 in chips) 
Seat 5: bjrtyuk ($5 in chips) 
Seat 6: twk7 ($5 in chips) 
Seat 7: lbathayde ($2.58 in chips) 
Seat 8: BezDopinga ($6.15 in chips) 
Seat 9: PFelipe95 ($4.31 in chips) 
C.Kakashi001: posts small blind $0.02
bjrtyuk: posts big blind $0.05
*** HOLE CARDS ***
Dealt to Dorex2007 [As Qs]
twk7: folds 
lbathayde: folds 
BezDopinga: folds 
PFelipe95: folds 
Henryck 1515: raises $0.10 to $0.15
__majkeL_102: folds 
Dorex2007: calls $0.15
C.Kakashi001: folds 
bjrtyuk: folds 
*** FLOP *** [8d Qc 9c]
Henryck 1515: checks 
Dorex2007: bets $0.23
Henryck 1515: calls $0.23
*** TURN *** [8d Qc 9c] [3s]
Henryck 1515: checks 
Dorex2007: bets $0.80
Henryck 1515: calls $0.80
*** RIVER *** [8d Qc 9c 3s] [5d]
Henryck 1515: checks 
Dorex2007: checks 
*** SHOW DOWN ***
Henryck 1515: shows [Th 9h] (a pair of Nines)
Dorex2007: shows [As Qs] (a pair of Queens)
Dorex2007 collected $2.33 from pot
*** SUMMARY ***
Total pot $2.43 | Rake $0.10 
Board [8d Qc 9c 3s 5d]
Seat 1: Henryck 1515 showed [Th 9h] and lost with a pair of Nines
Seat 2: __majkeL_102 folded before Flop (didn't bet)
Seat 3: Dorex2007 (button) showed [As Qs] and won ($2.33) with a pair of Queens
Seat 4: C.Kakashi001 (small blind) folded before Flop
Seat 5: bjrtyuk (big blind) folded before Flop
Seat 6: twk7 folded before Flop (didn't bet)
Seat 7: lbathayde folded before Flop (didn't bet)
Seat 8: BezDopinga folded before Flop (didn't bet)
Seat 9: PFelipe95 folded before Flop (didn't bet)



PokerStars Hand #237494950062:  Hold'em No Limit ($0.02/$0.05 USD) - 2022/07/21 9:39:30 PT [2022/07/21 12:39:30 ET]
Table 'Plaut' 9-max Seat #4 is the button
Seat 1: Henryck 1515 ($3.20 in chips) 
Seat 2: __majkeL_102 ($4.93 in chips) 
Seat 3: Dorex2007 ($6.39 in chips) 
Seat 4: C.Kakashi001 ($5.29 in chips) 
Seat 5: bjrtyuk ($5 in chips) 
Seat 6: twk7 ($5 in chips) 
Seat 7: lbathayde ($2.58 in chips) 
Seat 8: BezDopinga ($6.15 in chips) 
Seat 9: PFelipe95 ($4.31 in chips) 
bjrtyuk: posts small blind $0.02
twk7: posts big blind $0.05
*** HOLE CARDS ***
Dealt to Dorex2007 [5d Jc]
lbathayde: folds 
BezDopinga: folds 
PFelipe95: folds 
Henryck 1515: folds 
__majkeL_102: folds 
Dorex2007: folds 
Henryck 1515 leaves the table
C.Kakashi001: folds 
bjrtyuk: folds 
Uncalled bet ($0.03) returned to twk7
twk7 collected $0.04 from pot
*** SUMMARY ***
Total pot $0.04 | Rake $0 
Seat 1: Henryck 1515 folded before Flop (didn't bet)
Seat 2: __majkeL_102 folded before Flop (didn't bet)
Seat 3: Dorex2007 folded before Flop (didn't bet)
Seat 4: C.Kakashi001 (button) folded before Flop (didn't bet)
Seat 5: bjrtyuk (small blind) folded before Flop
Seat 6: twk7 (big blind) collected ($0.04)
Seat 7: lbathayde folded before Flop (didn't bet)
Seat 8: BezDopinga folded before Flop (didn't bet)
Seat 9: PFelipe95 folded before Flop (didn't bet)



PokerStars Hand #237494955326:  Hold'em No Limit ($0.02/$0.05 USD) - 2022/07/21 9:39:46 PT [2022/07/21 12:39:46 ET]
Table 'Plaut' 9-max Seat #5 is the button
Seat 2: __majkeL_102 ($4.93 in chips) 
Seat 3: Dorex2007 ($6.39 in chips) 
Seat 4: C.Kakashi001 ($5.29 in chips) 
Seat 5: bjrtyuk ($5 in chips) 
Seat 6: twk7 ($5.02 in chips) 
Seat 7: lbathayde ($2.58 in chips) 
Seat 8: BezDopinga ($6.15 in chips) 
Seat 9: PFelipe95 ($4.31 in chips) 
twk7: posts small blind $0.02
lbathayde: posts big blind $0.05
*** HOLE CARDS ***
Dealt to Dorex2007 [Kc Jd]
BezDopinga: folds 
Alex.Petrovskiy joins the table at seat #1 
PFelipe95: raises $0.10 to $0.15
__majkeL_102: folds 
Dorex2007: calls $0.15
C.Kakashi001: folds 
bjrtyuk: folds 
twk7: folds 
lbathayde: folds 
*** FLOP *** [7s 5d 6h]
PFelipe95: bets $0.23
Dorex2007: folds 
Uncalled bet ($0.23) returned to PFelipe95
PFelipe95 collected $0.35 from pot
*** SUMMARY ***
Total pot $0.37 | Rake $0.02 
Board [7s 5d 6h]
Seat 2: __majkeL_102 folded before Flop (didn't bet)
Seat 3: Dorex2007 folded on the Flop
Seat 4: C.Kakashi001 folded before Flop (didn't bet)
Seat 5: bjrtyuk (button) folded before Flop (didn't bet)
Seat 6: twk7 (small blind) folded before Flop
Seat 7: lbathayde (big blind) folded before Flop
Seat 8: BezDopinga folded before Flop (didn't bet)
Seat 9: PFelipe95 collected ($0.35)



PokerStars Hand #237494967585:  Hold'em No Limit ($0.02/$0.05 USD) - 2022/07/21 9:40:23 PT [2022/07/21 12:40:23 ET]
Table 'Plaut' 9-max Seat #6 is the button
Seat 2: __majkeL_102 ($4.93 in chips) 
Seat 3: Dorex2007 ($6.24 in chips) 
Seat 4: C.Kakashi001 ($5.29 in chips) 
Seat 5: bjrtyuk ($5 in chips) 
Seat 6: twk7 ($5 in chips) 
Seat 7: lbathayde ($2.53 in chips) 
Seat 8: BezDopinga ($6.15 in chips) 
Seat 9: PFelipe95 ($4.51 in chips) 
lbathayde: posts small blind $0.02
BezDopinga: posts big blind $0.05
Alex.Petrovskiy: sits out 
*** HOLE CARDS ***
Dealt to Dorex2007 [As 2c]
PFelipe95: folds 
__majkeL_102: folds 
Dorex2007: folds 
C.Kakashi001: raises $0.10 to $0.15
PFelipe95 leaves the table
bjrtyuk: folds 
twk7: folds 
Francdzo joins the table at seat #9 
lbathayde: folds 
BezDopinga: folds 
Uncalled bet ($0.10) returned to C.Kakashi001
C.Kakashi001 collected $0.12 from pot
*** SUMMARY ***
Total pot $0.12 | Rake $0 
Seat 2: __majkeL_102 folded before Flop (didn't bet)
Seat 3: Dorex2007 folded before Flop (didn't bet)
Seat 4: C.Kakashi001 collected ($0.12)
Seat 5: bjrtyuk folded before Flop (didn't bet)
Seat 6: twk7 (button) folded before Flop (didn't bet)
Seat 7: lbathayde (small blind) folded before Flop
Seat 8: BezDopinga (big blind) folded before Flop
Seat 9: PFelipe95 folded before Flop (didn't bet)



PokerStars Hand #237494974154:  Hold'em No Limit ($0.02/$0.05 USD) - 2022/07/21 9:40:43 PT [2022/07/21 12:40:43 ET]
Table 'Plaut' 9-max Seat #7 is the button
Seat 2: __majkeL_102 ($4.93 in chips) 
Seat 3: Dorex2007 ($6.24 in chips) 
Seat 4: C.Kakashi001 ($5.36 in chips) 
Seat 5: bjrtyuk ($5 in chips) 
Seat 6: twk7 ($5 in chips) 
Seat 7: lbathayde ($2.51 in chips) 
Seat 8: BezDopinga ($6.10 in chips) 
Seat 9: Francdzo ($5 in chips) 
BezDopinga: posts small blind $0.02
Francdzo: posts big blind $0.05
Alex.Petrovskiy: sits out 
*** HOLE CARDS ***
Dealt to Dorex2007 [Ad 7s]
__majkeL_102: folds 
Dorex2007: folds 
C.Kakashi001: folds 
bjrtyuk: raises $0.10 to $0.15
twk7: folds 
lbathayde: folds 
BezDopinga: folds 
Francdzo: folds 
Uncalled bet ($0.10) returned to bjrtyuk
bjrtyuk collected $0.12 from pot
*** SUMMARY ***
Total pot $0.12 | Rake $0 
Seat 2: __majkeL_102 folded before Flop (didn't bet)
Seat 3: Dorex2007 folded before Flop (didn't bet)
Seat 4: C.Kakashi001 folded before Flop (didn't bet)
Seat 5: bjrtyuk collected ($0.12)
Seat 6: twk7 folded before Flop (didn't bet)
Seat 7: lbathayde (button) folded before Flop (didn't bet)
Seat 8: BezDopinga (small blind) folded before Flop
Seat 9: Francdzo (big blind) folded before Flop



PokerStars Hand #237494980540:  Hold'em No Limit ($0.02/$0.05 USD) - 2022/07/21 9:41:02 PT [2022/07/21 12:41:02 ET]
Table 'Plaut' 9-max Seat #8 is the button
Seat 1: Alex.Petrovskiy ($5 in chips) 
Seat 2: __majkeL_102 ($4.93 in chips) 
Seat 3: Dorex2007 ($6.24 in chips) 
Seat 4: C.Kakashi001 ($5.36 in chips) 
Seat 5: bjrtyuk ($5.07 in chips) 
Seat 6: twk7 ($5 in chips) 
Seat 7: lbathayde ($2.51 in chips) 
Seat 8: BezDopinga ($6.08 in chips) 
Seat 9: Francdzo ($5 in chips) 
Francdzo: posts small blind $0.02
Alex.Petrovskiy: posts big blind $0.05
*** HOLE CARDS ***
Dealt to Dorex2007 [3s 3h]
__majkeL_102: folds 
Dorex2007: folds 
C.Kakashi001: folds 
bjrtyuk: raises $0.10 to $0.15
twk7: folds 
lbathayde: folds 
BezDopinga: folds 
Francdzo: folds 
Alex.Petrovskiy: folds 
Uncalled bet ($0.10) returned to bjrtyuk
bjrtyuk collected $0.12 from pot
*** SUMMARY ***
Total pot $0.12 | Rake $0 
Seat 1: Alex.Petrovskiy (big blind) folded before Flop
Seat 2: __majkeL_102 folded before Flop (didn't bet)
Seat 3: Dorex2007 folded before Flop (didn't bet)
Seat 4: C.Kakashi001 folded before Flop (didn't bet)
Seat 5: bjrtyuk collected ($0.12)
Seat 6: twk7 folded before Flop (didn't bet)
Seat 7: lbathayde folded before Flop (didn't bet)
Seat 8: BezDopinga (button) folded before Flop (didn't bet)
Seat 9: Francdzo (small blind) folded before Flop



PokerStars Hand #237494989595:  Hold'em No Limit ($0.02/$0.05 USD) - 2022/07/21 9:41:30 PT [2022/07/21 12:41:30 ET]
Table 'Plaut' 9-max Seat #9 is the button
Seat 1: Alex.Petrovskiy ($5 in chips) 
Seat 2: __majkeL_102 ($4.93 in chips) 
Seat 3: Dorex2007 ($6.24 in chips) 
Seat 4: C.Kakashi001 ($5.36 in chips) 
Seat 5: bjrtyuk ($5.14 in chips) 
Seat 6: twk7 ($5 in chips) 
Seat 7: lbathayde ($2.51 in chips) 
Seat 8: BezDopinga ($6.08 in chips) 
Seat 9: Francdzo ($5 in chips) 
Alex.Petrovskiy: posts small blind $0.02
__majkeL_102: posts big blind $0.05
*** HOLE CARDS ***
Dealt to Dorex2007 [8d 5c]
Dorex2007: folds 
C.Kakashi001: folds 
bjrtyuk: folds 
twk7: folds 
lbathayde: raises $0.05 to $0.10
BezDopinga: folds 
Francdzo: raises $0.20 to $0.30
Alex.Petrovskiy: calls $0.28
__majkeL_102: folds 
lbathayde: calls $0.20
*** FLOP *** [Ah Ks Kh]
Alex.Petrovskiy: checks 
lbathayde: bets $0.45
Francdzo: calls $0.45
Alex.Petrovskiy: folds 
*** TURN *** [Ah Ks Kh] [5d]
lbathayde: checks 
Francdzo: checks 
*** RIVER *** [Ah Ks Kh 5d] [2h]
lbathayde: checks 
Francdzo: checks 
*** SHOW DOWN ***
lbathayde: shows [4c Ac] (two pair, Aces and Kings)
Francdzo: shows [As 2s] (two pair, Aces and Kings)
lbathayde collected $0.89 from pot
Francdzo collected $0.88 from pot
*** SUMMARY ***
Total pot $1.85 | Rake $0.08 
Board [Ah Ks Kh 5d 2h]
Seat 1: Alex.Petrovskiy (small blind) folded on the Flop
Seat 2: __majkeL_102 (big blind) folded before Flop
Seat 3: Dorex2007 folded before Flop (didn't bet)
Seat 4: C.Kakashi001 folded before Flop (didn't bet)
Seat 5: bjrtyuk folded before Flop (didn't bet)
Seat 6: twk7 folded before Flop (didn't bet)
Seat 7: lbathayde showed [4c Ac] and won ($0.89) with two pair, Aces and Kings
Seat 8: BezDopinga folded before Flop (didn't bet)
Seat 9: Francdzo (button) showed [As 2s] and won ($0.88) with two pair, Aces and Kings



PokerStars Hand #237495020464:  Hold'em No Limit ($0.02/$0.05 USD) - 2022/07/21 9:42:50 PT [2022/07/21 12:42:50 ET]
Table 'Plaut' 9-max Seat #1 is the button
Seat 1: Alex.Petrovskiy ($5 in chips) 
Seat 2: __majkeL_102 ($4.88 in chips) 
Seat 3: Dorex2007 ($6.24 in chips) 
Seat 4: C.Kakashi001 ($5.36 in chips) 
Seat 5: bjrtyuk ($5.14 in chips) 
Seat 6: twk7 ($5 in chips) 
Seat 7: lbathayde ($2.65 in chips) 
Seat 8: BezDopinga ($6.08 in chips) 
Seat 9: Francdzo ($5.13 in chips) 
__majkeL_102: posts small blind $0.02
Dorex2007: posts big blind $0.05
*** HOLE CARDS ***
Dealt to Dorex2007 [7d 2c]
C.Kakashi001: folds 
bjrtyuk: folds 
twk7: raises $0.10 to $0.15
lbathayde: calls $0.15
BezDopinga: folds 
Francdzo: folds 
Alex.Petrovskiy: folds 
__majkeL_102: folds 
Dorex2007: folds 
*** FLOP *** [7h Jc Qd]
twk7: bets $0.23
lbathayde: raises $0.81 to $1.04
twk7: raises $3.81 to $4.85 and is all-in
lbathayde: calls $1.46 and is all-in
Uncalled bet ($2.35) returned to twk7
*** FIRST TURN *** [7h Jc Qd] [4s]
*** FIRST RIVER *** [7h Jc Qd 4s] [9d]
*** SECOND TURN *** [7h Jc Qd] [6h]
*** SECOND RIVER *** [7h Jc Qd 6h] [Kh]
*** FIRST SHOW DOWN ***
twk7: shows [Js Jd] (three of a kind, Jacks)
lbathayde: shows [Kc Qc] (a pair of Queens)
twk7 collected $2.58 from pot
*** SECOND SHOW DOWN ***
twk7: shows [Js Jd] (three of a kind, Jacks)
lbathayde: shows [Kc Qc] (two pair, Kings and Queens)
twk7 collected $2.57 from pot
*** SUMMARY ***
Total pot $5.37 | Rake $0.22 
Hand was run twice
FIRST Board [7h Jc Qd 4s 9d]
SECOND Board [7h Jc Qd 6h Kh]
Seat 1: Alex.Petrovskiy (button) folded before Flop (didn't bet)
Seat 2: __majkeL_102 (small blind) folded before Flop
Seat 3: Dorex2007 (big blind) folded before Flop
Seat 4: C.Kakashi001 folded before Flop (didn't bet)
Seat 5: bjrtyuk folded before Flop (didn't bet)
Seat 6: twk7 showed [Js Jd] and won ($2.58) with three of a kind, Jacks, and won ($2.57) with three of a kind, Jacks
Seat 7: lbathayde showed [Kc Qc] and lost with a pair of Queens, and lost with two pair, Kings and Queens
Seat 8: BezDopinga folded before Flop (didn't bet)
Seat 9: Francdzo folded before Flop (didn't bet)



PokerStars Hand #237495043515:  Hold'em No Limit ($0.02/$0.05 USD) - 2022/07/21 9:43:51 PT [2022/07/21 12:43:51 ET]
Table 'Plaut' 9-max Seat #2 is the button
Seat 1: Alex.Petrovskiy ($5 in chips) 
Seat 2: __majkeL_102 ($4.86 in chips) 
Seat 3: Dorex2007 ($6.19 in chips) 
Seat 4: C.Kakashi001 ($5.36 in chips) 
Seat 5: bjrtyuk ($5.14 in chips) 
Seat 6: twk7 ($7.50 in chips) 
Seat 7: lbathayde ($2.51 in chips) 
Seat 8: BezDopinga ($6.08 in chips) 
Seat 9: Francdzo ($5.13 in chips) 
Dorex2007: posts small blind $0.02
C.Kakashi001: posts big blind $0.05
*** HOLE CARDS ***
Dealt to Dorex2007 [Qc Kc]
bjrtyuk: folds 
twk7: folds 
lbathayde: folds 
BezDopinga: folds 
Francdzo: folds 
Alex.Petrovskiy: folds 
__majkeL_102: folds 
Dorex2007: raises $0.15 to $0.20
C.Kakashi001: folds 
Uncalled bet ($0.15) returned to Dorex2007
Dorex2007 collected $0.10 from pot
*** SUMMARY ***
Total pot $0.10 | Rake $0 
Seat 1: Alex.Petrovskiy folded before Flop (didn't bet)
Seat 2: __majkeL_102 (button) folded before Flop (didn't bet)
Seat 3: Dorex2007 (small blind) collected ($0.10)
Seat 4: C.Kakashi001 (big blind) folded before Flop
Seat 5: bjrtyuk folded before Flop (didn't bet)
Seat 6: twk7 folded before Flop (didn't bet)
Seat 7: lbathayde folded before Flop (didn't bet)
Seat 8: BezDopinga folded before Flop (didn't bet)
Seat 9: Francdzo folded before Flop (didn't bet)



PokerStars Hand #237495056736:  Hold'em No Limit ($0.02/$0.05 USD) - 2022/07/21 9:44:32 PT [2022/07/21 12:44:32 ET]
Table 'Plaut' 9-max Seat #3 is the button
Seat 1: Alex.Petrovskiy ($5 in chips) 
Seat 2: __majkeL_102 ($4.86 in chips) 
Seat 3: Dorex2007 ($6.24 in chips) 
Seat 4: C.Kakashi001 ($5.31 in chips) 
Seat 7: lbathayde ($2.51 in chips) 
Seat 8: BezDopinga ($6.08 in chips) 
Seat 9: Francdzo ($5.13 in chips) 
C.Kakashi001: posts small blind $0.02
bjrtyuk is disconnected 
bjrtyuk has timed out while disconnected
bjrtyuk: is sitting out 
twk7: is sitting out 
twk7 leaves the table
lbathayde: posts big blind $0.05
*** HOLE CARDS ***
Dealt to Dorex2007 [Ah Ks]
BezDopinga: folds 
Francdzo: folds 
Alex.Petrovskiy: folds 
__majkeL_102: folds 
Dorex2007: raises $0.20 to $0.25
C.Kakashi001: calls $0.23
lbathayde: folds 
*** FLOP *** [9c 9d 6h]
C.Kakashi001: checks 
Dorex2007: bets $0.26
C.Kakashi001: raises $0.58 to $0.84
Dorex2007: folds 
Uncalled bet ($0.58) returned to C.Kakashi001
C.Kakashi001 collected $1.03 from pot
*** SUMMARY ***
Total pot $1.07 | Rake $0.04 
Board [9c 9d 6h]
Seat 1: Alex.Petrovskiy folded before Flop (didn't bet)
Seat 2: __majkeL_102 folded before Flop (didn't bet)
Seat 3: Dorex2007 (button) folded on the Flop
Seat 4: C.Kakashi001 (small blind) collected ($1.03)
Seat 7: lbathayde (big blind) folded before Flop
Seat 8: BezDopinga folded before Flop (didn't bet)
Seat 9: Francdzo folded before Flop (didn't bet)



PokerStars Hand #237495080750:  Hold'em No Limit ($0.02/$0.05 USD) - 2022/07/21 9:45:37 PT [2022/07/21 12:45:37 ET]
Table 'Plaut' 9-max Seat #4 is the button
Seat 1: Alex.Petrovskiy ($5 in chips) 
Seat 2: __majkeL_102 ($4.86 in chips) 
Seat 3: Dorex2007 ($5.73 in chips) 
Seat 4: C.Kakashi001 ($5.83 in chips) 
Seat 7: lbathayde ($2.51 in chips) 
Seat 8: BezDopinga ($6.08 in chips) 
Seat 9: Francdzo ($5.13 in chips) 
lbathayde: posts small blind $0.02
BezDopinga: posts big blind $0.05
*** HOLE CARDS ***
Dealt to Dorex2007 [5h 9d]
bjrtyuk is disconnected 
Francdzo: folds 
Alex.Petrovskiy: folds 
__majkeL_102: folds 
miexxx joins the table at seat #6 
Dorex2007: folds 
C.Kakashi001: folds 
bjrtyuk leaves the table
lbathayde: raises $0.05 to $0.10
BezDopinga: folds 
Uncalled bet ($0.05) returned to lbathayde
lbathayde collected $0.10 from pot
*** SUMMARY ***
Total pot $0.10 | Rake $0 
Seat 1: Alex.Petrovskiy folded before Flop (didn't bet)
Seat 2: __majkeL_102 folded before Flop (didn't bet)
Seat 3: Dorex2007 folded before Flop (didn't bet)
Seat 4: C.Kakashi001 (button) folded before Flop (didn't bet)
Seat 7: lbathayde (small blind) collected ($0.10)
Seat 8: BezDopinga (big blind) folded before Flop
Seat 9: Francdzo folded before Flop (didn't bet)



PokerStars Hand #237495093586:  Hold'em No Limit ($0.02/$0.05 USD) - 2022/07/21 9:46:17 PT [2022/07/21 12:46:17 ET]
Table 'Plaut' 9-max Seat #7 is the button
Seat 1: Alex.Petrovskiy ($5 in chips) 
Seat 2: __majkeL_102 ($4.86 in chips) 
Seat 3: Dorex2007 ($5.73 in chips) 
Seat 4: C.Kakashi001 ($5.83 in chips) 
Seat 7: lbathayde ($2.56 in chips) 
Seat 8: BezDopinga ($6.03 in chips) 
Seat 9: Francdzo ($5.13 in chips) 
BezDopinga: posts small blind $0.02
Francdzo: posts big blind $0.05
miexxx: sits out 
*** HOLE CARDS ***
Dealt to Dorex2007 [Jc 3s]
Alex.Petrovskiy: folds 
__majkeL_102: folds 
Dorex2007: folds 
C.Kakashi001: folds 
lbathayde: folds 
BezDopinga: folds 
Uncalled bet ($0.03) returned to Francdzo
Francdzo collected $0.04 from pot
*** SUMMARY ***
Total pot $0.04 | Rake $0 
Seat 1: Alex.Petrovskiy folded before Flop (didn't bet)
Seat 2: __majkeL_102 folded before Flop (didn't bet)
Seat 3: Dorex2007 folded before Flop (didn't bet)
Seat 4: C.Kakashi001 folded before Flop (didn't bet)
Seat 7: lbathayde (button) folded before Flop (didn't bet)
Seat 8: BezDopinga (small blind) folded before Flop
Seat 9: Francdzo (big blind) collected ($0.04)



PokerStars Hand #237495099540:  Hold'em No Limit ($0.02/$0.05 USD) - 2022/07/21 9:46:35 PT [2022/07/21 12:46:35 ET]
Table 'Plaut' 9-max Seat #8 is the button
Seat 1: Alex.Petrovskiy ($5 in chips) 
Seat 2: __majkeL_102 ($4.86 in chips) 
Seat 3: Dorex2007 ($5.73 in chips) 
Seat 4: C.Kakashi001 ($5.83 in chips) 
Seat 7: lbathayde ($2.56 in chips) 
Seat 8: BezDopinga ($6.01 in chips) 
Seat 9: Francdzo ($5.15 in chips) 
Francdzo: posts small blind $0.02
Alex.Petrovskiy: posts big blind $0.05
miexxx: sits out 
*** HOLE CARDS ***
Dealt to Dorex2007 [9d Jc]
__majkeL_102: folds 
Dorex2007: folds 
C.Kakashi001: raises $0.10 to $0.15
lbathayde: folds 
BezDopinga: folds 
Francdzo: folds 
Alex.Petrovskiy: folds 
Uncalled bet ($0.10) returned to C.Kakashi001
C.Kakashi001 collected $0.12 from pot
*** SUMMARY ***
Total pot $0.12 | Rake $0 
Seat 1: Alex.Petrovskiy (big blind) folded before Flop
Seat 2: __majkeL_102 folded before Flop (didn't bet)
Seat 3: Dorex2007 folded before Flop (didn't bet)
Seat 4: C.Kakashi001 collected ($0.12)
Seat 7: lbathayde folded before Flop (didn't bet)
Seat 8: BezDopinga (button) folded before Flop (didn't bet)
Seat 9: Francdzo (small blind) folded before Flop



PokerStars Hand #237495108582:  Hold'em No Limit ($0.02/$0.05 USD) - 2022/07/21 9:47:03 PT [2022/07/21 12:47:03 ET]
Table 'Plaut' 9-max Seat #9 is the button
Seat 1: Alex.Petrovskiy ($5 in chips) 
Seat 2: __majkeL_102 ($4.86 in chips) 
Seat 3: Dorex2007 ($5.73 in chips) 
Seat 4: C.Kakashi001 ($5.90 in chips) 
Seat 7: lbathayde ($2.56 in chips) 
Seat 8: BezDopinga ($6.01 in chips) 
Seat 9: Francdzo ($5.13 in chips) 
Alex.Petrovskiy: posts small blind $0.02
__majkeL_102: posts big blind $0.05
miexxx: sits out 
*** HOLE CARDS ***
Dealt to Dorex2007 [8s Kh]
Dorex2007: folds 
C.Kakashi001: folds 
lbathayde: folds 
BezDopinga: folds 
Francdzo: folds 
Alex.Petrovskiy: folds 
Uncalled bet ($0.03) returned to __majkeL_102
__majkeL_102 collected $0.04 from pot
*** SUMMARY ***
Total pot $0.04 | Rake $0 
Seat 1: Alex.Petrovskiy (small blind) folded before Flop
Seat 2: __majkeL_102 (big blind) collected ($0.04)
Seat 3: Dorex2007 folded before Flop (didn't bet)
Seat 4: C.Kakashi001 folded before Flop (didn't bet)
Seat 7: lbathayde folded before Flop (didn't bet)
Seat 8: BezDopinga folded before Flop (didn't bet)
Seat 9: Francdzo (button) folded before Flop (didn't bet)



PokerStars Hand #237495117518:  Hold'em No Limit ($0.02/$0.05 USD) - 2022/07/21 9:47:31 PT [2022/07/21 12:47:31 ET]
Table 'Plaut' 9-max Seat #1 is the button
Seat 1: Alex.Petrovskiy ($5 in chips) 
Seat 2: __majkeL_102 ($4.88 in chips) 
Seat 3: Dorex2007 ($5.73 in chips) 
Seat 4: C.Kakashi001 ($5.90 in chips) 
Seat 7: lbathayde ($2.56 in chips) 
Seat 8: BezDopinga ($6.01 in chips) 
Seat 9: Francdzo ($5.13 in chips) 
__majkeL_102: posts small blind $0.02
Dorex2007: posts big blind $0.05
miexxx: sits out 
*** HOLE CARDS ***
Dealt to Dorex2007 [2c 7h]
C.Kakashi001: folds 
lbathayde: folds 
BezDopinga: folds 
Francdzo: folds 
Alex.Petrovskiy: folds 
__majkeL_102: folds 
Uncalled bet ($0.03) returned to Dorex2007
Dorex2007 collected $0.04 from pot
*** SUMMARY ***
Total pot $0.04 | Rake $0 
Seat 1: Alex.Petrovskiy (button) folded before Flop (didn't bet)
Seat 2: __majkeL_102 (small blind) folded before Flop
Seat 3: Dorex2007 (big blind) collected ($0.04)
Seat 4: C.Kakashi001 folded before Flop (didn't bet)
Seat 7: lbathayde folded before Flop (didn't bet)
Seat 8: BezDopinga folded before Flop (didn't bet)
Seat 9: Francdzo folded before Flop (didn't bet)



PokerStars Hand #237495123464:  Hold'em No Limit ($0.02/$0.05 USD) - 2022/07/21 9:47:50 PT [2022/07/21 12:47:50 ET]
Table 'Plaut' 9-max Seat #2 is the button
Seat 1: Alex.Petrovskiy ($5 in chips) 
Seat 2: __majkeL_102 ($4.86 in chips) 
Seat 3: Dorex2007 ($5.75 in chips) 
Seat 4: C.Kakashi001 ($5.90 in chips) 
Seat 7: lbathayde ($2.56 in chips) 
Seat 8: BezDopinga ($6.01 in chips) 
Seat 9: Francdzo ($5.13 in chips) 
Dorex2007: posts small blind $0.02
C.Kakashi001: posts big blind $0.05
miexxx: sits out 
*** HOLE CARDS ***
Dealt to Dorex2007 [Kc 9s]
lbathayde: folds 
BezDopinga: folds 
Francdzo: raises $0.10 to $0.15
Alex.Petrovskiy: folds 
__majkeL_102: folds 
Dorex2007: folds 
C.Kakashi001: folds 
Uncalled bet ($0.10) returned to Francdzo
Francdzo collected $0.12 from pot
*** SUMMARY ***
Total pot $0.12 | Rake $0 
Seat 1: Alex.Petrovskiy folded before Flop (didn't bet)
Seat 2: __majkeL_102 (button) folded before Flop (didn't bet)
Seat 3: Dorex2007 (small blind) folded before Flop
Seat 4: C.Kakashi001 (big blind) folded before Flop
Seat 7: lbathayde folded before Flop (didn't bet)
Seat 8: BezDopinga folded before Flop (didn't bet)
Seat 9: Francdzo collected ($0.12)



PokerStars Hand #237495132969:  Hold'em No Limit ($0.02/$0.05 USD) - 2022/07/21 9:48:20 PT [2022/07/21 12:48:20 ET]
Table 'Plaut' 9-max Seat #3 is the button
Seat 1: Alex.Petrovskiy ($5 in chips) 
Seat 2: __majkeL_102 ($4.86 in chips) 
Seat 3: Dorex2007 ($5.73 in chips) 
Seat 4: C.Kakashi001 ($5.85 in chips) 
Seat 6: miexxx ($5 in chips) 
Seat 7: lbathayde ($2.56 in chips) 
Seat 8: BezDopinga ($6.01 in chips) 
Seat 9: Francdzo ($5.20 in chips) 
C.Kakashi001: posts small blind $0.02
miexxx: posts big blind $0.05
*** HOLE CARDS ***
Dealt to Dorex2007 [7d Td]
lbathayde: folds 
BezDopinga: folds 
Francdzo: folds 
Alex.Petrovskiy: folds 
__majkeL_102: folds 
Dorex2007: folds 
C.Kakashi001: folds 
Uncalled bet ($0.03) returned to miexxx
miexxx collected $0.04 from pot
*** SUMMARY ***
Total pot $0.04 | Rake $0 
Seat 1: Alex.Petrovskiy folded before Flop (didn't bet)
Seat 2: __majkeL_102 folded before Flop (didn't bet)
Seat 3: Dorex2007 (button) folded before Flop (didn't bet)
Seat 4: C.Kakashi001 (small blind) folded before Flop
Seat 6: miexxx (big blind) collected ($0.04)
Seat 7: lbathayde folded before Flop (didn't bet)
Seat 8: BezDopinga folded before Flop (didn't bet)
Seat 9: Francdzo folded before Flop (didn't bet)



PokerStars Hand #237495138968:  Hold'em No Limit ($0.02/$0.05 USD) - 2022/07/21 9:48:39 PT [2022/07/21 12:48:39 ET]
Table 'Plaut' 9-max Seat #4 is the button
Seat 1: Alex.Petrovskiy ($5 in chips) 
Seat 2: __majkeL_102 ($4.86 in chips) 
Seat 3: Dorex2007 ($5.73 in chips) 
Seat 4: C.Kakashi001 ($5.83 in chips) 
Seat 6: miexxx ($5.02 in chips) 
Seat 7: lbathayde ($2.56 in chips) 
Seat 8: BezDopinga ($6.01 in chips) 
Seat 9: Francdzo ($5.20 in chips) 
miexxx: posts small blind $0.02
lbathayde: posts big blind $0.05
*** HOLE CARDS ***
Dealt to Dorex2007 [6h 2h]
BezDopinga: folds 
Francdzo: folds 
Alex.Petrovskiy: folds 
__majkeL_102: folds 
Dorex2007: folds 
C.Kakashi001: raises $0.10 to $0.15
miexxx: folds 
lbathayde: calls $0.10
*** FLOP *** [Ad Ah 7h]
lbathayde: bets $0.15
C.Kakashi001: raises $0.20 to $0.35
lbathayde: folds 
Uncalled bet ($0.20) returned to C.Kakashi001
C.Kakashi001 collected $0.59 from pot
*** SUMMARY ***
Total pot $0.62 | Rake $0.03 
Board [Ad Ah 7h]
Seat 1: Alex.Petrovskiy folded before Flop (didn't bet)
Seat 2: __majkeL_102 folded before Flop (didn't bet)
Seat 3: Dorex2007 folded before Flop (didn't bet)
Seat 4: C.Kakashi001 (button) collected ($0.59)
Seat 6: miexxx (small blind) folded before Flop
Seat 7: lbathayde (big blind) folded on the Flop
Seat 8: BezDopinga folded before Flop (didn't bet)
Seat 9: Francdzo folded before Flop (didn't bet)



PokerStars Hand #237495157688:  Hold'em No Limit ($0.02/$0.05 USD) - 2022/07/21 9:49:38 PT [2022/07/21 12:49:38 ET]
Table 'Plaut' 9-max Seat #6 is the button
Seat 1: Alex.Petrovskiy ($5 in chips) 
Seat 2: __majkeL_102 ($4.86 in chips) 
Seat 3: Dorex2007 ($5.73 in chips) 
Seat 4: C.Kakashi001 ($6.12 in chips) 
Seat 6: miexxx ($5 in chips) 
Seat 7: lbathayde ($2.51 in chips) 
Seat 8: BezDopinga ($6.01 in chips) 
Seat 9: Francdzo ($5.20 in chips) 
lbathayde: posts small blind $0.02
BezDopinga: posts big blind $0.05
*** HOLE CARDS ***
Dealt to Dorex2007 [Kh Ks]
Francdzo: folds 
Alex.Petrovskiy: folds 
__majkeL_102: folds 
Dorex2007: raises $0.10 to $0.15
C.Kakashi001: raises $0.15 to $0.30
miexxx: folds 
lbathayde: calls $0.28
BezDopinga: folds 
Dorex2007: raises $0.95 to $1.25
Poker DanielTas joins the table at seat #5 
C.Kakashi001: folds 
lbathayde: folds 
Uncalled bet ($0.95) returned to Dorex2007
Dorex2007 collected $0.95 from pot
*** SUMMARY ***
Total pot $0.95 | Rake $0 
Seat 1: Alex.Petrovskiy folded before Flop (didn't bet)
Seat 2: __majkeL_102 folded before Flop (didn't bet)
Seat 3: Dorex2007 collected ($0.95)
Seat 4: C.Kakashi001 folded before Flop
Seat 6: miexxx (button) folded before Flop (didn't bet)
Seat 7: lbathayde (small blind) folded before Flop
Seat 8: BezDopinga (big blind) folded before Flop
Seat 9: Francdzo folded before Flop (didn't bet)



PokerStars Hand #237495174142:  Hold'em No Limit ($0.02/$0.05 USD) - 2022/07/21 9:50:30 PT [2022/07/21 12:50:30 ET]
Table 'Plaut' 9-max Seat #7 is the button
Seat 1: Alex.Petrovskiy ($5 in chips) 
Seat 2: __majkeL_102 ($4.86 in chips) 
Seat 3: Dorex2007 ($6.38 in chips) 
Seat 4: C.Kakashi001 ($5.82 in chips) 
Seat 6: miexxx ($5 in chips) 
Seat 7: lbathayde ($2.51 in chips) 
Seat 8: BezDopinga ($5.96 in chips) 
Seat 9: Francdzo ($5.20 in chips) 
BezDopinga: posts small blind $0.02
Francdzo: posts big blind $0.05
Poker DanielTas: sits out 
*** HOLE CARDS ***
Dealt to Dorex2007 [Qc Kd]
Alex.Petrovskiy: raises $0.10 to $0.15
__majkeL_102: folds 
Dorex2007: folds 
C.Kakashi001: folds 
miexxx: folds 
lbathayde: folds 
BezDopinga: folds 
Francdzo: folds 
Uncalled bet ($0.10) returned to Alex.Petrovskiy
Alex.Petrovskiy collected $0.12 from pot
*** SUMMARY ***
Total pot $0.12 | Rake $0 
Seat 1: Alex.Petrovskiy collected ($0.12)
Seat 2: __majkeL_102 folded before Flop (didn't bet)
Seat 3: Dorex2007 folded before Flop (didn't bet)
Seat 4: C.Kakashi001 folded before Flop (didn't bet)
Seat 6: miexxx folded before Flop (didn't bet)
Seat 7: lbathayde (button) folded before Flop (didn't bet)
Seat 8: BezDopinga (small blind) folded before Flop
Seat 9: Francdzo (big blind) folded before Flop



PokerStars Hand #237495182762:  Hold'em No Limit ($0.02/$0.05 USD) - 2022/07/21 9:50:56 PT [2022/07/21 12:50:56 ET]
Table 'Plaut' 9-max Seat #8 is the button
Seat 2: __majkeL_102 ($4.86 in chips) 
Seat 3: Dorex2007 ($6.38 in chips) 
Seat 4: C.Kakashi001 ($5.82 in chips) 
Seat 6: miexxx ($5 in chips) 
Seat 7: lbathayde ($2.51 in chips) 
Seat 8: BezDopinga ($5.94 in chips) 
Seat 9: Francdzo ($5.15 in chips) 
Francdzo: posts small blind $0.02
Alex.Petrovskiy: is sitting out 
__majkeL_102: posts big blind $0.05
Poker DanielTas: sits out 
*** HOLE CARDS ***
Dealt to Dorex2007 [Ad 8d]
Dorex2007: raises $0.05 to $0.10
Alex.Petrovskiy leaves the table
C.Kakashi001: folds 
miexxx: folds 
lbathayde: calls $0.10
BezDopinga: raises $0.35 to $0.45
Francdzo: folds 
__majkeL_102: folds 
Dorex2007: folds 
lbathayde: calls $0.35
*** FLOP *** [2h 2c Qs]
Ekim1948 joins the table at seat #1 
lbathayde: checks 
BezDopinga: bets $0.65
lbathayde: calls $0.65
*** TURN *** [2h 2c Qs] [6s]
lbathayde: checks 
BezDopinga: bets $2.27
lbathayde: calls $1.41 and is all-in
Uncalled bet ($0.86) returned to BezDopinga
*** RIVER *** [2h 2c Qs 6s] [8h]
*** SHOW DOWN ***
lbathayde: shows [2d 2s] (four of a kind, Deuces)
BezDopinga: shows [Ah Qc] (two pair, Queens and Deuces)
lbathayde collected $4.97 from pot
*** SUMMARY ***
Total pot $5.19 | Rake $0.22 
Board [2h 2c Qs 6s 8h]
Seat 2: __majkeL_102 (big blind) folded before Flop
Seat 3: Dorex2007 folded before Flop
Seat 4: C.Kakashi001 folded before Flop (didn't bet)
Seat 6: miexxx folded before Flop (didn't bet)
Seat 7: lbathayde showed [2d 2s] and won ($4.97) with four of a kind, Deuces
Seat 8: BezDopinga (button) showed [Ah Qc] and lost with two pair, Queens and Deuces
Seat 9: Francdzo (small blind) folded before Flop



PokerStars Hand #237495198838:  Hold'em No Limit ($0.02/$0.05 USD) - 2022/07/21 9:51:47 PT [2022/07/21 12:51:47 ET]
Table 'Plaut' 9-max Seat #9 is the button
Seat 2: __majkeL_102 ($4.81 in chips) 
Seat 3: Dorex2007 ($6.28 in chips) 
Seat 4: C.Kakashi001 ($5.82 in chips) 
Seat 5: Poker DanielTas ($5 in chips) 
Seat 6: miexxx ($5 in chips) 
Seat 7: lbathayde ($4.97 in chips) 
Seat 8: BezDopinga ($3.43 in chips) 
Seat 9: Francdzo ($5.13 in chips) 
__majkeL_102: posts small blind $0.02
Dorex2007: posts big blind $0.05
Poker DanielTas: posts big blind $0.05
*** HOLE CARDS ***
Dealt to Dorex2007 [Qc 9c]
C.Kakashi001: folds 
Poker DanielTas: checks 
miexxx: raises $0.17 to $0.22
lbathayde: folds 
BezDopinga: folds 
Francdzo: folds 
__majkeL_102: folds 
Dorex2007: folds 
Poker DanielTas: folds 
Uncalled bet ($0.17) returned to miexxx
miexxx collected $0.17 from pot
*** SUMMARY ***
Total pot $0.17 | Rake $0 
Seat 2: __majkeL_102 (small blind) folded before Flop
Seat 3: Dorex2007 (big blind) folded before Flop
Seat 4: C.Kakashi001 folded before Flop (didn't bet)
Seat 5: Poker DanielTas folded before Flop (didn't bet)
Seat 6: miexxx collected ($0.17)
Seat 7: lbathayde folded before Flop (didn't bet)
Seat 8: BezDopinga folded before Flop (didn't bet)
Seat 9: Francdzo (button) folded before Flop (didn't bet)



PokerStars Hand #237495210279:  Hold'em No Limit ($0.02/$0.05 USD) - 2022/07/21 9:52:23 PT [2022/07/21 12:52:23 ET]
Table 'Plaut' 9-max Seat #2 is the button
Seat 2: __majkeL_102 ($4.79 in chips) 
Seat 3: Dorex2007 ($6.23 in chips) 
Seat 4: C.Kakashi001 ($5.82 in chips) 
Seat 5: Poker DanielTas ($4.95 in chips) 
Seat 6: miexxx ($5.12 in chips) 
Seat 7: lbathayde ($4.97 in chips) 
Seat 8: BezDopinga ($3.43 in chips) 
Seat 9: Francdzo ($5.13 in chips) 
Dorex2007: posts small blind $0.02
C.Kakashi001: posts big blind $0.05
Ekim1948: sits out 
*** HOLE CARDS ***
Dealt to Dorex2007 [4h 2c]
Poker DanielTas: folds 
miexxx: folds 
lbathayde: raises $0.05 to $0.10
BezDopinga: folds 
Francdzo: folds 
__majkeL_102: folds 
Dorex2007: folds 
C.Kakashi001: folds 
Uncalled bet ($0.05) returned to lbathayde
lbathayde collected $0.12 from pot
*** SUMMARY ***
Total pot $0.12 | Rake $0 
Seat 2: __majkeL_102 (button) folded before Flop (didn't bet)
Seat 3: Dorex2007 (small blind) folded before Flop
Seat 4: C.Kakashi001 (big blind) folded before Flop
Seat 5: Poker DanielTas folded before Flop (didn't bet)
Seat 6: miexxx folded before Flop (didn't bet)
Seat 7: lbathayde collected ($0.12)
Seat 8: BezDopinga folded before Flop (didn't bet)
Seat 9: Francdzo folded before Flop (didn't bet)



PokerStars Hand #237495220137:  Hold'em No Limit ($0.02/$0.05 USD) - 2022/07/21 9:52:54 PT [2022/07/21 12:52:54 ET]
Table 'Plaut' 9-max Seat #3 is the button
Seat 1: Ekim1948 ($2 in chips) 
Seat 2: __majkeL_102 ($4.79 in chips) 
Seat 3: Dorex2007 ($6.21 in chips) 
Seat 4: C.Kakashi001 ($5.77 in chips) 
Seat 5: Poker DanielTas ($4.95 in chips) 
Seat 6: miexxx ($5.12 in chips) 
Seat 7: lbathayde ($5.04 in chips) 
Seat 8: BezDopinga ($3.43 in chips) 
Seat 9: Francdzo ($5.13 in chips) 
C.Kakashi001: posts small blind $0.02
Poker DanielTas: posts big blind $0.05
Ekim1948: posts big blind $0.05
*** HOLE CARDS ***
Dealt to Dorex2007 [4s 5h]
miexxx: folds 
lbathayde: folds 
BezDopinga: folds 
Francdzo: folds 
Ekim1948: checks 
__majkeL_102: folds 
Dorex2007: folds 
C.Kakashi001: calls $0.03
Poker DanielTas: checks 
*** FLOP *** [4c Ac 2s]
C.Kakashi001: checks 
Poker DanielTas: checks 
Ekim1948: bets $0.10
C.Kakashi001: folds 
Poker DanielTas: folds 
Uncalled bet ($0.10) returned to Ekim1948
Ekim1948 collected $0.14 from pot
*** SUMMARY ***
Total pot $0.15 | Rake $0.01 
Board [4c Ac 2s]
Seat 1: Ekim1948 collected ($0.14)
Seat 2: __majkeL_102 folded before Flop (didn't bet)
Seat 3: Dorex2007 (button) folded before Flop (didn't bet)
Seat 4: C.Kakashi001 (small blind) folded on the Flop
Seat 5: Poker DanielTas (big blind) folded on the Flop
Seat 6: miexxx folded before Flop (didn't bet)
Seat 7: lbathayde folded before Flop (didn't bet)
Seat 8: BezDopinga folded before Flop (didn't bet)
Seat 9: Francdzo folded before Flop (didn't bet)



PokerStars Hand #237495236724:  Hold'em No Limit ($0.02/$0.05 USD) - 2022/07/21 9:53:46 PT [2022/07/21 12:53:46 ET]
Table 'Plaut' 9-max Seat #4 is the button
Seat 1: Ekim1948 ($2.09 in chips) 
Seat 2: __majkeL_102 ($4.79 in chips) 
Seat 3: Dorex2007 ($6.21 in chips) 
Seat 4: C.Kakashi001 ($5.72 in chips) 
Seat 5: Poker DanielTas ($4.90 in chips) 
Seat 6: miexxx ($5.12 in chips) 
Seat 7: lbathayde ($5.04 in chips) 
Seat 8: BezDopinga ($3.43 in chips) 
Seat 9: Francdzo ($5.13 in chips) 
Poker DanielTas: posts small blind $0.02
miexxx: posts big blind $0.05
*** HOLE CARDS ***
Dealt to Dorex2007 [As 9h]
lbathayde: raises $0.05 to $0.10
BezDopinga: calls $0.10
Francdzo: folds 
Ekim1948: calls $0.10
__majkeL_102: folds 
Dorex2007: folds 
C.Kakashi001: folds 
Poker DanielTas: folds 
miexxx: calls $0.05
*** FLOP *** [Ac 8c 5s]
miexxx: checks 
lbathayde: checks 
BezDopinga: bets $0.30
Ekim1948: calls $0.30
miexxx: calls $0.30
lbathayde: raises $1.60 to $1.90
BezDopinga: folds 
Ekim1948: calls $1.60
miexxx: folds 
*** TURN *** [Ac 8c 5s] [3h]
lbathayde: bets $3.04 and is all-in
Ekim1948: calls $0.09 and is all-in
Uncalled bet ($2.95) returned to lbathayde
*** RIVER *** [Ac 8c 5s 3h] [4d]
*** SHOW DOWN ***
lbathayde: shows [8s 8d] (three of a kind, Eights)
Ekim1948: shows [Kc Tc] (high card Ace)
lbathayde cashed out the hand for $3.99 | Cash Out Fee $0.04
*** SUMMARY ***
Total pot $5 | Rake $0.21 
Board [Ac 8c 5s 3h 4d]
Seat 1: Ekim1948 showed [Kc Tc] and lost with high card Ace
Seat 2: __majkeL_102 folded before Flop (didn't bet)
Seat 3: Dorex2007 folded before Flop (didn't bet)
Seat 4: C.Kakashi001 (button) folded before Flop (didn't bet)
Seat 5: Poker DanielTas (small blind) folded before Flop
Seat 6: miexxx (big blind) folded on the Flop
Seat 7: lbathayde showed [8s 8d] and won ($4.79) with three of a kind, Eights (pot not awarded as player cashed out)
Seat 8: BezDopinga folded on the Flop
Seat 9: Francdzo folded before Flop (didn't bet)



PokerStars Hand #237495254798:  Hold'em No Limit ($0.02/$0.05 USD) - 2022/07/21 9:54:43 PT [2022/07/21 12:54:43 ET]
Table 'Plaut' 9-max Seat #5 is the button
Seat 2: __majkeL_102 ($4.79 in chips) 
Seat 3: Dorex2007 ($6.21 in chips) 
Seat 4: C.Kakashi001 ($5.72 in chips) 
Seat 5: Poker DanielTas ($4.88 in chips) 
Seat 6: miexxx ($5 in chips) 
Seat 8: BezDopinga ($3.03 in chips) 
Seat 9: Francdzo ($5.13 in chips) 
miexxx: posts small blind $0.02
lbathayde: is sitting out 
BezDopinga: posts big blind $0.05
*** HOLE CARDS ***
Dealt to Dorex2007 [Qs 4s]
Francdzo: folds 
Ekim1948 leaves the table
__majkeL_102: folds 
Dorex2007: folds 
lbathayde leaves the table
C.Kakashi001: folds 
Poker DanielTas: calls $0.05
Ekim1948 joins the table at seat #1 
miexxx: raises $0.15 to $0.20
BezDopinga: folds 
Poker DanielTas: calls $0.15
*** FLOP *** [Kd 6h Qc]
miexxx: bets $0.22
Poker DanielTas: calls $0.22
*** TURN *** [Kd 6h Qc] [Ks]
miexxx: bets $0.55
Poker DanielTas: folds 
Uncalled bet ($0.55) returned to miexxx
miexxx collected $0.85 from pot
*** SUMMARY ***
Total pot $0.89 | Rake $0.04 
Board [Kd 6h Qc Ks]
Seat 2: __majkeL_102 folded before Flop (didn't bet)
Seat 3: Dorex2007 folded before Flop (didn't bet)
Seat 4: C.Kakashi001 folded before Flop (didn't bet)
Seat 5: Poker DanielTas (button) folded on the Turn
Seat 6: miexxx (small blind) collected ($0.85)
Seat 8: BezDopinga (big blind) folded before Flop
Seat 9: Francdzo folded before Flop (didn't bet)



PokerStars Hand #237495269651:  Hold'em No Limit ($0.02/$0.05 USD) - 2022/07/21 9:55:37 PT [2022/07/21 12:55:37 ET]
Table 'Plaut' 9-max Seat #8 is the button
Seat 1: Ekim1948 ($2 in chips) 
Seat 2: __majkeL_102 ($4.79 in chips) 
Seat 3: Dorex2007 ($6.21 in chips) 
Seat 4: C.Kakashi001 ($5.72 in chips) 
Seat 5: Poker DanielTas ($4.46 in chips) 
Seat 8: BezDopinga ($2.98 in chips) 
Seat 9: Francdzo ($5.13 in chips) 
Francdzo: posts small blind $0.02
Ekim1948: posts big blind $0.05
*** HOLE CARDS ***
Dealt to Dorex2007 [4d 7s]
__majkeL_102: folds 
Dorex2007: folds 
C.Kakashi001: raises $0.10 to $0.15
Poker DanielTas: calls $0.15
BezDopinga: folds 
Francdzo: folds 
Ekim1948: folds 
*** FLOP *** [9s 6h 8h]
C.Kakashi001: bets $0.35
Poker DanielTas: folds 
Uncalled bet ($0.35) returned to C.Kakashi001
C.Kakashi001 collected $0.35 from pot
*** SUMMARY ***
Total pot $0.37 | Rake $0.02 
Board [9s 6h 8h]
Seat 1: Ekim1948 (big blind) folded before Flop
Seat 2: __majkeL_102 folded before Flop (didn't bet)
Seat 3: Dorex2007 folded before Flop (didn't bet)
Seat 4: C.Kakashi001 collected ($0.35)
Seat 5: Poker DanielTas folded on the Flop
Seat 8: BezDopinga (button) folded before Flop (didn't bet)
Seat 9: Francdzo (small blind) folded before Flop



PokerStars Hand #237495276674:  Hold'em No Limit ($0.02/$0.05 USD) - 2022/07/21 9:56:06 PT [2022/07/21 12:56:06 ET]
Table 'Plaut' 9-max Seat #9 is the button
Seat 1: Ekim1948 ($1.95 in chips) 
Seat 2: __majkeL_102 ($4.79 in chips) 
Seat 3: Dorex2007 ($6.21 in chips) 
Seat 4: C.Kakashi001 ($5.92 in chips) 
Seat 5: Poker DanielTas ($4.31 in chips) 
Seat 8: BezDopinga ($2.98 in chips) 
Seat 9: Francdzo ($5.11 in chips) 
Ekim1948: posts small blind $0.02
__majkeL_102: posts big blind $0.05
*** HOLE CARDS ***
Dealt to Dorex2007 [5h As]
Archville joins the table at seat #7 
Dorex2007: folds 
C.Kakashi001: folds 
Poker DanielTas: folds 
BezDopinga: folds 
Francdzo: raises $0.10 to $0.15
Ekim1948: calls $0.13
__majkeL_102: calls $0.10
*** FLOP *** [Td 8c 5s]
Ekim1948: checks 
__majkeL_102: checks 
Francdzo: bets $0.13
Ekim1948: calls $0.13
__majkeL_102: calls $0.13
*** TURN *** [Td 8c 5s] [Ts]
Ekim1948: checks 
__majkeL_102: checks 
Francdzo: checks 
*** RIVER *** [Td 8c 5s Ts] [Jd]
Ekim1948: bets $0.15
__majkeL_102: folds 
Francdzo: calls $0.15
*** SHOW DOWN ***
Ekim1948: shows [Kh Ks] (two pair, Kings and Tens)
Francdzo: mucks hand 
Ekim1948 collected $1.09 from pot
*** SUMMARY ***
Total pot $1.14 | Rake $0.05 
Board [Td 8c 5s Ts Jd]
Seat 1: Ekim1948 (small blind) showed [Kh Ks] and won ($1.09) with two pair, Kings and Tens
Seat 2: __majkeL_102 (big blind) folded on the River
Seat 3: Dorex2007 folded before Flop (didn't bet)
Seat 4: C.Kakashi001 folded before Flop (didn't bet)
Seat 5: Poker DanielTas folded before Flop (didn't bet)
Seat 8: BezDopinga folded before Flop (didn't bet)
Seat 9: Francdzo (button) mucked [Ac Kd]



PokerStars Hand #237495291270:  Hold'em No Limit ($0.02/$0.05 USD) - 2022/07/21 9:57:07 PT [2022/07/21 12:57:07 ET]
Table 'Plaut' 9-max Seat #1 is the button
Seat 1: Ekim1948 ($2.61 in chips) 
Seat 2: __majkeL_102 ($5 in chips) 
Seat 3: Dorex2007 ($6.21 in chips) 
Seat 4: C.Kakashi001 ($5.92 in chips) 
Seat 5: Poker DanielTas ($4.31 in chips) 
Seat 8: BezDopinga ($2.98 in chips) 
Seat 9: Francdzo ($5 in chips) 
__majkeL_102: posts small blind $0.02
Dorex2007: posts big blind $0.05
Archville: sits out 
*** HOLE CARDS ***
Dealt to Dorex2007 [Qd 3h]
C.Kakashi001: folds 
Poker DanielTas: folds 
BezDopinga: folds 
Francdzo: folds 
Ekim1948: calls $0.05
__majkeL_102: calls $0.03
Dorex2007: checks 
*** FLOP *** [7s Qh Ad]
__majkeL_102: checks 
Dorex2007: checks 
Ekim1948: bets $0.10
__majkeL_102: folds 
Dorex2007: folds 
Uncalled bet ($0.10) returned to Ekim1948
Ekim1948 collected $0.14 from pot
*** SUMMARY ***
Total pot $0.15 | Rake $0.01 
Board [7s Qh Ad]
Seat 1: Ekim1948 (button) collected ($0.14)
Seat 2: __majkeL_102 (small blind) folded on the Flop
Seat 3: Dorex2007 (big blind) folded on the Flop
Seat 4: C.Kakashi001 folded before Flop (didn't bet)
Seat 5: Poker DanielTas folded before Flop (didn't bet)
Seat 8: BezDopinga folded before Flop (didn't bet)
Seat 9: Francdzo folded before Flop (didn't bet)



PokerStars Hand #237495301059:  Hold'em No Limit ($0.02/$0.05 USD) - 2022/07/21 9:57:47 PT [2022/07/21 12:57:47 ET]
Table 'Plaut' 9-max Seat #2 is the button
Seat 1: Ekim1948 ($2.70 in chips) 
Seat 2: __majkeL_102 ($4.95 in chips) 
Seat 3: Dorex2007 ($6.16 in chips) 
Seat 4: C.Kakashi001 ($5.92 in chips) 
Seat 5: Poker DanielTas ($4.31 in chips) 
Seat 8: BezDopinga ($2.98 in chips) 
Seat 9: Francdzo ($5 in chips) 
Dorex2007: posts small blind $0.02
C.Kakashi001: posts big blind $0.05
Archville: sits out 
*** HOLE CARDS ***
Dealt to Dorex2007 [2c 6s]
Poker DanielTas: raises $0.05 to $0.10
BezDopinga: folds 
Francdzo: folds 
Ekim1948: calls $0.10
__majkeL_102: folds 
Dorex2007: folds 
C.Kakashi001: folds 
*** FLOP *** [5s 2h Ts]
Poker DanielTas: checks 
Ekim1948: checks 
*** TURN *** [5s 2h Ts] [Ad]
Poker DanielTas: bets $0.05
Ekim1948: calls $0.05
*** RIVER *** [5s 2h Ts Ad] [7c]
Poker DanielTas: bets $0.17
Ekim1948: raises $0.17 to $0.34
Poker DanielTas: calls $0.17
*** SHOW DOWN ***
Ekim1948: shows [5d 5c] (three of a kind, Fives)
Poker DanielTas: mucks hand 
Ekim1948 collected $1.01 from pot
*** SUMMARY ***
Total pot $1.05 | Rake $0.04 
Board [5s 2h Ts Ad 7c]
Seat 1: Ekim1948 showed [5d 5c] and won ($1.01) with three of a kind, Fives
Seat 2: __majkeL_102 (button) folded before Flop (didn't bet)
Seat 3: Dorex2007 (small blind) folded before Flop
Seat 4: C.Kakashi001 (big blind) folded before Flop
Seat 5: Poker DanielTas mucked [Qs Qd]
Seat 8: BezDopinga folded before Flop (didn't bet)
Seat 9: Francdzo folded before Flop (didn't bet)



PokerStars Hand #237495323870:  Hold'em No Limit ($0.02/$0.05 USD) - 2022/07/21 9:58:46 PT [2022/07/21 12:58:46 ET]
Table 'Plaut' 9-max Seat #3 is the button
Seat 1: Ekim1948 ($3.22 in chips) 
Seat 2: __majkeL_102 ($4.95 in chips) 
Seat 3: Dorex2007 ($6.14 in chips) 
Seat 4: C.Kakashi001 ($5.87 in chips) 
Seat 5: Poker DanielTas ($3.82 in chips) 
Seat 8: BezDopinga ($2.98 in chips) 
Seat 9: Francdzo ($5 in chips) 
C.Kakashi001: posts small blind $0.02
Poker DanielTas: posts big blind $0.05
Archville: sits out 
*** HOLE CARDS ***
Dealt to Dorex2007 [6d 9s]
BezDopinga: folds 
Francdzo: folds 
Ekim1948: folds 
__majkeL_102: folds 
Dorex2007: folds 
C.Kakashi001: raises $0.05 to $0.10
Poker DanielTas: folds 
Uncalled bet ($0.05) returned to C.Kakashi001
C.Kakashi001 collected $0.10 from pot
*** SUMMARY ***
Total pot $0.10 | Rake $0 
Seat 1: Ekim1948 folded before Flop (didn't bet)
Seat 2: __majkeL_102 folded before Flop (didn't bet)
Seat 3: Dorex2007 (button) folded before Flop (didn't bet)
Seat 4: C.Kakashi001 (small blind) collected ($0.10)
Seat 5: Poker DanielTas (big blind) folded before Flop
Seat 8: BezDopinga folded before Flop (didn't bet)
Seat 9: Francdzo folded before Flop (didn't bet)



PokerStars Hand #237495328561:  Hold'em No Limit ($0.02/$0.05 USD) - 2022/07/21 9:59:05 PT [2022/07/21 12:59:05 ET]
Table 'Plaut' 9-max Seat #4 is the button
Seat 1: Ekim1948 ($3.22 in chips) 
Seat 2: __majkeL_102 ($4.95 in chips) 
Seat 3: Dorex2007 ($6.14 in chips) 
Seat 4: C.Kakashi001 ($5.92 in chips) 
Seat 5: Poker DanielTas ($3.77 in chips) 
Seat 6: miexxx ($5.43 in chips) 
Seat 8: BezDopinga ($2.98 in chips) 
Seat 9: Francdzo ($5 in chips) 
Poker DanielTas: posts small blind $0.02
miexxx: posts big blind $0.05
Archville: sits out 
*** HOLE CARDS ***
Dealt to Dorex2007 [Jh Qh]
BezDopinga: folds 
Francdzo: folds 
Ekim1948: folds 
__majkeL_102: folds 
Dorex2007: raises $0.05 to $0.10
C.Kakashi001: folds 
Poker DanielTas: folds 
miexxx: calls $0.05
*** FLOP *** [Ah As Kd]
miexxx: checks 
Dorex2007: checks 
*** TURN *** [Ah As Kd] [7c]
miexxx: checks 
Dorex2007: checks 
*** RIVER *** [Ah As Kd 7c] [3h]
miexxx: checks 
Dorex2007: checks 
*** SHOW DOWN ***
miexxx: shows [5s Js] (a pair of Aces)
Dorex2007: shows [Jh Qh] (a pair of Aces - King+Queen kicker)
Dorex2007 collected $0.21 from pot
*** SUMMARY ***
Total pot $0.22 | Rake $0.01 
Board [Ah As Kd 7c 3h]
Seat 1: Ekim1948 folded before Flop (didn't bet)
Seat 2: __majkeL_102 folded before Flop (didn't bet)
Seat 3: Dorex2007 showed [Jh Qh] and won ($0.21) with a pair of Aces
Seat 4: C.Kakashi001 (button) folded before Flop (didn't bet)
Seat 5: Poker DanielTas (small blind) folded before Flop
Seat 6: miexxx (big blind) showed [5s Js] and lost with a pair of Aces
Seat 8: BezDopinga folded before Flop (didn't bet)
Seat 9: Francdzo folded before Flop (didn't bet)



PokerStars Hand #237495339367:  Hold'em No Limit ($0.02/$0.05 USD) - 2022/07/21 9:59:49 PT [2022/07/21 12:59:49 ET]
Table 'Plaut' 9-max Seat #5 is the button
Seat 1: Ekim1948 ($3.22 in chips) 
Seat 2: __majkeL_102 ($4.95 in chips) 
Seat 3: Dorex2007 ($6.25 in chips) 
Seat 4: C.Kakashi001 ($5.92 in chips) 
Seat 5: Poker DanielTas ($3.75 in chips) 
Seat 6: miexxx ($5.33 in chips) 
Seat 7: Archville ($5 in chips) 
Seat 8: BezDopinga ($2.98 in chips) 
Seat 9: Francdzo ($5 in chips) 
miexxx: posts small blind $0.02
Archville: posts big blind $0.05
*** HOLE CARDS ***
Dealt to Dorex2007 [3c Ah]
BezDopinga: folds 
Francdzo: folds 
Ekim1948: folds 
__majkeL_102: folds 
Dorex2007: folds 
C.Kakashi001: folds 
Poker DanielTas: raises $0.05 to $0.10
miexxx: folds 
Archville: folds 
Uncalled bet ($0.05) returned to Poker DanielTas
Poker DanielTas collected $0.12 from pot
*** SUMMARY ***
Total pot $0.12 | Rake $0 
Seat 1: Ekim1948 folded before Flop (didn't bet)
Seat 2: __majkeL_102 folded before Flop (didn't bet)
Seat 3: Dorex2007 folded before Flop (didn't bet)
Seat 4: C.Kakashi001 folded before Flop (didn't bet)
Seat 5: Poker DanielTas (button) collected ($0.12)
Seat 6: miexxx (small blind) folded before Flop
Seat 7: Archville (big blind) folded before Flop
Seat 8: BezDopinga folded before Flop (didn't bet)
Seat 9: Francdzo folded before Flop (didn't bet)



PokerStars Hand #237495345139:  Hold'em No Limit ($0.02/$0.05 USD) - 2022/07/21 10:00:11 PT [2022/07/21 13:00:11 ET]
Table 'Plaut' 9-max Seat #6 is the button
Seat 1: Ekim1948 ($3.22 in chips) 
Seat 2: __majkeL_102 ($4.95 in chips) 
Seat 3: Dorex2007 ($6.25 in chips) 
Seat 4: C.Kakashi001 ($5.92 in chips) 
Seat 5: Poker DanielTas ($3.82 in chips) 
Seat 6: miexxx ($5.31 in chips) 
Seat 7: Archville ($4.95 in chips) 
Seat 8: BezDopinga ($2.98 in chips) 
Seat 9: Francdzo ($5 in chips) 
Archville: posts small blind $0.02
BezDopinga: posts big blind $0.05
*** HOLE CARDS ***
Dealt to Dorex2007 [2c 4s]
Francdzo: folds 
Ekim1948: raises $0.05 to $0.10
__majkeL_102: calls $0.10
Dorex2007: folds 
C.Kakashi001: folds 
Poker DanielTas: raises $0.05 to $0.15
miexxx: folds 
Archville: folds 
BezDopinga: folds 
Ekim1948: calls $0.05
__majkeL_102: calls $0.05
*** FLOP *** [Qh 6c 3s]
Ekim1948: checks 
__majkeL_102: checks 
Poker DanielTas: bets $0.50
Ekim1948: calls $0.50
__majkeL_102: folds 
*** TURN *** [Qh 6c 3s] [4c]
Ekim1948: checks 
Poker DanielTas: bets $0.73
Ekim1948: calls $0.73
*** RIVER *** [Qh 6c 3s 4c] [5h]
Ekim1948: checks 
Poker DanielTas: checks 
*** SHOW DOWN ***
Ekim1948: shows [Qc Jh] (a pair of Queens)
Poker DanielTas: shows [Kc Ks] (a pair of Kings)
Poker DanielTas collected $2.86 from pot
*** SUMMARY ***
Total pot $2.98 | Rake $0.12 
Board [Qh 6c 3s 4c 5h]
Seat 1: Ekim1948 showed [Qc Jh] and lost with a pair of Queens
Seat 2: __majkeL_102 folded on the Flop
Seat 3: Dorex2007 folded before Flop (didn't bet)
Seat 4: C.Kakashi001 folded before Flop (didn't bet)
Seat 5: Poker DanielTas showed [Kc Ks] and won ($2.86) with a pair of Kings
Seat 6: miexxx (button) folded before Flop (didn't bet)
Seat 7: Archville (small blind) folded before Flop
Seat 8: BezDopinga (big blind) folded before Flop
Seat 9: Francdzo folded before Flop (didn't bet)



PokerStars Hand #237495364513:  Hold'em No Limit ($0.02/$0.05 USD) - 2022/07/21 10:01:22 PT [2022/07/21 13:01:22 ET]
Table 'Plaut' 9-max Seat #7 is the button
Seat 1: Ekim1948 ($1.84 in chips) 
Seat 2: __majkeL_102 ($4.80 in chips) 
Seat 3: Dorex2007 ($6.25 in chips) 
Seat 4: C.Kakashi001 ($5.92 in chips) 
Seat 5: Poker DanielTas ($5.30 in chips) 
Seat 6: miexxx ($5.31 in chips) 
Seat 7: Archville ($4.93 in chips) 
Seat 8: BezDopinga ($2.93 in chips) 
Seat 9: Francdzo ($5 in chips) 
BezDopinga: posts small blind $0.02
Francdzo: posts big blind $0.05
*** HOLE CARDS ***
Dealt to Dorex2007 [Ad 4s]
Ekim1948: calls $0.05
__majkeL_102: folds 
Dorex2007: folds 
C.Kakashi001: folds 
Poker DanielTas: folds 
miexxx: folds 
Archville: folds 
BezDopinga: folds 
Francdzo: raises $0.20 to $0.25
Ekim1948: calls $0.20
*** FLOP *** [3d 7c Ts]
Francdzo: checks 
Ekim1948: checks 
*** TURN *** [3d 7c Ts] [Qs]
Francdzo: checks 
Ekim1948: checks 
*** RIVER *** [3d 7c Ts Qs] [2d]
Francdzo: checks 
Ekim1948: bets $0.10
Francdzo: calls $0.10
*** SHOW DOWN ***
Ekim1948: shows [Qd Jd] (a pair of Queens)
Francdzo: mucks hand 
Poker DanielTas leaves the table
Ekim1948 collected $0.69 from pot
*** SUMMARY ***
Total pot $0.72 | Rake $0.03 
Board [3d 7c Ts Qs 2d]
Seat 1: Ekim1948 showed [Qd Jd] and won ($0.69) with a pair of Queens
Seat 2: __majkeL_102 folded before Flop (didn't bet)
Seat 3: Dorex2007 folded before Flop (didn't bet)
Seat 4: C.Kakashi001 folded before Flop (didn't bet)
Seat 5: Poker DanielTas folded before Flop (didn't bet)
Seat 6: miexxx folded before Flop (didn't bet)
Seat 7: Archville (button) folded before Flop (didn't bet)
Seat 8: BezDopinga (small blind) folded before Flop
Seat 9: Francdzo (big blind) mucked [Jh Ks]



PokerStars Hand #237495379159:  Hold'em No Limit ($0.02/$0.05 USD) - 2022/07/21 10:02:10 PT [2022/07/21 13:02:10 ET]
Table 'Plaut' 9-max Seat #8 is the button
Seat 1: Ekim1948 ($2.18 in chips) 
Seat 2: __majkeL_102 ($4.80 in chips) 
Seat 3: Dorex2007 ($6.25 in chips) 
Seat 4: C.Kakashi001 ($5.92 in chips) 
Seat 6: miexxx ($5.31 in chips) 
Seat 7: Archville ($4.93 in chips) 
Seat 8: BezDopinga ($2.91 in chips) 
Seat 9: Francdzo ($5 in chips) 
Francdzo: posts small blind $0.02
Ekim1948: posts big blind $0.05
*** HOLE CARDS ***
Dealt to Dorex2007 [Qs 4c]
H!TM@N1989 joins the table at seat #5 
__majkeL_102: folds 
Dorex2007: folds 
H!TM@N1989 leaves the table
C.Kakashi001: folds 
miexxx: folds 
Archville: folds 
BezDopinga: folds 
H!TM@N1989 joins the table at seat #5 
Francdzo: folds 
Uncalled bet ($0.03) returned to Ekim1948
Ekim1948 collected $0.04 from pot
*** SUMMARY ***
Total pot $0.04 | Rake $0 
Seat 1: Ekim1948 (big blind) collected ($0.04)
Seat 2: __majkeL_102 folded before Flop (didn't bet)
Seat 3: Dorex2007 folded before Flop (didn't bet)
Seat 4: C.Kakashi001 folded before Flop (didn't bet)
Seat 6: miexxx folded before Flop (didn't bet)
Seat 7: Archville folded before Flop (didn't bet)
Seat 8: BezDopinga (button) folded before Flop (didn't bet)
Seat 9: Francdzo (small blind) folded before Flop



PokerStars Hand #237495386142:  Hold'em No Limit ($0.02/$0.05 USD) - 2022/07/21 10:02:31 PT [2022/07/21 13:02:31 ET]
Table 'Plaut' 9-max Seat #9 is the button
Seat 1: Ekim1948 ($2.20 in chips) 
Seat 2: __majkeL_102 ($4.80 in chips) 
Seat 3: Dorex2007 ($6.25 in chips) 
Seat 4: C.Kakashi001 ($5.92 in chips) 
Seat 6: miexxx ($5.31 in chips) 
Seat 7: Archville ($4.93 in chips) 
Seat 8: BezDopinga ($2.91 in chips) 
Seat 9: Francdzo ($5 in chips) 
Ekim1948: posts small blind $0.02
__majkeL_102: posts big blind $0.05
H!TM@N1989: sits out 
*** HOLE CARDS ***
Dealt to Dorex2007 [8h Kd]
Dorex2007: folds 
C.Kakashi001: folds 
miexxx: folds 
Archville: raises $0.10 to $0.15
BezDopinga: folds 
Francdzo: folds 
Ekim1948: folds 
__majkeL_102: folds 
Uncalled bet ($0.10) returned to Archville
Archville collected $0.12 from pot
*** SUMMARY ***
Total pot $0.12 | Rake $0 
Seat 1: Ekim1948 (small blind) folded before Flop
Seat 2: __majkeL_102 (big blind) folded before Flop
Seat 3: Dorex2007 folded before Flop (didn't bet)
Seat 4: C.Kakashi001 folded before Flop (didn't bet)
Seat 6: miexxx folded before Flop (didn't bet)
Seat 7: Archville collected ($0.12)
Seat 8: BezDopinga folded before Flop (didn't bet)
Seat 9: Francdzo (button) folded before Flop (didn't bet)



PokerStars Hand #237495397431:  Hold'em No Limit ($0.02/$0.05 USD) - 2022/07/21 10:03:07 PT [2022/07/21 13:03:07 ET]
Table 'Plaut' 9-max Seat #1 is the button
Seat 1: Ekim1948 ($2.18 in chips) 
Seat 2: __majkeL_102 ($4.75 in chips) 
Seat 3: Dorex2007 ($6.25 in chips) 
Seat 4: C.Kakashi001 ($5.92 in chips) 
Seat 6: miexxx ($5.31 in chips) 
Seat 7: Archville ($5 in chips) 
Seat 8: BezDopinga ($2.91 in chips) 
Seat 9: Francdzo ($5 in chips) 
__majkeL_102: posts small blind $0.02
Dorex2007: posts big blind $0.05
H!TM@N1989: sits out 
*** HOLE CARDS ***
Dealt to Dorex2007 [9c 7h]
C.Kakashi001: raises $0.10 to $0.15
miexxx: folds 
Archville: folds 
BezDopinga: folds 
Francdzo: folds 
Ekim1948: folds 
__majkeL_102: raises $0.25 to $0.40
Dorex2007: folds 
C.Kakashi001: folds 
Uncalled bet ($0.25) returned to __majkeL_102
__majkeL_102 collected $0.35 from pot
*** SUMMARY ***
Total pot $0.35 | Rake $0 
Seat 1: Ekim1948 (button) folded before Flop (didn't bet)
Seat 2: __majkeL_102 (small blind) collected ($0.35)
Seat 3: Dorex2007 (big blind) folded before Flop
Seat 4: C.Kakashi001 folded before Flop
Seat 6: miexxx folded before Flop (didn't bet)
Seat 7: Archville folded before Flop (didn't bet)
Seat 8: BezDopinga folded before Flop (didn't bet)
Seat 9: Francdzo folded before Flop (didn't bet)



PokerStars Hand #237495410784:  Hold'em No Limit ($0.02/$0.05 USD) - 2022/07/21 10:03:48 PT [2022/07/21 13:03:48 ET]
Table 'Plaut' 9-max Seat #2 is the button
Seat 1: Ekim1948 ($2.18 in chips) 
Seat 2: __majkeL_102 ($4.95 in chips) 
Seat 3: Dorex2007 ($6.20 in chips) 
Seat 4: C.Kakashi001 ($5.77 in chips) 
Seat 6: miexxx ($5.31 in chips) 
Seat 7: Archville ($5 in chips) 
Seat 8: BezDopinga ($2.91 in chips) 
Seat 9: Francdzo ($5 in chips) 
Dorex2007: posts small blind $0.02
C.Kakashi001: posts big blind $0.05
H!TM@N1989: sits out 
*** HOLE CARDS ***
Dealt to Dorex2007 [7c Tc]
miexxx: folds 
Archville: folds 
BezDopinga: folds 
Francdzo: folds 
Ekim1948: folds 
__majkeL_102: folds 
Dorex2007: folds 
Uncalled bet ($0.03) returned to C.Kakashi001
C.Kakashi001 collected $0.04 from pot
*** SUMMARY ***
Total pot $0.04 | Rake $0 
Seat 1: Ekim1948 folded before Flop (didn't bet)
Seat 2: __majkeL_102 (button) folded before Flop (didn't bet)
Seat 3: Dorex2007 (small blind) folded before Flop
Seat 4: C.Kakashi001 (big blind) collected ($0.04)
Seat 6: miexxx folded before Flop (didn't bet)
Seat 7: Archville folded before Flop (didn't bet)
Seat 8: BezDopinga folded before Flop (didn't bet)
Seat 9: Francdzo folded before Flop (didn't bet)



PokerStars Hand #237495415702:  Hold'em No Limit ($0.02/$0.05 USD) - 2022/07/21 10:04:04 PT [2022/07/21 13:04:04 ET]
Table 'Plaut' 9-max Seat #3 is the button
Seat 1: Ekim1948 ($2.18 in chips) 
Seat 2: __majkeL_102 ($4.95 in chips) 
Seat 3: Dorex2007 ($6.18 in chips) 
Seat 4: C.Kakashi001 ($5.79 in chips) 
Seat 5: H!TM@N1989 ($5 in chips) 
Seat 6: miexxx ($5.31 in chips) 
Seat 7: Archville ($5 in chips) 
Seat 8: BezDopinga ($2.91 in chips) 
Seat 9: Francdzo ($5 in chips) 
C.Kakashi001: posts small blind $0.02
H!TM@N1989: posts big blind $0.05
*** HOLE CARDS ***
Dealt to Dorex2007 [Ad Ah]
miexxx: folds 
Archville: folds 
BezDopinga: raises $0.10 to $0.15
Francdzo: folds 
Ekim1948: folds 
__majkeL_102: folds 
Dorex2007: raises $0.15 to $0.30
C.Kakashi001: folds 
H!TM@N1989: folds 
BezDopinga: calls $0.15
*** FLOP *** [3d Ac 6h]
BezDopinga: checks 
Dorex2007: checks 
*** TURN *** [3d Ac 6h] [6s]
BezDopinga: checks 
Dorex2007: bets $0.32
BezDopinga: calls $0.32
*** RIVER *** [3d Ac 6h 6s] [Kc]
BezDopinga: checks 
Dorex2007: bets $0.84
BezDopinga: folds 
Uncalled bet ($0.84) returned to Dorex2007
Dorex2007 collected $1.26 from pot
*** SUMMARY ***
Total pot $1.31 | Rake $0.05 
Board [3d Ac 6h 6s Kc]
Seat 1: Ekim1948 folded before Flop (didn't bet)
Seat 2: __majkeL_102 folded before Flop (didn't bet)
Seat 3: Dorex2007 (button) collected ($1.26)
Seat 4: C.Kakashi001 (small blind) folded before Flop
Seat 5: H!TM@N1989 (big blind) folded before Flop
Seat 6: miexxx folded before Flop (didn't bet)
Seat 7: Archville folded before Flop (didn't bet)
Seat 8: BezDopinga folded on the River
Seat 9: Francdzo folded before Flop (didn't bet)



PokerStars Hand #237495435420:  Hold'em No Limit ($0.02/$0.05 USD) - 2022/07/21 10:05:05 PT [2022/07/21 13:05:05 ET]
Table 'Plaut' 9-max Seat #4 is the button
Seat 1: Ekim1948 ($2.18 in chips) 
Seat 2: __majkeL_102 ($4.95 in chips) 
Seat 3: Dorex2007 ($6.82 in chips) 
Seat 4: C.Kakashi001 ($5.77 in chips) 
Seat 5: H!TM@N1989 ($5 in chips) 
Seat 6: miexxx ($5.31 in chips) 
Seat 7: Archville ($5 in chips) 
Seat 8: BezDopinga ($2.29 in chips) 
Seat 9: Francdzo ($5 in chips) 
H!TM@N1989: posts small blind $0.02
miexxx: posts big blind $0.05
*** HOLE CARDS ***
Dealt to Dorex2007 [Jd Qd]
Archville: folds 
BezDopinga: folds 
Francdzo: folds 
Ekim1948: raises $0.05 to $0.10
__majkeL_102: folds 
Dorex2007: calls $0.10
C.Kakashi001: folds 
H!TM@N1989: calls $0.08
miexxx: folds 
*** FLOP *** [8c Jh Qs]
H!TM@N1989: checks 
Ekim1948: bets $0.10
Dorex2007: raises $0.26 to $0.36
H!TM@N1989: folds 
Ekim1948: calls $0.26
*** TURN *** [8c Jh Qs] [9h]
Ekim1948: checks 
Dorex2007: checks 
*** RIVER *** [8c Jh Qs 9h] [As]
Ekim1948: checks 
Dorex2007: checks 
*** SHOW DOWN ***
Ekim1948: shows [9d Ah] (two pair, Aces and Nines)
Dorex2007: mucks hand 
Ekim1948 collected $1.03 from pot
*** SUMMARY ***
Total pot $1.07 | Rake $0.04 
Board [8c Jh Qs 9h As]
Seat 1: Ekim1948 showed [9d Ah] and won ($1.03) with two pair, Aces and Nines
Seat 2: __majkeL_102 folded before Flop (didn't bet)
Seat 3: Dorex2007 mucked [Jd Qd]
Seat 4: C.Kakashi001 (button) folded before Flop (didn't bet)
Seat 5: H!TM@N1989 (small blind) folded on the Flop
Seat 6: miexxx (big blind) folded before Flop
Seat 7: Archville folded before Flop (didn't bet)
Seat 8: BezDopinga folded before Flop (didn't bet)
Seat 9: Francdzo folded before Flop (didn't bet)



PokerStars Hand #237495462360:  Hold'em No Limit ($0.02/$0.05 USD) - 2022/07/21 10:06:28 PT [2022/07/21 13:06:28 ET]
Table 'Plaut' 9-max Seat #5 is the button
Seat 1: Ekim1948 ($2.75 in chips) 
Seat 2: __majkeL_102 ($4.95 in chips) 
Seat 3: Dorex2007 ($6.36 in chips) 
Seat 4: C.Kakashi001 ($5.77 in chips) 
Seat 5: H!TM@N1989 ($5 in chips) 
Seat 6: miexxx ($5.26 in chips) 
Seat 7: Archville ($5 in chips) 
Seat 8: BezDopinga ($2.29 in chips) 
Seat 9: Francdzo ($5 in chips) 
miexxx: posts small blind $0.02
Archville: posts big blind $0.05
*** HOLE CARDS ***
Dealt to Dorex2007 [8h 2d]
BezDopinga: folds 
Francdzo: folds 
Ekim1948: calls $0.05
__majkeL_102: raises $0.15 to $0.20
Dorex2007: folds 
C.Kakashi001: folds 
H!TM@N1989: folds 
miexxx: folds 
Archville: folds 
Ekim1948: folds 
Uncalled bet ($0.15) returned to __majkeL_102
__majkeL_102 collected $0.17 from pot
*** SUMMARY ***
Total pot $0.17 | Rake $0 
Seat 1: Ekim1948 folded before Flop
Seat 2: __majkeL_102 collected ($0.17)
Seat 3: Dorex2007 folded before Flop (didn't bet)
Seat 4: C.Kakashi001 folded before Flop (didn't bet)
Seat 5: H!TM@N1989 (button) folded before Flop (didn't bet)
Seat 6: miexxx (small blind) folded before Flop
Seat 7: Archville (big blind) folded before Flop
Seat 8: BezDopinga folded before Flop (didn't bet)
Seat 9: Francdzo folded before Flop (didn't bet)



PokerStars Hand #237495471226:  Hold'em No Limit ($0.02/$0.05 USD) - 2022/07/21 10:06:55 PT [2022/07/21 13:06:55 ET]
Table 'Plaut' 9-max Seat #6 is the button
Seat 1: Ekim1948 ($2.70 in chips) 
Seat 2: __majkeL_102 ($5.07 in chips) 
Seat 3: Dorex2007 ($6.36 in chips) 
Seat 4: C.Kakashi001 ($5.77 in chips) 
Seat 5: H!TM@N1989 ($5 in chips) 
Seat 6: miexxx ($5.24 in chips) 
Seat 7: Archville ($4.95 in chips) 
Seat 8: BezDopinga ($2.29 in chips) 
Seat 9: Francdzo ($5 in chips) 
Archville: posts small blind $0.02
BezDopinga: posts big blind $0.05
*** HOLE CARDS ***
Dealt to Dorex2007 [8c Ts]
Francdzo: folds 
Ekim1948: folds 
__majkeL_102: folds 
Dorex2007: folds 
C.Kakashi001: raises $0.15 to $0.20
H!TM@N1989: folds 
miexxx: folds 
Archville: folds 
BezDopinga: folds 
Uncalled bet ($0.15) returned to C.Kakashi001
C.Kakashi001 collected $0.12 from pot
*** SUMMARY ***
Total pot $0.12 | Rake $0 
Seat 1: Ekim1948 folded before Flop (didn't bet)
Seat 2: __majkeL_102 folded before Flop (didn't bet)
Seat 3: Dorex2007 folded before Flop (didn't bet)
Seat 4: C.Kakashi001 collected ($0.12)
Seat 5: H!TM@N1989 folded before Flop (didn't bet)
Seat 6: miexxx (button) folded before Flop (didn't bet)
Seat 7: Archville (small blind) folded before Flop
Seat 8: BezDopinga (big blind) folded before Flop
Seat 9: Francdzo folded before Flop (didn't bet)



PokerStars Hand #237495478456:  Hold'em No Limit ($0.02/$0.05 USD) - 2022/07/21 10:07:18 PT [2022/07/21 13:07:18 ET]
Table 'Plaut' 9-max Seat #7 is the button
Seat 1: Ekim1948 ($2.70 in chips) 
Seat 2: __majkeL_102 ($5.07 in chips) 
Seat 3: Dorex2007 ($6.36 in chips) 
Seat 4: C.Kakashi001 ($5.84 in chips) 
Seat 5: H!TM@N1989 ($5 in chips) 
Seat 6: miexxx ($5.24 in chips) 
Seat 7: Archville ($4.93 in chips) 
Seat 8: BezDopinga ($2.24 in chips) 
Seat 9: Francdzo ($5 in chips) 
BezDopinga: posts small blind $0.02
Francdzo: posts big blind $0.05
*** HOLE CARDS ***
Dealt to Dorex2007 [4c Qd]
Ekim1948: folds 
__majkeL_102: folds 
Dorex2007: folds 
C.Kakashi001: folds 
H!TM@N1989: folds 
miexxx: folds 
Archville: folds 
BezDopinga: folds 
Uncalled bet ($0.03) returned to Francdzo
Francdzo collected $0.04 from pot
*** SUMMARY ***
Total pot $0.04 | Rake $0 
Seat 1: Ekim1948 folded before Flop (didn't bet)
Seat 2: __majkeL_102 folded before Flop (didn't bet)
Seat 3: Dorex2007 folded before Flop (didn't bet)
Seat 4: C.Kakashi001 folded before Flop (didn't bet)
Seat 5: H!TM@N1989 folded before Flop (didn't bet)
Seat 6: miexxx folded before Flop (didn't bet)
Seat 7: Archville (button) folded before Flop (didn't bet)
Seat 8: BezDopinga (small blind) folded before Flop
Seat 9: Francdzo (big blind) collected ($0.04)



PokerStars Hand #237495483163:  Hold'em No Limit ($0.02/$0.05 USD) - 2022/07/21 10:07:33 PT [2022/07/21 13:07:33 ET]
Table 'Plaut' 9-max Seat #8 is the button
Seat 1: Ekim1948 ($2.70 in chips) 
Seat 2: __majkeL_102 ($5.07 in chips) 
Seat 3: Dorex2007 ($6.36 in chips) 
Seat 4: C.Kakashi001 ($5.84 in chips) 
Seat 5: H!TM@N1989 ($5 in chips) 
Seat 6: miexxx ($5.24 in chips) 
Seat 7: Archville ($4.93 in chips) 
Seat 8: BezDopinga ($2.22 in chips) 
Seat 9: Francdzo ($5.02 in chips) 
Francdzo: posts small blind $0.02
Ekim1948: posts big blind $0.05
*** HOLE CARDS ***
Dealt to Dorex2007 [7h 2d]
__majkeL_102: folds 
Dorex2007: folds 
C.Kakashi001: folds 
H!TM@N1989: folds 
miexxx: folds 
Archville: folds 
BezDopinga: folds 
Francdzo: folds 
Uncalled bet ($0.03) returned to Ekim1948
Ekim1948 collected $0.04 from pot
*** SUMMARY ***
Total pot $0.04 | Rake $0 
Seat 1: Ekim1948 (big blind) collected ($0.04)
Seat 2: __majkeL_102 folded before Flop (didn't bet)
Seat 3: Dorex2007 folded before Flop (didn't bet)
Seat 4: C.Kakashi001 folded before Flop (didn't bet)
Seat 5: H!TM@N1989 folded before Flop (didn't bet)
Seat 6: miexxx folded before Flop (didn't bet)
Seat 7: Archville folded before Flop (didn't bet)
Seat 8: BezDopinga (button) folded before Flop (didn't bet)
Seat 9: Francdzo (small blind) folded before Flop



PokerStars Hand #237495492116:  Hold'em No Limit ($0.02/$0.05 USD) - 2022/07/21 10:08:00 PT [2022/07/21 13:08:00 ET]
Table 'Plaut' 9-max Seat #9 is the button
Seat 1: Ekim1948 ($2.72 in chips) 
Seat 2: __majkeL_102 ($5.07 in chips) 
Seat 3: Dorex2007 ($6.36 in chips) 
Seat 4: C.Kakashi001 ($5.84 in chips) 
Seat 5: H!TM@N1989 ($5 in chips) 
Seat 6: miexxx ($5.24 in chips) 
Seat 7: Archville ($4.93 in chips) 
Seat 8: BezDopinga ($2.22 in chips) 
Seat 9: Francdzo ($5 in chips) 
Ekim1948: posts small blind $0.02
__majkeL_102: posts big blind $0.05
*** HOLE CARDS ***
Dealt to Dorex2007 [8s 7c]
Dorex2007: folds 
C.Kakashi001: folds 
H!TM@N1989: raises $0.15 to $0.20
miexxx: folds 
Archville: folds 
BezDopinga: folds 
Francdzo: folds 
Ekim1948: folds 
__majkeL_102: folds 
Uncalled bet ($0.15) returned to H!TM@N1989
H!TM@N1989 collected $0.12 from pot
*** SUMMARY ***
Total pot $0.12 | Rake $0 
Seat 1: Ekim1948 (small blind) folded before Flop
Seat 2: __majkeL_102 (big blind) folded before Flop
Seat 3: Dorex2007 folded before Flop (didn't bet)
Seat 4: C.Kakashi001 folded before Flop (didn't bet)
Seat 5: H!TM@N1989 collected ($0.12)
Seat 6: miexxx folded before Flop (didn't bet)
Seat 7: Archville folded before Flop (didn't bet)
Seat 8: BezDopinga folded before Flop (didn't bet)
Seat 9: Francdzo (button) folded before Flop (didn't bet)



PokerStars Hand #237495501616:  Hold'em No Limit ($0.02/$0.05 USD) - 2022/07/21 10:08:30 PT [2022/07/21 13:08:30 ET]
Table 'Plaut' 9-max Seat #1 is the button
Seat 1: Ekim1948 ($2.70 in chips) 
Seat 2: __majkeL_102 ($5.02 in chips) 
Seat 3: Dorex2007 ($6.36 in chips) 
Seat 4: C.Kakashi001 ($5.84 in chips) 
Seat 5: H!TM@N1989 ($5.07 in chips) 
Seat 6: miexxx ($5.24 in chips) 
Seat 7: Archville ($4.93 in chips) 
Seat 8: BezDopinga ($2.22 in chips) 
Seat 9: Francdzo ($5 in chips) 
__majkeL_102: posts small blind $0.02
Dorex2007: posts big blind $0.05
*** HOLE CARDS ***
Dealt to Dorex2007 [5h 8d]
C.Kakashi001: folds 
H!TM@N1989: folds 
miexxx: folds 
Archville: raises $0.10 to $0.15
BezDopinga: folds 
Francdzo: folds 
Ekim1948: folds 
__majkeL_102: folds 
Dorex2007: folds 
Uncalled bet ($0.10) returned to Archville
Archville collected $0.12 from pot
*** SUMMARY ***
Total pot $0.12 | Rake $0 
Seat 1: Ekim1948 (button) folded before Flop (didn't bet)
Seat 2: __majkeL_102 (small blind) folded before Flop
Seat 3: Dorex2007 (big blind) folded before Flop
Seat 4: C.Kakashi001 folded before Flop (didn't bet)
Seat 5: H!TM@N1989 folded before Flop (didn't bet)
Seat 6: miexxx folded before Flop (didn't bet)
Seat 7: Archville collected ($0.12)
Seat 8: BezDopinga folded before Flop (didn't bet)
Seat 9: Francdzo folded before Flop (didn't bet)



PokerStars Hand #237495508507:  Hold'em No Limit ($0.02/$0.05 USD) - 2022/07/21 10:08:51 PT [2022/07/21 13:08:51 ET]
Table 'Plaut' 9-max Seat #2 is the button
Seat 1: Ekim1948 ($2.70 in chips) 
Seat 2: __majkeL_102 ($5 in chips) 
Seat 3: Dorex2007 ($6.31 in chips) 
Seat 4: C.Kakashi001 ($5.84 in chips) 
Seat 5: H!TM@N1989 ($5.07 in chips) 
Seat 6: miexxx ($5.24 in chips) 
Seat 7: Archville ($5 in chips) 
Seat 8: BezDopinga ($2.22 in chips) 
Seat 9: Francdzo ($5 in chips) 
Dorex2007: posts small blind $0.02
C.Kakashi001: posts big blind $0.05
*** HOLE CARDS ***
Dealt to Dorex2007 [Ah Th]
H!TM@N1989: folds 
miexxx: folds 
Archville: folds 
BezDopinga: folds 
Francdzo: folds 
Ekim1948: folds 
__majkeL_102: folds 
Dorex2007: calls $0.03
C.Kakashi001: checks 
*** FLOP *** [5s Tc 8c]
Dorex2007: bets $0.10
C.Kakashi001: folds 
Uncalled bet ($0.10) returned to Dorex2007
Dorex2007 collected $0.10 from pot
*** SUMMARY ***
Total pot $0.10 | Rake $0 
Board [5s Tc 8c]
Seat 1: Ekim1948 folded before Flop (didn't bet)
Seat 2: __majkeL_102 (button) folded before Flop (didn't bet)
Seat 3: Dorex2007 (small blind) collected ($0.10)
Seat 4: C.Kakashi001 (big blind) folded on the Flop
Seat 5: H!TM@N1989 folded before Flop (didn't bet)
Seat 6: miexxx folded before Flop (didn't bet)
Seat 7: Archville folded before Flop (didn't bet)
Seat 8: BezDopinga folded before Flop (didn't bet)
Seat 9: Francdzo folded before Flop (didn't bet)



PokerStars Hand #237495517236:  Hold'em No Limit ($0.02/$0.05 USD) - 2022/07/21 10:09:18 PT [2022/07/21 13:09:18 ET]
Table 'Plaut' 9-max Seat #3 is the button
Seat 1: Ekim1948 ($2.70 in chips) 
Seat 2: __majkeL_102 ($5 in chips) 
Seat 3: Dorex2007 ($6.36 in chips) 
Seat 4: C.Kakashi001 ($5.79 in chips) 
Seat 5: H!TM@N1989 ($5.07 in chips) 
Seat 6: miexxx ($5.24 in chips) 
Seat 7: Archville ($5 in chips) 
Seat 8: BezDopinga ($2.22 in chips) 
Seat 9: Francdzo ($5 in chips) 
C.Kakashi001: posts small blind $0.02
H!TM@N1989: posts big blind $0.05
*** HOLE CARDS ***
Dealt to Dorex2007 [5d 2h]
miexxx: folds 
Archville: folds 
BezDopinga: folds 
Francdzo: raises $0.10 to $0.15
Ekim1948: folds 
__majkeL_102: folds 
Dorex2007: folds 
C.Kakashi001: folds 
H!TM@N1989: folds 
Uncalled bet ($0.10) returned to Francdzo
Francdzo collected $0.12 from pot
*** SUMMARY ***
Total pot $0.12 | Rake $0 
Seat 1: Ekim1948 folded before Flop (didn't bet)
Seat 2: __majkeL_102 folded before Flop (didn't bet)
Seat 3: Dorex2007 (button) folded before Flop (didn't bet)
Seat 4: C.Kakashi001 (small blind) folded before Flop
Seat 5: H!TM@N1989 (big blind) folded before Flop
Seat 6: miexxx folded before Flop (didn't bet)
Seat 7: Archville folded before Flop (didn't bet)
Seat 8: BezDopinga folded before Flop (didn't bet)
Seat 9: Francdzo collected ($0.12)



PokerStars Hand #237495524346:  Hold'em No Limit ($0.02/$0.05 USD) - 2022/07/21 10:09:39 PT [2022/07/21 13:09:39 ET]
Table 'Plaut' 9-max Seat #4 is the button
Seat 1: Ekim1948 ($2.70 in chips) 
Seat 2: __majkeL_102 ($5 in chips) 
Seat 3: Dorex2007 ($6.36 in chips) 
Seat 4: C.Kakashi001 ($5.77 in chips) 
Seat 5: H!TM@N1989 ($5.02 in chips) 
Seat 6: miexxx ($5.24 in chips) 
Seat 7: Archville ($5 in chips) 
Seat 8: BezDopinga ($2.22 in chips) 
Seat 9: Francdzo ($5.07 in chips) 
H!TM@N1989: posts small blind $0.02
miexxx: posts big blind $0.05
*** HOLE CARDS ***
Dealt to Dorex2007 [Qc Kc]
Archville: folds 
BezDopinga: folds 
Francdzo: folds 
Ekim1948: folds 
__majkeL_102: folds 
Dorex2007: raises $0.10 to $0.15
C.Kakashi001: raises $0.15 to $0.30
H!TM@N1989: folds 
miexxx: folds 
Dorex2007: calls $0.15
*** FLOP *** [Kd 3d As]
Dorex2007: bets $0.32
C.Kakashi001: calls $0.32
*** TURN *** [Kd 3d As] [Tc]
Dorex2007: checks 
C.Kakashi001: bets $1.26
Dorex2007: folds 
Uncalled bet ($1.26) returned to C.Kakashi001
C.Kakashi001 collected $1.26 from pot
*** SUMMARY ***
Total pot $1.31 | Rake $0.05 
Board [Kd 3d As Tc]
Seat 1: Ekim1948 folded before Flop (didn't bet)
Seat 2: __majkeL_102 folded before Flop (didn't bet)
Seat 3: Dorex2007 folded on the Turn
Seat 4: C.Kakashi001 (button) collected ($1.26)
Seat 5: H!TM@N1989 (small blind) folded before Flop
Seat 6: miexxx (big blind) folded before Flop
Seat 7: Archville folded before Flop (didn't bet)
Seat 8: BezDopinga folded before Flop (didn't bet)
Seat 9: Francdzo folded before Flop (didn't bet)



PokerStars Hand #237495538123:  Hold'em No Limit ($0.02/$0.05 USD) - 2022/07/21 10:10:21 PT [2022/07/21 13:10:21 ET]
Table 'Plaut' 9-max Seat #5 is the button
Seat 1: Ekim1948 ($2.70 in chips) 
Seat 2: __majkeL_102 ($5 in chips) 
Seat 3: Dorex2007 ($5.74 in chips) 
Seat 4: C.Kakashi001 ($6.41 in chips) 
Seat 5: H!TM@N1989 ($5 in chips) 
Seat 6: miexxx ($5.19 in chips) 
Seat 7: Archville ($5 in chips) 
Seat 8: BezDopinga ($2.22 in chips) 
Seat 9: Francdzo ($5.07 in chips) 
miexxx: posts small blind $0.02
Archville: posts big blind $0.05
*** HOLE CARDS ***
Dealt to Dorex2007 [2c Kd]
BezDopinga: folds 
Francdzo: folds 
Ekim1948: folds 
__majkeL_102: folds 
Dorex2007: folds 
C.Kakashi001: folds 
H!TM@N1989: raises $0.10 to $0.15
miexxx: folds 
Archville: folds 
Uncalled bet ($0.10) returned to H!TM@N1989
H!TM@N1989 collected $0.12 from pot
*** SUMMARY ***
Total pot $0.12 | Rake $0 
Seat 1: Ekim1948 folded before Flop (didn't bet)
Seat 2: __majkeL_102 folded before Flop (didn't bet)
Seat 3: Dorex2007 folded before Flop (didn't bet)
Seat 4: C.Kakashi001 folded before Flop (didn't bet)
Seat 5: H!TM@N1989 (button) collected ($0.12)
Seat 6: miexxx (small blind) folded before Flop
Seat 7: Archville (big blind) folded before Flop
Seat 8: BezDopinga folded before Flop (didn't bet)
Seat 9: Francdzo folded before Flop (didn't bet)



PokerStars Hand #237495547187:  Hold'em No Limit ($0.02/$0.05 USD) - 2022/07/21 10:10:49 PT [2022/07/21 13:10:49 ET]
Table 'Plaut' 9-max Seat #6 is the button
Seat 1: Ekim1948 ($2.70 in chips) 
Seat 2: __majkeL_102 ($5 in chips) 
Seat 3: Dorex2007 ($5.74 in chips) 
Seat 4: C.Kakashi001 ($6.41 in chips) 
Seat 5: H!TM@N1989 ($5.07 in chips) 
Seat 6: miexxx ($5.17 in chips) 
Seat 7: Archville ($4.95 in chips) 
Seat 8: BezDopinga ($2.22 in chips) 
Seat 9: Francdzo ($5.07 in chips) 
Archville: posts small blind $0.02
BezDopinga: posts big blind $0.05
*** HOLE CARDS ***
Dealt to Dorex2007 [Td 3h]
Francdzo: folds 
Ekim1948: raises $0.05 to $0.10
__majkeL_102: calls $0.10
Dorex2007: folds 
C.Kakashi001: folds 
H!TM@N1989: folds 
H!TM@N1989 leaves the table
miexxx: folds 
Archville: folds 
BezDopinga: folds 
*** FLOP *** [4s 4d 2s]
Ekim1948: checks 
__majkeL_102: bets $0.13
Ekim1948: calls $0.13
*** TURN *** [4s 4d 2s] [As]
Ekim1948: checks 
__majkeL_102: checks 
*** RIVER *** [4s 4d 2s As] [7h]
Ekim1948: bets $0.15
__majkeL_102: calls $0.15
*** SHOW DOWN ***
Ekim1948: shows [Ks Ac] (two pair, Aces and Fours)
__majkeL_102: mucks hand 
Ekim1948 collected $0.80 from pot
*** SUMMARY ***
Total pot $0.83 | Rake $0.03 
Board [4s 4d 2s As 7h]
Seat 1: Ekim1948 showed [Ks Ac] and won ($0.80) with two pair, Aces and Fours
Seat 2: __majkeL_102 mucked [6d 6s]
Seat 3: Dorex2007 folded before Flop (didn't bet)
Seat 4: C.Kakashi001 folded before Flop (didn't bet)
Seat 5: H!TM@N1989 folded before Flop (didn't bet)
Seat 6: miexxx (button) folded before Flop (didn't bet)
Seat 7: Archville (small blind) folded before Flop
Seat 8: BezDopinga (big blind) folded before Flop
Seat 9: Francdzo folded before Flop (didn't bet)



PokerStars Hand #237495564211:  Hold'em No Limit ($0.02/$0.05 USD) - 2022/07/21 10:11:42 PT [2022/07/21 13:11:42 ET]
Table 'Plaut' 9-max Seat #7 is the button
Seat 1: Ekim1948 ($3.12 in chips) 
Seat 2: __majkeL_102 ($4.62 in chips) 
Seat 3: Dorex2007 ($5.74 in chips) 
Seat 4: C.Kakashi001 ($6.41 in chips) 
Seat 6: miexxx ($5.17 in chips) 
Seat 7: Archville ($4.93 in chips) 
Seat 8: BezDopinga ($2.17 in chips) 
Seat 9: Francdzo ($5.07 in chips) 
BezDopinga: posts small blind $0.02
Francdzo: posts big blind $0.05
*** HOLE CARDS ***
Dealt to Dorex2007 [8s Jh]
Ekim1948: folds 
__majkeL_102: folds 
Dorex2007: folds 
C.Kakashi001: folds 
miexxx: folds 
Archville: raises $0.10 to $0.15
BezDopinga: folds 
Francdzo: calls $0.10
*** FLOP *** [Qc 9h 9c]
Francdzo: checks 
Archville: bets $0.11
Francdzo: folds 
Uncalled bet ($0.11) returned to Archville
Archville collected $0.31 from pot
*** SUMMARY ***
Total pot $0.32 | Rake $0.01 
Board [Qc 9h 9c]
Seat 1: Ekim1948 folded before Flop (didn't bet)
Seat 2: __majkeL_102 folded before Flop (didn't bet)
Seat 3: Dorex2007 folded before Flop (didn't bet)
Seat 4: C.Kakashi001 folded before Flop (didn't bet)
Seat 6: miexxx folded before Flop (didn't bet)
Seat 7: Archville (button) collected ($0.31)
Seat 8: BezDopinga (small blind) folded before Flop
Seat 9: Francdzo (big blind) folded on the Flop



PokerStars Hand #237495584857:  Hold'em No Limit ($0.02/$0.05 USD) - 2022/07/21 10:12:45 PT [2022/07/21 13:12:45 ET]
Table 'Plaut' 9-max Seat #8 is the button
Seat 1: Ekim1948 ($3.12 in chips) 
Seat 2: __majkeL_102 ($5 in chips) 
Seat 3: Dorex2007 ($5.74 in chips) 
Seat 4: C.Kakashi001 ($6.41 in chips) 
Seat 6: miexxx ($5.17 in chips) 
Seat 7: Archville ($5.09 in chips) 
Seat 8: BezDopinga ($2.15 in chips) 
Seat 9: Francdzo ($5 in chips) 
Francdzo: posts small blind $0.02
Ekim1948: posts big blind $0.05
Apostol108: sits out 
*** HOLE CARDS ***
Dealt to Dorex2007 [5c 2d]
__majkeL_102: folds 
Dorex2007: folds 
C.Kakashi001: raises $0.10 to $0.15
miexxx: folds 
miexxx leaves the table
Archville: folds 
BezDopinga: folds 
Francdzo: folds 
Ekim1948: folds 
Uncalled bet ($0.10) returned to C.Kakashi001
C.Kakashi001 collected $0.12 from pot
*** SUMMARY ***
Total pot $0.12 | Rake $0 
Seat 1: Ekim1948 (big blind) folded before Flop
Seat 2: __majkeL_102 folded before Flop (didn't bet)
Seat 3: Dorex2007 folded before Flop (didn't bet)
Seat 4: C.Kakashi001 collected ($0.12)
Seat 6: miexxx folded before Flop (didn't bet)
Seat 7: Archville folded before Flop (didn't bet)
Seat 8: BezDopinga (button) folded before Flop (didn't bet)
Seat 9: Francdzo (small blind) folded before Flop



PokerStars Hand #237495594067:  Hold'em No Limit ($0.02/$0.05 USD) - 2022/07/21 10:13:13 PT [2022/07/21 13:13:13 ET]
Table 'Plaut' 9-max Seat #9 is the button
Seat 1: Ekim1948 ($3.07 in chips) 
Seat 2: __majkeL_102 ($5 in chips) 
Seat 3: Dorex2007 ($5.74 in chips) 
Seat 4: C.Kakashi001 ($6.48 in chips) 
Seat 7: Archville ($5.09 in chips) 
Seat 8: BezDopinga ($2.15 in chips) 
Seat 9: Francdzo ($5 in chips) 
Ekim1948: posts small blind $0.02
__majkeL_102: posts big blind $0.05
Apostol108: sits out 
*** HOLE CARDS ***
Dealt to Dorex2007 [Kd 2h]
Dorex2007: folds 
C.Kakashi001: folds 
Archville: folds 
BezDopinga: raises $0.10 to $0.15
Francdzo: folds 
Ekim1948: folds 
__majkeL_102: folds 
Uncalled bet ($0.10) returned to BezDopinga
BezDopinga collected $0.12 from pot
*** SUMMARY ***
Total pot $0.12 | Rake $0 
Seat 1: Ekim1948 (small blind) folded before Flop
Seat 2: __majkeL_102 (big blind) folded before Flop
Seat 3: Dorex2007 folded before Flop (didn't bet)
Seat 4: C.Kakashi001 folded before Flop (didn't bet)
Seat 7: Archville folded before Flop (didn't bet)
Seat 8: BezDopinga collected ($0.12)
Seat 9: Francdzo (button) folded before Flop (didn't bet)



PokerStars Hand #237495601078:  Hold'em No Limit ($0.02/$0.05 USD) - 2022/07/21 10:13:35 PT [2022/07/21 13:13:35 ET]
Table 'Plaut' 9-max Seat #1 is the button
Seat 1: Ekim1948 ($3.05 in chips) 
Seat 2: __majkeL_102 ($4.95 in chips) 
Seat 3: Dorex2007 ($5.74 in chips) 
Seat 4: C.Kakashi001 ($6.48 in chips) 
Seat 7: Archville ($5.09 in chips) 
Seat 8: BezDopinga ($2.22 in chips) 
Seat 9: Francdzo ($5 in chips) 
__majkeL_102: posts small blind $0.02
Dorex2007: posts big blind $0.05
Apostol108: sits out 
*** HOLE CARDS ***
Dealt to Dorex2007 [9h 7c]
C.Kakashi001: folds 
Archville: folds 
BezDopinga: raises $0.10 to $0.15
Francdzo: folds 
Ekim1948: folds 
__majkeL_102: folds 
Dorex2007: folds 
Uncalled bet ($0.10) returned to BezDopinga
BezDopinga collected $0.12 from pot
*** SUMMARY ***
Total pot $0.12 | Rake $0 
Seat 1: Ekim1948 (button) folded before Flop (didn't bet)
Seat 2: __majkeL_102 (small blind) folded before Flop
Seat 3: Dorex2007 (big blind) folded before Flop
Seat 4: C.Kakashi001 folded before Flop (didn't bet)
Seat 7: Archville folded before Flop (didn't bet)
Seat 8: BezDopinga collected ($0.12)
Seat 9: Francdzo folded before Flop (didn't bet)



PokerStars Hand #237495604490:  Hold'em No Limit ($0.02/$0.05 USD) - 2022/07/21 10:13:45 PT [2022/07/21 13:13:45 ET]
Table 'Plaut' 9-max Seat #2 is the button
Seat 1: Ekim1948 ($3.05 in chips) 
Seat 2: __majkeL_102 ($4.93 in chips) 
Seat 3: Dorex2007 ($5.69 in chips) 
Seat 4: C.Kakashi001 ($6.48 in chips) 
Seat 7: Archville ($5.09 in chips) 
Seat 8: BezDopinga ($2.29 in chips) 
Seat 9: Francdzo ($5 in chips) 
Dorex2007: posts small blind $0.02
C.Kakashi001: posts big blind $0.05
Apostol108: sits out 
*** HOLE CARDS ***
Dealt to Dorex2007 [2h Ad]
Archville: folds 
BezDopinga: folds 
Francdzo: folds 
Ekim1948: folds 
__majkeL_102: folds 
Dorex2007: folds 
Uncalled bet ($0.03) returned to C.Kakashi001
C.Kakashi001 collected $0.04 from pot
*** SUMMARY ***
Total pot $0.04 | Rake $0 
Seat 1: Ekim1948 folded before Flop (didn't bet)
Seat 2: __majkeL_102 (button) folded before Flop (didn't bet)
Seat 3: Dorex2007 (small blind) folded before Flop
Seat 4: C.Kakashi001 (big blind) collected ($0.04)
Seat 7: Archville folded before Flop (didn't bet)
Seat 8: BezDopinga folded before Flop (didn't bet)
Seat 9: Francdzo folded before Flop (didn't bet)



PokerStars Hand #237495607108:  Hold'em No Limit ($0.02/$0.05 USD) - 2022/07/21 10:13:53 PT [2022/07/21 13:13:53 ET]
Table 'Plaut' 9-max Seat #3 is the button
Seat 1: Ekim1948 ($3.05 in chips) 
Seat 2: __majkeL_102 ($4.93 in chips) 
Seat 3: Dorex2007 ($5.67 in chips) 
Seat 4: C.Kakashi001 ($6.50 in chips) 
Seat 5: Apostol108 ($5 in chips) 
Seat 7: Archville ($5.09 in chips) 
Seat 8: BezDopinga ($2.29 in chips) 
Seat 9: Francdzo ($5 in chips) 
C.Kakashi001: posts small blind $0.02
Apostol108: posts big blind $0.05
*** HOLE CARDS ***
Dealt to Dorex2007 [Ad Ah]
Archville: folds 
BezDopinga: folds 
Francdzo: folds 
Ekim1948: folds 
__majkeL_102: folds 
Dorex2007: raises $0.10 to $0.15
C.Kakashi001: folds 
Apostol108: folds 
Uncalled bet ($0.10) returned to Dorex2007
Dorex2007 collected $0.12 from pot
*** SUMMARY ***
Total pot $0.12 | Rake $0 
Seat 1: Ekim1948 folded before Flop (didn't bet)
Seat 2: __majkeL_102 folded before Flop (didn't bet)
Seat 3: Dorex2007 (button) collected ($0.12)
Seat 4: C.Kakashi001 (small blind) folded before Flop
Seat 5: Apostol108 (big blind) folded before Flop
Seat 7: Archville folded before Flop (didn't bet)
Seat 8: BezDopinga folded before Flop (didn't bet)
Seat 9: Francdzo folded before Flop (didn't bet)



PokerStars Hand #237495611340:  Hold'em No Limit ($0.02/$0.05 USD) - 2022/07/21 10:14:06 PT [2022/07/21 13:14:06 ET]
Table 'Plaut' 9-max Seat #4 is the button
Seat 1: Ekim1948 ($3.05 in chips) 
Seat 2: __majkeL_102 ($4.93 in chips) 
Seat 3: Dorex2007 ($5.74 in chips) 
Seat 4: C.Kakashi001 ($6.48 in chips) 
Seat 5: Apostol108 ($5 in chips) 
Seat 7: Archville ($5.09 in chips) 
Seat 8: BezDopinga ($2.29 in chips) 
Seat 9: Francdzo ($5 in chips) 
Apostol108: posts small blind $0.02
Archville: posts big blind $0.05
*** HOLE CARDS ***
Dealt to Dorex2007 [7c 7h]
BezDopinga: folds 
Francdzo: folds 
Ekim1948: folds 
__majkeL_102: folds 
Dorex2007: raises $0.10 to $0.15
C.Kakashi001: folds 
Apostol108: folds 
Archville: folds 
Uncalled bet ($0.10) returned to Dorex2007
Dorex2007 collected $0.12 from pot
*** SUMMARY ***
Total pot $0.12 | Rake $0 
Seat 1: Ekim1948 folded before Flop (didn't bet)
Seat 2: __majkeL_102 folded before Flop (didn't bet)
Seat 3: Dorex2007 collected ($0.12)
Seat 4: C.Kakashi001 (button) folded before Flop (didn't bet)
Seat 5: Apostol108 (small blind) folded before Flop
Seat 7: Archville (big blind) folded before Flop
Seat 8: BezDopinga folded before Flop (didn't bet)
Seat 9: Francdzo folded before Flop (didn't bet)



PokerStars Hand #237495619302:  Hold'em No Limit ($0.02/$0.05 USD) - 2022/07/21 10:14:30 PT [2022/07/21 13:14:30 ET]
Table 'Plaut' 9-max Seat #5 is the button
Seat 1: Ekim1948 ($3.05 in chips) 
Seat 2: __majkeL_102 ($4.93 in chips) 
Seat 3: Dorex2007 ($5.81 in chips) 
Seat 4: C.Kakashi001 ($6.48 in chips) 
Seat 5: Apostol108 ($5 in chips) 
Seat 7: Archville ($5.04 in chips) 
Seat 8: BezDopinga ($2.29 in chips) 
Seat 9: Francdzo ($5 in chips) 
Archville: posts small blind $0.02
BezDopinga: posts big blind $0.05
*** HOLE CARDS ***
Dealt to Dorex2007 [8s Jh]
Francdzo: folds 
Ekim1948: calls $0.05
__majkeL_102: folds 
Dorex2007: folds 
C.Kakashi001: folds 
Apostol108: folds 
Archville: folds 
BezDopinga: checks 
*** FLOP *** [Kc 3h 6d]
BezDopinga: bets $0.05
Ekim1948: calls $0.05
*** TURN *** [Kc 3h 6d] [8h]
BezDopinga: bets $0.05
Ekim1948: calls $0.05
*** RIVER *** [Kc 3h 6d 8h] [4c]
BezDopinga: bets $0.05
Ekim1948: calls $0.05
*** SHOW DOWN ***
BezDopinga: shows [3d 4s] (two pair, Fours and Threes)
Ekim1948: mucks hand 
BezDopinga collected $0.40 from pot
*** SUMMARY ***
Total pot $0.42 | Rake $0.02 
Board [Kc 3h 6d 8h 4c]
Seat 1: Ekim1948 mucked [7s 7c]
Seat 2: __majkeL_102 folded before Flop (didn't bet)
Seat 3: Dorex2007 folded before Flop (didn't bet)
Seat 4: C.Kakashi001 folded before Flop (didn't bet)
Seat 5: Apostol108 (button) folded before Flop (didn't bet)
Seat 7: Archville (small blind) folded before Flop
Seat 8: BezDopinga (big blind) showed [3d 4s] and won ($0.40) with two pair, Fours and Threes
Seat 9: Francdzo folded before Flop (didn't bet)



PokerStars Hand #237495629741:  Hold'em No Limit ($0.02/$0.05 USD) - 2022/07/21 10:15:02 PT [2022/07/21 13:15:02 ET]
Table 'Plaut' 9-max Seat #7 is the button
Seat 1: Ekim1948 ($2.85 in chips) 
Seat 2: __majkeL_102 ($4.93 in chips) 
Seat 3: Dorex2007 ($5.81 in chips) 
Seat 4: C.Kakashi001 ($6.48 in chips) 
Seat 5: Apostol108 ($5 in chips) 
Seat 7: Archville ($5.02 in chips) 
Seat 8: BezDopinga ($2.49 in chips) 
Seat 9: Francdzo ($5 in chips) 
BezDopinga: posts small blind $0.02
Francdzo: posts big blind $0.05
*** HOLE CARDS ***
Dealt to Dorex2007 [Jc 4s]
Ekim1948: folds 
__majkeL_102: raises $0.10 to $0.15
Dorex2007: folds 
C.Kakashi001: folds 
Apostol108: folds 
Archville: folds 
BezDopinga: folds 
Francdzo: folds 
Uncalled bet ($0.10) returned to __majkeL_102
Toloeti joins the table at seat #6 
__majkeL_102 collected $0.12 from pot
*** SUMMARY ***
Total pot $0.12 | Rake $0 
Seat 1: Ekim1948 folded before Flop (didn't bet)
Seat 2: __majkeL_102 collected ($0.12)
Seat 3: Dorex2007 folded before Flop (didn't bet)
Seat 4: C.Kakashi001 folded before Flop (didn't bet)
Seat 5: Apostol108 folded before Flop (didn't bet)
Seat 7: Archville (button) folded before Flop (didn't bet)
Seat 8: BezDopinga (small blind) folded before Flop
Seat 9: Francdzo (big blind) folded before Flop



PokerStars Hand #237495635619:  Hold'em No Limit ($0.02/$0.05 USD) - 2022/07/21 10:15:20 PT [2022/07/21 13:15:20 ET]
Table 'Plaut' 9-max Seat #8 is the button
Seat 1: Ekim1948 ($2.85 in chips) 
Seat 2: __majkeL_102 ($5 in chips) 
Seat 3: Dorex2007 ($5.81 in chips) 
Seat 4: C.Kakashi001 ($6.48 in chips) 
Seat 5: Apostol108 ($5 in chips) 
Seat 7: Archville ($5.02 in chips) 
Seat 8: BezDopinga ($2.47 in chips) 
Seat 9: Francdzo ($5 in chips) 
Francdzo: posts small blind $0.02
Ekim1948: posts big blind $0.05
Toloeti: sits out 
*** HOLE CARDS ***
Dealt to Dorex2007 [6s 7s]
__majkeL_102: folds 
Dorex2007: folds 
C.Kakashi001: folds 
Apostol108: raises $0.10 to $0.15
Archville: folds 
BezDopinga: folds 
Francdzo: folds 
Ekim1948: folds 
Uncalled bet ($0.10) returned to Apostol108
Apostol108 collected $0.12 from pot
*** SUMMARY ***
Total pot $0.12 | Rake $0 
Seat 1: Ekim1948 (big blind) folded before Flop
Seat 2: __majkeL_102 folded before Flop (didn't bet)
Seat 3: Dorex2007 folded before Flop (didn't bet)
Seat 4: C.Kakashi001 folded before Flop (didn't bet)
Seat 5: Apostol108 collected ($0.12)
Seat 7: Archville folded before Flop (didn't bet)
Seat 8: BezDopinga (button) folded before Flop (didn't bet)
Seat 9: Francdzo (small blind) folded before Flop



PokerStars Hand #237495641061:  Hold'em No Limit ($0.02/$0.05 USD) - 2022/07/21 10:15:36 PT [2022/07/21 13:15:36 ET]
Table 'Plaut' 9-max Seat #9 is the button
Seat 1: Ekim1948 ($2.80 in chips) 
Seat 3: Dorex2007 ($5.81 in chips) 
Seat 4: C.Kakashi001 ($6.48 in chips) 
Seat 5: Apostol108 ($5.07 in chips) 
Seat 6: Toloeti ($5 in chips) 
Seat 7: Archville ($5.02 in chips) 
Seat 8: BezDopinga ($2.47 in chips) 
Seat 9: Francdzo ($5 in chips) 
Ekim1948: posts small blind $0.02
Dorex2007: posts big blind $0.05
Toloeti: posts big blind $0.05
*** HOLE CARDS ***
Dealt to Dorex2007 [5s 4c]
C.Kakashi001: folds 
Apostol108: folds 
Toloeti: checks 
Archville: folds 
BezDopinga: calls $0.05
Francdzo: folds 
Ekim1948: folds 
Dorex2007: checks 
*** FLOP *** [4h Jh 8d]
Ekim1948 leaves the table
Dorex2007: checks 
Toloeti: checks 
BezDopinga: checks 
*** TURN *** [4h Jh 8d] [6s]
Dorex2007: checks 
Toloeti: checks 
BezDopinga: checks 
*** RIVER *** [4h Jh 8d 6s] [Qh]
Dorex2007: checks 
Toloeti: checks 
BezDopinga: bets $0.08
Kallem28 joins the table at seat #1 
Dorex2007: folds 
Toloeti: folds 
Uncalled bet ($0.08) returned to BezDopinga
BezDopinga collected $0.16 from pot
*** SUMMARY ***
Total pot $0.17 | Rake $0.01 
Board [4h Jh 8d 6s Qh]
Seat 1: Ekim1948 (small blind) folded before Flop
Seat 3: Dorex2007 (big blind) folded on the River
Seat 4: C.Kakashi001 folded before Flop (didn't bet)
Seat 5: Apostol108 folded before Flop (didn't bet)
Seat 6: Toloeti folded on the River (didn't bet)
Seat 7: Archville folded before Flop (didn't bet)
Seat 8: BezDopinga collected ($0.16)
Seat 9: Francdzo (button) folded before Flop (didn't bet)



PokerStars Hand #237495664993:  Hold'em No Limit ($0.02/$0.05 USD) - 2022/07/21 10:16:49 PT [2022/07/21 13:16:49 ET]
Table 'Plaut' 9-max Seat #3 is the button
Seat 3: Dorex2007 ($5.76 in chips) 
Seat 4: C.Kakashi001 ($6.48 in chips) 
Seat 5: Apostol108 ($5.07 in chips) 
Seat 7: Archville ($5.02 in chips) 
Seat 8: BezDopinga ($2.58 in chips) 
Seat 9: Francdzo ($5 in chips) 
C.Kakashi001: posts small blind $0.02
Apostol108: posts big blind $0.05
Kallem28: sits out 
*** HOLE CARDS ***
Dealt to Dorex2007 [6c 8c]
Archville: folds 
BezDopinga: folds 
Francdzo: folds 
Dorex2007: folds 
C.Kakashi001: raises $0.05 to $0.10
Apostol108: folds 
Uncalled bet ($0.05) returned to C.Kakashi001
C.Kakashi001 collected $0.10 from pot
*** SUMMARY ***
Total pot $0.10 | Rake $0 
Seat 3: Dorex2007 (button) folded before Flop (didn't bet)
Seat 4: C.Kakashi001 (small blind) collected ($0.10)
Seat 5: Apostol108 (big blind) folded before Flop
Seat 7: Archville folded before Flop (didn't bet)
Seat 8: BezDopinga folded before Flop (didn't bet)
Seat 9: Francdzo folded before Flop (didn't bet)



PokerStars Hand #237495671198:  Hold'em No Limit ($0.02/$0.05 USD) - 2022/07/21 10:17:09 PT [2022/07/21 13:17:09 ET]
Table 'Plaut' 9-max Seat #4 is the button
Seat 1: Kallem28 ($5 in chips) 
Seat 3: Dorex2007 ($5.76 in chips) 
Seat 4: C.Kakashi001 ($6.53 in chips) 
Seat 5: Apostol108 ($5.02 in chips) 
Seat 7: Archville ($5.02 in chips) 
Seat 8: BezDopinga ($2.58 in chips) 
Seat 9: Francdzo ($5 in chips) 
Apostol108: posts small blind $0.02
Archville: posts big blind $0.05
Kallem28: posts big blind $0.05
*** HOLE CARDS ***
Dealt to Dorex2007 [Qd Js]
BezDopinga: raises $0.10 to $0.15
Francdzo: folds 
Kallem28: folds 
Dorex2007: folds 
C.Kakashi001: folds 
Apostol108: folds 
Archville: folds 
Uncalled bet ($0.10) returned to BezDopinga
BezDopinga collected $0.17 from pot
*** SUMMARY ***
Total pot $0.17 | Rake $0 
Seat 1: Kallem28 folded before Flop (didn't bet)
Seat 3: Dorex2007 folded before Flop (didn't bet)
Seat 4: C.Kakashi001 (button) folded before Flop (didn't bet)
Seat 5: Apostol108 (small blind) folded before Flop
Seat 7: Archville (big blind) folded before Flop
Seat 8: BezDopinga collected ($0.17)
Seat 9: Francdzo folded before Flop (didn't bet)



PokerStars Hand #237495680802:  Hold'em No Limit ($0.02/$0.05 USD) - 2022/07/21 10:17:38 PT [2022/07/21 13:17:38 ET]
Table 'Plaut' 9-max Seat #5 is the button
Seat 1: Kallem28 ($4.95 in chips) 
Seat 3: Dorex2007 ($5.76 in chips) 
Seat 4: C.Kakashi001 ($6.53 in chips) 
Seat 5: Apostol108 ($5 in chips) 
Seat 7: Archville ($4.97 in chips) 
Seat 8: BezDopinga ($2.70 in chips) 
Seat 9: Francdzo ($5 in chips) 
Archville: posts small blind $0.02
BezDopinga: posts big blind $0.05
*** HOLE CARDS ***
Dealt to Dorex2007 [Kd Qs]
Francdzo: folds 
Kallem28: calls $0.05
Dorex2007: calls $0.05
C.Kakashi001: folds 
Apostol108: folds 
Archville: folds 
BezDopinga: checks 
*** FLOP *** [3c 4h 4s]
BezDopinga: checks 
Kallem28: checks 
Dorex2007: checks 
*** TURN *** [3c 4h 4s] [Kh]
BezDopinga: checks 
Kallem28: bets $0.09
Dorex2007: raises $0.14 to $0.23
BezDopinga: folds 
Kallem28: raises $0.27 to $0.50
Dorex2007: calls $0.27
*** RIVER *** [3c 4h 4s Kh] [Qc]
Kallem28: bets $4.40 and is all-in
Dorex2007: calls $4.40
*** SHOW DOWN ***
Kallem28: shows [6d 4c] (three of a kind, Fours)
Dorex2007: shows [Kd Qs] (two pair, Kings and Queens)
Kallem28 collected $9.56 from pot
*** SUMMARY ***
Total pot $9.97 | Rake $0.41 
Board [3c 4h 4s Kh Qc]
Seat 1: Kallem28 showed [6d 4c] and won ($9.56) with three of a kind, Fours
Seat 3: Dorex2007 showed [Kd Qs] and lost with two pair, Kings and Queens
Seat 4: C.Kakashi001 folded before Flop (didn't bet)
Seat 5: Apostol108 (button) folded before Flop (didn't bet)
Seat 7: Archville (small blind) folded before Flop
Seat 8: BezDopinga (big blind) folded on the Turn
Seat 9: Francdzo folded before Flop (didn't bet)



PokerStars Hand #237495702091:  Hold'em No Limit ($0.02/$0.05 USD) - 2022/07/21 10:18:42 PT [2022/07/21 13:18:42 ET]
Table 'Plaut' 9-max Seat #7 is the button
Seat 1: Kallem28 ($9.56 in chips) 
Seat 3: Dorex2007 ($5 in chips) 
Seat 4: C.Kakashi001 ($6.53 in chips) 
Seat 5: Apostol108 ($5 in chips) 
Seat 7: Archville ($4.95 in chips) 
Seat 8: BezDopinga ($2.65 in chips) 
Seat 9: Francdzo ($5 in chips) 
BezDopinga: posts small blind $0.02
Francdzo: posts big blind $0.05
*** HOLE CARDS ***
Dealt to Dorex2007 [3d Qs]
Kallem28: folds 
Dorex2007: folds 
C.Kakashi001: raises $0.10 to $0.15
Apostol108: folds 
Archville: folds 
BezDopinga: folds 
Francdzo: calls $0.10
*** FLOP *** [Kd 3h Jh]
Francdzo: checks 
C.Kakashi001: bets $0.15
Francdzo: calls $0.15
*** TURN *** [Kd 3h Jh] [Kc]
Francdzo: checks 
C.Kakashi001: bets $0.29
Francdzo: folds 
Uncalled bet ($0.29) returned to C.Kakashi001
C.Kakashi001 collected $0.59 from pot
*** SUMMARY ***
Total pot $0.62 | Rake $0.03 
Board [Kd 3h Jh Kc]
Seat 1: Kallem28 folded before Flop (didn't bet)
Seat 3: Dorex2007 folded before Flop (didn't bet)
Seat 4: C.Kakashi001 collected ($0.59)
Seat 5: Apostol108 folded before Flop (didn't bet)
Seat 7: Archville (button) folded before Flop (didn't bet)
Seat 8: BezDopinga (small blind) folded before Flop
Seat 9: Francdzo (big blind) folded on the Turn



PokerStars Hand #237495711962:  Hold'em No Limit ($0.02/$0.05 USD) - 2022/07/21 10:19:13 PT [2022/07/21 13:19:13 ET]
Table 'Plaut' 9-max Seat #8 is the button
Seat 1: Kallem28 ($9.56 in chips) 
Seat 3: Dorex2007 ($5 in chips) 
Seat 4: C.Kakashi001 ($6.82 in chips) 
Seat 5: Apostol108 ($5 in chips) 
Seat 7: Archville ($4.95 in chips) 
Seat 8: BezDopinga ($2.63 in chips) 
Seat 9: Francdzo ($5 in chips) 
Francdzo: posts small blind $0.02
Kallem28: posts big blind $0.05
*** HOLE CARDS ***
Dealt to Dorex2007 [9h Td]
Dorex2007: folds 
C.Kakashi001: folds 
Apostol108: folds 
Archville: folds 
BezDopinga: folds 
Francdzo: raises $0.10 to $0.15
Kallem28: folds 
Uncalled bet ($0.10) returned to Francdzo
Francdzo collected $0.10 from pot
*** SUMMARY ***
Total pot $0.10 | Rake $0 
Seat 1: Kallem28 (big blind) folded before Flop
Seat 3: Dorex2007 folded before Flop (didn't bet)
Seat 4: C.Kakashi001 folded before Flop (didn't bet)
Seat 5: Apostol108 folded before Flop (didn't bet)
Seat 7: Archville folded before Flop (didn't bet)
Seat 8: BezDopinga (button) folded before Flop (didn't bet)
Seat 9: Francdzo (small blind) collected ($0.10)



PokerStars Hand #237495724564:  Hold'em No Limit ($0.02/$0.05 USD) - 2022/07/21 10:19:32 PT [2022/07/21 13:19:32 ET]
Table 'Plaut' 9-max Seat #9 is the button
Seat 1: Kallem28 ($9.51 in chips) 
Seat 3: Dorex2007 ($5 in chips) 
Seat 4: C.Kakashi001 ($6.82 in chips) 
Seat 5: Apostol108 ($5 in chips) 
Seat 7: Archville ($4.95 in chips) 
Seat 8: BezDopinga ($2.63 in chips) 
Seat 9: Francdzo ($5.05 in chips) 
Kallem28: posts small blind $0.02
Dorex2007: posts big blind $0.05
*** HOLE CARDS ***
Dealt to Dorex2007 [Kd Ts]
C.Kakashi001: folds 
Apostol108: raises $0.10 to $0.15
Archville: folds 
BezDopinga: folds 
Francdzo: calls $0.15
Kallem28: folds 
Dorex2007: calls $0.10
*** FLOP *** [9c 2d 2h]
BezDopinga leaves the table
Dorex2007: checks 
Apostol108: bets $0.16
Francdzo: folds 
Dorex2007: folds 
Uncalled bet ($0.16) returned to Apostol108
Apostol108 collected $0.45 from pot
*** SUMMARY ***
Total pot $0.47 | Rake $0.02 
Board [9c 2d 2h]
Seat 1: Kallem28 (small blind) folded before Flop
Seat 3: Dorex2007 (big blind) folded on the Flop
Seat 4: C.Kakashi001 folded before Flop (didn't bet)
Seat 5: Apostol108 collected ($0.45)
Seat 7: Archville folded before Flop (didn't bet)
Seat 8: BezDopinga folded before Flop (didn't bet)
Seat 9: Francdzo (button) folded on the Flop



PokerStars Hand #237495736444:  Hold'em No Limit ($0.02/$0.05 USD) - 2022/07/21 10:20:09 PT [2022/07/21 13:20:09 ET]
Table 'Plaut' 9-max Seat #1 is the button
Seat 1: Kallem28 ($9.49 in chips) 
Seat 3: Dorex2007 ($5 in chips) 
Seat 5: Apostol108 ($5.30 in chips) 
Seat 7: Archville ($4.95 in chips) 
Seat 9: Francdzo ($5 in chips) 
Dorex2007: posts small blind $0.02
dc972155 joins the table at seat #8 
C.Kakashi001 has timed out
C.Kakashi001: is sitting out 
Apostol108: posts big blind $0.05
*** HOLE CARDS ***
Dealt to Dorex2007 [9d 3h]
Archville: folds 
Francdzo: folds 
Kallem28: folds 
Dorex2007: folds 
Uncalled bet ($0.03) returned to Apostol108
Apostol108 collected $0.04 from pot
*** SUMMARY ***
Total pot $0.04 | Rake $0 
Seat 1: Kallem28 (button) folded before Flop (didn't bet)
Seat 3: Dorex2007 (small blind) folded before Flop
Seat 5: Apostol108 (big blind) collected ($0.04)
Seat 7: Archville folded before Flop (didn't bet)
Seat 9: Francdzo folded before Flop (didn't bet)



PokerStars Hand #237495743824:  Hold'em No Limit ($0.02/$0.05 USD) - 2022/07/21 10:20:31 PT [2022/07/21 13:20:31 ET]
Table 'Plaut' 9-max Seat #3 is the button
Seat 1: Kallem28 ($9.49 in chips) 
Seat 3: Dorex2007 ($5 in chips) 
Seat 5: Apostol108 ($5.32 in chips) 
Seat 6: Toloeti ($4.95 in chips) 
Seat 7: Archville ($4.95 in chips) 
Seat 8: dc972155 ($5 in chips) 
Seat 9: Francdzo ($5 in chips) 
Apostol108: posts small blind $0.02
Toloeti: posts big blind $0.05
dc972155: posts big blind $0.05
*** HOLE CARDS ***
Dealt to Dorex2007 [Kc Js]
Archville: folds 
Archville leaves the table
dc972155: checks 
Francdzo: folds 
Kallem28: folds 
Dorex2007: calls $0.05
Apostol108: folds 
Toloeti: checks 
*** FLOP *** [2d 6d 9d]
Toloeti: checks 
dc972155: checks 
Dorex2007: checks 
*** TURN *** [2d 6d 9d] [Kd]
Toloeti: bets $0.05
dc972155: folds 
Dorex2007: calls $0.05
*** RIVER *** [2d 6d 9d Kd] [Qd]
Toloeti: checks 
Dorex2007: bets $0.13
Toloeti: calls $0.13
*** SHOW DOWN ***
Dorex2007: shows [Kc Js] (a flush, King high)
Toloeti: shows [Td Jh] (a flush, King high - Ten higher)
Toloeti collected $0.51 from pot
*** SUMMARY ***
Total pot $0.53 | Rake $0.02 
Board [2d 6d 9d Kd Qd]
Seat 1: Kallem28 folded before Flop (didn't bet)
Seat 3: Dorex2007 (button) showed [Kc Js] and lost with a flush, King high
Seat 5: Apostol108 (small blind) folded before Flop
Seat 6: Toloeti (big blind) showed [Td Jh] and won ($0.51) with a flush, King high
Seat 7: Archville folded before Flop (didn't bet)
Seat 8: dc972155 folded on the Turn (didn't bet)
Seat 9: Francdzo folded before Flop (didn't bet)



PokerStars Hand #237495759574:  Hold'em No Limit ($0.02/$0.05 USD) - 2022/07/21 10:21:20 PT [2022/07/21 13:21:20 ET]
Table 'Plaut' 9-max Seat #5 is the button
Seat 1: Kallem28 ($9.49 in chips) 
Seat 2: __majkeL_102 ($5 in chips) 
Seat 3: Dorex2007 ($5 in chips) 
Seat 4: C.Kakashi001 ($6.82 in chips) 
Seat 5: Apostol108 ($5.30 in chips) 
Seat 6: Toloeti ($5.23 in chips) 
Seat 8: dc972155 ($4.95 in chips) 
Seat 9: Francdzo ($5 in chips) 
Toloeti: posts small blind $0.02
dc972155: posts big blind $0.05
__majkeL_102: posts small & big blinds $0.07
C.Kakashi001: posts small & big blinds $0.07
*** HOLE CARDS ***
Dealt to Dorex2007 [4c 4s]
Francdzo: folds 
Kallem28: folds 
__majkeL_102: checks 
Dorex2007: calls $0.05
C.Kakashi001: checks 
Apostol108: raises $0.45 to $0.50
Toloeti: folds 
dc972155: folds 
__majkeL_102: folds 
Dorex2007: folds 
C.Kakashi001: folds 
Uncalled bet ($0.45) returned to Apostol108
Apostol108 collected $0.31 from pot
*** SUMMARY ***
Total pot $0.31 | Rake $0 
Seat 1: Kallem28 folded before Flop (didn't bet)
Seat 2: __majkeL_102 folded before Flop (didn't bet)
Seat 3: Dorex2007 folded before Flop
Seat 4: C.Kakashi001 folded before Flop (didn't bet)
Seat 5: Apostol108 (button) collected ($0.31)
Seat 6: Toloeti (small blind) folded before Flop
Seat 8: dc972155 (big blind) folded before Flop
Seat 9: Francdzo folded before Flop (didn't bet)



PokerStars Hand #237495775206:  Hold'em No Limit ($0.02/$0.05 USD) - 2022/07/21 10:22:07 PT [2022/07/21 13:22:07 ET]
Table 'Plaut' 9-max Seat #6 is the button
Seat 1: Kallem28 ($9.49 in chips) 
Seat 2: __majkeL_102 ($4.93 in chips) 
Seat 3: Dorex2007 ($5 in chips) 
Seat 4: C.Kakashi001 ($6.75 in chips) 
Seat 5: Apostol108 ($5.56 in chips) 
Seat 6: Toloeti ($5.21 in chips) 
Seat 8: dc972155 ($4.90 in chips) 
Seat 9: Francdzo ($5 in chips) 
dc972155: posts small blind $0.02
Francdzo: posts big blind $0.05
*** HOLE CARDS ***
Dealt to Dorex2007 [5s Qh]
Kallem28: folds 
__majkeL_102: folds 
Dorex2007: folds 
C.Kakashi001: raises $0.10 to $0.15
Apostol108: folds 
Toloeti: folds 
dc972155: folds 
Francdzo: folds 
Uncalled bet ($0.10) returned to C.Kakashi001
C.Kakashi001 collected $0.12 from pot
*** SUMMARY ***
Total pot $0.12 | Rake $0 
Seat 1: Kallem28 folded before Flop (didn't bet)
Seat 2: __majkeL_102 folded before Flop (didn't bet)
Seat 3: Dorex2007 folded before Flop (didn't bet)
Seat 4: C.Kakashi001 collected ($0.12)
Seat 5: Apostol108 folded before Flop (didn't bet)
Seat 6: Toloeti (button) folded before Flop (didn't bet)
Seat 8: dc972155 (small blind) folded before Flop
Seat 9: Francdzo (big blind) folded before Flop



PokerStars Hand #237495780710:  Hold'em No Limit ($0.02/$0.05 USD) - 2022/07/21 10:22:24 PT [2022/07/21 13:22:24 ET]
Table 'Plaut' 9-max Seat #8 is the button
Seat 1: Kallem28 ($9.49 in chips) 
Seat 2: __majkeL_102 ($4.93 in chips) 
Seat 3: Dorex2007 ($5 in chips) 
Seat 4: C.Kakashi001 ($6.82 in chips) 
Seat 5: Apostol108 ($5.56 in chips) 
Seat 6: Toloeti ($5.21 in chips) 
Seat 8: dc972155 ($4.88 in chips) 
Seat 9: Francdzo ($5 in chips) 
Francdzo: posts small blind $0.02
Kallem28: posts big blind $0.05
*** HOLE CARDS ***
Dealt to Dorex2007 [As Qs]
__majkeL_102: folds 
Dorex2007: calls $0.05
C.Kakashi001: calls $0.05
Apostol108: folds 
Toloeti: folds 
dc972155: folds 
Francdzo: folds 
Kallem28: checks 
*** FLOP *** [4s 5s 4h]
Kallem28: checks 
Dorex2007: bets $0.11
C.Kakashi001: folds 
Kallem28: folds 
Uncalled bet ($0.11) returned to Dorex2007
Dorex2007 collected $0.16 from pot
*** SUMMARY ***
Total pot $0.17 | Rake $0.01 
Board [4s 5s 4h]
Seat 1: Kallem28 (big blind) folded on the Flop
Seat 2: __majkeL_102 folded before Flop (didn't bet)
Seat 3: Dorex2007 collected ($0.16)
Seat 4: C.Kakashi001 folded on the Flop
Seat 5: Apostol108 folded before Flop (didn't bet)
Seat 6: Toloeti folded before Flop (didn't bet)
Seat 8: dc972155 (button) folded before Flop (didn't bet)
Seat 9: Francdzo (small blind) folded before Flop



PokerStars Hand #237495793252:  Hold'em No Limit ($0.02/$0.05 USD) - 2022/07/21 10:23:02 PT [2022/07/21 13:23:02 ET]
Table 'Plaut' 9-max Seat #9 is the button
Seat 1: Kallem28 ($9.44 in chips) 
Seat 2: __majkeL_102 ($4.93 in chips) 
Seat 3: Dorex2007 ($5.11 in chips) 
Seat 4: C.Kakashi001 ($6.77 in chips) 
Seat 5: Apostol108 ($5.56 in chips) 
Seat 6: Toloeti ($5.21 in chips) 
Seat 8: dc972155 ($4.88 in chips) 
Seat 9: Francdzo ($5 in chips) 
Kallem28: posts small blind $0.02
__majkeL_102: posts big blind $0.05
*** HOLE CARDS ***
Dealt to Dorex2007 [Ac 4c]
Dorex2007: folds 
C.Kakashi001: folds 
Apostol108: raises $0.10 to $0.15
Toloeti: folds 
dc972155: calls $0.15
Francdzo: folds 
Kallem28: calls $0.13
__majkeL_102: folds 
*** FLOP *** [5c Td 5d]
Kallem28: bets $0.16
Apostol108: calls $0.16
dc972155: folds 
*** TURN *** [5c Td 5d] [Jh]
Kallem28: bets $0.26
Apostol108: calls $0.26
*** RIVER *** [5c Td 5d Jh] [Qs]
Kallem28: checks 
Apostol108: checks 
*** SHOW DOWN ***
Kallem28: shows [Qh Ts] (two pair, Queens and Tens)
Apostol108: mucks hand 
Kallem28 collected $1.28 from pot
*** SUMMARY ***
Total pot $1.34 | Rake $0.06 
Board [5c Td 5d Jh Qs]
Seat 1: Kallem28 (small blind) showed [Qh Ts] and won ($1.28) with two pair, Queens and Tens
Seat 2: __majkeL_102 (big blind) folded before Flop
Seat 3: Dorex2007 folded before Flop (didn't bet)
Seat 4: C.Kakashi001 folded before Flop (didn't bet)
Seat 5: Apostol108 mucked [Tc Ah]
Seat 6: Toloeti folded before Flop (didn't bet)
Seat 8: dc972155 folded on the Flop
Seat 9: Francdzo (button) folded before Flop (didn't bet)



PokerStars Hand #237495807628:  Hold'em No Limit ($0.02/$0.05 USD) - 2022/07/21 10:23:46 PT [2022/07/21 13:23:46 ET]
Table 'Plaut' 9-max Seat #1 is the button
Seat 1: Kallem28 ($10.15 in chips) 
Seat 2: __majkeL_102 ($4.88 in chips) 
Seat 3: Dorex2007 ($5.11 in chips) 
Seat 4: C.Kakashi001 ($6.77 in chips) 
Seat 5: Apostol108 ($5 in chips) 
Seat 6: Toloeti ($5.21 in chips) 
Seat 8: dc972155 ($4.73 in chips) 
Seat 9: Francdzo ($5 in chips) 
__majkeL_102: posts small blind $0.02
Dorex2007: posts big blind $0.05
*** HOLE CARDS ***
Dealt to Dorex2007 [Js 8h]
trapdog33 joins the table at seat #7 
C.Kakashi001: folds 
Apostol108: folds 
Toloeti: calls $0.05
dc972155 has timed out
dc972155: folds 
Francdzo: folds 
Kallem28: folds 
__majkeL_102: calls $0.03
Dorex2007: checks 
*** FLOP *** [As Kd 9s]
__majkeL_102: checks 
Dorex2007: checks 
Toloeti: checks 
*** TURN *** [As Kd 9s] [Ad]
__majkeL_102: bets $0.10
Dorex2007: folds 
Toloeti: folds 
Uncalled bet ($0.10) returned to __majkeL_102
__majkeL_102 collected $0.14 from pot
*** SUMMARY ***
Total pot $0.15 | Rake $0.01 
Board [As Kd 9s Ad]
Seat 1: Kallem28 (button) folded before Flop (didn't bet)
Seat 2: __majkeL_102 (small blind) collected ($0.14)
Seat 3: Dorex2007 (big blind) folded on the Turn
Seat 4: C.Kakashi001 folded before Flop (didn't bet)
Seat 5: Apostol108 folded before Flop (didn't bet)
Seat 6: Toloeti folded on the Turn
Seat 8: dc972155 folded before Flop (didn't bet)
Seat 9: Francdzo folded before Flop (didn't bet)



PokerStars Hand #237495823775:  Hold'em No Limit ($0.02/$0.05 USD) - 2022/07/21 10:24:35 PT [2022/07/21 13:24:35 ET]
Table 'Plaut' 9-max Seat #2 is the button
Seat 1: Kallem28 ($10.15 in chips) 
Seat 2: __majkeL_102 ($4.97 in chips) 
Seat 3: Dorex2007 ($5.06 in chips) 
Seat 4: C.Kakashi001 ($6.77 in chips) 
Seat 5: Apostol108 ($5 in chips) 
Seat 6: Toloeti ($5.16 in chips) 
Seat 8: dc972155 ($4.73 in chips) 
Seat 9: Francdzo ($5 in chips) 
Dorex2007: posts small blind $0.02
C.Kakashi001: posts big blind $0.05
trapdog33: sits out 
*** HOLE CARDS ***
Dealt to Dorex2007 [Jd 4h]
Apostol108: folds 
Toloeti: folds 
dc972155: folds 
Francdzo: folds 
Kallem28: folds 
__majkeL_102: folds 
Dorex2007: folds 
Uncalled bet ($0.03) returned to C.Kakashi001
C.Kakashi001 collected $0.04 from pot
*** SUMMARY ***
Total pot $0.04 | Rake $0 
Seat 1: Kallem28 folded before Flop (didn't bet)
Seat 2: __majkeL_102 (button) folded before Flop (didn't bet)
Seat 3: Dorex2007 (small blind) folded before Flop
Seat 4: C.Kakashi001 (big blind) collected ($0.04)
Seat 5: Apostol108 folded before Flop (didn't bet)
Seat 6: Toloeti folded before Flop (didn't bet)
Seat 8: dc972155 folded before Flop (didn't bet)
Seat 9: Francdzo folded before Flop (didn't bet)



PokerStars Hand #237495833194:  Hold'em No Limit ($0.02/$0.05 USD) - 2022/07/21 10:25:03 PT [2022/07/21 13:25:03 ET]
Table 'Plaut' 9-max Seat #3 is the button
Seat 1: Kallem28 ($10.15 in chips) 
Seat 2: __majkeL_102 ($4.97 in chips) 
Seat 3: Dorex2007 ($5.04 in chips) 
Seat 4: C.Kakashi001 ($6.79 in chips) 
Seat 5: Apostol108 ($5 in chips) 
Seat 6: Toloeti ($5.16 in chips) 
Seat 8: dc972155 ($4.73 in chips) 
Seat 9: Francdzo ($5 in chips) 
C.Kakashi001: posts small blind $0.02
Apostol108: posts big blind $0.05
trapdog33: sits out 
*** HOLE CARDS ***
Dealt to Dorex2007 [4s Js]
Toloeti: folds 
dc972155: folds 
Francdzo: folds 
Kallem28: folds 
__majkeL_102: folds 
Dorex2007: folds 
C.Kakashi001: folds 
Uncalled bet ($0.03) returned to Apostol108
Apostol108 collected $0.04 from pot
*** SUMMARY ***
Total pot $0.04 | Rake $0 
Seat 1: Kallem28 folded before Flop (didn't bet)
Seat 2: __majkeL_102 folded before Flop (didn't bet)
Seat 3: Dorex2007 (button) folded before Flop (didn't bet)
Seat 4: C.Kakashi001 (small blind) folded before Flop
Seat 5: Apostol108 (big blind) collected ($0.04)
Seat 6: Toloeti folded before Flop (didn't bet)
Seat 8: dc972155 folded before Flop (didn't bet)
Seat 9: Francdzo folded before Flop (didn't bet)



PokerStars Hand #237495839141:  Hold'em No Limit ($0.02/$0.05 USD) - 2022/07/21 10:25:21 PT [2022/07/21 13:25:21 ET]
Table 'Plaut' 9-max Seat #4 is the button
Seat 1: Kallem28 ($10.15 in chips) 
Seat 2: __majkeL_102 ($4.97 in chips) 
Seat 3: Dorex2007 ($5.04 in chips) 
Seat 4: C.Kakashi001 ($6.77 in chips) 
Seat 5: Apostol108 ($5.02 in chips) 
Seat 6: Toloeti ($5.16 in chips) 
Seat 8: dc972155 ($4.73 in chips) 
Seat 9: Francdzo ($5 in chips) 
Apostol108: posts small blind $0.02
Toloeti: posts big blind $0.05
trapdog33: sits out 
*** HOLE CARDS ***
Dealt to Dorex2007 [8c 2c]
dc972155: folds 
Francdzo: folds 
Kallem28: raises $0.15 to $0.20
__majkeL_102: folds 
Dorex2007: folds 
C.Kakashi001: folds 
Apostol108: folds 
Toloeti: folds 
Uncalled bet ($0.15) returned to Kallem28
Kallem28 collected $0.12 from pot
*** SUMMARY ***
Total pot $0.12 | Rake $0 
Seat 1: Kallem28 collected ($0.12)
Seat 2: __majkeL_102 folded before Flop (didn't bet)
Seat 3: Dorex2007 folded before Flop (didn't bet)
Seat 4: C.Kakashi001 (button) folded before Flop (didn't bet)
Seat 5: Apostol108 (small blind) folded before Flop
Seat 6: Toloeti (big blind) folded before Flop
Seat 8: dc972155 folded before Flop (didn't bet)
Seat 9: Francdzo folded before Flop (didn't bet)



PokerStars Hand #237495848158:  Hold'em No Limit ($0.02/$0.05 USD) - 2022/07/21 10:25:49 PT [2022/07/21 13:25:49 ET]
Table 'Plaut' 9-max Seat #5 is the button
Seat 1: Kallem28 ($10.22 in chips) 
Seat 2: __majkeL_102 ($4.97 in chips) 
Seat 3: Dorex2007 ($5.04 in chips) 
Seat 4: C.Kakashi001 ($6.77 in chips) 
Seat 5: Apostol108 ($5 in chips) 
Seat 6: Toloeti ($5.11 in chips) 
Seat 7: trapdog33 ($4 in chips) 
Seat 8: dc972155 ($4.73 in chips) 
Seat 9: Francdzo ($5 in chips) 
Toloeti: posts small blind $0.02
trapdog33: posts big blind $0.05
*** HOLE CARDS ***
Dealt to Dorex2007 [Kd Ks]
dc972155 has timed out
dc972155: folds 
Francdzo: folds 
Kallem28: folds 
__majkeL_102: folds 
Dorex2007: raises $0.10 to $0.15
C.Kakashi001: folds 
Apostol108: folds 
Toloeti: calls $0.13
trapdog33: calls $0.10
*** FLOP *** [3h 3c Ac]
Toloeti: checks 
trapdog33: checks 
Dorex2007: bets $0.21
Toloeti: folds 
trapdog33: calls $0.21
*** TURN *** [3h 3c Ac] [9c]
trapdog33: checks 
Dorex2007: checks 
*** RIVER *** [3h 3c Ac 9c] [Ad]
trapdog33: bets $3.64 and is all-in
Dorex2007: folds 
Uncalled bet ($3.64) returned to trapdog33
trapdog33 collected $0.83 from pot
*** SUMMARY ***
Total pot $0.87 | Rake $0.04 
Board [3h 3c Ac 9c Ad]
Seat 1: Kallem28 folded before Flop (didn't bet)
Seat 2: __majkeL_102 folded before Flop (didn't bet)
Seat 3: Dorex2007 folded on the River
Seat 4: C.Kakashi001 folded before Flop (didn't bet)
Seat 5: Apostol108 (button) folded before Flop (didn't bet)
Seat 6: Toloeti (small blind) folded on the Flop
Seat 7: trapdog33 (big blind) collected ($0.83)
Seat 8: dc972155 folded before Flop (didn't bet)
Seat 9: Francdzo folded before Flop (didn't bet)



PokerStars Hand #237495874526:  Hold'em No Limit ($0.02/$0.05 USD) - 2022/07/21 10:27:09 PT [2022/07/21 13:27:09 ET]
Table 'Plaut' 9-max Seat #6 is the button
Seat 1: Kallem28 ($10.22 in chips) 
Seat 2: __majkeL_102 ($4.97 in chips) 
Seat 3: Dorex2007 ($5 in chips) 
Seat 4: C.Kakashi001 ($6.77 in chips) 
Seat 5: Apostol108 ($5 in chips) 
Seat 6: Toloeti ($4.96 in chips) 
Seat 7: trapdog33 ($4.47 in chips) 
Seat 8: dc972155 ($4.73 in chips) 
Seat 9: Francdzo ($5 in chips) 
trapdog33: posts small blind $0.02
dc972155: posts big blind $0.05
*** HOLE CARDS ***
Dealt to Dorex2007 [Ks 9h]
Francdzo: folds 
Kallem28: folds 
__majkeL_102: folds 
Dorex2007: folds 
C.Kakashi001: raises $0.10 to $0.15
Apostol108: folds 
Toloeti: folds 
trapdog33: calls $0.13
dc972155: folds 
*** FLOP *** [3h Jh 5c]
trapdog33: checks 
C.Kakashi001: bets $0.17
trapdog33: calls $0.17
*** TURN *** [3h Jh 5c] [2d]
trapdog33: checks 
C.Kakashi001: bets $0.33
trapdog33: calls $0.33
*** RIVER *** [3h Jh 5c 2d] [4h]
trapdog33: bets $0.64
C.Kakashi001: raises $5.48 to $6.12 and is all-in
trapdog33: calls $3.18 and is all-in
Uncalled bet ($2.30) returned to C.Kakashi001
*** SHOW DOWN ***
C.Kakashi001: shows [Ac 8h] (a straight, Ace to Five)
trapdog33: shows [Qs Qd] (a pair of Queens)
C.Kakashi001 collected $8.62 from pot
*** SUMMARY ***
Total pot $8.99 | Rake $0.37 
Board [3h Jh 5c 2d 4h]
Seat 1: Kallem28 folded before Flop (didn't bet)
Seat 2: __majkeL_102 folded before Flop (didn't bet)
Seat 3: Dorex2007 folded before Flop (didn't bet)
Seat 4: C.Kakashi001 showed [Ac 8h] and won ($8.62) with a straight, Ace to Five
Seat 5: Apostol108 folded before Flop (didn't bet)
Seat 6: Toloeti (button) folded before Flop (didn't bet)
Seat 7: trapdog33 (small blind) showed [Qs Qd] and lost with a pair of Queens
Seat 8: dc972155 (big blind) folded before Flop
Seat 9: Francdzo folded before Flop (didn't bet)



PokerStars Hand #237495905118:  Hold'em No Limit ($0.02/$0.05 USD) - 2022/07/21 10:28:42 PT [2022/07/21 13:28:42 ET]
Table 'Plaut' 9-max Seat #8 is the button
Seat 1: Kallem28 ($10.22 in chips) 
Seat 2: __majkeL_102 ($4.97 in chips) 
Seat 3: Dorex2007 ($5 in chips) 
Seat 4: C.Kakashi001 ($10.92 in chips) 
Seat 5: Apostol108 ($5 in chips) 
Seat 6: Toloeti ($4.96 in chips) 
Seat 8: dc972155 ($4.68 in chips) 
Seat 9: Francdzo ($5 in chips) 
Francdzo: posts small blind $0.02
Kallem28: posts big blind $0.05
*** HOLE CARDS ***
Dealt to Dorex2007 [5c 5h]
__majkeL_102: folds 
Dorex2007: folds 
C.Kakashi001: calls $0.05
Apostol108: folds 
Toloeti: calls $0.05
dc972155: calls $0.05
Francdzo: raises $0.25 to $0.30
Kallem28: folds 
C.Kakashi001: calls $0.25
Toloeti: folds 
dc972155: calls $0.25
*** FLOP *** [7s Tc Qh]
trapdog33 is disconnected 
Francdzo: bets $0.20
C.Kakashi001: folds 
dc972155: calls $0.20
*** TURN *** [7s Tc Qh] [Jh]
Francdzo: bets $1.01
dc972155: folds 
Uncalled bet ($1.01) returned to Francdzo
Francdzo collected $1.34 from pot
*** SUMMARY ***
Total pot $1.40 | Rake $0.06 
Board [7s Tc Qh Jh]
Seat 1: Kallem28 (big blind) folded before Flop
Seat 2: __majkeL_102 folded before Flop (didn't bet)
Seat 3: Dorex2007 folded before Flop (didn't bet)
Seat 4: C.Kakashi001 folded on the Flop
Seat 5: Apostol108 folded before Flop (didn't bet)
Seat 6: Toloeti folded before Flop
Seat 8: dc972155 (button) folded on the Turn
Seat 9: Francdzo (small blind) collected ($1.34)



PokerStars Hand #237495930654:  Hold'em No Limit ($0.02/$0.05 USD) - 2022/07/21 10:30:00 PT [2022/07/21 13:30:00 ET]
Table 'Plaut' 9-max Seat #9 is the button
Seat 1: Kallem28 ($10.17 in chips) 
Seat 2: __majkeL_102 ($4.97 in chips) 
Seat 3: Dorex2007 ($5 in chips) 
Seat 4: C.Kakashi001 ($10.62 in chips) 
Seat 5: Apostol108 ($5 in chips) 
Seat 6: Toloeti ($4.91 in chips) 
Seat 8: dc972155 ($4.18 in chips) 
Seat 9: Francdzo ($5.84 in chips) 
Kallem28: posts small blind $0.02
__majkeL_102: posts big blind $0.05
*** HOLE CARDS ***
Dealt to Dorex2007 [6d 5d]
Dorex2007: folds 
C.Kakashi001: folds 
Apostol108: folds 
Toloeti: calls $0.05
dc972155: folds 
Francdzo: folds 
Kallem28: folds 
__majkeL_102: checks 
*** FLOP *** [8h 6c 8d]
__majkeL_102: checks 
Toloeti: checks 
*** TURN *** [8h 6c 8d] [9c]
__majkeL_102: checks 
Toloeti: checks 
*** RIVER *** [8h 6c 8d 9c] [Jd]
__majkeL_102: bets $0.12
Toloeti: folds 
Uncalled bet ($0.12) returned to __majkeL_102
__majkeL_102 collected $0.12 from pot
*** SUMMARY ***
Total pot $0.12 | Rake $0 
Board [8h 6c 8d 9c Jd]
Seat 1: Kallem28 (small blind) folded before Flop
Seat 2: __majkeL_102 (big blind) collected ($0.12)
Seat 3: Dorex2007 folded before Flop (didn't bet)
Seat 4: C.Kakashi001 folded before Flop (didn't bet)
Seat 5: Apostol108 folded before Flop (didn't bet)
Seat 6: Toloeti folded on the River
Seat 8: dc972155 folded before Flop (didn't bet)
Seat 9: Francdzo (button) folded before Flop (didn't bet)



PokerStars Hand #237495946751:  Hold'em No Limit ($0.02/$0.05 USD) - 2022/07/21 10:30:48 PT [2022/07/21 13:30:48 ET]
Table 'Plaut' 9-max Seat #1 is the button
Seat 1: Kallem28 ($10.15 in chips) 
Seat 2: __majkeL_102 ($5.04 in chips) 
Seat 3: Dorex2007 ($5 in chips) 
Seat 4: C.Kakashi001 ($10.62 in chips) 
Seat 5: Apostol108 ($5 in chips) 
Seat 6: Toloeti ($4.86 in chips) 
Seat 8: dc972155 ($4.18 in chips) 
Seat 9: Francdzo ($5.84 in chips) 
__majkeL_102: posts small blind $0.02
Dorex2007: posts big blind $0.05
*** HOLE CARDS ***
Dealt to Dorex2007 [Ks 5c]
C.Kakashi001: folds 
Apostol108: folds 
Toloeti: folds 
dc972155 has timed out
dc972155: folds 
Francdzo: raises $0.10 to $0.15
Kallem28: folds 
__majkeL_102: folds 
Dorex2007: folds 
Uncalled bet ($0.10) returned to Francdzo
Francdzo collected $0.12 from pot
*** SUMMARY ***
Total pot $0.12 | Rake $0 
Seat 1: Kallem28 (button) folded before Flop (didn't bet)
Seat 2: __majkeL_102 (small blind) folded before Flop
Seat 3: Dorex2007 (big blind) folded before Flop
Seat 4: C.Kakashi001 folded before Flop (didn't bet)
Seat 5: Apostol108 folded before Flop (didn't bet)
Seat 6: Toloeti folded before Flop (didn't bet)
Seat 8: dc972155 folded before Flop (didn't bet)
Seat 9: Francdzo collected ($0.12)



PokerStars Hand #237495954817:  Hold'em No Limit ($0.02/$0.05 USD) - 2022/07/21 10:31:12 PT [2022/07/21 13:31:12 ET]
Table 'Plaut' 9-max Seat #2 is the button
Seat 1: Kallem28 ($10.15 in chips) 
Seat 2: __majkeL_102 ($5.02 in chips) 
Seat 3: Dorex2007 ($5 in chips) 
Seat 4: C.Kakashi001 ($10.62 in chips) 
Seat 5: Apostol108 ($5 in chips) 
Seat 6: Toloeti ($4.86 in chips) 
Seat 8: dc972155 ($4.18 in chips) 
Seat 9: Francdzo ($5.91 in chips) 
Dorex2007: posts small blind $0.02
C.Kakashi001: posts big blind $0.05
*** HOLE CARDS ***
Dealt to Dorex2007 [2c 4d]
Apostol108: folds 
Toloeti has timed out
Toloeti: folds 
dc972155: folds 
Francdzo: raises $0.10 to $0.15
Kallem28: folds 
__majkeL_102: folds 
Dorex2007: folds 
C.Kakashi001: folds 
Uncalled bet ($0.10) returned to Francdzo
Francdzo collected $0.12 from pot
*** SUMMARY ***
Total pot $0.12 | Rake $0 
Seat 1: Kallem28 folded before Flop (didn't bet)
Seat 2: __majkeL_102 (button) folded before Flop (didn't bet)
Seat 3: Dorex2007 (small blind) folded before Flop
Seat 4: C.Kakashi001 (big blind) folded before Flop
Seat 5: Apostol108 folded before Flop (didn't bet)
Seat 6: Toloeti folded before Flop (didn't bet)
Seat 8: dc972155 folded before Flop (didn't bet)
Seat 9: Francdzo collected ($0.12)



PokerStars Hand #237495966095:  Hold'em No Limit ($0.02/$0.05 USD) - 2022/07/21 10:31:46 PT [2022/07/21 13:31:46 ET]
Table 'Plaut' 9-max Seat #3 is the button
Seat 1: Kallem28 ($10.15 in chips) 
Seat 2: __majkeL_102 ($5.02 in chips) 
Seat 3: Dorex2007 ($5 in chips) 
Seat 4: C.Kakashi001 ($10.57 in chips) 
Seat 5: Apostol108 ($5 in chips) 
Seat 8: dc972155 ($4.18 in chips) 
Seat 9: Francdzo ($5.98 in chips) 
C.Kakashi001: posts small blind $0.02
Apostol108: posts big blind $0.05
*** HOLE CARDS ***
Dealt to Dorex2007 [Th 3s]
dc972155: raises $0.10 to $0.15
Francdzo: folds 
Kallem28: folds 
__majkeL_102: calls $0.15
Dorex2007: folds 
C.Kakashi001: folds 
Apostol108: calls $0.10
*** FLOP *** [4h Js Ks]
Apostol108: checks 
dc972155: bets $0.22
__majkeL_102: calls $0.22
Apostol108: calls $0.22
*** TURN *** [4h Js Ks] [Kh]
Apostol108: checks 
dc972155: bets $1.08
__majkeL_102: calls $1.08
Apostol108: folds 
*** RIVER *** [4h Js Ks Kh] [Td]
dc972155: checks 
__majkeL_102: bets $0.75
dc972155: folds 
Uncalled bet ($0.75) returned to __majkeL_102
__majkeL_102 collected $3.15 from pot
*** SUMMARY ***
Total pot $3.29 | Rake $0.14 
Board [4h Js Ks Kh Td]
Seat 1: Kallem28 folded before Flop (didn't bet)
Seat 2: __majkeL_102 collected ($3.15)
Seat 3: Dorex2007 (button) folded before Flop (didn't bet)
Seat 4: C.Kakashi001 (small blind) folded before Flop
Seat 5: Apostol108 (big blind) folded on the Turn
Seat 8: dc972155 folded on the River
Seat 9: Francdzo folded before Flop (didn't bet)



PokerStars Hand #237495996554:  Hold'em No Limit ($0.02/$0.05 USD) - 2022/07/21 10:33:18 PT [2022/07/21 13:33:18 ET]
Table 'Plaut' 9-max Seat #4 is the button
Seat 1: Kallem28 ($10.15 in chips) 
Seat 2: __majkeL_102 ($6.72 in chips) 
Seat 3: Dorex2007 ($5 in chips) 
Seat 4: C.Kakashi001 ($10.55 in chips) 
Seat 5: Apostol108 ($5 in chips) 
Seat 8: dc972155 ($2.73 in chips) 
Seat 9: Francdzo ($5.98 in chips) 
Apostol108: posts small blind $0.02
dc972155: posts big blind $0.05
*** HOLE CARDS ***
Dealt to Dorex2007 [Th 8h]
Francdzo: raises $0.10 to $0.15
Kallem28: folds 
__majkeL_102: calls $0.15
Dorex2007: folds 
C.Kakashi001: folds 
Apostol108: folds 
dc972155: folds 
*** FLOP *** [8c Kh Jd]
Francdzo: bets $0.18
__majkeL_102: calls $0.18
*** TURN *** [8c Kh Jd] [Tc]
Francdzo: bets $0.53
__majkeL_102: calls $0.53
*** RIVER *** [8c Kh Jd Tc] [6c]
Francdzo: checks 
__majkeL_102: checks 
*** SHOW DOWN ***
Francdzo: shows [Kd Jc] (two pair, Kings and Jacks)
__majkeL_102: mucks hand 
Francdzo collected $1.72 from pot
*** SUMMARY ***
Total pot $1.79 | Rake $0.07 
Board [8c Kh Jd Tc 6c]
Seat 1: Kallem28 folded before Flop (didn't bet)
Seat 2: __majkeL_102 mucked [Qd Qs]
Seat 3: Dorex2007 folded before Flop (didn't bet)
Seat 4: C.Kakashi001 (button) folded before Flop (didn't bet)
Seat 5: Apostol108 (small blind) folded before Flop
Seat 8: dc972155 (big blind) folded before Flop
Seat 9: Francdzo showed [Kd Jc] and won ($1.72) with two pair, Kings and Jacks



PokerStars Hand #237496022284:  Hold'em No Limit ($0.02/$0.05 USD) - 2022/07/21 10:34:00 PT [2022/07/21 13:34:00 ET]
Table 'Plaut' 9-max Seat #5 is the button
Seat 1: Kallem28 ($10.15 in chips) 
Seat 2: __majkeL_102 ($5.86 in chips) 
Seat 3: Dorex2007 ($5 in chips) 
Seat 4: C.Kakashi001 ($10.55 in chips) 
Seat 5: Apostol108 ($5 in chips) 
Seat 8: dc972155 ($2.68 in chips) 
Seat 9: Francdzo ($6.84 in chips) 
dc972155: posts small blind $0.02
Francdzo: posts big blind $0.05
*** HOLE CARDS ***
Dealt to Dorex2007 [Td 5d]
Kallem28: raises $0.15 to $0.20
__majkeL_102: folds 
Dorex2007: folds 
C.Kakashi001: folds 
Apostol108: folds 
dc972155: folds 
Francdzo: folds 
Uncalled bet ($0.15) returned to Kallem28
Kallem28 collected $0.12 from pot
*** SUMMARY ***
Total pot $0.12 | Rake $0 
Seat 1: Kallem28 collected ($0.12)
Seat 2: __majkeL_102 folded before Flop (didn't bet)
Seat 3: Dorex2007 folded before Flop (didn't bet)
Seat 4: C.Kakashi001 folded before Flop (didn't bet)
Seat 5: Apostol108 (button) folded before Flop (didn't bet)
Seat 8: dc972155 (small blind) folded before Flop
Seat 9: Francdzo (big blind) folded before Flop



PokerStars Hand #237496027809:  Hold'em No Limit ($0.02/$0.05 USD) - 2022/07/21 10:34:16 PT [2022/07/21 13:34:16 ET]
Table 'Plaut' 9-max Seat #8 is the button
Seat 1: Kallem28 ($10.22 in chips) 
Seat 2: __majkeL_102 ($5.86 in chips) 
Seat 3: Dorex2007 ($5 in chips) 
Seat 4: C.Kakashi001 ($10.55 in chips) 
Seat 5: Apostol108 ($5 in chips) 
Seat 8: dc972155 ($2.66 in chips) 
Seat 9: Francdzo ($6.79 in chips) 
Francdzo: posts small blind $0.02
Kallem28: posts big blind $0.05
*** HOLE CARDS ***
Dealt to Dorex2007 [5d 8h]
__majkeL_102: folds 
Dorex2007: folds 
C.Kakashi001: raises $0.10 to $0.15
Apostol108: folds 
dc972155: folds 
Francdzo: folds 
Kallem28: folds 
Uncalled bet ($0.10) returned to C.Kakashi001
C.Kakashi001 collected $0.12 from pot
*** SUMMARY ***
Total pot $0.12 | Rake $0 
Seat 1: Kallem28 (big blind) folded before Flop
Seat 2: __majkeL_102 folded before Flop (didn't bet)
Seat 3: Dorex2007 folded before Flop (didn't bet)
Seat 4: C.Kakashi001 collected ($0.12)
Seat 5: Apostol108 folded before Flop (didn't bet)
Seat 8: dc972155 (button) folded before Flop (didn't bet)
Seat 9: Francdzo (small blind) folded before Flop



PokerStars Hand #237496034363:  Hold'em No Limit ($0.02/$0.05 USD) - 2022/07/21 10:34:36 PT [2022/07/21 13:34:36 ET]
Table 'Plaut' 9-max Seat #9 is the button
Seat 1: Kallem28 ($10.17 in chips) 
Seat 2: __majkeL_102 ($5.86 in chips) 
Seat 3: Dorex2007 ($5 in chips) 
Seat 4: C.Kakashi001 ($10.62 in chips) 
Seat 5: Apostol108 ($5 in chips) 
Seat 8: dc972155 ($2.66 in chips) 
Seat 9: Francdzo ($6.77 in chips) 
Kallem28: posts small blind $0.02
__majkeL_102: posts big blind $0.05
*** HOLE CARDS ***
Dealt to Dorex2007 [5c 4c]
Dorex2007: folds 
C.Kakashi001: folds 
Apostol108: folds 
dc972155: folds 
Francdzo: folds 
Kallem28: folds 
Uncalled bet ($0.03) returned to __majkeL_102
__majkeL_102 collected $0.04 from pot
*** SUMMARY ***
Total pot $0.04 | Rake $0 
Seat 1: Kallem28 (small blind) folded before Flop
Seat 2: __majkeL_102 (big blind) collected ($0.04)
Seat 3: Dorex2007 folded before Flop (didn't bet)
Seat 4: C.Kakashi001 folded before Flop (didn't bet)
Seat 5: Apostol108 folded before Flop (didn't bet)
Seat 8: dc972155 folded before Flop (didn't bet)
Seat 9: Francdzo (button) folded before Flop (didn't bet)



PokerStars Hand #237496041874:  Hold'em No Limit ($0.02/$0.05 USD) - 2022/07/21 10:34:59 PT [2022/07/21 13:34:59 ET]
Table 'Plaut' 9-max Seat #1 is the button
Seat 1: Kallem28 ($10.15 in chips) 
Seat 2: __majkeL_102 ($5.88 in chips) 
Seat 3: Dorex2007 ($5 in chips) 
Seat 4: C.Kakashi001 ($10.62 in chips) 
Seat 5: Apostol108 ($5 in chips) 
Seat 8: dc972155 ($2.66 in chips) 
Seat 9: Francdzo ($6.77 in chips) 
__majkeL_102: posts small blind $0.02
Dorex2007: posts big blind $0.05
*** HOLE CARDS ***
Dealt to Dorex2007 [Qd 8h]
C.Kakashi001: folds 
Apostol108: folds 
dc972155: folds 
Francdzo: folds 
Kallem28: folds 
__majkeL_102: folds 
Uncalled bet ($0.03) returned to Dorex2007
Dorex2007 collected $0.04 from pot
*** SUMMARY ***
Total pot $0.04 | Rake $0 
Seat 1: Kallem28 (button) folded before Flop (didn't bet)
Seat 2: __majkeL_102 (small blind) folded before Flop
Seat 3: Dorex2007 (big blind) collected ($0.04)
Seat 4: C.Kakashi001 folded before Flop (didn't bet)
Seat 5: Apostol108 folded before Flop (didn't bet)
Seat 8: dc972155 folded before Flop (didn't bet)
Seat 9: Francdzo folded before Flop (didn't bet)



PokerStars Hand #237496049232:  Hold'em No Limit ($0.02/$0.05 USD) - 2022/07/21 10:35:20 PT [2022/07/21 13:35:20 ET]
Table 'Plaut' 9-max Seat #2 is the button
Seat 1: Kallem28 ($10.15 in chips) 
Seat 2: __majkeL_102 ($5.86 in chips) 
Seat 3: Dorex2007 ($5.02 in chips) 
Seat 4: C.Kakashi001 ($10.62 in chips) 
Seat 5: Apostol108 ($5 in chips) 
Seat 8: dc972155 ($2.66 in chips) 
Seat 9: Francdzo ($6.77 in chips) 
Dorex2007: posts small blind $0.02
C.Kakashi001: posts big blind $0.05
*** HOLE CARDS ***
Dealt to Dorex2007 [5h Qc]
Apostol108: folds 
Apostol108 leaves the table
dc972155: folds 
Francdzo: raises $0.10 to $0.15
Kallem28: raises $0.25 to $0.40
__majkeL_102: folds 
H!TM@N1989 joins the table at seat #5 
Dorex2007: folds 
C.Kakashi001: folds 
Francdzo: folds 
Uncalled bet ($0.25) returned to Kallem28
Kallem28 collected $0.37 from pot
*** SUMMARY ***
Total pot $0.37 | Rake $0 
Seat 1: Kallem28 collected ($0.37)
Seat 2: __majkeL_102 (button) folded before Flop (didn't bet)
Seat 3: Dorex2007 (small blind) folded before Flop
Seat 4: C.Kakashi001 (big blind) folded before Flop
Seat 5: Apostol108 folded before Flop (didn't bet)
Seat 8: dc972155 folded before Flop (didn't bet)
Seat 9: Francdzo folded before Flop



PokerStars Hand #237496063612:  Hold'em No Limit ($0.02/$0.05 USD) - 2022/07/21 10:36:03 PT [2022/07/21 13:36:03 ET]
Table 'Plaut' 9-max Seat #3 is the button
Seat 1: Kallem28 ($10.37 in chips) 
Seat 2: __majkeL_102 ($5.86 in chips) 
Seat 3: Dorex2007 ($5 in chips) 
Seat 4: C.Kakashi001 ($10.57 in chips) 
Seat 5: H!TM@N1989 ($5.07 in chips) 
Seat 8: dc972155 ($2.66 in chips) 
Seat 9: Francdzo ($6.62 in chips) 
C.Kakashi001: posts small blind $0.02
H!TM@N1989: posts big blind $0.05
*** HOLE CARDS ***
Dealt to Dorex2007 [Ks 4d]
dc972155 has timed out
dc972155: folds 
Francdzo: folds 
Kallem28: folds 
__majkeL_102: folds 
Dorex2007: folds 
C.Kakashi001: raises $0.05 to $0.10
H!TM@N1989: folds 
Uncalled bet ($0.05) returned to C.Kakashi001
C.Kakashi001 collected $0.10 from pot
*** SUMMARY ***
Total pot $0.10 | Rake $0 
Seat 1: Kallem28 folded before Flop (didn't bet)
Seat 2: __majkeL_102 folded before Flop (didn't bet)
Seat 3: Dorex2007 (button) folded before Flop (didn't bet)
Seat 4: C.Kakashi001 (small blind) collected ($0.10)
Seat 5: H!TM@N1989 (big blind) folded before Flop
Seat 8: dc972155 folded before Flop (didn't bet)
Seat 9: Francdzo folded before Flop (didn't bet)



PokerStars Hand #237496073023:  Hold'em No Limit ($0.02/$0.05 USD) - 2022/07/21 10:36:32 PT [2022/07/21 13:36:32 ET]
Table 'Plaut' 9-max Seat #4 is the button
Seat 1: Kallem28 ($10.37 in chips) 
Seat 2: __majkeL_102 ($5.86 in chips) 
Seat 3: Dorex2007 ($5 in chips) 
Seat 4: C.Kakashi001 ($10.62 in chips) 
Seat 5: H!TM@N1989 ($5.02 in chips) 
Seat 8: dc972155 ($2.66 in chips) 
Seat 9: Francdzo ($6.62 in chips) 
H!TM@N1989: posts small blind $0.02
dc972155: posts big blind $0.05
*** HOLE CARDS ***
Dealt to Dorex2007 [6h 5s]
Francdzo: folds 
Kallem28: folds 
__majkeL_102: folds 
Dorex2007: folds 
C.Kakashi001: raises $0.10 to $0.15
H!TM@N1989: folds 
dc972155: calls $0.10
*** FLOP *** [9c 9h 4d]
dc972155: checks 
C.Kakashi001: bets $0.15
dc972155: calls $0.15
*** TURN *** [9c 9h 4d] [3h]
dc972155: bets $0.29
C.Kakashi001: folds 
Uncalled bet ($0.29) returned to dc972155
dc972155 collected $0.59 from pot
*** SUMMARY ***
Total pot $0.62 | Rake $0.03 
Board [9c 9h 4d 3h]
Seat 1: Kallem28 folded before Flop (didn't bet)
Seat 2: __majkeL_102 folded before Flop (didn't bet)
Seat 3: Dorex2007 folded before Flop (didn't bet)
Seat 4: C.Kakashi001 (button) folded on the Turn
Seat 5: H!TM@N1989 (small blind) folded before Flop
Seat 8: dc972155 (big blind) collected ($0.59)
Seat 9: Francdzo folded before Flop (didn't bet)



PokerStars Hand #237496089098:  Hold'em No Limit ($0.02/$0.05 USD) - 2022/07/21 10:37:20 PT [2022/07/21 13:37:20 ET]
Table 'Plaut' 9-max Seat #5 is the button
Seat 1: Kallem28 ($10.37 in chips) 
Seat 2: __majkeL_102 ($5.86 in chips) 
Seat 3: Dorex2007 ($5 in chips) 
Seat 4: C.Kakashi001 ($10.32 in chips) 
Seat 5: H!TM@N1989 ($5 in chips) 
Seat 8: dc972155 ($2.95 in chips) 
Seat 9: Francdzo ($6.62 in chips) 
dc972155: posts small blind $0.02
Francdzo: posts big blind $0.05
*** HOLE CARDS ***
Dealt to Dorex2007 [Ah 9h]
Kallem28: raises $0.10 to $0.15
__majkeL_102: folds 
Dorex2007: folds 
C.Kakashi001: folds 
H!TM@N1989: folds 
dc972155: folds 
Francdzo: folds 
Uncalled bet ($0.10) returned to Kallem28
Kallem28 collected $0.12 from pot
*** SUMMARY ***
Total pot $0.12 | Rake $0 
Seat 1: Kallem28 collected ($0.12)
Seat 2: __majkeL_102 folded before Flop (didn't bet)
Seat 3: Dorex2007 folded before Flop (didn't bet)
Seat 4: C.Kakashi001 folded before Flop (didn't bet)
Seat 5: H!TM@N1989 (button) folded before Flop (didn't bet)
Seat 8: dc972155 (small blind) folded before Flop
Seat 9: Francdzo (big blind) folded before Flop



PokerStars Hand #237496102868:  Hold'em No Limit ($0.02/$0.05 USD) - 2022/07/21 10:38:01 PT [2022/07/21 13:38:01 ET]
Table 'Plaut' 9-max Seat #8 is the button
Seat 1: Kallem28 ($10.44 in chips) 
Seat 2: __majkeL_102 ($5.86 in chips) 
Seat 3: Dorex2007 ($5 in chips) 
Seat 4: C.Kakashi001 ($10.32 in chips) 
Seat 5: H!TM@N1989 ($5 in chips) 
Seat 8: dc972155 ($2.93 in chips) 
Seat 9: Francdzo ($6.57 in chips) 
Francdzo: posts small blind $0.02
Kallem28: posts big blind $0.05
*** HOLE CARDS ***
Dealt to Dorex2007 [Ac 9h]
__majkeL_102: folds 
Dorex2007: folds 
C.Kakashi001: folds 
H!TM@N1989: folds 
dc972155: folds 
Francdzo: raises $0.10 to $0.15
Kallem28: folds 
Uncalled bet ($0.10) returned to Francdzo
Francdzo collected $0.10 from pot
*** SUMMARY ***
Total pot $0.10 | Rake $0 
Seat 1: Kallem28 (big blind) folded before Flop
Seat 2: __majkeL_102 folded before Flop (didn't bet)
Seat 3: Dorex2007 folded before Flop (didn't bet)
Seat 4: C.Kakashi001 folded before Flop (didn't bet)
Seat 5: H!TM@N1989 folded before Flop (didn't bet)
Seat 8: dc972155 (button) folded before Flop (didn't bet)
Seat 9: Francdzo (small blind) collected ($0.10)



PokerStars Hand #237496107738:  Hold'em No Limit ($0.02/$0.05 USD) - 2022/07/21 10:38:16 PT [2022/07/21 13:38:16 ET]
Table 'Plaut' 9-max Seat #9 is the button
Seat 1: Kallem28 ($10.39 in chips) 
Seat 2: __majkeL_102 ($5.86 in chips) 
Seat 3: Dorex2007 ($5 in chips) 
Seat 4: C.Kakashi001 ($10.32 in chips) 
Seat 5: H!TM@N1989 ($5 in chips) 
Seat 8: dc972155 ($2.93 in chips) 
Seat 9: Francdzo ($6.62 in chips) 
Kallem28: posts small blind $0.02
__majkeL_102: posts big blind $0.05
*** HOLE CARDS ***
Dealt to Dorex2007 [2s 2c]
Dorex2007: calls $0.05
C.Kakashi001: raises $0.10 to $0.15
H!TM@N1989: folds 
dc972155: folds 
Francdzo: folds 
Kallem28: folds 
__majkeL_102: folds 
Dorex2007: calls $0.10
*** FLOP *** [8s 2h 7s]
Dorex2007: checks 
C.Kakashi001: bets $0.35
Dorex2007: calls $0.35
*** TURN *** [8s 2h 7s] [Kd]
Dorex2007: checks 
C.Kakashi001: bets $0.51
Dorex2007: raises $0.86 to $1.37
C.Kakashi001: raises $0.86 to $2.23
Dorex2007: raises $2.27 to $4.50 and is all-in
trapdog33 leaves the table
C.Kakashi001: calls $2.27
*** RIVER *** [8s 2h 7s Kd] [8d]
*** SHOW DOWN ***
Dorex2007: shows [2s 2c] (a full house, Deuces full of Eights)
C.Kakashi001: shows [Th Tc] (two pair, Tens and Eights)
Dorex2007 cashed out the hand for $9.13 | Cash Out Fee $0.09
*** SUMMARY ***
Total pot $10.07 | Rake $0.42 
Board [8s 2h 7s Kd 8d]
Seat 1: Kallem28 (small blind) folded before Flop
Seat 2: __majkeL_102 (big blind) folded before Flop
Seat 3: Dorex2007 showed [2s 2c] and won ($9.65) with a full house, Deuces full of Eights (pot not awarded as player cashed out)
Seat 4: C.Kakashi001 showed [Th Tc] and lost with two pair, Tens and Eights
Seat 5: H!TM@N1989 folded before Flop (didn't bet)
Seat 8: dc972155 folded before Flop (didn't bet)
Seat 9: Francdzo (button) folded before Flop (didn't bet)



PokerStars Hand #237496140019:  Hold'em No Limit ($0.02/$0.05 USD) - 2022/07/21 10:39:51 PT [2022/07/21 13:39:51 ET]
Table 'Plaut' 9-max Seat #1 is the button
Seat 1: Kallem28 ($10.37 in chips) 
Seat 2: __majkeL_102 ($5.81 in chips) 
Seat 3: Dorex2007 ($9.13 in chips) 
Seat 4: C.Kakashi001 ($5.32 in chips) 
Seat 5: H!TM@N1989 ($5 in chips) 
Seat 8: dc972155 ($2.93 in chips) 
Seat 9: Francdzo ($6.62 in chips) 
__majkeL_102: posts small blind $0.02
Dorex2007: posts big blind $0.05
*** HOLE CARDS ***
Dealt to Dorex2007 [9h Ks]
C.Kakashi001: folds 
H!TM@N1989: folds 
dc972155: folds 
C.Kakashi001 leaves the table
Francdzo: folds 
Kallem28: folds 
__majkeL_102: folds 
Uncalled bet ($0.03) returned to Dorex2007
Dorex2007 collected $0.04 from pot
*** SUMMARY ***
Total pot $0.04 | Rake $0 
Seat 1: Kallem28 (button) folded before Flop (didn't bet)
Seat 2: __majkeL_102 (small blind) folded before Flop
Seat 3: Dorex2007 (big blind) collected ($0.04)
Seat 4: C.Kakashi001 folded before Flop (didn't bet)
Seat 5: H!TM@N1989 folded before Flop (didn't bet)
Seat 8: dc972155 folded before Flop (didn't bet)
Seat 9: Francdzo folded before Flop (didn't bet)



PokerStars Hand #237496145265:  Hold'em No Limit ($0.02/$0.05 USD) - 2022/07/21 10:40:07 PT [2022/07/21 13:40:07 ET]
Table 'Plaut' 9-max Seat #2 is the button
Seat 1: Kallem28 ($10.37 in chips) 
Seat 2: __majkeL_102 ($5.79 in chips) 
Seat 3: Dorex2007 ($9.15 in chips) 
Seat 5: H!TM@N1989 ($5 in chips) 
Seat 8: dc972155 ($2.93 in chips) 
Seat 9: Francdzo ($6.62 in chips) 
Dorex2007: posts small blind $0.02
H!TM@N1989: posts big blind $0.05
*** HOLE CARDS ***
Dealt to Dorex2007 [Kc 7s]
dc972155: raises $0.10 to $0.15
Francdzo: raises $0.30 to $0.45
Kallem28: folds 
__majkeL_102: folds 
Dorex2007: folds 
H!TM@N1989: folds 
Vjuk87 joins the table at seat #4 
dc972155: calls $0.30
*** FLOP *** [9h 6h 6s]
dc972155: checks 
Francdzo: bets $0.47
dc972155: calls $0.47
*** TURN *** [9h 6h 6s] [Ts]
dc972155: checks 
Francdzo: bets $1.37
dc972155: raises $0.64 to $2.01 and is all-in
Francdzo: calls $0.64
*** RIVER *** [9h 6h 6s Ts] [Qs]
*** SHOW DOWN ***
dc972155: shows [Qh Qc] (a full house, Queens full of Sixes)
Francdzo: shows [Tc Ac] (two pair, Tens and Sixes)
dc972155 collected $5.68 from pot
*** SUMMARY ***
Total pot $5.93 | Rake $0.25 
Board [9h 6h 6s Ts Qs]
Seat 1: Kallem28 folded before Flop (didn't bet)
Seat 2: __majkeL_102 (button) folded before Flop (didn't bet)
Seat 3: Dorex2007 (small blind) folded before Flop
Seat 5: H!TM@N1989 (big blind) folded before Flop
Seat 8: dc972155 showed [Qh Qc] and won ($5.68) with a full house, Queens full of Sixes
Seat 9: Francdzo showed [Tc Ac] and lost with two pair, Tens and Sixes



PokerStars Hand #237496158800:  Hold'em No Limit ($0.02/$0.05 USD) - 2022/07/21 10:40:47 PT [2022/07/21 13:40:47 ET]
Table 'Plaut' 9-max Seat #3 is the button
Seat 1: Kallem28 ($10.37 in chips) 
Seat 2: __majkeL_102 ($5.79 in chips) 
Seat 3: Dorex2007 ($9.13 in chips) 
Seat 5: H!TM@N1989 ($5 in chips) 
Seat 8: dc972155 ($5.68 in chips) 
Seat 9: Francdzo ($5 in chips) 
H!TM@N1989: posts small blind $0.02
dc972155: posts big blind $0.05
*** HOLE CARDS ***
Dealt to Dorex2007 [5h 7c]
Francdzo: folds 
Kallem28: folds 
__majkeL_102: raises $0.10 to $0.15
Dorex2007: folds 
H!TM@N1989: folds 
dc972155: calls $0.10
*** FLOP *** [Ks 2c 2h]
dc972155: checks 
__majkeL_102: checks 
*** TURN *** [Ks 2c 2h] [8d]
dc972155: checks 
__majkeL_102: checks 
*** RIVER *** [Ks 2c 2h 8d] [4d]
dc972155: checks 
__majkeL_102: checks 
*** SHOW DOWN ***
dc972155: shows [3c 3h] (two pair, Threes and Deuces)
__majkeL_102: mucks hand 
dc972155 collected $0.31 from pot
*** SUMMARY ***
Total pot $0.32 | Rake $0.01 
Board [Ks 2c 2h 8d 4d]
Seat 1: Kallem28 folded before Flop (didn't bet)
Seat 2: __majkeL_102 mucked [Ah Jh]
Seat 3: Dorex2007 (button) folded before Flop (didn't bet)
Seat 5: H!TM@N1989 (small blind) folded before Flop
Seat 8: dc972155 (big blind) showed [3c 3h] and won ($0.31) with two pair, Threes and Deuces
Seat 9: Francdzo folded before Flop (didn't bet)



