PokerStars Hand #238713708414:  Hold'em No Limit ($0.02/$0.05 USD) - 2022/09/18 13:33:58 PT [2022/09/18 16:33:58 ET]
Table 'Hidalgo III' 9-max Seat #8 is the button
Seat 3: hallucinations ($11.77 in chips) 
Seat 4: InLaw27 ($5.33 in chips) 
Seat 5: Apostol108 ($5.62 in chips) 
Seat 6: CasinoReal46 ($3.66 in chips) 
Seat 7: Dorex2007 ($5 in chips) 
Seat 8: ripelnet ($8.63 in chips) 
Seat 9: Jtc1931 ($6.10 in chips) 
Jtc1931: posts small blind $0.02
GrooshBadoosh: is sitting out 
hallucinations: posts big blind $0.05
Dorex2007: posts big blind $0.05
*** HOLE CARDS ***
Dealt to Dorex2007 [3s Ks]
InLaw27: folds 
Apostol108: folds 
CasinoReal46: folds 
GrooshBadoosh leaves the table
Dorex2007: checks 
ripelnet: folds 
Jtc1931: folds 
hallucinations: raises $0.15 to $0.20
Dorex2007: folds 
Uncalled bet ($0.15) returned to hallucinations
hallucinations collected $0.12 from pot
hallucinations: doesn't show hand 
*** SUMMARY ***
Total pot $0.12 | Rake $0 
Seat 3: hallucinations (big blind) collected ($0.12)
Seat 4: InLaw27 folded before Flop (didn't bet)
Seat 5: Apostol108 folded before Flop (didn't bet)
Seat 6: CasinoReal46 folded before Flop (didn't bet)
Seat 7: Dorex2007 folded before Flop (didn't bet)
Seat 8: ripelnet (button) folded before Flop (didn't bet)
Seat 9: Jtc1931 (small blind) folded before Flop



PokerStars Hand #238713722337:  Hold'em No Limit ($0.02/$0.05 USD) - 2022/09/18 13:34:28 PT [2022/09/18 16:34:28 ET]
Table 'Hidalgo III' 9-max Seat #9 is the button
Seat 3: hallucinations ($11.84 in chips) 
Seat 4: InLaw27 ($5.33 in chips) 
Seat 5: Apostol108 ($5.62 in chips) 
Seat 6: CasinoReal46 ($3.66 in chips) 
Seat 7: Dorex2007 ($5 in chips) 
Seat 8: ripelnet ($8.63 in chips) 
Seat 9: Jtc1931 ($6.08 in chips) 
hallucinations: posts small blind $0.02
InLaw27: posts big blind $0.05
*** HOLE CARDS ***
Dealt to Dorex2007 [Td 6c]
Apostol108: folds 
CasinoReal46: folds 
Dorex2007: folds 
ripelnet: raises $0.06 to $0.11
Jtc1931: folds 
Gregatto joins the table at seat #1 
hallucinations: folds 
InLaw27: calls $0.06
*** FLOP *** [3c Js Jd]
InLaw27: checks 
ripelnet: bets $0.08
InLaw27: folds 
Uncalled bet ($0.08) returned to ripelnet
ripelnet collected $0.23 from pot
ripelnet: doesn't show hand 
*** SUMMARY ***
Total pot $0.24 | Rake $0.01 
Board [3c Js Jd]
Seat 3: hallucinations (small blind) folded before Flop
Seat 4: InLaw27 (big blind) folded on the Flop
Seat 5: Apostol108 folded before Flop (didn't bet)
Seat 6: CasinoReal46 folded before Flop (didn't bet)
Seat 7: Dorex2007 folded before Flop (didn't bet)
Seat 8: ripelnet collected ($0.23)
Seat 9: Jtc1931 (button) folded before Flop (didn't bet)



PokerStars Hand #238713734248:  Hold'em No Limit ($0.02/$0.05 USD) - 2022/09/18 13:34:53 PT [2022/09/18 16:34:53 ET]
Table 'Hidalgo III' 9-max Seat #3 is the button
Seat 3: hallucinations ($11.82 in chips) 
Seat 4: InLaw27 ($5.22 in chips) 
Seat 5: Apostol108 ($5.62 in chips) 
Seat 6: CasinoReal46 ($3.66 in chips) 
Seat 7: Dorex2007 ($5 in chips) 
Seat 8: ripelnet ($8.75 in chips) 
Seat 9: Jtc1931 ($6.08 in chips) 
InLaw27: posts small blind $0.02
Apostol108: posts big blind $0.05
Gregatto: sits out 
*** HOLE CARDS ***
Dealt to Dorex2007 [8d Qh]
CasinoReal46: folds 
Dorex2007: folds 
ripelnet: folds 
Jtc1931: folds 
hallucinations: folds 
InLaw27: calls $0.03
Apostol108: checks 
*** FLOP *** [6c Jc Ad]
InLaw27: checks 
Gregatto leaves the table
Apostol108: bets $0.05
InLaw27: folds 
Uncalled bet ($0.05) returned to Apostol108
Apostol108 collected $0.10 from pot
Apostol108: doesn't show hand 
*** SUMMARY ***
Total pot $0.10 | Rake $0 
Board [6c Jc Ad]
Seat 3: hallucinations (button) folded before Flop (didn't bet)
Seat 4: InLaw27 (small blind) folded on the Flop
Seat 5: Apostol108 (big blind) collected ($0.10)
Seat 6: CasinoReal46 folded before Flop (didn't bet)
Seat 7: Dorex2007 folded before Flop (didn't bet)
Seat 8: ripelnet folded before Flop (didn't bet)
Seat 9: Jtc1931 folded before Flop (didn't bet)



