PokerStars Hand #238843601725:  Hold'em No Limit ($0.02/$0.05 USD) - 2022/09/24 15:37:00 PT [2022/09/24 18:37:00 ET]
Table 'Unitas IV' 9-max Seat #1 is the button
Seat 1: pebete350 ($5 in chips) 
Seat 2: mercedeslydia ($10.13 in chips) 
Seat 3: MrWaffle_lol ($4.27 in chips) 
Seat 5: ZAURBEKK2013 ($6.10 in chips) 
Seat 6: dvdhmstar ($4.93 in chips) 
Seat 7: tanyaa1956 ($6.13 in chips) 
Seat 8: Dorex2007 ($5 in chips) 
mercedeslydia: posts small blind $0.02
MrWaffle_lol: posts big blind $0.05
ZMadMartigan: sits out 
Dorex2007: posts big blind $0.05
*** HOLE CARDS ***
Dealt to Dorex2007 [Jd Qh]
ZAURBEKK2013: folds 
dvdhmstar: folds 
tanyaa1956: raises $0.15 to $0.20
Dorex2007: folds 
pebete350: folds 
mercedeslydia is disconnected 
mercedeslydia is connected 
mercedeslydia: folds 
MrWaffle_lol: folds 
Uncalled bet ($0.15) returned to tanyaa1956
tanyaa1956 collected $0.17 from pot
tanyaa1956: doesn't show hand 
*** SUMMARY ***
Total pot $0.17 | Rake $0 
Seat 1: pebete350 (button) folded before Flop (didn't bet)
Seat 2: mercedeslydia (small blind) folded before Flop
Seat 3: MrWaffle_lol (big blind) folded before Flop
Seat 5: ZAURBEKK2013 folded before Flop (didn't bet)
Seat 6: dvdhmstar folded before Flop (didn't bet)
Seat 7: tanyaa1956 collected ($0.17)
Seat 8: Dorex2007 folded before Flop (didn't bet)



PokerStars Hand #238843615537:  Hold'em No Limit ($0.02/$0.05 USD) - 2022/09/24 15:37:41 PT [2022/09/24 18:37:41 ET]
Table 'Unitas IV' 9-max Seat #2 is the button
Seat 1: pebete350 ($5 in chips) 
Seat 2: mercedeslydia ($10.11 in chips) 
Seat 3: MrWaffle_lol ($4.22 in chips) 
Seat 4: ZMadMartigan ($5 in chips) 
Seat 5: ZAURBEKK2013 ($6.10 in chips) 
Seat 6: dvdhmstar ($4.93 in chips) 
Seat 7: tanyaa1956 ($6.25 in chips) 
Seat 8: Dorex2007 ($5 in chips) 
MrWaffle_lol: posts small blind $0.02
ZMadMartigan: posts big blind $0.05
*** HOLE CARDS ***
Dealt to Dorex2007 [8h 8d]
ZAURBEKK2013: folds 
dvdhmstar: folds 
tanyaa1956: folds 
Dorex2007: raises $0.05 to $0.10
pebete350: folds 
blueberry leaves the table
mercedeslydia: raises $0.05 to $0.15
MrWaffle_lol: folds 
ZMadMartigan: folds 
Dorex2007: calls $0.05
*** FLOP *** [5d 9h 7d]
Dorex2007: checks 
mercedeslydia: checks 
*** TURN *** [5d 9h 7d] [Ah]
Dorex2007: checks 
mercedeslydia: bets $0.05
Dorex2007: calls $0.05
*** RIVER *** [5d 9h 7d Ah] [8c]
Dorex2007: bets $0.45
mercedeslydia: folds 
Uncalled bet ($0.45) returned to Dorex2007
Dorex2007 collected $0.45 from pot
Dorex2007: doesn't show hand 
*** SUMMARY ***
Total pot $0.47 | Rake $0.02 
Board [5d 9h 7d Ah 8c]
Seat 1: pebete350 folded before Flop (didn't bet)
Seat 2: mercedeslydia (button) folded on the River
Seat 3: MrWaffle_lol (small blind) folded before Flop
Seat 4: ZMadMartigan (big blind) folded before Flop
Seat 5: ZAURBEKK2013 folded before Flop (didn't bet)
Seat 6: dvdhmstar folded before Flop (didn't bet)
Seat 7: tanyaa1956 folded before Flop (didn't bet)
Seat 8: Dorex2007 collected ($0.45)



PokerStars Hand #238843635310:  Hold'em No Limit ($0.02/$0.05 USD) - 2022/09/24 15:38:41 PT [2022/09/24 18:38:41 ET]
Table 'Unitas IV' 9-max Seat #3 is the button
Seat 1: pebete350 ($5 in chips) 
Seat 2: mercedeslydia ($9.91 in chips) 
Seat 3: MrWaffle_lol ($4.20 in chips) 
Seat 4: ZMadMartigan ($4.95 in chips) 
Seat 5: ZAURBEKK2013 ($6.10 in chips) 
Seat 6: dvdhmstar ($4.93 in chips) 
Seat 7: tanyaa1956 ($6.25 in chips) 
Seat 8: Dorex2007 ($5.25 in chips) 
ZMadMartigan: posts small blind $0.02
ZAURBEKK2013: posts big blind $0.05
*** HOLE CARDS ***
Dealt to Dorex2007 [Ah 6s]
dvdhmstar: raises $0.10 to $0.15
tanyaa1956: folds 
Dorex2007: folds 
pebete350: folds 
mercedeslydia: raises $0.10 to $0.25
MrWaffle_lol: folds 
ZMadMartigan: folds 
ZAURBEKK2013: folds 
malliosK joins the table at seat #9 
dvdhmstar: raises $0.85 to $1.10
mercedeslydia: calls $0.85
*** FLOP *** [Ac 8h Qh]
dvdhmstar: bets $2.18
mercedeslydia: folds [9c 9s]
Uncalled bet ($2.18) returned to dvdhmstar
dvdhmstar collected $2.18 from pot
*** SUMMARY ***
Total pot $2.27 | Rake $0.09 
Board [Ac 8h Qh]
Seat 1: pebete350 folded before Flop (didn't bet)
Seat 2: mercedeslydia folded on the Flop
Seat 3: MrWaffle_lol (button) folded before Flop (didn't bet)
Seat 4: ZMadMartigan (small blind) folded before Flop
Seat 5: ZAURBEKK2013 (big blind) folded before Flop
Seat 6: dvdhmstar collected ($2.18)
Seat 7: tanyaa1956 folded before Flop (didn't bet)
Seat 8: Dorex2007 folded before Flop (didn't bet)



PokerStars Hand #238843658621:  Hold'em No Limit ($0.02/$0.05 USD) - 2022/09/24 15:39:50 PT [2022/09/24 18:39:50 ET]
Table 'Unitas IV' 9-max Seat #4 is the button
Seat 1: pebete350 ($5 in chips) 
Seat 2: mercedeslydia ($8.81 in chips) 
Seat 3: MrWaffle_lol ($4.20 in chips) 
Seat 4: ZMadMartigan ($4.93 in chips) 
Seat 5: ZAURBEKK2013 ($6.05 in chips) 
Seat 6: dvdhmstar ($6.01 in chips) 
Seat 7: tanyaa1956 ($6.25 in chips) 
Seat 8: Dorex2007 ($5.25 in chips) 
ZAURBEKK2013: posts small blind $0.02
dvdhmstar: posts big blind $0.05
malliosK: sits out 
*** HOLE CARDS ***
Dealt to Dorex2007 [6c 3h]
tanyaa1956: folds 
Dorex2007: folds 
pebete350: folds 
mercedeslydia: calls $0.05
MrWaffle_lol: folds 
ZMadMartigan: calls $0.05
ZAURBEKK2013: folds 
dvdhmstar: checks 
*** FLOP *** [Jh Qc 4h]
dvdhmstar: checks 
mercedeslydia: checks 
ZMadMartigan: bets $0.15
dvdhmstar: calls $0.15
mercedeslydia: folds 
*** TURN *** [Jh Qc 4h] [3c]
dvdhmstar: checks 
ZMadMartigan: checks 
*** RIVER *** [Jh Qc 4h 3c] [2c]
dvdhmstar: checks 
ZMadMartigan: checks 
*** SHOW DOWN ***
dvdhmstar: shows [Ah 4s] (a pair of Fours)
ZMadMartigan: shows [Js 8s] (a pair of Jacks)
ZMadMartigan collected $0.45 from pot
*** SUMMARY ***
Total pot $0.47 | Rake $0.02 
Board [Jh Qc 4h 3c 2c]
Seat 1: pebete350 folded before Flop (didn't bet)
Seat 2: mercedeslydia folded on the Flop
Seat 3: MrWaffle_lol folded before Flop (didn't bet)
Seat 4: ZMadMartigan (button) showed [Js 8s] and won ($0.45) with a pair of Jacks
Seat 5: ZAURBEKK2013 (small blind) folded before Flop
Seat 6: dvdhmstar (big blind) showed [Ah 4s] and lost with a pair of Fours
Seat 7: tanyaa1956 folded before Flop (didn't bet)
Seat 8: Dorex2007 folded before Flop (didn't bet)



PokerStars Hand #238843676559:  Hold'em No Limit ($0.02/$0.05 USD) - 2022/09/24 15:40:44 PT [2022/09/24 18:40:44 ET]
Table 'Unitas IV' 9-max Seat #5 is the button
Seat 1: pebete350 ($5 in chips) 
Seat 2: mercedeslydia ($8.76 in chips) 
Seat 3: MrWaffle_lol ($4.20 in chips) 
Seat 4: ZMadMartigan ($5.18 in chips) 
Seat 5: ZAURBEKK2013 ($6.03 in chips) 
Seat 6: dvdhmstar ($5.81 in chips) 
Seat 7: tanyaa1956 ($6.25 in chips) 
Seat 8: Dorex2007 ($5.25 in chips) 
dvdhmstar: posts small blind $0.02
tanyaa1956: posts big blind $0.05
malliosK: sits out 
*** HOLE CARDS ***
Dealt to Dorex2007 [Kc 4s]
Dorex2007: folds 
pebete350: folds 
mercedeslydia: calls $0.05
MrWaffle_lol: folds 
ZMadMartigan: folds 
ZAURBEKK2013: raises $0.15 to $0.20
dvdhmstar: calls $0.18
tanyaa1956: folds 
mercedeslydia: calls $0.15
*** FLOP *** [3d 3c 7s]
dvdhmstar: checks 
mercedeslydia: checks 
ZAURBEKK2013: bets $0.53
dvdhmstar: folds 
mercedeslydia: calls $0.53
*** TURN *** [3d 3c 7s] [5s]
mercedeslydia: bets $0.05
ZAURBEKK2013: calls $0.05
*** RIVER *** [3d 3c 7s 5s] [9c]
mercedeslydia: checks 
ZAURBEKK2013: bets $0.95
mercedeslydia: calls $0.95
*** SHOW DOWN ***
ZAURBEKK2013: shows [8s 9s] (two pair, Nines and Threes)
mercedeslydia: mucks hand 
ZAURBEKK2013 collected $3.56 from pot
*** SUMMARY ***
Total pot $3.71 | Rake $0.15 
Board [3d 3c 7s 5s 9c]
Seat 1: pebete350 folded before Flop (didn't bet)
Seat 2: mercedeslydia mucked [Jh 7c]
Seat 3: MrWaffle_lol folded before Flop (didn't bet)
Seat 4: ZMadMartigan folded before Flop (didn't bet)
Seat 5: ZAURBEKK2013 (button) showed [8s 9s] and won ($3.56) with two pair, Nines and Threes
Seat 6: dvdhmstar (small blind) folded on the Flop
Seat 7: tanyaa1956 (big blind) folded before Flop
Seat 8: Dorex2007 folded before Flop (didn't bet)



PokerStars Hand #238843700859:  Hold'em No Limit ($0.02/$0.05 USD) - 2022/09/24 15:41:57 PT [2022/09/24 18:41:57 ET]
Table 'Unitas IV' 9-max Seat #6 is the button
Seat 1: pebete350 ($5 in chips) 
Seat 2: mercedeslydia ($7.03 in chips) 
Seat 3: MrWaffle_lol ($4.20 in chips) 
Seat 4: ZMadMartigan ($5.18 in chips) 
Seat 5: ZAURBEKK2013 ($7.86 in chips) 
Seat 6: dvdhmstar ($5.61 in chips) 
Seat 7: tanyaa1956 ($6.20 in chips) 
Seat 8: Dorex2007 ($5.25 in chips) 
tanyaa1956: posts small blind $0.02
Dorex2007: posts big blind $0.05
malliosK: sits out 
*** HOLE CARDS ***
Dealt to Dorex2007 [2c 5h]
pebete350 has timed out
pebete350: folds 
mercedeslydia: calls $0.05
MrWaffle_lol: folds 
ZMadMartigan: calls $0.05
ZAURBEKK2013: calls $0.05
dvdhmstar: calls $0.05
tanyaa1956: folds 
Dorex2007: checks 
*** FLOP *** [Th Kc Jd]
Dorex2007: checks 
mercedeslydia: checks 
ZMadMartigan: bets $0.15
ZAURBEKK2013: folds 
dvdhmstar: folds 
Dorex2007: folds 
mercedeslydia: calls $0.15
*** TURN *** [Th Kc Jd] [Kh]
mercedeslydia: checks 
ZMadMartigan: checks 
*** RIVER *** [Th Kc Jd Kh] [5c]
mercedeslydia: checks 
ZMadMartigan: checks 
*** SHOW DOWN ***
mercedeslydia: shows [4s Qs] (a pair of Kings)
ZMadMartigan: shows [Jh Ts] (two pair, Kings and Jacks)
ZMadMartigan collected $0.55 from pot
*** SUMMARY ***
Total pot $0.57 | Rake $0.02 
Board [Th Kc Jd Kh 5c]
Seat 1: pebete350 folded before Flop (didn't bet)
Seat 2: mercedeslydia showed [4s Qs] and lost with a pair of Kings
Seat 3: MrWaffle_lol folded before Flop (didn't bet)
Seat 4: ZMadMartigan showed [Jh Ts] and won ($0.55) with two pair, Kings and Jacks
Seat 5: ZAURBEKK2013 folded on the Flop
Seat 6: dvdhmstar (button) folded on the Flop
Seat 7: tanyaa1956 (small blind) folded before Flop
Seat 8: Dorex2007 (big blind) folded on the Flop



PokerStars Hand #238843719896:  Hold'em No Limit ($0.02/$0.05 USD) - 2022/09/24 15:42:54 PT [2022/09/24 18:42:54 ET]
Table 'Unitas IV' 9-max Seat #7 is the button
Seat 1: pebete350 ($5 in chips) 
Seat 3: MrWaffle_lol ($4.20 in chips) 
Seat 4: ZMadMartigan ($5.53 in chips) 
Seat 5: ZAURBEKK2013 ($7.81 in chips) 
Seat 6: dvdhmstar ($5.56 in chips) 
Seat 7: tanyaa1956 ($6.18 in chips) 
Seat 8: Dorex2007 ($5.20 in chips) 
Seat 9: malliosK ($4 in chips) 
Dorex2007: posts small blind $0.02
malliosK: posts big blind $0.05
*** HOLE CARDS ***
Dealt to Dorex2007 [7d Qc]
pebete350: folds 
MrWaffle_lol: raises $0.12 to $0.17
mercedeslydia leaves the table
ZMadMartigan: folds 
ZAURBEKK2013: folds 
dvdhmstar: folds 
tanyaa1956: folds 
Dorex2007: folds 
malliosK: calls $0.12
*** FLOP *** [Td 9d 2h]
malliosK: checks 
MrWaffle_lol: bets $0.17
malliosK: calls $0.17
*** TURN *** [Td 9d 2h] [Ts]
malliosK: checks 
MrWaffle_lol: checks 
*** RIVER *** [Td 9d 2h Ts] [Kd]
malliosK: checks 
MrWaffle_lol: checks 
*** SHOW DOWN ***
malliosK: shows [Jd Kh] (two pair, Kings and Tens)
MrWaffle_lol: mucks hand 
malliosK collected $0.67 from pot
*** SUMMARY ***
Total pot $0.70 | Rake $0.03 
Board [Td 9d 2h Ts Kd]
Seat 1: pebete350 folded before Flop (didn't bet)
Seat 3: MrWaffle_lol mucked [Ah Qd]
Seat 4: ZMadMartigan folded before Flop (didn't bet)
Seat 5: ZAURBEKK2013 folded before Flop (didn't bet)
Seat 6: dvdhmstar folded before Flop (didn't bet)
Seat 7: tanyaa1956 (button) folded before Flop (didn't bet)
Seat 8: Dorex2007 (small blind) folded before Flop
Seat 9: malliosK (big blind) showed [Jd Kh] and won ($0.67) with two pair, Kings and Tens



PokerStars Hand #238843738504:  Hold'em No Limit ($0.02/$0.05 USD) - 2022/09/24 15:43:50 PT [2022/09/24 18:43:50 ET]
Table 'Unitas IV' 9-max Seat #8 is the button
Seat 1: pebete350 ($5 in chips) 
Seat 3: MrWaffle_lol ($3.86 in chips) 
Seat 4: ZMadMartigan ($5.53 in chips) 
Seat 5: ZAURBEKK2013 ($7.81 in chips) 
Seat 6: dvdhmstar ($5.56 in chips) 
Seat 7: tanyaa1956 ($6.18 in chips) 
Seat 8: Dorex2007 ($5.18 in chips) 
Seat 9: malliosK ($4.33 in chips) 
malliosK: posts small blind $0.02
pebete350: posts big blind $0.05
*** HOLE CARDS ***
Dealt to Dorex2007 [8c 7c]
MrWaffle_lol: folds 
ZMadMartigan: calls $0.05
ZAURBEKK2013: raises $0.10 to $0.15
dvdhmstar: folds 
tanyaa1956: folds 
Dorex2007: folds 
efo 824 joins the table at seat #2 
malliosK: folds 
pebete350: calls $0.10
ZMadMartigan: calls $0.10
*** FLOP *** [9d 5h 4s]
pebete350: checks 
MrWaffle_lol leaves the table
ZMadMartigan: checks 
ZAURBEKK2013: checks 
*** TURN *** [9d 5h 4s] [Js]
pebete350: checks 
ZMadMartigan: checks 
ZAURBEKK2013: bets $0.25
pebete350: calls $0.25
MrWaffle_lol joins the table at seat #3 
ZMadMartigan: calls $0.25
*** RIVER *** [9d 5h 4s Js] [9c]
pebete350: checks 
ZMadMartigan: checks 
ZAURBEKK2013: checks 
*** SHOW DOWN ***
pebete350: shows [9h Ah] (three of a kind, Nines)
ZMadMartigan: mucks hand 
ZAURBEKK2013: mucks hand 
pebete350 collected $1.17 from pot
*** SUMMARY ***
Total pot $1.22 | Rake $0.05 
Board [9d 5h 4s Js 9c]
Seat 1: pebete350 (big blind) showed [9h Ah] and won ($1.17) with three of a kind, Nines
Seat 3: MrWaffle_lol folded before Flop (didn't bet)
Seat 4: ZMadMartigan mucked [Kc 4c]
Seat 5: ZAURBEKK2013 mucked [As Qs]
Seat 6: dvdhmstar folded before Flop (didn't bet)
Seat 7: tanyaa1956 folded before Flop (didn't bet)
Seat 8: Dorex2007 (button) folded before Flop (didn't bet)
Seat 9: malliosK (small blind) folded before Flop



PokerStars Hand #238843766117:  Hold'em No Limit ($0.02/$0.05 USD) - 2022/09/24 15:45:14 PT [2022/09/24 18:45:14 ET]
Table 'Unitas IV' 9-max Seat #9 is the button
Seat 1: pebete350 ($5.77 in chips) 
Seat 2: efo 824 ($2.50 in chips) 
Seat 4: ZMadMartigan ($5.13 in chips) 
Seat 5: ZAURBEKK2013 ($7.41 in chips) 
Seat 6: dvdhmstar ($5.56 in chips) 
Seat 7: tanyaa1956 ($6.18 in chips) 
Seat 8: Dorex2007 ($5.18 in chips) 
Seat 9: malliosK ($4.31 in chips) 
pebete350: posts small blind $0.02
efo 824: posts big blind $0.05
MrWaffle_lol: sits out 
*** HOLE CARDS ***
Dealt to Dorex2007 [7d Tc]
ZMadMartigan: folds 
ZAURBEKK2013: folds 
dvdhmstar: folds 
tanyaa1956: folds 
Dorex2007: folds 
malliosK: folds 
pebete350: folds 
Uncalled bet ($0.03) returned to efo 824
efo 824 collected $0.04 from pot
efo 824: doesn't show hand 
*** SUMMARY ***
Total pot $0.04 | Rake $0 
Seat 1: pebete350 (small blind) folded before Flop
Seat 2: efo 824 (big blind) collected ($0.04)
Seat 4: ZMadMartigan folded before Flop (didn't bet)
Seat 5: ZAURBEKK2013 folded before Flop (didn't bet)
Seat 6: dvdhmstar folded before Flop (didn't bet)
Seat 7: tanyaa1956 folded before Flop (didn't bet)
Seat 8: Dorex2007 folded before Flop (didn't bet)
Seat 9: malliosK (button) folded before Flop (didn't bet)



PokerStars Hand #238843771285:  Hold'em No Limit ($0.02/$0.05 USD) - 2022/09/24 15:45:30 PT [2022/09/24 18:45:30 ET]
Table 'Unitas IV' 9-max Seat #1 is the button
Seat 1: pebete350 ($5.75 in chips) 
Seat 2: efo 824 ($2.52 in chips) 
Seat 3: MrWaffle_lol ($3.86 in chips) 
Seat 4: ZMadMartigan ($5.13 in chips) 
Seat 5: ZAURBEKK2013 ($7.41 in chips) 
Seat 6: dvdhmstar ($5.56 in chips) 
Seat 7: tanyaa1956 ($6.18 in chips) 
Seat 8: Dorex2007 ($5.18 in chips) 
Seat 9: malliosK ($4.31 in chips) 
efo 824: posts small blind $0.02
MrWaffle_lol: posts big blind $0.05
*** HOLE CARDS ***
Dealt to Dorex2007 [3h 7d]
ZMadMartigan: calls $0.05
ZAURBEKK2013: folds 
dvdhmstar: folds 
tanyaa1956: folds 
Dorex2007: folds 
malliosK: folds 
pebete350: folds 
efo 824: folds 
MrWaffle_lol: checks 
*** FLOP *** [8d Ah 2s]
MrWaffle_lol: checks 
ZMadMartigan: bets $0.10
MrWaffle_lol: folds 
Uncalled bet ($0.10) returned to ZMadMartigan
ZMadMartigan collected $0.12 from pot
*** SUMMARY ***
Total pot $0.12 | Rake $0 
Board [8d Ah 2s]
Seat 1: pebete350 (button) folded before Flop (didn't bet)
Seat 2: efo 824 (small blind) folded before Flop
Seat 3: MrWaffle_lol (big blind) folded on the Flop
Seat 4: ZMadMartigan collected ($0.12)
Seat 5: ZAURBEKK2013 folded before Flop (didn't bet)
Seat 6: dvdhmstar folded before Flop (didn't bet)
Seat 7: tanyaa1956 folded before Flop (didn't bet)
Seat 8: Dorex2007 folded before Flop (didn't bet)
Seat 9: malliosK folded before Flop (didn't bet)



PokerStars Hand #238843782616:  Hold'em No Limit ($0.02/$0.05 USD) - 2022/09/24 15:46:05 PT [2022/09/24 18:46:05 ET]
Table 'Unitas IV' 9-max Seat #2 is the button
Seat 1: pebete350 ($5.75 in chips) 
Seat 2: efo 824 ($2.50 in chips) 
Seat 3: MrWaffle_lol ($3.81 in chips) 
Seat 4: ZMadMartigan ($5.20 in chips) 
Seat 5: ZAURBEKK2013 ($7.41 in chips) 
Seat 6: dvdhmstar ($5.56 in chips) 
Seat 7: tanyaa1956 ($6.18 in chips) 
Seat 8: Dorex2007 ($5.18 in chips) 
Seat 9: malliosK ($4.31 in chips) 
MrWaffle_lol: posts small blind $0.02
ZMadMartigan: posts big blind $0.05
*** HOLE CARDS ***
Dealt to Dorex2007 [Jd 2s]
ZAURBEKK2013: folds 
dvdhmstar: folds 
tanyaa1956: folds 
Dorex2007: folds 
malliosK: calls $0.05
pebete350: folds 
efo 824: folds 
MrWaffle_lol: folds 
ZMadMartigan: checks 
*** FLOP *** [5h 4c 7h]
ZMadMartigan: checks 
malliosK: checks 
*** TURN *** [5h 4c 7h] [Kh]
ZMadMartigan: bets $0.15
malliosK: folds 
Uncalled bet ($0.15) returned to ZMadMartigan
ZMadMartigan collected $0.12 from pot
*** SUMMARY ***
Total pot $0.12 | Rake $0 
Board [5h 4c 7h Kh]
Seat 1: pebete350 folded before Flop (didn't bet)
Seat 2: efo 824 (button) folded before Flop (didn't bet)
Seat 3: MrWaffle_lol (small blind) folded before Flop
Seat 4: ZMadMartigan (big blind) collected ($0.12)
Seat 5: ZAURBEKK2013 folded before Flop (didn't bet)
Seat 6: dvdhmstar folded before Flop (didn't bet)
Seat 7: tanyaa1956 folded before Flop (didn't bet)
Seat 8: Dorex2007 folded before Flop (didn't bet)
Seat 9: malliosK folded on the Turn



PokerStars Hand #238843798890:  Hold'em No Limit ($0.02/$0.05 USD) - 2022/09/24 15:46:54 PT [2022/09/24 18:46:54 ET]
Table 'Unitas IV' 9-max Seat #3 is the button
Seat 1: pebete350 ($5.75 in chips) 
Seat 2: efo 824 ($2.50 in chips) 
Seat 3: MrWaffle_lol ($3.79 in chips) 
Seat 4: ZMadMartigan ($5.27 in chips) 
Seat 5: ZAURBEKK2013 ($7.41 in chips) 
Seat 6: dvdhmstar ($5.56 in chips) 
Seat 7: tanyaa1956 ($6.18 in chips) 
Seat 8: Dorex2007 ($5.18 in chips) 
Seat 9: malliosK ($4.26 in chips) 
ZMadMartigan: posts small blind $0.02
ZAURBEKK2013: posts big blind $0.05
*** HOLE CARDS ***
Dealt to Dorex2007 [8s 4s]
dvdhmstar: folds 
tanyaa1956: folds 
Dorex2007: folds 
malliosK: folds 
pebete350: folds 
efo 824: calls $0.05
MrWaffle_lol: folds 
ZMadMartigan: calls $0.03
ZAURBEKK2013: checks 
*** FLOP *** [Td Qs 6d]
ZMadMartigan: checks 
ZAURBEKK2013: checks 
efo 824: checks 
*** TURN *** [Td Qs 6d] [2d]
ZMadMartigan: checks 
ZAURBEKK2013: checks 
efo 824: checks 
*** RIVER *** [Td Qs 6d 2d] [5d]
ZMadMartigan: checks 
ZAURBEKK2013: checks 
efo 824: checks 
*** SHOW DOWN ***
ZMadMartigan: shows [7s 9c] (high card Queen)
ZAURBEKK2013: shows [Ts 4h] (a pair of Tens)
efo 824: shows [Th Ks] (a pair of Tens - King kicker)
efo 824 collected $0.14 from pot
*** SUMMARY ***
Total pot $0.15 | Rake $0.01 
Board [Td Qs 6d 2d 5d]
Seat 1: pebete350 folded before Flop (didn't bet)
Seat 2: efo 824 showed [Th Ks] and won ($0.14) with a pair of Tens
Seat 3: MrWaffle_lol (button) folded before Flop (didn't bet)
Seat 4: ZMadMartigan (small blind) showed [7s 9c] and lost with high card Queen
Seat 5: ZAURBEKK2013 (big blind) showed [Ts 4h] and lost with a pair of Tens
Seat 6: dvdhmstar folded before Flop (didn't bet)
Seat 7: tanyaa1956 folded before Flop (didn't bet)
Seat 8: Dorex2007 folded before Flop (didn't bet)
Seat 9: malliosK folded before Flop (didn't bet)



PokerStars Hand #238843815995:  Hold'em No Limit ($0.02/$0.05 USD) - 2022/09/24 15:47:47 PT [2022/09/24 18:47:47 ET]
Table 'Unitas IV' 9-max Seat #4 is the button
Seat 1: pebete350 ($5.75 in chips) 
Seat 2: efo 824 ($2.59 in chips) 
Seat 3: MrWaffle_lol ($3.79 in chips) 
Seat 4: ZMadMartigan ($5.22 in chips) 
Seat 5: ZAURBEKK2013 ($7.36 in chips) 
Seat 6: dvdhmstar ($5.56 in chips) 
Seat 7: tanyaa1956 ($6.18 in chips) 
Seat 8: Dorex2007 ($5.18 in chips) 
Seat 9: malliosK ($4.26 in chips) 
ZAURBEKK2013: posts small blind $0.02
dvdhmstar: posts big blind $0.05
*** HOLE CARDS ***
Dealt to Dorex2007 [Kh Qh]
tanyaa1956: raises $0.10 to $0.15
Dorex2007: calls $0.15
malliosK: folds 
pebete350: folds 
pebete350 leaves the table
efo 824: folds 
MrWaffle_lol: folds 
ZMadMartigan: folds 
ZAURBEKK2013: folds 
dvdhmstar: calls $0.10
*** FLOP *** [Qc 7d Ac]
dvdhmstar: checks 
tanyaa1956: checks 
Dorex2007: bets $0.22
dvdhmstar: folds 
garotoilund joins the table at seat #1 
tanyaa1956: folds 
Uncalled bet ($0.22) returned to Dorex2007
Dorex2007 collected $0.45 from pot
Dorex2007: doesn't show hand 
*** SUMMARY ***
Total pot $0.47 | Rake $0.02 
Board [Qc 7d Ac]
Seat 1: pebete350 folded before Flop (didn't bet)
Seat 2: efo 824 folded before Flop (didn't bet)
Seat 3: MrWaffle_lol folded before Flop (didn't bet)
Seat 4: ZMadMartigan (button) folded before Flop (didn't bet)
Seat 5: ZAURBEKK2013 (small blind) folded before Flop
Seat 6: dvdhmstar (big blind) folded on the Flop
Seat 7: tanyaa1956 folded on the Flop
Seat 8: Dorex2007 collected ($0.45)
Seat 9: malliosK folded before Flop (didn't bet)



PokerStars Hand #238843829141:  Hold'em No Limit ($0.02/$0.05 USD) - 2022/09/24 15:48:28 PT [2022/09/24 18:48:28 ET]
Table 'Unitas IV' 9-max Seat #5 is the button
Seat 1: garotoilund ($4 in chips) 
Seat 2: efo 824 ($2.59 in chips) 
Seat 3: MrWaffle_lol ($3.79 in chips) 
Seat 4: ZMadMartigan ($5.22 in chips) 
Seat 5: ZAURBEKK2013 ($7.34 in chips) 
Seat 6: dvdhmstar ($5.41 in chips) 
Seat 8: Dorex2007 ($5.48 in chips) 
Seat 9: malliosK ($4.26 in chips) 
dvdhmstar: posts small blind $0.02
tanyaa1956: is sitting out 
Dorex2007: posts big blind $0.05
garotoilund: posts big blind $0.05
*** HOLE CARDS ***
Dealt to Dorex2007 [2s Kc]
tanyaa1956 leaves the table
malliosK: folds 
garotoilund: raises $0.10 to $0.15
efo 824: calls $0.15
MrWaffle_lol: folds 
ZMadMartigan: folds 
ZAURBEKK2013: folds 
dvdhmstar: calls $0.13
Dorex2007: folds 
*** FLOP *** [Jd 3d Jh]
dvdhmstar: checks 
garotoilund: checks 
Tuxtaxunov joins the table at seat #7 
efo 824: checks 
*** TURN *** [Jd 3d Jh] [6d]
dvdhmstar: checks 
garotoilund: checks 
efo 824: checks 
*** RIVER *** [Jd 3d Jh 6d] [5s]
dvdhmstar: checks 
garotoilund: bets $0.45
efo 824: folds 
dvdhmstar: folds 
Uncalled bet ($0.45) returned to garotoilund
garotoilund collected $0.48 from pot
garotoilund: doesn't show hand 
*** SUMMARY ***
Total pot $0.50 | Rake $0.02 
Board [Jd 3d Jh 6d 5s]
Seat 1: garotoilund collected ($0.48)
Seat 2: efo 824 folded on the River
Seat 3: MrWaffle_lol folded before Flop (didn't bet)
Seat 4: ZMadMartigan folded before Flop (didn't bet)
Seat 5: ZAURBEKK2013 (button) folded before Flop (didn't bet)
Seat 6: dvdhmstar (small blind) folded on the River
Seat 8: Dorex2007 (big blind) folded before Flop
Seat 9: malliosK folded before Flop (didn't bet)



PokerStars Hand #238843851838:  Hold'em No Limit ($0.02/$0.05 USD) - 2022/09/24 15:49:38 PT [2022/09/24 18:49:38 ET]
Table 'Unitas IV' 9-max Seat #6 is the button
Seat 1: garotoilund ($4.33 in chips) 
Seat 2: efo 824 ($2.44 in chips) 
Seat 3: MrWaffle_lol ($3.79 in chips) 
Seat 4: ZMadMartigan ($5.22 in chips) 
Seat 5: ZAURBEKK2013 ($7.34 in chips) 
Seat 6: dvdhmstar ($5.26 in chips) 
Seat 8: Dorex2007 ($5.43 in chips) 
Seat 9: malliosK ($4.26 in chips) 
Dorex2007: posts small blind $0.02
malliosK: posts big blind $0.05
*** HOLE CARDS ***
Dealt to Dorex2007 [As 5h]
garotoilund: folds 
efo 824: folds 
MrWaffle_lol: folds 
ZMadMartigan: folds 
ZAURBEKK2013: folds 
dvdhmstar: folds 
Dorex2007: folds 
Uncalled bet ($0.03) returned to malliosK
malliosK collected $0.04 from pot
malliosK: doesn't show hand 
*** SUMMARY ***
Total pot $0.04 | Rake $0 
Seat 1: garotoilund folded before Flop (didn't bet)
Seat 2: efo 824 folded before Flop (didn't bet)
Seat 3: MrWaffle_lol folded before Flop (didn't bet)
Seat 4: ZMadMartigan folded before Flop (didn't bet)
Seat 5: ZAURBEKK2013 folded before Flop (didn't bet)
Seat 6: dvdhmstar (button) folded before Flop (didn't bet)
Seat 8: Dorex2007 (small blind) folded before Flop
Seat 9: malliosK (big blind) collected ($0.04)



PokerStars Hand #238843858791:  Hold'em No Limit ($0.02/$0.05 USD) - 2022/09/24 15:50:00 PT [2022/09/24 18:50:00 ET]
Table 'Unitas IV' 9-max Seat #8 is the button
Seat 1: garotoilund ($4.33 in chips) 
Seat 2: efo 824 ($2.44 in chips) 
Seat 3: MrWaffle_lol ($3.79 in chips) 
Seat 4: ZMadMartigan ($5.22 in chips) 
Seat 5: ZAURBEKK2013 ($7.34 in chips) 
Seat 6: dvdhmstar ($5.26 in chips) 
Seat 8: Dorex2007 ($5.41 in chips) 
Seat 9: malliosK ($4.28 in chips) 
malliosK: posts small blind $0.02
garotoilund: posts big blind $0.05
Tuxtaxunov: sits out 
*** HOLE CARDS ***
Dealt to Dorex2007 [5h 7c]
efo 824: folds 
MrWaffle_lol: folds 
ZMadMartigan: raises $0.05 to $0.10
ZAURBEKK2013: calls $0.10
dvdhmstar: folds 
Dorex2007: folds 
malliosK: folds 
garotoilund: folds 
*** FLOP *** [3d Jc 5d]
ZMadMartigan: checks 
ZAURBEKK2013: checks 
*** TURN *** [3d Jc 5d] [6c]
ZMadMartigan: checks 
ZAURBEKK2013: bets $0.14
ZMadMartigan: folds 
Uncalled bet ($0.14) returned to ZAURBEKK2013
ZAURBEKK2013 collected $0.26 from pot
ZAURBEKK2013: doesn't show hand 
*** SUMMARY ***
Total pot $0.27 | Rake $0.01 
Board [3d Jc 5d 6c]
Seat 1: garotoilund (big blind) folded before Flop
Seat 2: efo 824 folded before Flop (didn't bet)
Seat 3: MrWaffle_lol folded before Flop (didn't bet)
Seat 4: ZMadMartigan folded on the Turn
Seat 5: ZAURBEKK2013 collected ($0.26)
Seat 6: dvdhmstar folded before Flop (didn't bet)
Seat 8: Dorex2007 (button) folded before Flop (didn't bet)
Seat 9: malliosK (small blind) folded before Flop



PokerStars Hand #238843876760:  Hold'em No Limit ($0.02/$0.05 USD) - 2022/09/24 15:50:56 PT [2022/09/24 18:50:56 ET]
Table 'Unitas IV' 9-max Seat #9 is the button
Seat 1: garotoilund ($4.28 in chips) 
Seat 2: efo 824 ($2.44 in chips) 
Seat 3: MrWaffle_lol ($3.79 in chips) 
Seat 4: ZMadMartigan ($5.12 in chips) 
Seat 5: ZAURBEKK2013 ($7.50 in chips) 
Seat 6: dvdhmstar ($5.26 in chips) 
Seat 8: Dorex2007 ($5.41 in chips) 
Seat 9: malliosK ($4.26 in chips) 
garotoilund: posts small blind $0.02
efo 824: posts big blind $0.05
Tuxtaxunov: sits out 
*** HOLE CARDS ***
Dealt to Dorex2007 [9d 4s]
MrWaffle_lol: folds 
ZMadMartigan: folds 
ZAURBEKK2013: folds 
dvdhmstar: folds 
Dorex2007: folds 
malliosK: folds 
garotoilund: raises $0.05 to $0.10
efo 824: folds 
Uncalled bet ($0.05) returned to garotoilund
garotoilund collected $0.10 from pot
garotoilund: doesn't show hand 
*** SUMMARY ***
Total pot $0.10 | Rake $0 
Seat 1: garotoilund (small blind) collected ($0.10)
Seat 2: efo 824 (big blind) folded before Flop
Seat 3: MrWaffle_lol folded before Flop (didn't bet)
Seat 4: ZMadMartigan folded before Flop (didn't bet)
Seat 5: ZAURBEKK2013 folded before Flop (didn't bet)
Seat 6: dvdhmstar folded before Flop (didn't bet)
Seat 8: Dorex2007 folded before Flop (didn't bet)
Seat 9: malliosK (button) folded before Flop (didn't bet)



PokerStars Hand #238843881570:  Hold'em No Limit ($0.02/$0.05 USD) - 2022/09/24 15:51:11 PT [2022/09/24 18:51:11 ET]
Table 'Unitas IV' 9-max Seat #1 is the button
Seat 1: garotoilund ($4.33 in chips) 
Seat 2: efo 824 ($2.39 in chips) 
Seat 3: MrWaffle_lol ($3.79 in chips) 
Seat 4: ZMadMartigan ($5.12 in chips) 
Seat 5: ZAURBEKK2013 ($7.50 in chips) 
Seat 6: dvdhmstar ($5.26 in chips) 
Seat 8: Dorex2007 ($5.41 in chips) 
Seat 9: malliosK ($4.26 in chips) 
efo 824: posts small blind $0.02
MrWaffle_lol: posts big blind $0.05
Tuxtaxunov: sits out 
*** HOLE CARDS ***
Dealt to Dorex2007 [5d Jd]
ZMadMartigan: folds 
ZAURBEKK2013: folds 
dvdhmstar: raises $0.05 to $0.10
Dorex2007: folds 
malliosK: folds 
garotoilund: raises $0.25 to $0.35
efo 824: folds 
MrWaffle_lol: folds 
dvdhmstar: calls $0.25
*** FLOP *** [2h Ad 2s]
dvdhmstar: checks 
garotoilund: bets $0.37
dvdhmstar: raises $0.37 to $0.74
garotoilund: calls $0.37
*** TURN *** [2h Ad 2s] [7h]
dvdhmstar: bets $1.08
garotoilund: calls $1.08
*** RIVER *** [2h Ad 2s 7h] [Qh]
dvdhmstar: bets $2.20
garotoilund: folds 
Uncalled bet ($2.20) returned to dvdhmstar
dvdhmstar collected $4.23 from pot
*** SUMMARY ***
Total pot $4.41 | Rake $0.18 
Board [2h Ad 2s 7h Qh]
Seat 1: garotoilund (button) folded on the River
Seat 2: efo 824 (small blind) folded before Flop
Seat 3: MrWaffle_lol (big blind) folded before Flop
Seat 4: ZMadMartigan folded before Flop (didn't bet)
Seat 5: ZAURBEKK2013 folded before Flop (didn't bet)
Seat 6: dvdhmstar collected ($4.23)
Seat 8: Dorex2007 folded before Flop (didn't bet)
Seat 9: malliosK folded before Flop (didn't bet)



PokerStars Hand #238843917157:  Hold'em No Limit ($0.02/$0.05 USD) - 2022/09/24 15:53:04 PT [2022/09/24 18:53:04 ET]
Table 'Unitas IV' 9-max Seat #2 is the button
Seat 1: garotoilund ($2.16 in chips) 
Seat 2: efo 824 ($2.37 in chips) 
Seat 3: MrWaffle_lol ($3.74 in chips) 
Seat 4: ZMadMartigan ($5.12 in chips) 
Seat 5: ZAURBEKK2013 ($7.50 in chips) 
Seat 6: dvdhmstar ($7.32 in chips) 
Seat 8: Dorex2007 ($5.41 in chips) 
Seat 9: malliosK ($4.26 in chips) 
MrWaffle_lol: posts small blind $0.02
ZMadMartigan: posts big blind $0.05
Tuxtaxunov: sits out 
*** HOLE CARDS ***
Dealt to Dorex2007 [6c 4h]
ZAURBEKK2013: raises $0.10 to $0.15
dvdhmstar: folds 
Dorex2007: folds 
malliosK: folds 
garotoilund: folds 
efo 824: calls $0.15
MrWaffle_lol: folds 
ZMadMartigan: calls $0.10
*** FLOP *** [3c Kh 6h]
ZMadMartigan: checks 
ZAURBEKK2013: checks 
efo 824: checks 
*** TURN *** [3c Kh 6h] [Qd]
ZMadMartigan: checks 
ZAURBEKK2013: checks 
efo 824: checks 
*** RIVER *** [3c Kh 6h Qd] [Qs]
ZMadMartigan: checks 
ZAURBEKK2013: checks 
efo 824: checks 
*** SHOW DOWN ***
ZMadMartigan: shows [Tc Ah] (a pair of Queens)
ZAURBEKK2013: shows [2d 2c] (two pair, Queens and Deuces)
efo 824: mucks hand 
ZAURBEKK2013 collected $0.45 from pot
*** SUMMARY ***
Total pot $0.47 | Rake $0.02 
Board [3c Kh 6h Qd Qs]
Seat 1: garotoilund folded before Flop (didn't bet)
Seat 2: efo 824 (button) mucked [8d Ad]
Seat 3: MrWaffle_lol (small blind) folded before Flop
Seat 4: ZMadMartigan (big blind) showed [Tc Ah] and lost with a pair of Queens
Seat 5: ZAURBEKK2013 showed [2d 2c] and won ($0.45) with two pair, Queens and Deuces
Seat 6: dvdhmstar folded before Flop (didn't bet)
Seat 8: Dorex2007 folded before Flop (didn't bet)
Seat 9: malliosK folded before Flop (didn't bet)



PokerStars Hand #238843941462:  Hold'em No Limit ($0.02/$0.05 USD) - 2022/09/24 15:54:22 PT [2022/09/24 18:54:22 ET]
Table 'Unitas IV' 9-max Seat #3 is the button
Seat 1: garotoilund ($2.16 in chips) 
Seat 2: efo 824 ($2.22 in chips) 
Seat 3: MrWaffle_lol ($3.72 in chips) 
Seat 4: ZMadMartigan ($4.97 in chips) 
Seat 5: ZAURBEKK2013 ($7.80 in chips) 
Seat 6: dvdhmstar ($7.32 in chips) 
Seat 8: Dorex2007 ($5.41 in chips) 
Seat 9: malliosK ($4.26 in chips) 
ZMadMartigan: posts small blind $0.02
ZAURBEKK2013: posts big blind $0.05
Tuxtaxunov: sits out 
*** HOLE CARDS ***
Dealt to Dorex2007 [8s Ts]
dvdhmstar: raises $0.10 to $0.15
Dorex2007: folds 
malliosK: folds 
garotoilund: folds 
efo 824: calls $0.15
MrWaffle_lol: folds 
ZMadMartigan: folds 
ZAURBEKK2013: folds 
*** FLOP *** [3c 6s Jd]
dvdhmstar: bets $0.35
efo 824: folds 
Uncalled bet ($0.35) returned to dvdhmstar
dvdhmstar collected $0.35 from pot
*** SUMMARY ***
Total pot $0.37 | Rake $0.02 
Board [3c 6s Jd]
Seat 1: garotoilund folded before Flop (didn't bet)
Seat 2: efo 824 folded on the Flop
Seat 3: MrWaffle_lol (button) folded before Flop (didn't bet)
Seat 4: ZMadMartigan (small blind) folded before Flop
Seat 5: ZAURBEKK2013 (big blind) folded before Flop
Seat 6: dvdhmstar collected ($0.35)
Seat 8: Dorex2007 folded before Flop (didn't bet)
Seat 9: malliosK folded before Flop (didn't bet)



PokerStars Hand #238843953308:  Hold'em No Limit ($0.02/$0.05 USD) - 2022/09/24 15:55:00 PT [2022/09/24 18:55:00 ET]
Table 'Unitas IV' 9-max Seat #4 is the button
Seat 1: garotoilund ($2.16 in chips) 
Seat 2: efo 824 ($2.07 in chips) 
Seat 3: MrWaffle_lol ($3.72 in chips) 
Seat 4: ZMadMartigan ($4.95 in chips) 
Seat 5: ZAURBEKK2013 ($7.75 in chips) 
Seat 6: dvdhmstar ($7.52 in chips) 
Seat 8: Dorex2007 ($5.41 in chips) 
Seat 9: malliosK ($4.26 in chips) 
ZAURBEKK2013: posts small blind $0.02
dvdhmstar: posts big blind $0.05
Tuxtaxunov: sits out 
*** HOLE CARDS ***
Dealt to Dorex2007 [8s As]
Dorex2007: folds 
malliosK: folds 
garotoilund: folds 
efo 824: folds 
MrWaffle_lol: folds 
ZMadMartigan: folds 
ZAURBEKK2013: folds 
Uncalled bet ($0.03) returned to dvdhmstar
dvdhmstar collected $0.04 from pot
*** SUMMARY ***
Total pot $0.04 | Rake $0 
Seat 1: garotoilund folded before Flop (didn't bet)
Seat 2: efo 824 folded before Flop (didn't bet)
Seat 3: MrWaffle_lol folded before Flop (didn't bet)
Seat 4: ZMadMartigan (button) folded before Flop (didn't bet)
Seat 5: ZAURBEKK2013 (small blind) folded before Flop
Seat 6: dvdhmstar (big blind) collected ($0.04)
Seat 8: Dorex2007 folded before Flop (didn't bet)
Seat 9: malliosK folded before Flop (didn't bet)



PokerStars Hand #238843958638:  Hold'em No Limit ($0.02/$0.05 USD) - 2022/09/24 15:55:18 PT [2022/09/24 18:55:18 ET]
Table 'Unitas IV' 9-max Seat #5 is the button
Seat 1: garotoilund ($2.16 in chips) 
Seat 2: efo 824 ($2.07 in chips) 
Seat 3: MrWaffle_lol ($3.72 in chips) 
Seat 4: ZMadMartigan ($4.95 in chips) 
Seat 5: ZAURBEKK2013 ($7.73 in chips) 
Seat 6: dvdhmstar ($7.54 in chips) 
Seat 7: Tuxtaxunov ($5 in chips) 
Seat 8: Dorex2007 ($5.41 in chips) 
Seat 9: malliosK ($4.26 in chips) 
dvdhmstar: posts small blind $0.02
Tuxtaxunov: posts big blind $0.05
*** HOLE CARDS ***
Dealt to Dorex2007 [8h 8c]
Dorex2007: calls $0.05
malliosK has timed out
malliosK: folds 
garotoilund: raises $0.05 to $0.10
efo 824: folds 
MrWaffle_lol: folds 
ZMadMartigan: calls $0.10
ZAURBEKK2013: raises $0.40 to $0.50
dvdhmstar: folds 
Tuxtaxunov: folds 
Dorex2007: folds 
garotoilund: calls $0.40
ZMadMartigan: calls $0.40
*** FLOP *** [Js 3s Qd]
garotoilund: bets $1.66 and is all-in
ZMadMartigan: raises $2.79 to $4.45 and is all-in
ZAURBEKK2013: folds 
Uncalled bet ($2.79) returned to ZMadMartigan
*** TURN *** [Js 3s Qd] [6d]
*** RIVER *** [Js 3s Qd 6d] [2h]
*** SHOW DOWN ***
garotoilund: shows [Tc Qc] (a pair of Queens)
ZMadMartigan: shows [8s Ts] (high card Queen)
garotoilund collected $4.73 from pot
*** SUMMARY ***
Total pot $4.94 | Rake $0.21 
Board [Js 3s Qd 6d 2h]
Seat 1: garotoilund showed [Tc Qc] and won ($4.73) with a pair of Queens
Seat 2: efo 824 folded before Flop (didn't bet)
Seat 3: MrWaffle_lol folded before Flop (didn't bet)
Seat 4: ZMadMartigan showed [8s Ts] and lost with high card Queen
Seat 5: ZAURBEKK2013 (button) folded on the Flop
Seat 6: dvdhmstar (small blind) folded before Flop
Seat 7: Tuxtaxunov (big blind) folded before Flop
Seat 8: Dorex2007 folded before Flop
Seat 9: malliosK folded before Flop (didn't bet)



PokerStars Hand #238844176798:  Hold'em No Limit ($0.02/$0.05 USD) - 2022/09/24 16:08:19 PT [2022/09/24 19:08:19 ET]
Table 'Unitas IV' 9-max Seat #9 is the button
Seat 1: garotoilund ($1.93 in chips) 
Seat 2: efo 824 ($1.98 in chips) 
Seat 3: MrWaffle_lol ($6.53 in chips) 
Seat 4: ZMadMartigan ($4.27 in chips) 
Seat 5: ZAURBEKK2013 ($3.50 in chips) 
Seat 6: dvdhmstar ($5.85 in chips) 
Seat 7: Tuxtaxunov ($5.07 in chips) 
Seat 8: Dorex2007 ($5.36 in chips) 
Seat 9: malliosK ($7.26 in chips) 
garotoilund: posts small blind $0.02
efo 824: posts big blind $0.05
Dorex2007: posts small & big blinds $0.07
*** HOLE CARDS ***
Dealt to Dorex2007 [3s Jd]
MrWaffle_lol: folds 
ZMadMartigan: folds 
ZAURBEKK2013: folds 
dvdhmstar: folds 
Tuxtaxunov: folds 
Dorex2007: checks 
malliosK: calls $0.05
garotoilund: folds 
efo 824: checks 
*** FLOP *** [6d Ad 6c]
efo 824: checks 
Dorex2007: checks 
malliosK: checks 
*** TURN *** [6d Ad 6c] [Js]
efo 824: checks 
Dorex2007: bets $0.09
malliosK: calls $0.09
efo 824: folds 
*** RIVER *** [6d Ad 6c Js] [Ts]
Dorex2007: bets $0.17
malliosK: raises $1.18 to $1.35
Dorex2007: folds 
Uncalled bet ($1.18) returned to malliosK
malliosK collected $0.68 from pot
malliosK: doesn't show hand 
*** SUMMARY ***
Total pot $0.71 | Rake $0.03 
Board [6d Ad 6c Js Ts]
Seat 1: garotoilund (small blind) folded before Flop
Seat 2: efo 824 (big blind) folded on the Turn
Seat 3: MrWaffle_lol folded before Flop (didn't bet)
Seat 4: ZMadMartigan folded before Flop (didn't bet)
Seat 5: ZAURBEKK2013 folded before Flop (didn't bet)
Seat 6: dvdhmstar folded before Flop (didn't bet)
Seat 7: Tuxtaxunov folded before Flop (didn't bet)
Seat 8: Dorex2007 folded on the River
Seat 9: malliosK (button) collected ($0.68)



PokerStars Hand #238844197232:  Hold'em No Limit ($0.02/$0.05 USD) - 2022/09/24 16:09:26 PT [2022/09/24 19:09:26 ET]
Table 'Unitas IV' 9-max Seat #1 is the button
Seat 1: garotoilund ($1.91 in chips) 
Seat 2: efo 824 ($1.93 in chips) 
Seat 3: MrWaffle_lol ($6.53 in chips) 
Seat 4: ZMadMartigan ($4.27 in chips) 
Seat 5: ZAURBEKK2013 ($3.50 in chips) 
Seat 6: dvdhmstar ($5.85 in chips) 
Seat 7: Tuxtaxunov ($5.07 in chips) 
Seat 8: Dorex2007 ($5.03 in chips) 
Seat 9: malliosK ($7.63 in chips) 
efo 824: posts small blind $0.02
MrWaffle_lol: posts big blind $0.05
*** HOLE CARDS ***
Dealt to Dorex2007 [3c 6h]
ZMadMartigan: folds 
ZAURBEKK2013: folds 
dvdhmstar: folds 
Tuxtaxunov: folds 
Dorex2007: folds 
malliosK: folds 
garotoilund: folds 
efo 824: calls $0.03
MrWaffle_lol: checks 
*** FLOP *** [3d 5h Jd]
efo 824: checks 
MrWaffle_lol: checks 
*** TURN *** [3d 5h Jd] [Kd]
efo 824: checks 
MrWaffle_lol: checks 
*** RIVER *** [3d 5h Jd Kd] [Jh]
efo 824: checks 
MrWaffle_lol: checks 
*** SHOW DOWN ***
efo 824: shows [8s Tc] (a pair of Jacks)
MrWaffle_lol: shows [Th Kh] (two pair, Kings and Jacks)
MrWaffle_lol collected $0.10 from pot
*** SUMMARY ***
Total pot $0.10 | Rake $0 
Board [3d 5h Jd Kd Jh]
Seat 1: garotoilund (button) folded before Flop (didn't bet)
Seat 2: efo 824 (small blind) showed [8s Tc] and lost with a pair of Jacks
Seat 3: MrWaffle_lol (big blind) showed [Th Kh] and won ($0.10) with two pair, Kings and Jacks
Seat 4: ZMadMartigan folded before Flop (didn't bet)
Seat 5: ZAURBEKK2013 folded before Flop (didn't bet)
Seat 6: dvdhmstar folded before Flop (didn't bet)
Seat 7: Tuxtaxunov folded before Flop (didn't bet)
Seat 8: Dorex2007 folded before Flop (didn't bet)
Seat 9: malliosK folded before Flop (didn't bet)



PokerStars Hand #238844210866:  Hold'em No Limit ($0.02/$0.05 USD) - 2022/09/24 16:10:11 PT [2022/09/24 19:10:11 ET]
Table 'Unitas IV' 9-max Seat #2 is the button
Seat 1: garotoilund ($1.91 in chips) 
Seat 2: efo 824 ($1.88 in chips) 
Seat 3: MrWaffle_lol ($6.58 in chips) 
Seat 4: ZMadMartigan ($4.27 in chips) 
Seat 5: ZAURBEKK2013 ($3.50 in chips) 
Seat 6: dvdhmstar ($5.85 in chips) 
Seat 7: Tuxtaxunov ($5.07 in chips) 
Seat 8: Dorex2007 ($5.03 in chips) 
MrWaffle_lol: posts small blind $0.02
ZMadMartigan: posts big blind $0.05
*** HOLE CARDS ***
Dealt to Dorex2007 [Kc 5d]
ZAURBEKK2013: folds 
dvdhmstar: raises $0.05 to $0.10
Tuxtaxunov: folds 
Dorex2007: folds 
garotoilund: folds 
efo 824: folds 
MrWaffle_lol: folds 
ZMadMartigan: folds 
Uncalled bet ($0.05) returned to dvdhmstar
dvdhmstar collected $0.12 from pot
*** SUMMARY ***
Total pot $0.12 | Rake $0 
Seat 1: garotoilund folded before Flop (didn't bet)
Seat 2: efo 824 (button) folded before Flop (didn't bet)
Seat 3: MrWaffle_lol (small blind) folded before Flop
Seat 4: ZMadMartigan (big blind) folded before Flop
Seat 5: ZAURBEKK2013 folded before Flop (didn't bet)
Seat 6: dvdhmstar collected ($0.12)
Seat 7: Tuxtaxunov folded before Flop (didn't bet)
Seat 8: Dorex2007 folded before Flop (didn't bet)



PokerStars Hand #238844219671:  Hold'em No Limit ($0.02/$0.05 USD) - 2022/09/24 16:10:41 PT [2022/09/24 19:10:41 ET]
Table 'Unitas IV' 9-max Seat #3 is the button
Seat 1: garotoilund ($1.91 in chips) 
Seat 2: efo 824 ($1.88 in chips) 
Seat 3: MrWaffle_lol ($6.56 in chips) 
Seat 4: ZMadMartigan ($4.22 in chips) 
Seat 5: ZAURBEKK2013 ($3.50 in chips) 
Seat 6: dvdhmstar ($5.92 in chips) 
Seat 7: Tuxtaxunov ($5.07 in chips) 
Seat 8: Dorex2007 ($5.03 in chips) 
ZMadMartigan: posts small blind $0.02
ZAURBEKK2013: posts big blind $0.05
*** HOLE CARDS ***
Dealt to Dorex2007 [Jc 9h]
dvdhmstar: folds 
Tuxtaxunov: raises $0.10 to $0.15
Dorex2007: folds 
garotoilund: folds 
efo 824: calls $0.15
MrWaffle_lol: folds 
ZMadMartigan: calls $0.13
ZAURBEKK2013: folds 
*** FLOP *** [6s Th 5c]
ZMadMartigan: checks 
Tuxtaxunov: bets $0.24
efo 824: folds 
ZMadMartigan: calls $0.24
*** TURN *** [6s Th 5c] [7s]
ZMadMartigan: bets $0.94
Tuxtaxunov: folds 
Uncalled bet ($0.94) returned to ZMadMartigan
ZMadMartigan collected $0.94 from pot
*** SUMMARY ***
Total pot $0.98 | Rake $0.04 
Board [6s Th 5c 7s]
Seat 1: garotoilund folded before Flop (didn't bet)
Seat 2: efo 824 folded on the Flop
Seat 3: MrWaffle_lol (button) folded before Flop (didn't bet)
Seat 4: ZMadMartigan (small blind) collected ($0.94)
Seat 5: ZAURBEKK2013 (big blind) folded before Flop
Seat 6: dvdhmstar folded before Flop (didn't bet)
Seat 7: Tuxtaxunov folded on the Turn
Seat 8: Dorex2007 folded before Flop (didn't bet)



PokerStars Hand #238844236391:  Hold'em No Limit ($0.02/$0.05 USD) - 2022/09/24 16:11:37 PT [2022/09/24 19:11:37 ET]
Table 'Unitas IV' 9-max Seat #4 is the button
Seat 1: garotoilund ($1.91 in chips) 
Seat 2: efo 824 ($1.73 in chips) 
Seat 3: MrWaffle_lol ($6.56 in chips) 
Seat 4: ZMadMartigan ($4.77 in chips) 
Seat 5: ZAURBEKK2013 ($3.45 in chips) 
Seat 6: dvdhmstar ($5.92 in chips) 
Seat 7: Tuxtaxunov ($5 in chips) 
Seat 8: Dorex2007 ($5.03 in chips) 
Seat 9: malliosK ($7.63 in chips) 
ZAURBEKK2013: posts small blind $0.02
dvdhmstar: posts big blind $0.05
*** HOLE CARDS ***
Dealt to Dorex2007 [3h Td]
Tuxtaxunov: folds 
Dorex2007: folds 
malliosK: folds 
garotoilund: folds 
efo 824: folds 
MrWaffle_lol: folds 
ZMadMartigan: folds 
ZAURBEKK2013: folds 
Uncalled bet ($0.03) returned to dvdhmstar
dvdhmstar collected $0.04 from pot
*** SUMMARY ***
Total pot $0.04 | Rake $0 
Seat 1: garotoilund folded before Flop (didn't bet)
Seat 2: efo 824 folded before Flop (didn't bet)
Seat 3: MrWaffle_lol folded before Flop (didn't bet)
Seat 4: ZMadMartigan (button) folded before Flop (didn't bet)
Seat 5: ZAURBEKK2013 (small blind) folded before Flop
Seat 6: dvdhmstar (big blind) collected ($0.04)
Seat 7: Tuxtaxunov folded before Flop (didn't bet)
Seat 8: Dorex2007 folded before Flop (didn't bet)
Seat 9: malliosK folded before Flop (didn't bet)



PokerStars Hand #238844242602:  Hold'em No Limit ($0.02/$0.05 USD) - 2022/09/24 16:11:58 PT [2022/09/24 19:11:58 ET]
Table 'Unitas IV' 9-max Seat #5 is the button
Seat 1: garotoilund ($1.91 in chips) 
Seat 2: efo 824 ($1.73 in chips) 
Seat 3: MrWaffle_lol ($6.56 in chips) 
Seat 4: ZMadMartigan ($4.77 in chips) 
Seat 5: ZAURBEKK2013 ($3.43 in chips) 
Seat 6: dvdhmstar ($5.94 in chips) 
Seat 7: Tuxtaxunov ($5 in chips) 
Seat 8: Dorex2007 ($5.03 in chips) 
Seat 9: malliosK ($7.63 in chips) 
dvdhmstar: posts small blind $0.02
Tuxtaxunov: posts big blind $0.05
*** HOLE CARDS ***
Dealt to Dorex2007 [Ts Qh]
Dorex2007: folds 
malliosK: raises $0.06 to $0.11
garotoilund: folds 
efo 824: folds 
MrWaffle_lol: folds 
ZMadMartigan: folds 
ZAURBEKK2013: folds 
dvdhmstar: folds 
Tuxtaxunov: folds 
Uncalled bet ($0.06) returned to malliosK
malliosK collected $0.12 from pot
malliosK: doesn't show hand 
*** SUMMARY ***
Total pot $0.12 | Rake $0 
Seat 1: garotoilund folded before Flop (didn't bet)
Seat 2: efo 824 folded before Flop (didn't bet)
Seat 3: MrWaffle_lol folded before Flop (didn't bet)
Seat 4: ZMadMartigan folded before Flop (didn't bet)
Seat 5: ZAURBEKK2013 (button) folded before Flop (didn't bet)
Seat 6: dvdhmstar (small blind) folded before Flop
Seat 7: Tuxtaxunov (big blind) folded before Flop
Seat 8: Dorex2007 folded before Flop (didn't bet)
Seat 9: malliosK collected ($0.12)



PokerStars Hand #238844250687:  Hold'em No Limit ($0.02/$0.05 USD) - 2022/09/24 16:12:25 PT [2022/09/24 19:12:25 ET]
Table 'Unitas IV' 9-max Seat #6 is the button
Seat 1: garotoilund ($1.91 in chips) 
Seat 2: efo 824 ($1.73 in chips) 
Seat 3: MrWaffle_lol ($6.56 in chips) 
Seat 4: ZMadMartigan ($4.77 in chips) 
Seat 5: ZAURBEKK2013 ($3.43 in chips) 
Seat 6: dvdhmstar ($5.92 in chips) 
Seat 7: Tuxtaxunov ($5 in chips) 
Seat 8: Dorex2007 ($5.03 in chips) 
Seat 9: malliosK ($7.70 in chips) 
Tuxtaxunov: posts small blind $0.02
Dorex2007: posts big blind $0.05
*** HOLE CARDS ***
Dealt to Dorex2007 [Ad 9s]
malliosK: calls $0.05
garotoilund: folds 
efo 824: calls $0.05
MrWaffle_lol: folds 
ZMadMartigan: calls $0.05
ZAURBEKK2013: folds 
dvdhmstar: folds 
Tuxtaxunov: folds 
Dorex2007: checks 
*** FLOP *** [Qc Qh 7d]
Dorex2007: checks 
malliosK: checks 
efo 824: checks 
ZMadMartigan: checks 
*** TURN *** [Qc Qh 7d] [Ac]
Dorex2007: checks 
malliosK: checks 
efo 824: checks 
ZMadMartigan: checks 
*** RIVER *** [Qc Qh 7d Ac] [9d]
Dorex2007: bets $0.10
malliosK: folds 
efo 824: calls $0.10
ZMadMartigan: folds 
*** SHOW DOWN ***
Dorex2007: shows [Ad 9s] (two pair, Aces and Queens)
efo 824: mucks hand 
Dorex2007 collected $0.40 from pot
*** SUMMARY ***
Total pot $0.42 | Rake $0.02 
Board [Qc Qh 7d Ac 9d]
Seat 1: garotoilund folded before Flop (didn't bet)
Seat 2: efo 824 mucked [7c Jd]
Seat 3: MrWaffle_lol folded before Flop (didn't bet)
Seat 4: ZMadMartigan folded on the River
Seat 5: ZAURBEKK2013 folded before Flop (didn't bet)
Seat 6: dvdhmstar (button) folded before Flop (didn't bet)
Seat 7: Tuxtaxunov (small blind) folded before Flop
Seat 8: Dorex2007 (big blind) showed [Ad 9s] and won ($0.40) with two pair, Aces and Queens
Seat 9: malliosK folded on the River



PokerStars Hand #238844276423:  Hold'em No Limit ($0.02/$0.05 USD) - 2022/09/24 16:13:51 PT [2022/09/24 19:13:51 ET]
Table 'Unitas IV' 9-max Seat #7 is the button
Seat 1: garotoilund ($1.91 in chips) 
Seat 2: efo 824 ($1.58 in chips) 
Seat 3: MrWaffle_lol ($6.56 in chips) 
Seat 4: ZMadMartigan ($4.72 in chips) 
Seat 5: ZAURBEKK2013 ($3.43 in chips) 
Seat 6: dvdhmstar ($5.92 in chips) 
Seat 7: Tuxtaxunov ($5 in chips) 
Seat 8: Dorex2007 ($5.28 in chips) 
Seat 9: malliosK ($7.65 in chips) 
Dorex2007: posts small blind $0.02
malliosK: posts big blind $0.05
*** HOLE CARDS ***
Dealt to Dorex2007 [Ac Ad]
garotoilund: raises $0.10 to $0.15
efo 824: folds 
MrWaffle_lol: folds 
ZMadMartigan: calls $0.15
ZAURBEKK2013: folds 
dvdhmstar: folds 
Tuxtaxunov: folds 
Dorex2007: raises $0.30 to $0.45
malliosK: folds 
garotoilund: calls $0.30
ZMadMartigan: calls $0.30
*** FLOP *** [7c 5d 7h]
Dorex2007: bets $1.34
garotoilund: folds 
ZMadMartigan: folds 
Uncalled bet ($1.34) returned to Dorex2007
Dorex2007 collected $1.34 from pot
Dorex2007: doesn't show hand 
*** SUMMARY ***
Total pot $1.40 | Rake $0.06 
Board [7c 5d 7h]
Seat 1: garotoilund folded on the Flop
Seat 2: efo 824 folded before Flop (didn't bet)
Seat 3: MrWaffle_lol folded before Flop (didn't bet)
Seat 4: ZMadMartigan folded on the Flop
Seat 5: ZAURBEKK2013 folded before Flop (didn't bet)
Seat 6: dvdhmstar folded before Flop (didn't bet)
Seat 7: Tuxtaxunov (button) folded before Flop (didn't bet)
Seat 8: Dorex2007 (small blind) collected ($1.34)
Seat 9: malliosK (big blind) folded before Flop



PokerStars Hand #238844291233:  Hold'em No Limit ($0.02/$0.05 USD) - 2022/09/24 16:14:41 PT [2022/09/24 19:14:41 ET]
Table 'Unitas IV' 9-max Seat #8 is the button
Seat 1: garotoilund ($1.46 in chips) 
Seat 2: efo 824 ($1.58 in chips) 
Seat 3: MrWaffle_lol ($6.56 in chips) 
Seat 4: ZMadMartigan ($4.27 in chips) 
Seat 5: ZAURBEKK2013 ($3.43 in chips) 
Seat 6: dvdhmstar ($5.92 in chips) 
Seat 7: Tuxtaxunov ($5 in chips) 
Seat 8: Dorex2007 ($6.17 in chips) 
Seat 9: malliosK ($7.60 in chips) 
malliosK: posts small blind $0.02
garotoilund: posts big blind $0.05
*** HOLE CARDS ***
Dealt to Dorex2007 [9s 4s]
efo 824: folds 
MrWaffle_lol: folds 
ZMadMartigan: folds 
ZAURBEKK2013: folds 
dvdhmstar: folds 
Tuxtaxunov: folds 
Dorex2007: folds 
malliosK: raises $0.08 to $0.13
garotoilund: folds 
Uncalled bet ($0.08) returned to malliosK
malliosK collected $0.10 from pot
malliosK: doesn't show hand 
*** SUMMARY ***
Total pot $0.10 | Rake $0 
Seat 1: garotoilund (big blind) folded before Flop
Seat 2: efo 824 folded before Flop (didn't bet)
Seat 3: MrWaffle_lol folded before Flop (didn't bet)
Seat 4: ZMadMartigan folded before Flop (didn't bet)
Seat 5: ZAURBEKK2013 folded before Flop (didn't bet)
Seat 6: dvdhmstar folded before Flop (didn't bet)
Seat 7: Tuxtaxunov folded before Flop (didn't bet)
Seat 8: Dorex2007 (button) folded before Flop (didn't bet)
Seat 9: malliosK (small blind) collected ($0.10)



PokerStars Hand #238844300005:  Hold'em No Limit ($0.02/$0.05 USD) - 2022/09/24 16:15:10 PT [2022/09/24 19:15:10 ET]
Table 'Unitas IV' 9-max Seat #9 is the button
Seat 1: garotoilund ($1.41 in chips) 
Seat 2: efo 824 ($1.58 in chips) 
Seat 3: MrWaffle_lol ($6.56 in chips) 
Seat 4: ZMadMartigan ($4.27 in chips) 
Seat 5: ZAURBEKK2013 ($3.43 in chips) 
Seat 6: dvdhmstar ($5.92 in chips) 
Seat 7: Tuxtaxunov ($5 in chips) 
Seat 8: Dorex2007 ($6.17 in chips) 
Seat 9: malliosK ($7.65 in chips) 
garotoilund: posts small blind $0.02
efo 824: posts big blind $0.05
*** HOLE CARDS ***
Dealt to Dorex2007 [Qc 5c]
MrWaffle_lol: folds 
ZMadMartigan: calls $0.05
ZAURBEKK2013: folds 
dvdhmstar: folds 
Tuxtaxunov: folds 
Dorex2007: folds 
malliosK: calls $0.05
garotoilund: folds 
efo 824: checks 
*** FLOP *** [8s 9d 3d]
efo 824: checks 
ZMadMartigan: bets $0.10
malliosK: calls $0.10
efo 824: calls $0.10
*** TURN *** [8s 9d 3d] [Ts]
efo 824: checks 
ZMadMartigan: bets $0.45
malliosK: folds 
efo 824: folds 
Uncalled bet ($0.45) returned to ZMadMartigan
ZMadMartigan collected $0.45 from pot
*** SUMMARY ***
Total pot $0.47 | Rake $0.02 
Board [8s 9d 3d Ts]
Seat 1: garotoilund (small blind) folded before Flop
Seat 2: efo 824 (big blind) folded on the Turn
Seat 3: MrWaffle_lol folded before Flop (didn't bet)
Seat 4: ZMadMartigan collected ($0.45)
Seat 5: ZAURBEKK2013 folded before Flop (didn't bet)
Seat 6: dvdhmstar folded before Flop (didn't bet)
Seat 7: Tuxtaxunov folded before Flop (didn't bet)
Seat 8: Dorex2007 folded before Flop (didn't bet)
Seat 9: malliosK (button) folded on the Turn



PokerStars Hand #238844315803:  Hold'em No Limit ($0.02/$0.05 USD) - 2022/09/24 16:16:04 PT [2022/09/24 19:16:04 ET]
Table 'Unitas IV' 9-max Seat #1 is the button
Seat 1: garotoilund ($1.39 in chips) 
Seat 2: efo 824 ($1.43 in chips) 
Seat 4: ZMadMartigan ($4.57 in chips) 
Seat 5: ZAURBEKK2013 ($3.43 in chips) 
Seat 6: dvdhmstar ($5.92 in chips) 
Seat 7: Tuxtaxunov ($5 in chips) 
Seat 8: Dorex2007 ($6.17 in chips) 
Seat 9: malliosK ($7.50 in chips) 
efo 824: posts small blind $0.02
MrWaffle_lol: is sitting out 
MrWaffle_lol leaves the table
ZMadMartigan: posts big blind $0.05
*** HOLE CARDS ***
Dealt to Dorex2007 [Jh 7c]
ZAURBEKK2013: folds 
dvdhmstar: folds 
Tuxtaxunov: folds 
Dorex2007: folds 
malliosK: raises $0.06 to $0.11
garotoilund: raises $0.24 to $0.35
efo 824: folds 
ZMadMartigan: folds 
malliosK: raises $0.25 to $0.60
garotoilund: raises $0.79 to $1.39 and is all-in
malliosK: calls $0.79
*** FLOP *** [6s 7h Qh]
*** TURN *** [6s 7h Qh] [2h]
*** RIVER *** [6s 7h Qh 2h] [4c]
*** SHOW DOWN ***
malliosK: shows [Qd Qs] (three of a kind, Queens)
garotoilund: shows [Ks Kd] (a pair of Kings)
malliosK collected $2.73 from pot
*** SUMMARY ***
Total pot $2.85 | Rake $0.12 
Board [6s 7h Qh 2h 4c]
Seat 1: garotoilund (button) showed [Ks Kd] and lost with a pair of Kings
Seat 2: efo 824 (small blind) folded before Flop
Seat 4: ZMadMartigan (big blind) folded before Flop
Seat 5: ZAURBEKK2013 folded before Flop (didn't bet)
Seat 6: dvdhmstar folded before Flop (didn't bet)
Seat 7: Tuxtaxunov folded before Flop (didn't bet)
Seat 8: Dorex2007 folded before Flop (didn't bet)
Seat 9: malliosK showed [Qd Qs] and won ($2.73) with three of a kind, Queens



PokerStars Hand #238844331349:  Hold'em No Limit ($0.02/$0.05 USD) - 2022/09/24 16:16:57 PT [2022/09/24 19:16:57 ET]
Table 'Unitas IV' 9-max Seat #2 is the button
Seat 2: efo 824 ($1.41 in chips) 
Seat 4: ZMadMartigan ($4.52 in chips) 
Seat 5: ZAURBEKK2013 ($3.43 in chips) 
Seat 6: dvdhmstar ($5.92 in chips) 
Seat 7: Tuxtaxunov ($5 in chips) 
Seat 8: Dorex2007 ($6.17 in chips) 
Seat 9: malliosK ($8.84 in chips) 
ZMadMartigan: posts small blind $0.02
ZAURBEKK2013: posts big blind $0.05
*** HOLE CARDS ***
Dealt to Dorex2007 [Jh 8h]
dvdhmstar: folds 
garotoilund leaves the table
Tuxtaxunov: folds 
Dorex2007: folds 
malliosK: folds 
efo 824: folds 
ZMadMartigan: calls $0.03
ZAURBEKK2013: checks 
*** FLOP *** [9h 5s 4c]
ZMadMartigan: bets $0.10
ZAURBEKK2013: folds 
Uncalled bet ($0.10) returned to ZMadMartigan
ZMadMartigan collected $0.10 from pot
*** SUMMARY ***
Total pot $0.10 | Rake $0 
Board [9h 5s 4c]
Seat 2: efo 824 (button) folded before Flop (didn't bet)
Seat 4: ZMadMartigan (small blind) collected ($0.10)
Seat 5: ZAURBEKK2013 (big blind) folded on the Flop
Seat 6: dvdhmstar folded before Flop (didn't bet)
Seat 7: Tuxtaxunov folded before Flop (didn't bet)
Seat 8: Dorex2007 folded before Flop (didn't bet)
Seat 9: malliosK folded before Flop (didn't bet)



PokerStars Hand #238844340183:  Hold'em No Limit ($0.02/$0.05 USD) - 2022/09/24 16:17:28 PT [2022/09/24 19:17:28 ET]
Table 'Unitas IV' 9-max Seat #4 is the button
Seat 2: efo 824 ($1.41 in chips) 
Seat 4: ZMadMartigan ($4.57 in chips) 
Seat 5: ZAURBEKK2013 ($3.38 in chips) 
Seat 6: dvdhmstar ($5.92 in chips) 
Seat 7: Tuxtaxunov ($5 in chips) 
Seat 8: Dorex2007 ($6.17 in chips) 
Seat 9: malliosK ($8.84 in chips) 
ZAURBEKK2013: posts small blind $0.02
dvdhmstar: posts big blind $0.05
*** HOLE CARDS ***
Dealt to Dorex2007 [Ks 7s]
Tuxtaxunov: folds 
Dorex2007: folds 
malliosK: folds 
efo 824: calls $0.05
ZMadMartigan: folds 
ZAURBEKK2013: raises $0.15 to $0.20
dvdhmstar: calls $0.15
efo 824: calls $0.15
*** FLOP *** [Ad 7c 3h]
ZAURBEKK2013: bets $0.32
dvdhmstar: calls $0.32
herkks joins the table at seat #1 
Jtc1931 joins the table at seat #3 
efo 824: folds 
*** TURN *** [Ad 7c 3h] [Qd]
ZAURBEKK2013: bets $0.65
dvdhmstar: folds 
Uncalled bet ($0.65) returned to ZAURBEKK2013
ZAURBEKK2013 collected $1.19 from pot
ZAURBEKK2013: doesn't show hand 
*** SUMMARY ***
Total pot $1.24 | Rake $0.05 
Board [Ad 7c 3h Qd]
Seat 2: efo 824 folded on the Flop
Seat 4: ZMadMartigan (button) folded before Flop (didn't bet)
Seat 5: ZAURBEKK2013 (small blind) collected ($1.19)
Seat 6: dvdhmstar (big blind) folded on the Turn
Seat 7: Tuxtaxunov folded before Flop (didn't bet)
Seat 8: Dorex2007 folded before Flop (didn't bet)
Seat 9: malliosK folded before Flop (didn't bet)



PokerStars Hand #238844354770:  Hold'em No Limit ($0.02/$0.05 USD) - 2022/09/24 16:18:17 PT [2022/09/24 19:18:17 ET]
Table 'Unitas IV' 9-max Seat #5 is the button
Seat 2: efo 824 ($1.21 in chips) 
Seat 4: ZMadMartigan ($4.57 in chips) 
Seat 5: ZAURBEKK2013 ($4.05 in chips) 
Seat 6: dvdhmstar ($5.40 in chips) 
Seat 7: Tuxtaxunov ($5 in chips) 
Seat 8: Dorex2007 ($6.17 in chips) 
Seat 9: malliosK ($8.84 in chips) 
dvdhmstar: posts small blind $0.02
Tuxtaxunov: posts big blind $0.05
herkks: sits out 
Jtc1931: sits out 
*** HOLE CARDS ***
Dealt to Dorex2007 [6c Ts]
Dorex2007: folds 
malliosK: folds 
efo 824: raises $0.05 to $0.10
ZMadMartigan: calls $0.10
ZAURBEKK2013: folds 
dvdhmstar: folds 
Tuxtaxunov: raises $0.55 to $0.65
efo 824: raises $0.56 to $1.21 and is all-in
ZMadMartigan: folds 
Tuxtaxunov: calls $0.56
*** FLOP *** [Jc 2s 5c]
*** TURN *** [Jc 2s 5c] [8s]
*** RIVER *** [Jc 2s 5c 8s] [Qh]
*** SHOW DOWN ***
Tuxtaxunov: shows [Kh Ah] (high card Ace)
efo 824: shows [4d Ad] (high card Ace - lower kicker)
efo 824 cashed out the hand for $0.71 | Cash Out Fee $0.01
Tuxtaxunov cashed out the hand for $1.69 | Cash Out Fee $0.02
*** SUMMARY ***
Total pot $2.54 | Rake $0.11 
Board [Jc 2s 5c 8s Qh]
Seat 2: efo 824 showed [4d Ad] and lost with high card Ace (cashed out).
Seat 4: ZMadMartigan folded before Flop
Seat 5: ZAURBEKK2013 (button) folded before Flop (didn't bet)
Seat 6: dvdhmstar (small blind) folded before Flop
Seat 7: Tuxtaxunov (big blind) showed [Kh Ah] and won ($2.43) with high card Ace (pot not awarded as player cashed out)
Seat 8: Dorex2007 folded before Flop (didn't bet)
Seat 9: malliosK folded before Flop (didn't bet)



PokerStars Hand #238844373799:  Hold'em No Limit ($0.02/$0.05 USD) - 2022/09/24 16:19:22 PT [2022/09/24 19:19:22 ET]
Table 'Unitas IV' 9-max Seat #6 is the button
Seat 2: efo 824 ($0.71 in chips) 
Seat 4: ZMadMartigan ($4.47 in chips) 
Seat 5: ZAURBEKK2013 ($4.05 in chips) 
Seat 6: dvdhmstar ($5.38 in chips) 
Seat 7: Tuxtaxunov ($5.48 in chips) 
Seat 8: Dorex2007 ($6.17 in chips) 
Seat 9: malliosK ($8.84 in chips) 
Tuxtaxunov: posts small blind $0.02
Dorex2007: posts big blind $0.05
herkks: sits out 
Jtc1931: sits out 
*** HOLE CARDS ***
Dealt to Dorex2007 [8c Jc]
malliosK: folds 
efo 824: folds 
ZMadMartigan: folds 
ZAURBEKK2013: raises $0.10 to $0.15
dvdhmstar: folds 
Tuxtaxunov: folds 
Dorex2007: folds 
Uncalled bet ($0.10) returned to ZAURBEKK2013
ZAURBEKK2013 collected $0.12 from pot
ZAURBEKK2013: doesn't show hand 
*** SUMMARY ***
Total pot $0.12 | Rake $0 
Seat 2: efo 824 folded before Flop (didn't bet)
Seat 4: ZMadMartigan folded before Flop (didn't bet)
Seat 5: ZAURBEKK2013 collected ($0.12)
Seat 6: dvdhmstar (button) folded before Flop (didn't bet)
Seat 7: Tuxtaxunov (small blind) folded before Flop
Seat 8: Dorex2007 (big blind) folded before Flop
Seat 9: malliosK folded before Flop (didn't bet)



PokerStars Hand #238844381317:  Hold'em No Limit ($0.02/$0.05 USD) - 2022/09/24 16:19:48 PT [2022/09/24 19:19:48 ET]
Table 'Unitas IV' 9-max Seat #7 is the button
Seat 2: efo 824 ($0.71 in chips) 
Seat 4: ZMadMartigan ($4.47 in chips) 
Seat 5: ZAURBEKK2013 ($4.12 in chips) 
Seat 6: dvdhmstar ($5.38 in chips) 
Seat 7: Tuxtaxunov ($5.46 in chips) 
Seat 8: Dorex2007 ($6.12 in chips) 
Seat 9: malliosK ($8.84 in chips) 
Dorex2007: posts small blind $0.02
malliosK: posts big blind $0.05
herkks: sits out 
Jtc1931: sits out 
*** HOLE CARDS ***
Dealt to Dorex2007 [8c 7s]
efo 824: raises $0.66 to $0.71 and is all-in
ZMadMartigan: folds 
ZAURBEKK2013: folds 
dvdhmstar: folds 
Tuxtaxunov: calls $0.71
Dorex2007: folds 
malliosK: folds 
*** FLOP *** [Ts 7c Kd]
*** TURN *** [Ts 7c Kd] [Jd]
*** RIVER *** [Ts 7c Kd Jd] [2d]
*** SHOW DOWN ***
efo 824: shows [6s Qc] (high card King)
Tuxtaxunov: shows [9s 9h] (a pair of Nines)
Tuxtaxunov collected $1.43 from pot
*** SUMMARY ***
Total pot $1.49 | Rake $0.06 
Board [Ts 7c Kd Jd 2d]
Seat 2: efo 824 showed [6s Qc] and lost with high card King
Seat 4: ZMadMartigan folded before Flop (didn't bet)
Seat 5: ZAURBEKK2013 folded before Flop (didn't bet)
Seat 6: dvdhmstar folded before Flop (didn't bet)
Seat 7: Tuxtaxunov (button) showed [9s 9h] and won ($1.43) with a pair of Nines
Seat 8: Dorex2007 (small blind) folded before Flop
Seat 9: malliosK (big blind) folded before Flop



PokerStars Hand #238844397568:  Hold'em No Limit ($0.02/$0.05 USD) - 2022/09/24 16:20:44 PT [2022/09/24 19:20:44 ET]
Table 'Unitas IV' 9-max Seat #8 is the button
Seat 1: herkks ($5 in chips) 
Seat 4: ZMadMartigan ($4.47 in chips) 
Seat 5: ZAURBEKK2013 ($4.12 in chips) 
Seat 6: dvdhmstar ($5.38 in chips) 
Seat 7: Tuxtaxunov ($6.18 in chips) 
Seat 8: Dorex2007 ($6.10 in chips) 
Seat 9: malliosK ($8.79 in chips) 
malliosK: posts small blind $0.02
herkks: posts big blind $0.05
Jtc1931: sits out 
*** HOLE CARDS ***
Dealt to Dorex2007 [6c Kh]
ZMadMartigan: calls $0.05
efo 824 leaves the table
ZAURBEKK2013: raises $0.10 to $0.15
lasthand man joins the table at seat #2 
dvdhmstar: raises $0.35 to $0.50
Tuxtaxunov: folds 
Dorex2007: folds 
malliosK: folds 
herkks: folds 
ZMadMartigan: folds 
ZAURBEKK2013: calls $0.35
*** FLOP *** [7c Ah Tc]
ZAURBEKK2013: checks 
dvdhmstar: bets $0.25
ZAURBEKK2013: calls $0.25
*** TURN *** [7c Ah Tc] [5s]
ZAURBEKK2013: checks 
dvdhmstar: bets $0.20
ZAURBEKK2013: raises $1 to $1.20
dvdhmstar: folds 
Uncalled bet ($1) returned to ZAURBEKK2013
ZAURBEKK2013 collected $1.94 from pot
ZAURBEKK2013: doesn't show hand 
*** SUMMARY ***
Total pot $2.02 | Rake $0.08 
Board [7c Ah Tc 5s]
Seat 1: herkks (big blind) folded before Flop
Seat 4: ZMadMartigan folded before Flop
Seat 5: ZAURBEKK2013 collected ($1.94)
Seat 6: dvdhmstar folded on the Turn
Seat 7: Tuxtaxunov folded before Flop (didn't bet)
Seat 8: Dorex2007 (button) folded before Flop (didn't bet)
Seat 9: malliosK (small blind) folded before Flop



PokerStars Hand #238844431449:  Hold'em No Limit ($0.02/$0.05 USD) - 2022/09/24 16:22:42 PT [2022/09/24 19:22:42 ET]
Table 'Unitas IV' 9-max Seat #9 is the button
Seat 1: herkks ($5 in chips) 
Seat 2: lasthand man ($5 in chips) 
Seat 4: ZMadMartigan ($4.42 in chips) 
Seat 5: ZAURBEKK2013 ($5.11 in chips) 
Seat 6: dvdhmstar ($4.43 in chips) 
Seat 7: Tuxtaxunov ($6.18 in chips) 
Seat 8: Dorex2007 ($6.10 in chips) 
Seat 9: malliosK ($8.77 in chips) 
herkks: posts small blind $0.02
lasthand man: posts big blind $0.05
Jtc1931: sits out 
*** HOLE CARDS ***
Dealt to Dorex2007 [3s Js]
ZMadMartigan: calls $0.05
ZAURBEKK2013: folds 
dvdhmstar: folds 
Tuxtaxunov: folds 
Dorex2007: folds 
malliosK: raises $0.12 to $0.17
herkks: folds 
lasthand man: folds 
ZMadMartigan: calls $0.12
*** FLOP *** [Th 7s 8h]
ZMadMartigan: checks 
malliosK: bets $0.50
ZMadMartigan: folds 
Uncalled bet ($0.50) returned to malliosK
malliosK collected $0.39 from pot
malliosK: doesn't show hand 
*** SUMMARY ***
Total pot $0.41 | Rake $0.02 
Board [Th 7s 8h]
Seat 1: herkks (small blind) folded before Flop
Seat 2: lasthand man (big blind) folded before Flop
Seat 4: ZMadMartigan folded on the Flop
Seat 5: ZAURBEKK2013 folded before Flop (didn't bet)
Seat 6: dvdhmstar folded before Flop (didn't bet)
Seat 7: Tuxtaxunov folded before Flop (didn't bet)
Seat 8: Dorex2007 folded before Flop (didn't bet)
Seat 9: malliosK (button) collected ($0.39)



PokerStars Hand #238844447256:  Hold'em No Limit ($0.02/$0.05 USD) - 2022/09/24 16:23:37 PT [2022/09/24 19:23:37 ET]
Table 'Unitas IV' 9-max Seat #1 is the button
Seat 1: herkks ($5 in chips) 
Seat 2: lasthand man ($4.95 in chips) 
Seat 3: Jtc1931 ($5 in chips) 
Seat 4: ZMadMartigan ($4.25 in chips) 
Seat 5: ZAURBEKK2013 ($5.11 in chips) 
Seat 6: dvdhmstar ($4.43 in chips) 
Seat 7: Tuxtaxunov ($6.18 in chips) 
Seat 8: Dorex2007 ($6.10 in chips) 
Seat 9: malliosK ($8.99 in chips) 
lasthand man: posts small blind $0.02
Jtc1931: posts big blind $0.05
*** HOLE CARDS ***
Dealt to Dorex2007 [5s Jh]
ZMadMartigan: folds 
ZAURBEKK2013: folds 
dvdhmstar: folds 
Tuxtaxunov: folds 
Dorex2007: folds 
malliosK: raises $0.06 to $0.11
herkks: folds 
lasthand man: folds 
Jtc1931: folds 
Uncalled bet ($0.06) returned to malliosK
malliosK collected $0.12 from pot
malliosK: doesn't show hand 
*** SUMMARY ***
Total pot $0.12 | Rake $0 
Seat 1: herkks (button) folded before Flop (didn't bet)
Seat 2: lasthand man (small blind) folded before Flop
Seat 3: Jtc1931 (big blind) folded before Flop
Seat 4: ZMadMartigan folded before Flop (didn't bet)
Seat 5: ZAURBEKK2013 folded before Flop (didn't bet)
Seat 6: dvdhmstar folded before Flop (didn't bet)
Seat 7: Tuxtaxunov folded before Flop (didn't bet)
Seat 8: Dorex2007 folded before Flop (didn't bet)
Seat 9: malliosK collected ($0.12)



PokerStars Hand #238844457064:  Hold'em No Limit ($0.02/$0.05 USD) - 2022/09/24 16:24:11 PT [2022/09/24 19:24:11 ET]
Table 'Unitas IV' 9-max Seat #2 is the button
Seat 1: herkks ($5 in chips) 
Seat 2: lasthand man ($4.93 in chips) 
Seat 3: Jtc1931 ($4.95 in chips) 
Seat 4: ZMadMartigan ($4.25 in chips) 
Seat 5: ZAURBEKK2013 ($5.11 in chips) 
Seat 6: dvdhmstar ($4.43 in chips) 
Seat 7: Tuxtaxunov ($6.18 in chips) 
Seat 8: Dorex2007 ($6.10 in chips) 
Seat 9: malliosK ($9.06 in chips) 
Jtc1931: posts small blind $0.02
ZMadMartigan: posts big blind $0.05
*** HOLE CARDS ***
Dealt to Dorex2007 [3s Ad]
ZAURBEKK2013: raises $0.10 to $0.15
dvdhmstar: folds 
Tuxtaxunov: folds 
Dorex2007: folds 
malliosK: calls $0.15
herkks: calls $0.15
lasthand man: folds 
Jtc1931: folds 
ZMadMartigan: calls $0.10
*** FLOP *** [Kh 8s 8c]
ZMadMartigan: checks 
ZAURBEKK2013: bets $0.32
malliosK: folds 
herkks: calls $0.32
ZMadMartigan: folds 
*** TURN *** [Kh 8s 8c] [Jc]
ZAURBEKK2013: checks 
herkks: bets $0.40
ZAURBEKK2013: folds 
Uncalled bet ($0.40) returned to herkks
herkks collected $1.21 from pot
herkks: doesn't show hand 
*** SUMMARY ***
Total pot $1.26 | Rake $0.05 
Board [Kh 8s 8c Jc]
Seat 1: herkks collected ($1.21)
Seat 2: lasthand man (button) folded before Flop (didn't bet)
Seat 3: Jtc1931 (small blind) folded before Flop
Seat 4: ZMadMartigan (big blind) folded on the Flop
Seat 5: ZAURBEKK2013 folded on the Turn
Seat 6: dvdhmstar folded before Flop (didn't bet)
Seat 7: Tuxtaxunov folded before Flop (didn't bet)
Seat 8: Dorex2007 folded before Flop (didn't bet)
Seat 9: malliosK folded on the Flop



PokerStars Hand #238844473229:  Hold'em No Limit ($0.02/$0.05 USD) - 2022/09/24 16:25:08 PT [2022/09/24 19:25:08 ET]
Table 'Unitas IV' 9-max Seat #3 is the button
Seat 1: herkks ($5.74 in chips) 
Seat 2: lasthand man ($4.93 in chips) 
Seat 3: Jtc1931 ($4.93 in chips) 
Seat 4: ZMadMartigan ($4.10 in chips) 
Seat 5: ZAURBEKK2013 ($4.64 in chips) 
Seat 6: dvdhmstar ($4.43 in chips) 
Seat 7: Tuxtaxunov ($6.18 in chips) 
Seat 8: Dorex2007 ($6.10 in chips) 
Seat 9: malliosK ($8.91 in chips) 
ZMadMartigan: posts small blind $0.02
ZAURBEKK2013: posts big blind $0.05
*** HOLE CARDS ***
Dealt to Dorex2007 [4d Qs]
dvdhmstar: folds 
Tuxtaxunov: folds 
Dorex2007: folds 
malliosK: folds 
herkks: folds 
lasthand man has timed out
lasthand man: folds 
Jtc1931: folds 
ZMadMartigan: calls $0.03
ZAURBEKK2013: checks 
*** FLOP *** [Td Tc As]
ZMadMartigan: checks 
ZAURBEKK2013: checks 
*** TURN *** [Td Tc As] [Ks]
ZMadMartigan: checks 
ZAURBEKK2013: checks 
*** RIVER *** [Td Tc As Ks] [3c]
ZMadMartigan: bets $0.60
ZAURBEKK2013: folds 
Uncalled bet ($0.60) returned to ZMadMartigan
ZMadMartigan collected $0.10 from pot
*** SUMMARY ***
Total pot $0.10 | Rake $0 
Board [Td Tc As Ks 3c]
Seat 1: herkks folded before Flop (didn't bet)
Seat 2: lasthand man folded before Flop (didn't bet)
Seat 3: Jtc1931 (button) folded before Flop (didn't bet)
Seat 4: ZMadMartigan (small blind) collected ($0.10)
Seat 5: ZAURBEKK2013 (big blind) folded on the River
Seat 6: dvdhmstar folded before Flop (didn't bet)
Seat 7: Tuxtaxunov folded before Flop (didn't bet)
Seat 8: Dorex2007 folded before Flop (didn't bet)
Seat 9: malliosK folded before Flop (didn't bet)



PokerStars Hand #238844491264:  Hold'em No Limit ($0.02/$0.05 USD) - 2022/09/24 16:26:12 PT [2022/09/24 19:26:12 ET]
Table 'Unitas IV' 9-max Seat #4 is the button
Seat 1: herkks ($5.74 in chips) 
Seat 2: lasthand man ($4.93 in chips) 
Seat 3: Jtc1931 ($4.93 in chips) 
Seat 4: ZMadMartigan ($4.15 in chips) 
Seat 5: ZAURBEKK2013 ($4.59 in chips) 
Seat 6: dvdhmstar ($4.43 in chips) 
Seat 7: Tuxtaxunov ($6.18 in chips) 
Seat 8: Dorex2007 ($6.10 in chips) 
Seat 9: malliosK ($8.91 in chips) 
ZAURBEKK2013: posts small blind $0.02
dvdhmstar: posts big blind $0.05
*** HOLE CARDS ***
Dealt to Dorex2007 [6s Ac]
Tuxtaxunov: folds 
Dorex2007: folds 
malliosK: folds 
herkks: raises $0.10 to $0.15
lasthand man: folds 
Jtc1931: folds 
ZMadMartigan: calls $0.15
ZAURBEKK2013: calls $0.13
dvdhmstar: calls $0.10
*** FLOP *** [Qd 5h 4c]
ZAURBEKK2013: checks 
dvdhmstar: checks 
herkks: checks 
ZMadMartigan: checks 
*** TURN *** [Qd 5h 4c] [3c]
ZAURBEKK2013: checks 
dvdhmstar: checks 
herkks: bets $0.19
ZMadMartigan: folds 
ZAURBEKK2013: folds 
dvdhmstar: calls $0.19
*** RIVER *** [Qd 5h 4c 3c] [Ah]
dvdhmstar: checks 
herkks: checks 
*** SHOW DOWN ***
dvdhmstar: shows [2h 2s] (a straight, Ace to Five)
herkks: mucks hand 
dvdhmstar collected $0.94 from pot
*** SUMMARY ***
Total pot $0.98 | Rake $0.04 
Board [Qd 5h 4c 3c Ah]
Seat 1: herkks mucked [6h 6c]
Seat 2: lasthand man folded before Flop (didn't bet)
Seat 3: Jtc1931 folded before Flop (didn't bet)
Seat 4: ZMadMartigan (button) folded on the Turn
Seat 5: ZAURBEKK2013 (small blind) folded on the Turn
Seat 6: dvdhmstar (big blind) showed [2h 2s] and won ($0.94) with a straight, Ace to Five
Seat 7: Tuxtaxunov folded before Flop (didn't bet)
Seat 8: Dorex2007 folded before Flop (didn't bet)
Seat 9: malliosK folded before Flop (didn't bet)



PokerStars Hand #238844514578:  Hold'em No Limit ($0.02/$0.05 USD) - 2022/09/24 16:27:35 PT [2022/09/24 19:27:35 ET]
Table 'Unitas IV' 9-max Seat #5 is the button
Seat 1: herkks ($5.40 in chips) 
Seat 2: lasthand man ($4.93 in chips) 
Seat 3: Jtc1931 ($4.93 in chips) 
Seat 4: ZMadMartigan ($4 in chips) 
Seat 5: ZAURBEKK2013 ($4.44 in chips) 
Seat 6: dvdhmstar ($5.03 in chips) 
Seat 7: Tuxtaxunov ($6.18 in chips) 
Seat 8: Dorex2007 ($6.10 in chips) 
Seat 9: malliosK ($8.91 in chips) 
dvdhmstar: posts small blind $0.02
Tuxtaxunov: posts big blind $0.05
*** HOLE CARDS ***
Dealt to Dorex2007 [Kc 3c]
Dorex2007: folds 
malliosK: folds 
herkks: folds 
lasthand man: folds 
Jtc1931: raises $0.10 to $0.15
ZMadMartigan: folds 
ZAURBEKK2013: folds 
dvdhmstar: raises $0.45 to $0.60
Tuxtaxunov: folds 
Jtc1931: calls $0.45
*** FLOP *** [Kh Ac 8s]
dvdhmstar: bets $1.20
Jtc1931: folds 
Uncalled bet ($1.20) returned to dvdhmstar
dvdhmstar collected $1.20 from pot
*** SUMMARY ***
Total pot $1.25 | Rake $0.05 
Board [Kh Ac 8s]
Seat 1: herkks folded before Flop (didn't bet)
Seat 2: lasthand man folded before Flop (didn't bet)
Seat 3: Jtc1931 folded on the Flop
Seat 4: ZMadMartigan folded before Flop (didn't bet)
Seat 5: ZAURBEKK2013 (button) folded before Flop (didn't bet)
Seat 6: dvdhmstar (small blind) collected ($1.20)
Seat 7: Tuxtaxunov (big blind) folded before Flop
Seat 8: Dorex2007 folded before Flop (didn't bet)
Seat 9: malliosK folded before Flop (didn't bet)



PokerStars Hand #238844530158:  Hold'em No Limit ($0.02/$0.05 USD) - 2022/09/24 16:28:30 PT [2022/09/24 19:28:30 ET]
Table 'Unitas IV' 9-max Seat #6 is the button
Seat 1: herkks ($5.40 in chips) 
Seat 2: lasthand man ($4.93 in chips) 
Seat 3: Jtc1931 ($5 in chips) 
Seat 4: ZMadMartigan ($4 in chips) 
Seat 5: ZAURBEKK2013 ($4.44 in chips) 
Seat 6: dvdhmstar ($5.63 in chips) 
Seat 7: Tuxtaxunov ($6.13 in chips) 
Seat 8: Dorex2007 ($6.10 in chips) 
Seat 9: malliosK ($8.91 in chips) 
Tuxtaxunov: posts small blind $0.02
Dorex2007: posts big blind $0.05
*** HOLE CARDS ***
Dealt to Dorex2007 [6c 6s]
malliosK has timed out
malliosK: folds 
herkks: folds 
lasthand man has timed out
lasthand man: folds 
Jtc1931: folds 
ZMadMartigan: folds 
ZAURBEKK2013: folds 
dvdhmstar: folds 
Tuxtaxunov: folds 
Uncalled bet ($0.03) returned to Dorex2007
Dorex2007 collected $0.04 from pot
Dorex2007: doesn't show hand 
*** SUMMARY ***
Total pot $0.04 | Rake $0 
Seat 1: herkks folded before Flop (didn't bet)
Seat 2: lasthand man folded before Flop (didn't bet)
Seat 3: Jtc1931 folded before Flop (didn't bet)
Seat 4: ZMadMartigan folded before Flop (didn't bet)
Seat 5: ZAURBEKK2013 folded before Flop (didn't bet)
Seat 6: dvdhmstar (button) folded before Flop (didn't bet)
Seat 7: Tuxtaxunov (small blind) folded before Flop
Seat 8: Dorex2007 (big blind) collected ($0.04)
Seat 9: malliosK folded before Flop (didn't bet)



PokerStars Hand #238844543818:  Hold'em No Limit ($0.02/$0.05 USD) - 2022/09/24 16:29:19 PT [2022/09/24 19:29:19 ET]
Table 'Unitas IV' 9-max Seat #7 is the button
Seat 1: herkks ($5.40 in chips) 
Seat 2: lasthand man ($4.93 in chips) 
Seat 3: Jtc1931 ($5 in chips) 
Seat 4: ZMadMartigan ($4 in chips) 
Seat 5: ZAURBEKK2013 ($4.44 in chips) 
Seat 6: dvdhmstar ($5.63 in chips) 
Seat 7: Tuxtaxunov ($6.11 in chips) 
Seat 8: Dorex2007 ($6.12 in chips) 
Dorex2007: posts small blind $0.02
herkks: posts big blind $0.05
*** HOLE CARDS ***
Dealt to Dorex2007 [Jd 9c]
lasthand man: folds 
Jtc1931: folds 
ZMadMartigan: folds 
ZAURBEKK2013: folds 
dvdhmstar: folds 
Tuxtaxunov: folds 
Dorex2007: folds 
Uncalled bet ($0.03) returned to herkks
herkks collected $0.04 from pot
herkks: doesn't show hand 
*** SUMMARY ***
Total pot $0.04 | Rake $0 
Seat 1: herkks (big blind) collected ($0.04)
Seat 2: lasthand man folded before Flop (didn't bet)
Seat 3: Jtc1931 folded before Flop (didn't bet)
Seat 4: ZMadMartigan folded before Flop (didn't bet)
Seat 5: ZAURBEKK2013 folded before Flop (didn't bet)
Seat 6: dvdhmstar folded before Flop (didn't bet)
Seat 7: Tuxtaxunov (button) folded before Flop (didn't bet)
Seat 8: Dorex2007 (small blind) folded before Flop



PokerStars Hand #238844556656:  Hold'em No Limit ($0.02/$0.05 USD) - 2022/09/24 16:30:06 PT [2022/09/24 19:30:06 ET]
Table 'Unitas IV' 9-max Seat #8 is the button
Seat 1: herkks ($5.42 in chips) 
Seat 2: lasthand man ($4.93 in chips) 
Seat 3: Jtc1931 ($5 in chips) 
Seat 4: ZMadMartigan ($4 in chips) 
Seat 5: ZAURBEKK2013 ($4.44 in chips) 
Seat 6: dvdhmstar ($5.63 in chips) 
Seat 7: Tuxtaxunov ($6.11 in chips) 
Seat 8: Dorex2007 ($6.10 in chips) 
herkks: posts small blind $0.02
lasthand man: posts big blind $0.05
*** HOLE CARDS ***
Dealt to Dorex2007 [3s Ts]
Jtc1931: folds 
ZMadMartigan: folds 
ZAURBEKK2013: folds 
dvdhmstar: folds 
Tuxtaxunov: folds 
Tuxtaxunov leaves the table
Dorex2007: folds 
herkks: raises $0.10 to $0.15
lasthand man: calls $0.10
*** FLOP *** [8s 7d 6h]
herkks: checks 
lasthand man: checks 
*** TURN *** [8s 7d 6h] [2c]
herkks: checks 
lasthand man: checks 
*** RIVER *** [8s 7d 6h 2c] [As]
herkks: checks 
lasthand man: checks 
*** SHOW DOWN ***
herkks: shows [Jh 9c] (high card Ace)
lasthand man: shows [4h 4c] (a pair of Fours)
lasthand man collected $0.29 from pot
*** SUMMARY ***
Total pot $0.30 | Rake $0.01 
Board [8s 7d 6h 2c As]
Seat 1: herkks (small blind) showed [Jh 9c] and lost with high card Ace
Seat 2: lasthand man (big blind) showed [4h 4c] and won ($0.29) with a pair of Fours
Seat 3: Jtc1931 folded before Flop (didn't bet)
Seat 4: ZMadMartigan folded before Flop (didn't bet)
Seat 5: ZAURBEKK2013 folded before Flop (didn't bet)
Seat 6: dvdhmstar folded before Flop (didn't bet)
Seat 7: Tuxtaxunov folded before Flop (didn't bet)
Seat 8: Dorex2007 (button) folded before Flop (didn't bet)



PokerStars Hand #238844572906:  Hold'em No Limit ($0.02/$0.05 USD) - 2022/09/24 16:31:04 PT [2022/09/24 19:31:04 ET]
Table 'Unitas IV' 9-max Seat #1 is the button
Seat 1: herkks ($5.27 in chips) 
Seat 2: lasthand man ($5.07 in chips) 
Seat 3: Jtc1931 ($5 in chips) 
Seat 4: ZMadMartigan ($4 in chips) 
Seat 5: ZAURBEKK2013 ($4.44 in chips) 
Seat 6: dvdhmstar ($5.63 in chips) 
Seat 8: Dorex2007 ($6.10 in chips) 
Seat 9: malliosK ($8.91 in chips) 
lasthand man: posts small blind $0.02
Jtc1931: posts big blind $0.05
malliosK: posts small & big blinds $0.07
*** HOLE CARDS ***
Dealt to Dorex2007 [Jd Js]
ZMadMartigan: folds 
ZAURBEKK2013: folds 
dvdhmstar: folds 
Dorex2007: raises $0.05 to $0.10
malliosK: folds 
herkks: folds 
lasthand man: folds 
Jtc1931: folds 
Uncalled bet ($0.05) returned to Dorex2007
Dorex2007 collected $0.19 from pot
Dorex2007: doesn't show hand 
*** SUMMARY ***
Total pot $0.19 | Rake $0 
Seat 1: herkks (button) folded before Flop (didn't bet)
Seat 2: lasthand man (small blind) folded before Flop
Seat 3: Jtc1931 (big blind) folded before Flop
Seat 4: ZMadMartigan folded before Flop (didn't bet)
Seat 5: ZAURBEKK2013 folded before Flop (didn't bet)
Seat 6: dvdhmstar folded before Flop (didn't bet)
Seat 8: Dorex2007 collected ($0.19)
Seat 9: malliosK folded before Flop (didn't bet)



PokerStars Hand #238844582207:  Hold'em No Limit ($0.02/$0.05 USD) - 2022/09/24 16:31:37 PT [2022/09/24 19:31:37 ET]
Table 'Unitas IV' 9-max Seat #2 is the button
Seat 1: herkks ($5.27 in chips) 
Seat 2: lasthand man ($5.05 in chips) 
Seat 3: Jtc1931 ($4.95 in chips) 
Seat 4: ZMadMartigan ($4 in chips) 
Seat 5: ZAURBEKK2013 ($4.44 in chips) 
Seat 6: dvdhmstar ($5.63 in chips) 
Seat 8: Dorex2007 ($6.24 in chips) 
Seat 9: malliosK ($8.84 in chips) 
Jtc1931: posts small blind $0.02
ZMadMartigan: posts big blind $0.05
*** HOLE CARDS ***
Dealt to Dorex2007 [9s Kd]
Tanner38157 joins the table at seat #7 
ZAURBEKK2013: folds 
dvdhmstar: folds 
Dorex2007: folds 
malliosK: folds 
herkks: folds 
lasthand man: calls $0.05
Jtc1931: folds 
ZMadMartigan: checks 
*** FLOP *** [3s 5s As]
ZMadMartigan: checks 
lasthand man: checks 
*** TURN *** [3s 5s As] [6d]
ZMadMartigan: checks 
lasthand man: checks 
*** RIVER *** [3s 5s As 6d] [Jh]
ZMadMartigan: checks 
lasthand man: checks 
*** SHOW DOWN ***
ZMadMartigan: shows [5h 7c] (a pair of Fives)
lasthand man: shows [Qs Jc] (a pair of Jacks)
lasthand man collected $0.12 from pot
*** SUMMARY ***
Total pot $0.12 | Rake $0 
Board [3s 5s As 6d Jh]
Seat 1: herkks folded before Flop (didn't bet)
Seat 2: lasthand man (button) showed [Qs Jc] and won ($0.12) with a pair of Jacks
Seat 3: Jtc1931 (small blind) folded before Flop
Seat 4: ZMadMartigan (big blind) showed [5h 7c] and lost with a pair of Fives
Seat 5: ZAURBEKK2013 folded before Flop (didn't bet)
Seat 6: dvdhmstar folded before Flop (didn't bet)
Seat 8: Dorex2007 folded before Flop (didn't bet)
Seat 9: malliosK folded before Flop (didn't bet)



PokerStars Hand #238844595030:  Hold'em No Limit ($0.02/$0.05 USD) - 2022/09/24 16:32:24 PT [2022/09/24 19:32:24 ET]
Table 'Unitas IV' 9-max Seat #3 is the button
Seat 1: herkks ($5.27 in chips) 
Seat 2: lasthand man ($5.12 in chips) 
Seat 3: Jtc1931 ($4.93 in chips) 
Seat 4: ZMadMartigan ($3.95 in chips) 
Seat 5: ZAURBEKK2013 ($4.44 in chips) 
Seat 6: dvdhmstar ($5.63 in chips) 
Seat 7: Tanner38157 ($4 in chips) 
Seat 8: Dorex2007 ($6.24 in chips) 
Seat 9: malliosK ($8.84 in chips) 
ZMadMartigan: posts small blind $0.02
ZAURBEKK2013: posts big blind $0.05
Tanner38157: posts big blind $0.05
*** HOLE CARDS ***
Dealt to Dorex2007 [7d Qd]
dvdhmstar: raises $0.05 to $0.10
Tanner38157: calls $0.05
Dorex2007: folds 
malliosK: folds 
herkks: folds 
lasthand man: calls $0.10
Jtc1931: folds 
ZMadMartigan: calls $0.08
ZAURBEKK2013: folds 
*** FLOP *** [2s Jc 9c]
ZMadMartigan: checks 
dvdhmstar: bets $0.10
Tanner38157: folds 
lasthand man: calls $0.10
ZMadMartigan: calls $0.10
*** TURN *** [2s Jc 9c] [7h]
ZMadMartigan: checks 
dvdhmstar: bets $0.10
lasthand man: folds 
ZMadMartigan: raises $0.20 to $0.30
dvdhmstar: calls $0.20
*** RIVER *** [2s Jc 9c 7h] [9s]
ZMadMartigan: bets $0.35
dvdhmstar: folds 
Uncalled bet ($0.35) returned to ZMadMartigan
ZMadMartigan collected $1.29 from pot
*** SUMMARY ***
Total pot $1.35 | Rake $0.06 
Board [2s Jc 9c 7h 9s]
Seat 1: herkks folded before Flop (didn't bet)
Seat 2: lasthand man folded on the Turn
Seat 3: Jtc1931 (button) folded before Flop (didn't bet)
Seat 4: ZMadMartigan (small blind) collected ($1.29)
Seat 5: ZAURBEKK2013 (big blind) folded before Flop
Seat 6: dvdhmstar folded on the River
Seat 7: Tanner38157 folded on the Flop
Seat 8: Dorex2007 folded before Flop (didn't bet)
Seat 9: malliosK folded before Flop (didn't bet)



PokerStars Hand #238844617286:  Hold'em No Limit ($0.02/$0.05 USD) - 2022/09/24 16:33:45 PT [2022/09/24 19:33:45 ET]
Table 'Unitas IV' 9-max Seat #4 is the button
Seat 1: herkks ($5.27 in chips) 
Seat 3: Jtc1931 ($4.93 in chips) 
Seat 4: ZMadMartigan ($4.74 in chips) 
Seat 5: ZAURBEKK2013 ($4.39 in chips) 
Seat 6: dvdhmstar ($5.13 in chips) 
Seat 7: Tanner38157 ($3.90 in chips) 
Seat 8: Dorex2007 ($6.24 in chips) 
Seat 9: malliosK ($8.84 in chips) 
ZAURBEKK2013: posts small blind $0.02
dvdhmstar: posts big blind $0.05
*** HOLE CARDS ***
Dealt to Dorex2007 [Jc Qd]
Tanner38157: folds 
Dorex2007: folds 
malliosK: raises $0.06 to $0.11
herkks: folds 
Jtc1931: folds 
ZMadMartigan: folds 
ZAURBEKK2013: folds 
dvdhmstar: folds 
Uncalled bet ($0.06) returned to malliosK
malliosK collected $0.12 from pot
malliosK: doesn't show hand 
*** SUMMARY ***
Total pot $0.12 | Rake $0 
Seat 1: herkks folded before Flop (didn't bet)
Seat 3: Jtc1931 folded before Flop (didn't bet)
Seat 4: ZMadMartigan (button) folded before Flop (didn't bet)
Seat 5: ZAURBEKK2013 (small blind) folded before Flop
Seat 6: dvdhmstar (big blind) folded before Flop
Seat 7: Tanner38157 folded before Flop (didn't bet)
Seat 8: Dorex2007 folded before Flop (didn't bet)
Seat 9: malliosK collected ($0.12)



PokerStars Hand #238844628707:  Hold'em No Limit ($0.02/$0.05 USD) - 2022/09/24 16:34:27 PT [2022/09/24 19:34:27 ET]
Table 'Unitas IV' 9-max Seat #5 is the button
Seat 1: herkks ($5.27 in chips) 
Seat 3: Jtc1931 ($4.93 in chips) 
Seat 4: ZMadMartigan ($4.74 in chips) 
Seat 5: ZAURBEKK2013 ($4.37 in chips) 
Seat 6: dvdhmstar ($5.08 in chips) 
Seat 7: Tanner38157 ($3.90 in chips) 
Seat 8: Dorex2007 ($6.24 in chips) 
Seat 9: malliosK ($8.91 in chips) 
dvdhmstar: posts small blind $0.02
Tanner38157: posts big blind $0.05
*** HOLE CARDS ***
Dealt to Dorex2007 [4s Js]
Dorex2007: folds 
malliosK has timed out
malliosK: folds 
herkks: folds 
Jtc1931: raises $0.10 to $0.15
ZMadMartigan: folds 
ZAURBEKK2013: folds 
dvdhmstar: folds 
Tanner38157: calls $0.10
*** FLOP *** [Kh 6s 2h]
Tanner38157: checks 
Jtc1931: checks 
*** TURN *** [Kh 6s 2h] [7h]
Tanner38157: bets $0.15
Jtc1931: calls $0.15
*** RIVER *** [Kh 6s 2h 7h] [5h]
Tanner38157: checks 
Jtc1931: checks 
*** SHOW DOWN ***
Tanner38157: shows [Jd 6h] (a flush, King high)
Jtc1931: mucks hand 
Tanner38157 collected $0.59 from pot
*** SUMMARY ***
Total pot $0.62 | Rake $0.03 
Board [Kh 6s 2h 7h 5h]
Seat 1: herkks folded before Flop (didn't bet)
Seat 3: Jtc1931 mucked [8s 7s]
Seat 4: ZMadMartigan folded before Flop (didn't bet)
Seat 5: ZAURBEKK2013 (button) folded before Flop (didn't bet)
Seat 6: dvdhmstar (small blind) folded before Flop
Seat 7: Tanner38157 (big blind) showed [Jd 6h] and won ($0.59) with a flush, King high
Seat 8: Dorex2007 folded before Flop (didn't bet)
Seat 9: malliosK folded before Flop (didn't bet)



PokerStars Hand #238844646549:  Hold'em No Limit ($0.02/$0.05 USD) - 2022/09/24 16:35:32 PT [2022/09/24 19:35:32 ET]
Table 'Unitas IV' 9-max Seat #6 is the button
Seat 1: herkks ($5.27 in chips) 
Seat 3: Jtc1931 ($4.63 in chips) 
Seat 4: ZMadMartigan ($4.74 in chips) 
Seat 5: ZAURBEKK2013 ($4.37 in chips) 
Seat 6: dvdhmstar ($5.06 in chips) 
Seat 7: Tanner38157 ($4.19 in chips) 
Seat 8: Dorex2007 ($6.24 in chips) 
Seat 9: malliosK ($8.91 in chips) 
Tanner38157: posts small blind $0.02
Dorex2007: posts big blind $0.05
*** HOLE CARDS ***
Dealt to Dorex2007 [9s 8s]
malliosK: folds 
herkks: folds 
Jtc1931: folds 
ZMadMartigan: folds 
ZAURBEKK2013: raises $0.10 to $0.15
dvdhmstar: calls $0.15
Tanner38157: calls $0.13
Dorex2007: calls $0.10
*** FLOP *** [Td 7d 8c]
Tanner38157: checks 
Dorex2007: checks 
ZAURBEKK2013: checks 
dvdhmstar: checks 
*** TURN *** [Td 7d 8c] [9c]
Tanner38157: bets $0.15
Dorex2007: calls $0.15
ZAURBEKK2013: raises $0.50 to $0.65
dvdhmstar: folds 
Tanner38157: folds 
Dorex2007: folds 
Uncalled bet ($0.50) returned to ZAURBEKK2013
ZAURBEKK2013 collected $1.01 from pot
ZAURBEKK2013: doesn't show hand 
*** SUMMARY ***
Total pot $1.05 | Rake $0.04 
Board [Td 7d 8c 9c]
Seat 1: herkks folded before Flop (didn't bet)
Seat 3: Jtc1931 folded before Flop (didn't bet)
Seat 4: ZMadMartigan folded before Flop (didn't bet)
Seat 5: ZAURBEKK2013 collected ($1.01)
Seat 6: dvdhmstar (button) folded on the Turn
Seat 7: Tanner38157 (small blind) folded on the Turn
Seat 8: Dorex2007 (big blind) folded on the Turn
Seat 9: malliosK folded before Flop (didn't bet)



PokerStars Hand #238844664468:  Hold'em No Limit ($0.02/$0.05 USD) - 2022/09/24 16:36:38 PT [2022/09/24 19:36:38 ET]
Table 'Unitas IV' 9-max Seat #7 is the button
Seat 1: herkks ($5.27 in chips) 
Seat 2: lasthand man ($4.92 in chips) 
Seat 3: Jtc1931 ($5 in chips) 
Seat 4: ZMadMartigan ($4.74 in chips) 
Seat 5: ZAURBEKK2013 ($5.08 in chips) 
Seat 6: dvdhmstar ($4.91 in chips) 
Seat 7: Tanner38157 ($3.89 in chips) 
Seat 8: Dorex2007 ($5.94 in chips) 
Seat 9: malliosK ($8.91 in chips) 
Dorex2007: posts small blind $0.02
malliosK: posts big blind $0.05
*** HOLE CARDS ***
Dealt to Dorex2007 [Ts Jd]
herkks: folds 
lasthand man: folds 
Jtc1931: folds 
ZMadMartigan: folds 
ZAURBEKK2013: folds 
dvdhmstar has timed out
dvdhmstar: folds 
Tanner38157: calls $0.05
Dorex2007: calls $0.03
malliosK: checks 
*** FLOP *** [Jh 7s 3s]
Dorex2007: bets $0.14
malliosK: calls $0.14
Tanner38157: calls $0.14
*** TURN *** [Jh 7s 3s] [Ad]
Dorex2007: bets $0.27
malliosK: calls $0.27
Tanner38157: calls $0.27
*** RIVER *** [Jh 7s 3s Ad] [Ac]
Dorex2007: checks 
malliosK: bets $0.44
Tanner38157: folds 
Dorex2007: calls $0.44
*** SHOW DOWN ***
malliosK: shows [Js Th] (two pair, Aces and Jacks)
Dorex2007: shows [Ts Jd] (two pair, Aces and Jacks)
Dorex2007 collected $1.09 from pot
malliosK collected $1.08 from pot
*** SUMMARY ***
Total pot $2.26 | Rake $0.09 
Board [Jh 7s 3s Ad Ac]
Seat 1: herkks folded before Flop (didn't bet)
Seat 2: lasthand man folded before Flop (didn't bet)
Seat 3: Jtc1931 folded before Flop (didn't bet)
Seat 4: ZMadMartigan folded before Flop (didn't bet)
Seat 5: ZAURBEKK2013 folded before Flop (didn't bet)
Seat 6: dvdhmstar folded before Flop (didn't bet)
Seat 7: Tanner38157 (button) folded on the River
Seat 8: Dorex2007 (small blind) showed [Ts Jd] and won ($1.09) with two pair, Aces and Jacks
Seat 9: malliosK (big blind) showed [Js Th] and won ($1.08) with two pair, Aces and Jacks



PokerStars Hand #238844680975:  Hold'em No Limit ($0.02/$0.05 USD) - 2022/09/24 16:37:39 PT [2022/09/24 19:37:39 ET]
Table 'Unitas IV' 9-max Seat #8 is the button
Seat 1: herkks ($5.27 in chips) 
Seat 2: lasthand man ($4.92 in chips) 
Seat 3: Jtc1931 ($5 in chips) 
Seat 4: ZMadMartigan ($4.74 in chips) 
Seat 5: ZAURBEKK2013 ($5.08 in chips) 
Seat 7: Tanner38157 ($3.43 in chips) 
Seat 8: Dorex2007 ($6.13 in chips) 
Seat 9: malliosK ($9.09 in chips) 
malliosK: posts small blind $0.02
herkks: posts big blind $0.05
*** HOLE CARDS ***
Dealt to Dorex2007 [Jd Kc]
lasthand man: folds 
Jtc1931: folds 
ZMadMartigan: calls $0.05
ZAURBEKK2013: raises $0.15 to $0.20
Tanner38157: folds 
Dorex2007: folds 
malliosK: folds 
herkks: folds 
ZMadMartigan: calls $0.15
*** FLOP *** [6c 4s 9d]
ZMadMartigan: checks 
ZAURBEKK2013: bets $0.25
ZMadMartigan: calls $0.25
*** TURN *** [6c 4s 9d] [Ts]
ZMadMartigan: checks 
ZAURBEKK2013: bets $0.51
ZMadMartigan: calls $0.51
*** RIVER *** [6c 4s 9d Ts] [4c]
ZMadMartigan: checks 
ZAURBEKK2013: bets $1.62
ZMadMartigan: calls $1.62
*** SHOW DOWN ***
ZAURBEKK2013: shows [Th Ah] (two pair, Tens and Fours)
ZMadMartigan: mucks hand 
ZAURBEKK2013 collected $5.01 from pot
*** SUMMARY ***
Total pot $5.23 | Rake $0.22 
Board [6c 4s 9d Ts 4c]
Seat 1: herkks (big blind) folded before Flop
Seat 2: lasthand man folded before Flop (didn't bet)
Seat 3: Jtc1931 folded before Flop (didn't bet)
Seat 4: ZMadMartigan mucked [2h 2c]
Seat 5: ZAURBEKK2013 showed [Th Ah] and won ($5.01) with two pair, Tens and Fours
Seat 7: Tanner38157 folded before Flop (didn't bet)
Seat 8: Dorex2007 (button) folded before Flop (didn't bet)
Seat 9: malliosK (small blind) folded before Flop



PokerStars Hand #238844705340:  Hold'em No Limit ($0.02/$0.05 USD) - 2022/09/24 16:39:10 PT [2022/09/24 19:39:10 ET]
Table 'Unitas IV' 9-max Seat #9 is the button
Seat 1: herkks ($5.22 in chips) 
Seat 2: lasthand man ($4.92 in chips) 
Seat 3: Jtc1931 ($5 in chips) 
Seat 4: ZMadMartigan ($2.16 in chips) 
Seat 5: ZAURBEKK2013 ($7.51 in chips) 
Seat 6: dvdhmstar ($4.91 in chips) 
Seat 7: Tanner38157 ($3.43 in chips) 
Seat 8: Dorex2007 ($6.13 in chips) 
Seat 9: malliosK ($9.07 in chips) 
herkks: posts small blind $0.02
lasthand man: posts big blind $0.05
*** HOLE CARDS ***
Dealt to Dorex2007 [7h 4d]
Jtc1931: folds 
ZMadMartigan: calls $0.05
ZAURBEKK2013: folds 
dvdhmstar: raises $0.05 to $0.10
Tanner38157: folds 
Dorex2007: folds 
malliosK: folds 
herkks: folds 
lasthand man: calls $0.05
ZMadMartigan: raises $2.06 to $2.16 and is all-in
dvdhmstar: folds 
lasthand man: folds 
Uncalled bet ($2.06) returned to ZMadMartigan
ZMadMartigan collected $0.32 from pot
ZMadMartigan: shows [8d 8s] (a pair of Eights)
*** SUMMARY ***
Total pot $0.32 | Rake $0 
Seat 1: herkks (small blind) folded before Flop
Seat 2: lasthand man (big blind) folded before Flop
Seat 3: Jtc1931 folded before Flop (didn't bet)
Seat 4: ZMadMartigan collected ($0.32)
Seat 5: ZAURBEKK2013 folded before Flop (didn't bet)
Seat 6: dvdhmstar folded before Flop
Seat 7: Tanner38157 folded before Flop (didn't bet)
Seat 8: Dorex2007 folded before Flop (didn't bet)
Seat 9: malliosK (button) folded before Flop (didn't bet)



PokerStars Hand #238844715223:  Hold'em No Limit ($0.02/$0.05 USD) - 2022/09/24 16:39:47 PT [2022/09/24 19:39:47 ET]
Table 'Unitas IV' 9-max Seat #1 is the button
Seat 1: herkks ($5.20 in chips) 
Seat 2: lasthand man ($4.82 in chips) 
Seat 3: Jtc1931 ($5 in chips) 
Seat 4: ZMadMartigan ($2.38 in chips) 
Seat 5: ZAURBEKK2013 ($7.51 in chips) 
Seat 6: dvdhmstar ($4.81 in chips) 
Seat 7: Tanner38157 ($3.43 in chips) 
Seat 8: Dorex2007 ($6.13 in chips) 
Seat 9: malliosK ($9.07 in chips) 
lasthand man: posts small blind $0.02
Jtc1931: posts big blind $0.05
*** HOLE CARDS ***
Dealt to Dorex2007 [5d 6c]
ZMadMartigan: folds 
ZAURBEKK2013: folds 
dvdhmstar: folds 
Tanner38157: calls $0.05
Dorex2007: folds 
malliosK: raises $0.12 to $0.17
herkks: folds 
lasthand man is disconnected 
lasthand man is connected 
lasthand man: folds 
Jtc1931: calls $0.12
Tanner38157: calls $0.12
*** FLOP *** [7d Jh 7h]
Jtc1931: checks 
Tanner38157: checks 
malliosK: bets $0.45
Jtc1931: calls $0.45
Tanner38157: calls $0.45
*** TURN *** [7d Jh 7h] [2h]
Jtc1931: checks 
Tanner38157: checks 
malliosK: checks 
*** RIVER *** [7d Jh 7h 2h] [Qc]
Jtc1931: checks 
Tanner38157: bets $0.85
malliosK: folds 
Jtc1931: calls $0.85
*** SHOW DOWN ***
Tanner38157: shows [9s 7s] (three of a kind, Sevens)
Jtc1931: mucks hand 
Tanner38157 collected $3.43 from pot
*** SUMMARY ***
Total pot $3.58 | Rake $0.15 
Board [7d Jh 7h 2h Qc]
Seat 1: herkks (button) folded before Flop (didn't bet)
Seat 2: lasthand man (small blind) folded before Flop
Seat 3: Jtc1931 (big blind) mucked [Qs Js]
Seat 4: ZMadMartigan folded before Flop (didn't bet)
Seat 5: ZAURBEKK2013 folded before Flop (didn't bet)
Seat 6: dvdhmstar folded before Flop (didn't bet)
Seat 7: Tanner38157 showed [9s 7s] and won ($3.43) with three of a kind, Sevens
Seat 8: Dorex2007 folded before Flop (didn't bet)
Seat 9: malliosK folded on the River



PokerStars Hand #238844743432:  Hold'em No Limit ($0.02/$0.05 USD) - 2022/09/24 16:41:34 PT [2022/09/24 19:41:34 ET]
Table 'Unitas IV' 9-max Seat #2 is the button
Seat 1: herkks ($5.20 in chips) 
Seat 2: lasthand man ($4.80 in chips) 
Seat 3: Jtc1931 ($5 in chips) 
Seat 4: ZMadMartigan ($2.38 in chips) 
Seat 5: ZAURBEKK2013 ($7.51 in chips) 
Seat 6: dvdhmstar ($4.81 in chips) 
Seat 7: Tanner38157 ($5.39 in chips) 
Seat 8: Dorex2007 ($6.13 in chips) 
Seat 9: malliosK ($8.45 in chips) 
Jtc1931: posts small blind $0.02
ZMadMartigan: posts big blind $0.05
*** HOLE CARDS ***
Dealt to Dorex2007 [6d Qs]
ZAURBEKK2013: folds 
dvdhmstar: folds 
Tanner38157: calls $0.05
Dorex2007: folds 
malliosK: folds 
herkks: folds 
lasthand man: raises $0.15 to $0.20
Jtc1931: folds 
ZMadMartigan: folds 
Tanner38157: calls $0.15
*** FLOP *** [4s Jd Ac]
Tanner38157: bets $0.20
lasthand man: calls $0.20
*** TURN *** [4s Jd Ac] [Qc]
Tanner38157: bets $0.75
lasthand man: calls $0.75
*** RIVER *** [4s Jd Ac Qc] [2c]
Tanner38157: bets $1.13
lasthand man: calls $1.13
*** SHOW DOWN ***
Tanner38157: shows [Ah 8h] (a pair of Aces)
lasthand man: shows [Ad As] (three of a kind, Aces)
lasthand man collected $4.44 from pot
*** SUMMARY ***
Total pot $4.63 | Rake $0.19 
Board [4s Jd Ac Qc 2c]
Seat 1: herkks folded before Flop (didn't bet)
Seat 2: lasthand man (button) showed [Ad As] and won ($4.44) with three of a kind, Aces
Seat 3: Jtc1931 (small blind) folded before Flop
Seat 4: ZMadMartigan (big blind) folded before Flop
Seat 5: ZAURBEKK2013 folded before Flop (didn't bet)
Seat 6: dvdhmstar folded before Flop (didn't bet)
Seat 7: Tanner38157 showed [Ah 8h] and lost with a pair of Aces
Seat 8: Dorex2007 folded before Flop (didn't bet)
Seat 9: malliosK folded before Flop (didn't bet)



PokerStars Hand #238844757984:  Hold'em No Limit ($0.02/$0.05 USD) - 2022/09/24 16:42:30 PT [2022/09/24 19:42:30 ET]
Table 'Unitas IV' 9-max Seat #3 is the button
Seat 1: herkks ($5.20 in chips) 
Seat 2: lasthand man ($6.96 in chips) 
Seat 3: Jtc1931 ($4.98 in chips) 
Seat 4: ZMadMartigan ($2.33 in chips) 
Seat 5: ZAURBEKK2013 ($7.51 in chips) 
Seat 6: dvdhmstar ($4.81 in chips) 
Seat 7: Tanner38157 ($3.11 in chips) 
Seat 8: Dorex2007 ($6.13 in chips) 
Seat 9: malliosK ($8.45 in chips) 
ZMadMartigan: posts small blind $0.02
ZAURBEKK2013: posts big blind $0.05
*** HOLE CARDS ***
Dealt to Dorex2007 [Td Qh]
dvdhmstar: raises $0.05 to $0.10
Tanner38157: calls $0.10
Dorex2007: folds 
malliosK: folds 
herkks: folds 
lasthand man: folds 
Jtc1931: calls $0.10
ZMadMartigan: calls $0.08
ZAURBEKK2013 has timed out
ZAURBEKK2013: folds 
*** FLOP *** [Th 3s 5d]
ZMadMartigan: checks 
dvdhmstar: checks 
Tanner38157: bets $0.10
Jtc1931: calls $0.10
ZMadMartigan: calls $0.10
dvdhmstar: calls $0.10
*** TURN *** [Th 3s 5d] [Tc]
ZMadMartigan: checks 
dvdhmstar: checks 
Tanner38157: bets $0.15
Jtc1931: folds 
ZMadMartigan: folds 
dvdhmstar: folds 
Uncalled bet ($0.15) returned to Tanner38157
Tanner38157 collected $0.81 from pot
*** SUMMARY ***
Total pot $0.85 | Rake $0.04 
Board [Th 3s 5d Tc]
Seat 1: herkks folded before Flop (didn't bet)
Seat 2: lasthand man folded before Flop (didn't bet)
Seat 3: Jtc1931 (button) folded on the Turn
Seat 4: ZMadMartigan (small blind) folded on the Turn
Seat 5: ZAURBEKK2013 (big blind) folded before Flop
Seat 6: dvdhmstar folded on the Turn
Seat 7: Tanner38157 collected ($0.81)
Seat 8: Dorex2007 folded before Flop (didn't bet)
Seat 9: malliosK folded before Flop (didn't bet)



PokerStars Hand #238844791850:  Hold'em No Limit ($0.02/$0.05 USD) - 2022/09/24 16:44:40 PT [2022/09/24 19:44:40 ET]
Table 'Unitas IV' 9-max Seat #4 is the button
Seat 1: herkks ($5.20 in chips) 
Seat 2: lasthand man ($6.96 in chips) 
Seat 3: Jtc1931 ($4.78 in chips) 
Seat 4: ZMadMartigan ($2.13 in chips) 
Seat 5: ZAURBEKK2013 ($7.46 in chips) 
Seat 7: Tanner38157 ($3.72 in chips) 
Seat 8: Dorex2007 ($6.13 in chips) 
Seat 9: malliosK ($8.45 in chips) 
ZAURBEKK2013: posts small blind $0.02
dvdhmstar: is sitting out 
Tanner38157: posts big blind $0.05
*** HOLE CARDS ***
Dealt to Dorex2007 [9h 7c]
Dorex2007: folds 
malliosK has timed out
malliosK: folds 
herkks: folds 
lasthand man: folds 
Jtc1931: folds 
ZMadMartigan: folds 
ZAURBEKK2013: folds 
Uncalled bet ($0.03) returned to Tanner38157
Tanner38157 collected $0.04 from pot
*** SUMMARY ***
Total pot $0.04 | Rake $0 
Seat 1: herkks folded before Flop (didn't bet)
Seat 2: lasthand man folded before Flop (didn't bet)
Seat 3: Jtc1931 folded before Flop (didn't bet)
Seat 4: ZMadMartigan (button) folded before Flop (didn't bet)
Seat 5: ZAURBEKK2013 (small blind) folded before Flop
Seat 7: Tanner38157 (big blind) collected ($0.04)
Seat 8: Dorex2007 folded before Flop (didn't bet)
Seat 9: malliosK folded before Flop (didn't bet)



PokerStars Hand #238844799429:  Hold'em No Limit ($0.02/$0.05 USD) - 2022/09/24 16:45:09 PT [2022/09/24 19:45:09 ET]
Table 'Unitas IV' 9-max Seat #5 is the button
Seat 1: herkks ($5.20 in chips) 
Seat 2: lasthand man ($6.96 in chips) 
Seat 3: Jtc1931 ($5 in chips) 
Seat 4: ZMadMartigan ($2.13 in chips) 
Seat 5: ZAURBEKK2013 ($7.44 in chips) 
Seat 7: Tanner38157 ($3.74 in chips) 
Seat 8: Dorex2007 ($6.13 in chips) 
Tanner38157: posts small blind $0.02
Dorex2007: posts big blind $0.05
*** HOLE CARDS ***
Dealt to Dorex2007 [Kc Ah]
herkks: folds 
lasthand man: folds 
Jtc1931: raises $0.10 to $0.15
ZMadMartigan: folds 
ZAURBEKK2013: folds 
Tanner38157: calls $0.13
Dorex2007: calls $0.10
*** FLOP *** [Kd 6s Qc]
Tanner38157: checks 
Dorex2007: bets $0.21
Jtc1931: calls $0.21
Tanner38157: calls $0.21
*** TURN *** [Kd 6s Qc] [9c]
Tanner38157: checks 
Dorex2007: checks 
Jtc1931: checks 
*** RIVER *** [Kd 6s Qc 9c] [Jd]
Tanner38157: bets $0.52
Dorex2007: folds 
Jtc1931: folds 
Uncalled bet ($0.52) returned to Tanner38157
Tanner38157 collected $1.04 from pot
*** SUMMARY ***
Total pot $1.08 | Rake $0.04 
Board [Kd 6s Qc 9c Jd]
Seat 1: herkks folded before Flop (didn't bet)
Seat 2: lasthand man folded before Flop (didn't bet)
Seat 3: Jtc1931 folded on the River
Seat 4: ZMadMartigan folded before Flop (didn't bet)
Seat 5: ZAURBEKK2013 (button) folded before Flop (didn't bet)
Seat 7: Tanner38157 (small blind) collected ($1.04)
Seat 8: Dorex2007 (big blind) folded on the River



PokerStars Hand #238844821615:  Hold'em No Limit ($0.02/$0.05 USD) - 2022/09/24 16:46:34 PT [2022/09/24 19:46:34 ET]
Table 'Unitas IV' 9-max Seat #7 is the button
Seat 1: herkks ($5.20 in chips) 
Seat 2: lasthand man ($6.96 in chips) 
Seat 3: Jtc1931 ($4.64 in chips) 
Seat 4: ZMadMartigan ($2.13 in chips) 
Seat 5: ZAURBEKK2013 ($7.44 in chips) 
Seat 7: Tanner38157 ($4.42 in chips) 
Seat 8: Dorex2007 ($5.77 in chips) 
Seat 9: malliosK ($8.45 in chips) 
Dorex2007: posts small blind $0.02
malliosK: posts big blind $0.05
*** HOLE CARDS ***
Dealt to Dorex2007 [Ah 4c]
herkks: folds 
lasthand man: folds 
Jtc1931: folds 
ZMadMartigan: folds 
ZAURBEKK2013: folds 
Tanner38157: calls $0.05
Dorex2007: folds 
malliosK: checks 
*** FLOP *** [8h Td Th]
herkks leaves the table
malliosK: bets $0.25
Tanner38157: folds 
Uncalled bet ($0.25) returned to malliosK
malliosK collected $0.12 from pot
malliosK: doesn't show hand 
*** SUMMARY ***
Total pot $0.12 | Rake $0 
Board [8h Td Th]
Seat 1: herkks folded before Flop (didn't bet)
Seat 2: lasthand man folded before Flop (didn't bet)
Seat 3: Jtc1931 folded before Flop (didn't bet)
Seat 4: ZMadMartigan folded before Flop (didn't bet)
Seat 5: ZAURBEKK2013 folded before Flop (didn't bet)
Seat 7: Tanner38157 (button) folded on the Flop
Seat 8: Dorex2007 (small blind) folded before Flop
Seat 9: malliosK (big blind) collected ($0.12)



PokerStars Hand #238844829684:  Hold'em No Limit ($0.02/$0.05 USD) - 2022/09/24 16:47:06 PT [2022/09/24 19:47:06 ET]
Table 'Unitas IV' 9-max Seat #8 is the button
Seat 2: lasthand man ($6.96 in chips) 
Seat 3: Jtc1931 ($5 in chips) 
Seat 4: ZMadMartigan ($2.13 in chips) 
Seat 5: ZAURBEKK2013 ($7.44 in chips) 
Seat 7: Tanner38157 ($4.37 in chips) 
Seat 8: Dorex2007 ($5.75 in chips) 
Seat 9: malliosK ($8.52 in chips) 
malliosK: posts small blind $0.02
lasthand man: posts big blind $0.05
*** HOLE CARDS ***
Dealt to Dorex2007 [Ts 8s]
Jtc1931: folds 
ZMadMartigan: folds 
ZAURBEKK2013: folds 
Tanner38157: calls $0.05
Dorex2007: folds 
malliosK: folds 
lasthand man: checks 
*** FLOP *** [4d Kh 7s]
lasthand man: checks 
cborgel2 joins the table at seat #1 
Tanner38157: checks 
*** TURN *** [4d Kh 7s] [2c]
lasthand man: checks 
dvdhmstar leaves the table
Tanner38157: checks 
*** RIVER *** [4d Kh 7s 2c] [7h]
lasthand man: checks 
Tanner38157: checks 
*** SHOW DOWN ***
lasthand man: shows [5s 9s] (a pair of Sevens)
Tanner38157: shows [6c 9c] (a pair of Sevens - King+Nine+Six kicker)
Tanner38157 collected $0.12 from pot
*** SUMMARY ***
Total pot $0.12 | Rake $0 
Board [4d Kh 7s 2c 7h]
Seat 2: lasthand man (big blind) showed [5s 9s] and lost with a pair of Sevens
Seat 3: Jtc1931 folded before Flop (didn't bet)
Seat 4: ZMadMartigan folded before Flop (didn't bet)
Seat 5: ZAURBEKK2013 folded before Flop (didn't bet)
Seat 7: Tanner38157 showed [6c 9c] and won ($0.12) with a pair of Sevens
Seat 8: Dorex2007 (button) folded before Flop (didn't bet)
Seat 9: malliosK (small blind) folded before Flop



PokerStars Hand #238844841311:  Hold'em No Limit ($0.02/$0.05 USD) - 2022/09/24 16:47:51 PT [2022/09/24 19:47:51 ET]
Table 'Unitas IV' 9-max Seat #9 is the button
Seat 2: lasthand man ($6.91 in chips) 
Seat 3: Jtc1931 ($5 in chips) 
Seat 4: ZMadMartigan ($2.13 in chips) 
Seat 5: ZAURBEKK2013 ($7.44 in chips) 
Seat 7: Tanner38157 ($4.44 in chips) 
Seat 8: Dorex2007 ($5.75 in chips) 
Seat 9: malliosK ($8.50 in chips) 
lasthand man: posts small blind $0.02
Jtc1931: posts big blind $0.05
*** HOLE CARDS ***
Dealt to Dorex2007 [4c 7s]
ZMadMartigan: folds 
ZAURBEKK2013: folds 
Tanner38157: calls $0.05
Dorex2007: folds 
malliosK: folds 
lasthand man: folds 
Jtc1931: raises $0.15 to $0.20
Tanner38157: calls $0.15
*** FLOP *** [5h 2s 6s]
Jtc1931: checks 
Tanner38157: checks 
*** TURN *** [5h 2s 6s] [Th]
NeverPlay4Fun joins the table at seat #6 
Jtc1931: bets $0.30
Tanner38157: folds 
Uncalled bet ($0.30) returned to Jtc1931
Jtc1931 collected $0.40 from pot
Jtc1931: doesn't show hand 
*** SUMMARY ***
Total pot $0.42 | Rake $0.02 
Board [5h 2s 6s Th]
Seat 2: lasthand man (small blind) folded before Flop
Seat 3: Jtc1931 (big blind) collected ($0.40)
Seat 4: ZMadMartigan folded before Flop (didn't bet)
Seat 5: ZAURBEKK2013 folded before Flop (didn't bet)
Seat 7: Tanner38157 folded on the Turn
Seat 8: Dorex2007 folded before Flop (didn't bet)
Seat 9: malliosK (button) folded before Flop (didn't bet)



PokerStars Hand #238844856102:  Hold'em No Limit ($0.02/$0.05 USD) - 2022/09/24 16:48:49 PT [2022/09/24 19:48:49 ET]
Table 'Unitas IV' 9-max Seat #2 is the button
Seat 1: cborgel2 ($2 in chips) 
Seat 2: lasthand man ($6.89 in chips) 
Seat 3: Jtc1931 ($5.20 in chips) 
Seat 4: ZMadMartigan ($2.13 in chips) 
Seat 5: ZAURBEKK2013 ($7.44 in chips) 
Seat 7: Tanner38157 ($4.24 in chips) 
Seat 8: Dorex2007 ($5.75 in chips) 
Seat 9: malliosK ($8.50 in chips) 
Jtc1931: posts small blind $0.02
ZMadMartigan: posts big blind $0.05
NeverPlay4Fun: sits out 
cborgel2: posts big blind $0.05
*** HOLE CARDS ***
Dealt to Dorex2007 [Kd 7s]
ZAURBEKK2013: folds 
Tanner38157: raises $0.10 to $0.15
Dorex2007: folds 
malliosK: folds 
cborgel2: folds 
lasthand man: calls $0.15
Jtc1931: folds 
ZMadMartigan: folds 
*** FLOP *** [Qh 4s 2s]
Tanner38157: checks 
lasthand man: checks 
*** TURN *** [Qh 4s 2s] [Ah]
Tanner38157: checks 
lasthand man: bets $0.20
Tanner38157: calls $0.20
*** RIVER *** [Qh 4s 2s Ah] [3d]
Tanner38157: checks 
lasthand man: bets $0.39
Tanner38157: folds 
Uncalled bet ($0.39) returned to lasthand man
lasthand man collected $0.79 from pot
*** SUMMARY ***
Total pot $0.82 | Rake $0.03 
Board [Qh 4s 2s Ah 3d]
Seat 1: cborgel2 folded before Flop (didn't bet)
Seat 2: lasthand man (button) collected ($0.79)
Seat 3: Jtc1931 (small blind) folded before Flop
Seat 4: ZMadMartigan (big blind) folded before Flop
Seat 5: ZAURBEKK2013 folded before Flop (didn't bet)
Seat 7: Tanner38157 folded on the River
Seat 8: Dorex2007 folded before Flop (didn't bet)
Seat 9: malliosK folded before Flop (didn't bet)



PokerStars Hand #238844876037:  Hold'em No Limit ($0.02/$0.05 USD) - 2022/09/24 16:50:07 PT [2022/09/24 19:50:07 ET]
Table 'Unitas IV' 9-max Seat #3 is the button
Seat 1: cborgel2 ($1.95 in chips) 
Seat 2: lasthand man ($7.33 in chips) 
Seat 3: Jtc1931 ($5.18 in chips) 
Seat 4: ZMadMartigan ($2.08 in chips) 
Seat 5: ZAURBEKK2013 ($7.44 in chips) 
Seat 7: Tanner38157 ($3.89 in chips) 
Seat 8: Dorex2007 ($5.75 in chips) 
Seat 9: malliosK ($8.50 in chips) 
ZMadMartigan: posts small blind $0.02
ZAURBEKK2013: posts big blind $0.05
NeverPlay4Fun: sits out 
*** HOLE CARDS ***
Dealt to Dorex2007 [3d Js]
Tanner38157: calls $0.05
Dorex2007: folds 
malliosK: folds 
cborgel2: raises $0.10 to $0.15
lasthand man: folds 
Jtc1931: folds 
ZMadMartigan: calls $0.13
ZAURBEKK2013: folds 
Tanner38157: calls $0.10
*** FLOP *** [3c Qc Kc]
ZMadMartigan: checks 
Tanner38157: bets $0.10
cborgel2: calls $0.10
ZMadMartigan: calls $0.10
*** TURN *** [3c Qc Kc] [6c]
ZMadMartigan: checks 
Tanner38157: bets $0.20
cborgel2: folds 
ZMadMartigan: calls $0.20
*** RIVER *** [3c Qc Kc 6c] [Qs]
ZMadMartigan: checks 
Tanner38157: checks 
*** SHOW DOWN ***
ZMadMartigan: shows [Jc Ad] (a flush, King high)
Tanner38157: mucks hand 
ZMadMartigan collected $1.15 from pot
*** SUMMARY ***
Total pot $1.20 | Rake $0.05 
Board [3c Qc Kc 6c Qs]
Seat 1: cborgel2 folded on the Turn
Seat 2: lasthand man folded before Flop (didn't bet)
Seat 3: Jtc1931 (button) folded before Flop (didn't bet)
Seat 4: ZMadMartigan (small blind) showed [Jc Ad] and won ($1.15) with a flush, King high
Seat 5: ZAURBEKK2013 (big blind) folded before Flop
Seat 7: Tanner38157 mucked [5s 3s]
Seat 8: Dorex2007 folded before Flop (didn't bet)
Seat 9: malliosK folded before Flop (didn't bet)



PokerStars Hand #238844893841:  Hold'em No Limit ($0.02/$0.05 USD) - 2022/09/24 16:51:18 PT [2022/09/24 19:51:18 ET]
Table 'Unitas IV' 9-max Seat #4 is the button
Seat 1: cborgel2 ($1.70 in chips) 
Seat 2: lasthand man ($7.33 in chips) 
Seat 3: Jtc1931 ($5.18 in chips) 
Seat 4: ZMadMartigan ($2.78 in chips) 
Seat 5: ZAURBEKK2013 ($7.39 in chips) 
Seat 6: NeverPlay4Fun ($5 in chips) 
Seat 7: Tanner38157 ($3.44 in chips) 
Seat 8: Dorex2007 ($5.75 in chips) 
Seat 9: malliosK ($8.50 in chips) 
ZAURBEKK2013: posts small blind $0.02
NeverPlay4Fun: posts big blind $0.05
*** HOLE CARDS ***
Dealt to Dorex2007 [Th 5d]
Tanner38157: raises $0.05 to $0.10
Dorex2007: folds 
malliosK: folds 
cborgel2: folds 
lasthand man: folds 
Jtc1931: folds 
ZMadMartigan: folds 
ZAURBEKK2013: folds 
NeverPlay4Fun: folds 
Uncalled bet ($0.05) returned to Tanner38157
Tanner38157 collected $0.12 from pot
*** SUMMARY ***
Total pot $0.12 | Rake $0 
Seat 1: cborgel2 folded before Flop (didn't bet)
Seat 2: lasthand man folded before Flop (didn't bet)
Seat 3: Jtc1931 folded before Flop (didn't bet)
Seat 4: ZMadMartigan (button) folded before Flop (didn't bet)
Seat 5: ZAURBEKK2013 (small blind) folded before Flop
Seat 6: NeverPlay4Fun (big blind) folded before Flop
Seat 7: Tanner38157 collected ($0.12)
Seat 8: Dorex2007 folded before Flop (didn't bet)
Seat 9: malliosK folded before Flop (didn't bet)



PokerStars Hand #238844907531:  Hold'em No Limit ($0.02/$0.05 USD) - 2022/09/24 16:52:13 PT [2022/09/24 19:52:13 ET]
Table 'Unitas IV' 9-max Seat #5 is the button
Seat 1: cborgel2 ($1.70 in chips) 
Seat 2: lasthand man ($7.33 in chips) 
Seat 3: Jtc1931 ($5.18 in chips) 
Seat 4: ZMadMartigan ($2.78 in chips) 
Seat 5: ZAURBEKK2013 ($7.37 in chips) 
Seat 6: NeverPlay4Fun ($5 in chips) 
Seat 7: Tanner38157 ($3.51 in chips) 
Seat 8: Dorex2007 ($5.75 in chips) 
Seat 9: malliosK ($8.50 in chips) 
NeverPlay4Fun: posts small blind $0.02
Tanner38157: posts big blind $0.05
*** HOLE CARDS ***
Dealt to Dorex2007 [Ts 7s]
Dorex2007: folds 
malliosK has timed out
malliosK: folds 
cborgel2: folds 
lasthand man: folds 
Jtc1931: folds 
ZMadMartigan: folds 
ZAURBEKK2013: raises $0.10 to $0.15
NeverPlay4Fun: folds 
Tanner38157: calls $0.10
*** FLOP *** [2s 2d Ks]
Tanner38157: checks 
ZAURBEKK2013: bets $0.17
Tanner38157: folds 
Uncalled bet ($0.17) returned to ZAURBEKK2013
ZAURBEKK2013 collected $0.31 from pot
ZAURBEKK2013: doesn't show hand 
*** SUMMARY ***
Total pot $0.32 | Rake $0.01 
Board [2s 2d Ks]
Seat 1: cborgel2 folded before Flop (didn't bet)
Seat 2: lasthand man folded before Flop (didn't bet)
Seat 3: Jtc1931 folded before Flop (didn't bet)
Seat 4: ZMadMartigan folded before Flop (didn't bet)
Seat 5: ZAURBEKK2013 (button) collected ($0.31)
Seat 6: NeverPlay4Fun (small blind) folded before Flop
Seat 7: Tanner38157 (big blind) folded on the Flop
Seat 8: Dorex2007 folded before Flop (didn't bet)
Seat 9: malliosK folded before Flop (didn't bet)



PokerStars Hand #238844918975:  Hold'em No Limit ($0.02/$0.05 USD) - 2022/09/24 16:52:59 PT [2022/09/24 19:52:59 ET]
Table 'Unitas IV' 9-max Seat #6 is the button
Seat 1: cborgel2 ($1.70 in chips) 
Seat 2: lasthand man ($7.33 in chips) 
Seat 3: Jtc1931 ($5.18 in chips) 
Seat 4: ZMadMartigan ($2.78 in chips) 
Seat 6: NeverPlay4Fun ($5 in chips) 
Seat 7: Tanner38157 ($3.36 in chips) 
Seat 8: Dorex2007 ($5.75 in chips) 
Seat 9: malliosK ($8.50 in chips) 
Tanner38157: posts small blind $0.02
Dorex2007: posts big blind $0.05
*** HOLE CARDS ***
Dealt to Dorex2007 [Jh 9h]
malliosK: folds 
cborgel2: raises $0.12 to $0.17
lasthand man: folds 
Jtc1931: folds 
ZMadMartigan: folds 
NeverPlay4Fun: folds 
Tanner38157: calls $0.15
Dorex2007: folds 
*** FLOP *** [8d 6c Td]
Tanner38157: checks 
cborgel2: bets $0.18
Tanner38157: calls $0.18
*** TURN *** [8d 6c Td] [Qh]
Tanner38157: checks 
cborgel2: bets $0.72
Tanner38157: calls $0.72
*** RIVER *** [8d 6c Td Qh] [9s]
Tanner38157: checks 
cborgel2: bets $0.63 and is all-in
Tanner38157: calls $0.63
*** SHOW DOWN ***
cborgel2: shows [Kd Ks] (a pair of Kings)
Tanner38157: shows [2c 9c] (a pair of Nines)
cborgel2 collected $3.31 from pot
*** SUMMARY ***
Total pot $3.45 | Rake $0.14 
Board [8d 6c Td Qh 9s]
Seat 1: cborgel2 showed [Kd Ks] and won ($3.31) with a pair of Kings
Seat 2: lasthand man folded before Flop (didn't bet)
Seat 3: Jtc1931 folded before Flop (didn't bet)
Seat 4: ZMadMartigan folded before Flop (didn't bet)
Seat 6: NeverPlay4Fun (button) folded before Flop (didn't bet)
Seat 7: Tanner38157 (small blind) showed [2c 9c] and lost with a pair of Nines
Seat 8: Dorex2007 (big blind) folded before Flop
Seat 9: malliosK folded before Flop (didn't bet)



PokerStars Hand #238844936675:  Hold'em No Limit ($0.02/$0.05 USD) - 2022/09/24 16:54:09 PT [2022/09/24 19:54:09 ET]
Table 'Unitas IV' 9-max Seat #7 is the button
Seat 1: cborgel2 ($3.31 in chips) 
Seat 2: lasthand man ($7.33 in chips) 
Seat 3: Jtc1931 ($5.18 in chips) 
Seat 4: ZMadMartigan ($2.78 in chips) 
Seat 6: NeverPlay4Fun ($5 in chips) 
Seat 7: Tanner38157 ($1.66 in chips) 
Seat 8: Dorex2007 ($5.70 in chips) 
Seat 9: malliosK ($8.50 in chips) 
Dorex2007: posts small blind $0.02
malliosK: posts big blind $0.05
*** HOLE CARDS ***
Dealt to Dorex2007 [Jh Qc]
cborgel2: folds 
lasthand man: folds 
Jtc1931: raises $0.10 to $0.15
ZMadMartigan: folds 
NeverPlay4Fun: folds 
Tanner38157: raises $1.51 to $1.66 and is all-in
Dorex2007: folds 
malliosK: calls $1.61
Jtc1931: folds 
*** FLOP *** [9s 7s Td]
*** TURN *** [9s 7s Td] [9d]
*** RIVER *** [9s 7s Td 9d] [5h]
*** SHOW DOWN ***
malliosK: shows [Kc Kd] (two pair, Kings and Nines)
Tanner38157: shows [6d Ah] (a pair of Nines)
malliosK collected $3.35 from pot
*** SUMMARY ***
Total pot $3.49 | Rake $0.14 
Board [9s 7s Td 9d 5h]
Seat 1: cborgel2 folded before Flop (didn't bet)
Seat 2: lasthand man folded before Flop (didn't bet)
Seat 3: Jtc1931 folded before Flop
Seat 4: ZMadMartigan folded before Flop (didn't bet)
Seat 6: NeverPlay4Fun folded before Flop (didn't bet)
Seat 7: Tanner38157 (button) showed [6d Ah] and lost with a pair of Nines
Seat 8: Dorex2007 (small blind) folded before Flop
Seat 9: malliosK (big blind) showed [Kc Kd] and won ($3.35) with two pair, Kings and Nines



PokerStars Hand #238844948089:  Hold'em No Limit ($0.02/$0.05 USD) - 2022/09/24 16:54:55 PT [2022/09/24 19:54:55 ET]
Table 'Unitas IV' 9-max Seat #8 is the button
Seat 1: cborgel2 ($3.31 in chips) 
Seat 2: lasthand man ($7.33 in chips) 
Seat 3: Jtc1931 ($5.03 in chips) 
Seat 4: ZMadMartigan ($2.78 in chips) 
Seat 6: NeverPlay4Fun ($5 in chips) 
Seat 8: Dorex2007 ($5.68 in chips) 
Seat 9: malliosK ($10.19 in chips) 
malliosK: posts small blind $0.02
cborgel2: posts big blind $0.05
*** HOLE CARDS ***
Dealt to Dorex2007 [Ah 5c]
lasthand man: folds 
Jtc1931: raises $0.10 to $0.15
ZMadMartigan: raises $0.35 to $0.50
Tanner38157 leaves the table
NeverPlay4Fun: folds 
Dorex2007: folds 
malliosK: folds 
cborgel2: folds 
Jtc1931: folds 
Uncalled bet ($0.35) returned to ZMadMartigan
ZMadMartigan collected $0.37 from pot
*** SUMMARY ***
Total pot $0.37 | Rake $0 
Seat 1: cborgel2 (big blind) folded before Flop
Seat 2: lasthand man folded before Flop (didn't bet)
Seat 3: Jtc1931 folded before Flop
Seat 4: ZMadMartigan collected ($0.37)
Seat 6: NeverPlay4Fun folded before Flop (didn't bet)
Seat 8: Dorex2007 (button) folded before Flop (didn't bet)
Seat 9: malliosK (small blind) folded before Flop



PokerStars Hand #238844959284:  Hold'em No Limit ($0.02/$0.05 USD) - 2022/09/24 16:55:47 PT [2022/09/24 19:55:47 ET]
Table 'Unitas IV' 9-max Seat #1 is the button
Seat 1: cborgel2 ($3.26 in chips) 
Seat 2: lasthand man ($7.33 in chips) 
Seat 3: Jtc1931 ($4.88 in chips) 
Seat 4: ZMadMartigan ($3 in chips) 
Seat 8: Dorex2007 ($5.68 in chips) 
lasthand man: posts small blind $0.02
Jtc1931: posts big blind $0.05
*** HOLE CARDS ***
Dealt to Dorex2007 [Jd 9d]
ZMadMartigan: folds 
Dorex2007: folds 
cborgel2: calls $0.05
lasthand man: folds 
Jtc1931: checks 
*** FLOP *** [Ah Kh 6s]
Jtc1931: checks 
cborgel2: checks 
*** TURN *** [Ah Kh 6s] [Td]
Jtc1931: checks 
cborgel2: checks 
*** RIVER *** [Ah Kh 6s Td] [2h]
Jtc1931: checks 
cborgel2: bets $0.27
Jtc1931: calls $0.27
*** SHOW DOWN ***
cborgel2: shows [Js 8s] (high card Ace)
Jtc1931: shows [Ts 5s] (a pair of Tens)
Jtc1931 collected $0.63 from pot
*** SUMMARY ***
Total pot $0.66 | Rake $0.03 
Board [Ah Kh 6s Td 2h]
Seat 1: cborgel2 (button) showed [Js 8s] and lost with high card Ace
Seat 2: lasthand man (small blind) folded before Flop
Seat 3: Jtc1931 (big blind) showed [Ts 5s] and won ($0.63) with a pair of Tens
Seat 4: ZMadMartigan folded before Flop (didn't bet)
Seat 8: Dorex2007 folded before Flop (didn't bet)



PokerStars Hand #238844966847:  Hold'em No Limit ($0.02/$0.05 USD) - 2022/09/24 16:56:25 PT [2022/09/24 19:56:25 ET]
Table 'Unitas IV' 9-max Seat #2 is the button
Seat 1: cborgel2 ($2.94 in chips) 
Seat 2: lasthand man ($7.31 in chips) 
Seat 3: Jtc1931 ($5.19 in chips) 
Seat 4: ZMadMartigan ($3 in chips) 
Seat 8: Dorex2007 ($5.68 in chips) 
Jtc1931: posts small blind $0.02
ZMadMartigan: posts big blind $0.05
*** HOLE CARDS ***
Dealt to Dorex2007 [2h Qc]
Dorex2007: folds 
cborgel2: folds 
lasthand man: folds 
Jtc1931: folds 
Uncalled bet ($0.03) returned to ZMadMartigan
ZMadMartigan collected $0.04 from pot
*** SUMMARY ***
Total pot $0.04 | Rake $0 
Seat 1: cborgel2 folded before Flop (didn't bet)
Seat 2: lasthand man (button) folded before Flop (didn't bet)
Seat 3: Jtc1931 (small blind) folded before Flop
Seat 4: ZMadMartigan (big blind) collected ($0.04)
Seat 8: Dorex2007 folded before Flop (didn't bet)



PokerStars Hand #238844969951:  Hold'em No Limit ($0.02/$0.05 USD) - 2022/09/24 16:56:40 PT [2022/09/24 19:56:40 ET]
Table 'Unitas IV' 9-max Seat #3 is the button
Seat 1: cborgel2 ($2.94 in chips) 
Seat 2: lasthand man ($7.31 in chips) 
Seat 3: Jtc1931 ($5.17 in chips) 
Seat 4: ZMadMartigan ($3.02 in chips) 
Seat 8: Dorex2007 ($5.68 in chips) 
ZMadMartigan: posts small blind $0.02
Dorex2007: posts big blind $0.05
*** HOLE CARDS ***
Dealt to Dorex2007 [7d 7s]
cborgel2: folds 
lasthand man: folds 
Jtc1931: folds 
ZMadMartigan: raises $0.15 to $0.20
Dorex2007: raises $0.40 to $0.60
ZMadMartigan: raises $2.42 to $3.02 and is all-in
Dorex2007: folds 
Uncalled bet ($2.42) returned to ZMadMartigan
ZMadMartigan collected $1.20 from pot
*** SUMMARY ***
Total pot $1.20 | Rake $0 
Seat 1: cborgel2 folded before Flop (didn't bet)
Seat 2: lasthand man folded before Flop (didn't bet)
Seat 3: Jtc1931 (button) folded before Flop (didn't bet)
Seat 4: ZMadMartigan (small blind) collected ($1.20)
Seat 8: Dorex2007 (big blind) folded before Flop



PokerStars Hand #238844975092:  Hold'em No Limit ($0.02/$0.05 USD) - 2022/09/24 16:57:06 PT [2022/09/24 19:57:06 ET]
Table 'Unitas IV' 9-max Seat #4 is the button
Seat 1: cborgel2 ($2.94 in chips) 
Seat 2: lasthand man ($7.31 in chips) 
Seat 3: Jtc1931 ($5.17 in chips) 
Seat 4: ZMadMartigan ($3.62 in chips) 
Seat 8: Dorex2007 ($5.08 in chips) 
Dorex2007: posts small blind $0.02
cborgel2: posts big blind $0.05
*** HOLE CARDS ***
Dealt to Dorex2007 [9s Ts]
lasthand man: folds 
Jtc1931: folds 
ZMadMartigan: folds 
Dorex2007: folds 
Uncalled bet ($0.03) returned to cborgel2
cborgel2 collected $0.04 from pot
*** SUMMARY ***
Total pot $0.04 | Rake $0 
Seat 1: cborgel2 (big blind) collected ($0.04)
Seat 2: lasthand man folded before Flop (didn't bet)
Seat 3: Jtc1931 folded before Flop (didn't bet)
Seat 4: ZMadMartigan (button) folded before Flop (didn't bet)
Seat 8: Dorex2007 (small blind) folded before Flop



PokerStars Hand #238844977596:  Hold'em No Limit ($0.02/$0.05 USD) - 2022/09/24 16:57:18 PT [2022/09/24 19:57:18 ET]
Table 'Unitas IV' 9-max Seat #8 is the button
Seat 1: cborgel2 ($2.96 in chips) 
Seat 2: lasthand man ($7.31 in chips) 
Seat 3: Jtc1931 ($5.17 in chips) 
Seat 4: ZMadMartigan ($3.62 in chips) 
Seat 8: Dorex2007 ($5.06 in chips) 
cborgel2: posts small blind $0.02
lasthand man: posts big blind $0.05
*** HOLE CARDS ***
Dealt to Dorex2007 [Jc 5c]
Jtc1931: folds 
ZMadMartigan: folds 
Dorex2007: folds 
cborgel2: calls $0.03
lasthand man: checks 
*** FLOP *** [7c 3h 4h]
cborgel2: bets $0.10
lasthand man: folds 
Uncalled bet ($0.10) returned to cborgel2
cborgel2 collected $0.10 from pot
*** SUMMARY ***
Total pot $0.10 | Rake $0 
Board [7c 3h 4h]
Seat 1: cborgel2 (small blind) collected ($0.10)
Seat 2: lasthand man (big blind) folded on the Flop
Seat 3: Jtc1931 folded before Flop (didn't bet)
Seat 4: ZMadMartigan folded before Flop (didn't bet)
Seat 8: Dorex2007 (button) folded before Flop (didn't bet)



PokerStars Hand #238844982818:  Hold'em No Limit ($0.02/$0.05 USD) - 2022/09/24 16:57:44 PT [2022/09/24 19:57:44 ET]
Table 'Unitas IV' 9-max Seat #1 is the button
Seat 1: cborgel2 ($3.01 in chips) 
Seat 2: lasthand man ($7.26 in chips) 
Seat 3: Jtc1931 ($5.17 in chips) 
Seat 4: ZMadMartigan ($3.62 in chips) 
Seat 8: Dorex2007 ($5.06 in chips) 
Seat 9: malliosK ($10.17 in chips) 
lasthand man: posts small blind $0.02
Jtc1931: posts big blind $0.05
malliosK: posts small & big blinds $0.07
*** HOLE CARDS ***
Dealt to Dorex2007 [Jc 4h]
ZMadMartigan: folds 
Dorex2007: folds 
malliosK: raises $0.05 to $0.10
cborgel2: folds 
andrei.florea0o joins the table at seat #7 
lasthand man: folds 
Jtc1931: folds 
Uncalled bet ($0.05) returned to malliosK
malliosK collected $0.14 from pot
malliosK: doesn't show hand 
*** SUMMARY ***
Total pot $0.14 | Rake $0 
Seat 1: cborgel2 (button) folded before Flop (didn't bet)
Seat 2: lasthand man (small blind) folded before Flop
Seat 3: Jtc1931 (big blind) folded before Flop
Seat 4: ZMadMartigan folded before Flop (didn't bet)
Seat 8: Dorex2007 folded before Flop (didn't bet)
Seat 9: malliosK collected ($0.14)



PokerStars Hand #238844985926:  Hold'em No Limit ($0.02/$0.05 USD) - 2022/09/24 16:57:59 PT [2022/09/24 19:57:59 ET]
Table 'Unitas IV' 9-max Seat #2 is the button
Seat 1: cborgel2 ($3.01 in chips) 
Seat 2: lasthand man ($7.24 in chips) 
Seat 3: Jtc1931 ($5.12 in chips) 
Seat 4: ZMadMartigan ($3.62 in chips) 
Seat 8: Dorex2007 ($5.06 in chips) 
Seat 9: malliosK ($10.24 in chips) 
Jtc1931: posts small blind $0.02
ZMadMartigan: posts big blind $0.05
andrei.florea0o: sits out 
*** HOLE CARDS ***
Dealt to Dorex2007 [6h 4s]
Dorex2007: folds 
malliosK: folds 
cborgel2: folds 
lasthand man: folds 
Jtc1931: raises $0.10 to $0.15
ZMadMartigan: folds 
Uncalled bet ($0.10) returned to Jtc1931
Jtc1931 collected $0.10 from pot
Jtc1931: doesn't show hand 
*** SUMMARY ***
Total pot $0.10 | Rake $0 
Seat 1: cborgel2 folded before Flop (didn't bet)
Seat 2: lasthand man (button) folded before Flop (didn't bet)
Seat 3: Jtc1931 (small blind) collected ($0.10)
Seat 4: ZMadMartigan (big blind) folded before Flop
Seat 8: Dorex2007 folded before Flop (didn't bet)
Seat 9: malliosK folded before Flop (didn't bet)



PokerStars Hand #238844991927:  Hold'em No Limit ($0.02/$0.05 USD) - 2022/09/24 16:58:29 PT [2022/09/24 19:58:29 ET]
Table 'Unitas IV' 9-max Seat #3 is the button
Seat 1: cborgel2 ($3.01 in chips) 
Seat 2: lasthand man ($7.24 in chips) 
Seat 3: Jtc1931 ($5.17 in chips) 
Seat 4: ZMadMartigan ($3.57 in chips) 
Seat 7: andrei.florea0o ($5 in chips) 
Seat 8: Dorex2007 ($5.06 in chips) 
Seat 9: malliosK ($10.24 in chips) 
ZMadMartigan: posts small blind $0.02
andrei.florea0o: posts big blind $0.05
*** HOLE CARDS ***
Dealt to Dorex2007 [Ts 8s]
Dorex2007: folds 
malliosK: raises $0.12 to $0.17
cborgel2 has timed out
cborgel2: folds 
lasthand man: calls $0.17
Jtc1931: folds 
ZMadMartigan: folds 
andrei.florea0o: raises $0.22 to $0.39
malliosK: raises $0.46 to $0.85
lasthand man: folds 
andrei.florea0o: calls $0.46
*** FLOP *** [4h Ac 7d]
andrei.florea0o: checks 
malliosK: checks 
*** TURN *** [4h Ac 7d] [Jd]
andrei.florea0o: bets $0.75
malliosK: raises $1.48 to $2.23
andrei.florea0o: folds 
Uncalled bet ($1.48) returned to malliosK
malliosK collected $3.25 from pot
malliosK: doesn't show hand 
*** SUMMARY ***
Total pot $3.39 | Rake $0.14 
Board [4h Ac 7d Jd]
Seat 1: cborgel2 folded before Flop (didn't bet)
Seat 2: lasthand man folded before Flop
Seat 3: Jtc1931 (button) folded before Flop (didn't bet)
Seat 4: ZMadMartigan (small blind) folded before Flop
Seat 7: andrei.florea0o (big blind) folded on the Turn
Seat 8: Dorex2007 folded before Flop (didn't bet)
Seat 9: malliosK collected ($3.25)



PokerStars Hand #238845015738:  Hold'em No Limit ($0.02/$0.05 USD) - 2022/09/24 17:00:25 PT [2022/09/24 20:00:25 ET]
Table 'Unitas IV' 9-max Seat #4 is the button
Seat 1: cborgel2 ($3.01 in chips) 
Seat 2: lasthand man ($7.07 in chips) 
Seat 3: Jtc1931 ($5.17 in chips) 
Seat 4: ZMadMartigan ($3.55 in chips) 
Seat 7: andrei.florea0o ($3.40 in chips) 
Seat 8: Dorex2007 ($5.06 in chips) 
Seat 9: malliosK ($11.89 in chips) 
andrei.florea0o: posts small blind $0.02
Dorex2007: posts big blind $0.05
*** HOLE CARDS ***
Dealt to Dorex2007 [Jh Ks]
malliosK: folds 
cborgel2: raises $0.10 to $0.15
lasthand man: folds 
Jtc1931: calls $0.15
ZMadMartigan: calls $0.15
andrei.florea0o: folds 
Dorex2007: folds 
*** FLOP *** [Js Kc 4c]
cborgel2: bets $0.25
Jtc1931: folds 
ZMadMartigan: calls $0.25
*** TURN *** [Js Kc 4c] [8c]
cborgel2: checks 
ZMadMartigan: bets $0.85
cborgel2: folds 
Uncalled bet ($0.85) returned to ZMadMartigan
ZMadMartigan collected $0.98 from pot
*** SUMMARY ***
Total pot $1.02 | Rake $0.04 
Board [Js Kc 4c 8c]
Seat 1: cborgel2 folded on the Turn
Seat 2: lasthand man folded before Flop (didn't bet)
Seat 3: Jtc1931 folded on the Flop
Seat 4: ZMadMartigan (button) collected ($0.98)
Seat 7: andrei.florea0o (small blind) folded before Flop
Seat 8: Dorex2007 (big blind) folded before Flop
Seat 9: malliosK folded before Flop (didn't bet)



PokerStars Hand #238845036797:  Hold'em No Limit ($0.02/$0.05 USD) - 2022/09/24 17:01:56 PT [2022/09/24 20:01:56 ET]
Table 'Unitas IV' 9-max Seat #7 is the button
Seat 1: cborgel2 ($2.61 in chips) 
Seat 2: lasthand man ($7.07 in chips) 
Seat 3: Jtc1931 ($5.02 in chips) 
Seat 4: ZMadMartigan ($4.13 in chips) 
Seat 5: ZAURBEKK2013 ($7.53 in chips) 
Seat 7: andrei.florea0o ($3.38 in chips) 
Seat 8: Dorex2007 ($5.01 in chips) 
Seat 9: malliosK ($11.89 in chips) 
Dorex2007: posts small blind $0.02
malliosK: posts big blind $0.05
ZAURBEKK2013: posts small & big blinds $0.07
NeverPlay4Fun: sits out 
*** HOLE CARDS ***
Dealt to Dorex2007 [Jh Kd]
cborgel2: raises $0.10 to $0.15
lasthand man: folds 
Jtc1931: folds 
ZMadMartigan: raises $0.20 to $0.35
ZAURBEKK2013: calls $0.30
andrei.florea0o: folds 
Dorex2007: folds 
malliosK: folds 
cborgel2: calls $0.20
*** FLOP *** [2c 6s 2h]
cborgel2: checks 
ZMadMartigan: bets $3.78 and is all-in
ZAURBEKK2013: folds 
cborgel2: folds 
Uncalled bet ($3.78) returned to ZMadMartigan
ZMadMartigan collected $1.09 from pot
*** SUMMARY ***
Total pot $1.14 | Rake $0.05 
Board [2c 6s 2h]
Seat 1: cborgel2 folded on the Flop
Seat 2: lasthand man folded before Flop (didn't bet)
Seat 3: Jtc1931 folded before Flop (didn't bet)
Seat 4: ZMadMartigan collected ($1.09)
Seat 5: ZAURBEKK2013 folded on the Flop
Seat 7: andrei.florea0o (button) folded before Flop (didn't bet)
Seat 8: Dorex2007 (small blind) folded before Flop
Seat 9: malliosK (big blind) folded before Flop



PokerStars Hand #238845049297:  Hold'em No Limit ($0.02/$0.05 USD) - 2022/09/24 17:02:46 PT [2022/09/24 20:02:46 ET]
Table 'Unitas IV' 9-max Seat #8 is the button
Seat 1: cborgel2 ($2.26 in chips) 
Seat 2: lasthand man ($7.07 in chips) 
Seat 3: Jtc1931 ($5.02 in chips) 
Seat 4: ZMadMartigan ($4.87 in chips) 
Seat 5: ZAURBEKK2013 ($7.16 in chips) 
Seat 7: andrei.florea0o ($3.38 in chips) 
Seat 8: Dorex2007 ($5 in chips) 
Seat 9: malliosK ($11.84 in chips) 
malliosK: posts small blind $0.02
cborgel2: posts big blind $0.05
NeverPlay4Fun: sits out 
*** HOLE CARDS ***
Dealt to Dorex2007 [5c Jh]
lasthand man: folds 
Jtc1931: folds 
ZMadMartigan: calls $0.05
ZAURBEKK2013: folds 
andrei.florea0o: raises $0.10 to $0.15
Dorex2007: folds 
malliosK: folds 
cborgel2: calls $0.10
ZMadMartigan: raises $4.72 to $4.87 and is all-in
andrei.florea0o: calls $3.23 and is all-in
cborgel2: folds 
Uncalled bet ($1.49) returned to ZMadMartigan
*** FLOP *** [Ks Ts Tc]
*** TURN *** [Ks Ts Tc] [4c]
*** RIVER *** [Ks Ts Tc 4c] [2d]
*** SHOW DOWN ***
ZMadMartigan: shows [Th Td] (four of a kind, Tens)
andrei.florea0o: shows [Qs 9c] (a pair of Tens)
ZMadMartigan collected $6.64 from pot
*** SUMMARY ***
Total pot $6.93 | Rake $0.29 
Board [Ks Ts Tc 4c 2d]
Seat 1: cborgel2 (big blind) folded before Flop
Seat 2: lasthand man folded before Flop (didn't bet)
Seat 3: Jtc1931 folded before Flop (didn't bet)
Seat 4: ZMadMartigan showed [Th Td] and won ($6.64) with four of a kind, Tens
Seat 5: ZAURBEKK2013 folded before Flop (didn't bet)
Seat 7: andrei.florea0o showed [Qs 9c] and lost with a pair of Tens
Seat 8: Dorex2007 (button) folded before Flop (didn't bet)
Seat 9: malliosK (small blind) folded before Flop



PokerStars Hand #238845060945:  Hold'em No Limit ($0.02/$0.05 USD) - 2022/09/24 17:03:33 PT [2022/09/24 20:03:33 ET]
Table 'Unitas IV' 9-max Seat #9 is the button
Seat 1: cborgel2 ($2.11 in chips) 
Seat 2: lasthand man ($7.07 in chips) 
Seat 3: Jtc1931 ($5.02 in chips) 
Seat 4: ZMadMartigan ($8.13 in chips) 
Seat 5: ZAURBEKK2013 ($7.16 in chips) 
Seat 8: Dorex2007 ($5 in chips) 
Seat 9: malliosK ($11.82 in chips) 
cborgel2: posts small blind $0.02
lasthand man: posts big blind $0.05
NeverPlay4Fun: sits out 
*** HOLE CARDS ***
Dealt to Dorex2007 [Kd 7s]
Jtc1931: folds 
andrei.florea0o leaves the table
ZMadMartigan: raises $0.20 to $0.25
ZAURBEKK2013: folds 
Dorex2007: folds 
malliosK: folds 
cborgel2: folds 
lasthand man: calls $0.20
*** FLOP *** [Th 5d 3c]
lasthand man: checks 
ZMadMartigan: bets $7.88 and is all-in
lasthand man: calls $6.82 and is all-in
Uncalled bet ($1.06) returned to ZMadMartigan
*** TURN *** [Th 5d 3c] [4d]
*** RIVER *** [Th 5d 3c 4d] [5s]
*** SHOW DOWN ***
lasthand man: shows [Kh Kc] (two pair, Kings and Fives)
ZMadMartigan: shows [Jh Js] (two pair, Jacks and Fives)
lasthand man collected $13.57 from pot
*** SUMMARY ***
Total pot $14.16 | Rake $0.59 
Board [Th 5d 3c 4d 5s]
Seat 1: cborgel2 (small blind) folded before Flop
Seat 2: lasthand man (big blind) showed [Kh Kc] and won ($13.57) with two pair, Kings and Fives
Seat 3: Jtc1931 folded before Flop (didn't bet)
Seat 4: ZMadMartigan showed [Jh Js] and lost with two pair, Jacks and Fives
Seat 5: ZAURBEKK2013 folded before Flop (didn't bet)
Seat 8: Dorex2007 folded before Flop (didn't bet)
Seat 9: malliosK (button) folded before Flop (didn't bet)



PokerStars Hand #238845071668:  Hold'em No Limit ($0.02/$0.05 USD) - 2022/09/24 17:04:17 PT [2022/09/24 20:04:17 ET]
Table 'Unitas IV' 9-max Seat #1 is the button
Seat 1: cborgel2 ($2.09 in chips) 
Seat 2: lasthand man ($13.57 in chips) 
Seat 3: Jtc1931 ($5.02 in chips) 
Seat 4: ZMadMartigan ($1.06 in chips) 
Seat 5: ZAURBEKK2013 ($7.16 in chips) 
Seat 8: Dorex2007 ($5 in chips) 
Seat 9: malliosK ($11.82 in chips) 
lasthand man: posts small blind $0.02
Jtc1931: posts big blind $0.05
NeverPlay4Fun: sits out 
*** HOLE CARDS ***
Dealt to Dorex2007 [Jd Ah]
ZMadMartigan: folds 
ZAURBEKK2013: folds 
Dorex2007: folds 
malliosK: folds 
cborgel2: raises $0.10 to $0.15
lasthand man: folds 
amnhaze91 joins the table at seat #7 
Jtc1931: calls $0.10
*** FLOP *** [7h 7d Ac]
Jtc1931: checks 
cborgel2: bets $0.31
Jtc1931: folds 
Uncalled bet ($0.31) returned to cborgel2
cborgel2 collected $0.31 from pot
*** SUMMARY ***
Total pot $0.32 | Rake $0.01 
Board [7h 7d Ac]
Seat 1: cborgel2 (button) collected ($0.31)
Seat 2: lasthand man (small blind) folded before Flop
Seat 3: Jtc1931 (big blind) folded on the Flop
Seat 4: ZMadMartigan folded before Flop (didn't bet)
Seat 5: ZAURBEKK2013 folded before Flop (didn't bet)
Seat 8: Dorex2007 folded before Flop (didn't bet)
Seat 9: malliosK folded before Flop (didn't bet)



PokerStars Hand #238845082469:  Hold'em No Limit ($0.02/$0.05 USD) - 2022/09/24 17:04:59 PT [2022/09/24 20:04:59 ET]
Table 'Unitas IV' 9-max Seat #2 is the button
Seat 1: cborgel2 ($2.25 in chips) 
Seat 2: lasthand man ($13.55 in chips) 
Seat 3: Jtc1931 ($4.87 in chips) 
Seat 4: ZMadMartigan ($1.06 in chips) 
Seat 5: ZAURBEKK2013 ($7.16 in chips) 
Seat 8: Dorex2007 ($5 in chips) 
Seat 9: malliosK ($11.82 in chips) 
Jtc1931: posts small blind $0.02
ZMadMartigan: posts big blind $0.05
NeverPlay4Fun: sits out 
amnhaze91: sits out 
*** HOLE CARDS ***
Dealt to Dorex2007 [4d 2c]
ZAURBEKK2013: folds 
Dorex2007: folds 
malliosK: raises $0.06 to $0.11
cborgel2: folds 
lasthand man: folds 
Jtc1931: folds 
ZMadMartigan: raises $0.95 to $1.06 and is all-in
malliosK: calls $0.95
*** FLOP *** [6s 6c 7c]
*** TURN *** [6s 6c 7c] [8c]
*** RIVER *** [6s 6c 7c 8c] [3h]
*** SHOW DOWN ***
ZMadMartigan: shows [As 6h] (three of a kind, Sixes)
malliosK: shows [3d Ad] (two pair, Sixes and Threes)
ZMadMartigan collected $2.05 from pot
*** SUMMARY ***
Total pot $2.14 | Rake $0.09 
Board [6s 6c 7c 8c 3h]
Seat 1: cborgel2 folded before Flop (didn't bet)
Seat 2: lasthand man (button) folded before Flop (didn't bet)
Seat 3: Jtc1931 (small blind) folded before Flop
Seat 4: ZMadMartigan (big blind) showed [As 6h] and won ($2.05) with three of a kind, Sixes
Seat 5: ZAURBEKK2013 folded before Flop (didn't bet)
Seat 8: Dorex2007 folded before Flop (didn't bet)
Seat 9: malliosK showed [3d Ad] and lost with two pair, Sixes and Threes



PokerStars Hand #238845093217:  Hold'em No Limit ($0.02/$0.05 USD) - 2022/09/24 17:05:42 PT [2022/09/24 20:05:42 ET]
Table 'Unitas IV' 9-max Seat #3 is the button
Seat 1: cborgel2 ($2.25 in chips) 
Seat 2: lasthand man ($13.55 in chips) 
Seat 3: Jtc1931 ($4.98 in chips) 
Seat 4: ZMadMartigan ($2.05 in chips) 
Seat 5: ZAURBEKK2013 ($7.16 in chips) 
Seat 8: Dorex2007 ($5 in chips) 
Seat 9: malliosK ($10.76 in chips) 
ZMadMartigan: posts small blind $0.02
ZAURBEKK2013: posts big blind $0.05
NeverPlay4Fun: sits out 
amnhaze91: sits out 
*** HOLE CARDS ***
Dealt to Dorex2007 [Jh 3h]
Dorex2007: folds 
malliosK: folds 
cborgel2: raises $0.12 to $0.17
lasthand man: folds 
Jtc1931: folds 
ZMadMartigan: folds 
ZAURBEKK2013: calls $0.12
*** FLOP *** [6d 8d Jd]
ZAURBEKK2013: checks 
cborgel2: checks 
*** TURN *** [6d 8d Jd] [Ks]
ZAURBEKK2013: checks 
cborgel2: bets $0.35
ZAURBEKK2013: folds 
Uncalled bet ($0.35) returned to cborgel2
cborgel2 collected $0.35 from pot
*** SUMMARY ***
Total pot $0.36 | Rake $0.01 
Board [6d 8d Jd Ks]
Seat 1: cborgel2 collected ($0.35)
Seat 2: lasthand man folded before Flop (didn't bet)
Seat 3: Jtc1931 (button) folded before Flop (didn't bet)
Seat 4: ZMadMartigan (small blind) folded before Flop
Seat 5: ZAURBEKK2013 (big blind) folded on the Turn
Seat 8: Dorex2007 folded before Flop (didn't bet)
Seat 9: malliosK folded before Flop (didn't bet)



PokerStars Hand #238845103739:  Hold'em No Limit ($0.02/$0.05 USD) - 2022/09/24 17:06:24 PT [2022/09/24 20:06:24 ET]
Table 'Unitas IV' 9-max Seat #4 is the button
Seat 1: cborgel2 ($2.43 in chips) 
Seat 2: lasthand man ($13.55 in chips) 
Seat 3: Jtc1931 ($4.98 in chips) 
Seat 4: ZMadMartigan ($2.03 in chips) 
Seat 5: ZAURBEKK2013 ($6.99 in chips) 
Seat 6: NeverPlay4Fun ($5 in chips) 
Seat 8: Dorex2007 ($5 in chips) 
Seat 9: malliosK ($10.76 in chips) 
ZAURBEKK2013: posts small blind $0.02
NeverPlay4Fun: posts big blind $0.05
amnhaze91: sits out 
*** HOLE CARDS ***
Dealt to Dorex2007 [Td Qh]
Dorex2007: folds 
malliosK: folds 
cborgel2: folds 
lasthand man: folds 
Jtc1931: folds 
ZMadMartigan: folds 
ZAURBEKK2013: folds 
Uncalled bet ($0.03) returned to NeverPlay4Fun
NeverPlay4Fun collected $0.04 from pot
NeverPlay4Fun: doesn't show hand 
*** SUMMARY ***
Total pot $0.04 | Rake $0 
Seat 1: cborgel2 folded before Flop (didn't bet)
Seat 2: lasthand man folded before Flop (didn't bet)
Seat 3: Jtc1931 folded before Flop (didn't bet)
Seat 4: ZMadMartigan (button) folded before Flop (didn't bet)
Seat 5: ZAURBEKK2013 (small blind) folded before Flop
Seat 6: NeverPlay4Fun (big blind) collected ($0.04)
Seat 8: Dorex2007 folded before Flop (didn't bet)
Seat 9: malliosK folded before Flop (didn't bet)



PokerStars Hand #238845107708:  Hold'em No Limit ($0.02/$0.05 USD) - 2022/09/24 17:06:40 PT [2022/09/24 20:06:40 ET]
Table 'Unitas IV' 9-max Seat #5 is the button
Seat 1: cborgel2 ($2.43 in chips) 
Seat 2: lasthand man ($13.55 in chips) 
Seat 3: Jtc1931 ($4.98 in chips) 
Seat 4: ZMadMartigan ($2.03 in chips) 
Seat 5: ZAURBEKK2013 ($6.97 in chips) 
Seat 6: NeverPlay4Fun ($5.02 in chips) 
Seat 7: amnhaze91 ($5 in chips) 
Seat 8: Dorex2007 ($5 in chips) 
Seat 9: malliosK ($10.76 in chips) 
NeverPlay4Fun: posts small blind $0.02
amnhaze91: posts big blind $0.05
*** HOLE CARDS ***
Dealt to Dorex2007 [Kh 3c]
Dorex2007: folds 
malliosK: folds 
cborgel2: folds 
lasthand man: folds 
Jtc1931: folds 
ZMadMartigan: folds 
ZAURBEKK2013: folds 
NeverPlay4Fun: raises $0.06 to $0.11
amnhaze91: calls $0.06
*** FLOP *** [Ac 4h 8s]
NeverPlay4Fun: checks 
amnhaze91: bets $0.10
NeverPlay4Fun: folds 
Uncalled bet ($0.10) returned to amnhaze91
amnhaze91 collected $0.21 from pot
*** SUMMARY ***
Total pot $0.22 | Rake $0.01 
Board [Ac 4h 8s]
Seat 1: cborgel2 folded before Flop (didn't bet)
Seat 2: lasthand man folded before Flop (didn't bet)
Seat 3: Jtc1931 folded before Flop (didn't bet)
Seat 4: ZMadMartigan folded before Flop (didn't bet)
Seat 5: ZAURBEKK2013 (button) folded before Flop (didn't bet)
Seat 6: NeverPlay4Fun (small blind) folded on the Flop
Seat 7: amnhaze91 (big blind) collected ($0.21)
Seat 8: Dorex2007 folded before Flop (didn't bet)
Seat 9: malliosK folded before Flop (didn't bet)



PokerStars Hand #238845120671:  Hold'em No Limit ($0.02/$0.05 USD) - 2022/09/24 17:07:33 PT [2022/09/24 20:07:33 ET]
Table 'Unitas IV' 9-max Seat #6 is the button
Seat 1: cborgel2 ($2.43 in chips) 
Seat 2: lasthand man ($13.55 in chips) 
Seat 3: Jtc1931 ($4.98 in chips) 
Seat 4: ZMadMartigan ($2.03 in chips) 
Seat 5: ZAURBEKK2013 ($6.97 in chips) 
Seat 6: NeverPlay4Fun ($5 in chips) 
Seat 7: amnhaze91 ($5.10 in chips) 
Seat 8: Dorex2007 ($5 in chips) 
Seat 9: malliosK ($10.76 in chips) 
amnhaze91: posts small blind $0.02
Dorex2007: posts big blind $0.05
*** HOLE CARDS ***
Dealt to Dorex2007 [7h 9s]
malliosK: folds 
cborgel2: folds 
lasthand man: folds 
Jtc1931: folds 
ZMadMartigan: calls $0.05
ZAURBEKK2013: raises $0.15 to $0.20
NeverPlay4Fun: calls $0.20
amnhaze91: folds 
Dorex2007: folds 
ZMadMartigan: calls $0.15
*** FLOP *** [8s Kd 8c]
ZMadMartigan: checks 
ZAURBEKK2013: checks 
NeverPlay4Fun: bets $0.26
ZMadMartigan: folds 
ZAURBEKK2013: calls $0.26
*** TURN *** [8s Kd 8c] [5c]
ZAURBEKK2013: checks 
NeverPlay4Fun: checks 
*** RIVER *** [8s Kd 8c 5c] [6d]
ZAURBEKK2013: bets $0.63
NeverPlay4Fun: raises $3.91 to $4.54 and is all-in
ZAURBEKK2013: folds 
Uncalled bet ($3.91) returned to NeverPlay4Fun
NeverPlay4Fun collected $2.33 from pot
NeverPlay4Fun: doesn't show hand 
*** SUMMARY ***
Total pot $2.45 | Rake $0.12 
Board [8s Kd 8c 5c 6d]
Seat 1: cborgel2 folded before Flop (didn't bet)
Seat 2: lasthand man folded before Flop (didn't bet)
Seat 3: Jtc1931 folded before Flop (didn't bet)
Seat 4: ZMadMartigan folded on the Flop
Seat 5: ZAURBEKK2013 folded on the River
Seat 6: NeverPlay4Fun (button) collected ($2.33)
Seat 7: amnhaze91 (small blind) folded before Flop
Seat 8: Dorex2007 (big blind) folded before Flop
Seat 9: malliosK folded before Flop (didn't bet)



PokerStars Hand #238845140770:  Hold'em No Limit ($0.02/$0.05 USD) - 2022/09/24 17:08:55 PT [2022/09/24 20:08:55 ET]
Table 'Unitas IV' 9-max Seat #7 is the button
Seat 1: cborgel2 ($2.43 in chips) 
Seat 2: lasthand man ($13.55 in chips) 
Seat 3: Jtc1931 ($4.98 in chips) 
Seat 4: ZMadMartigan ($1.83 in chips) 
Seat 5: ZAURBEKK2013 ($5.88 in chips) 
Seat 6: NeverPlay4Fun ($6.24 in chips) 
Seat 7: amnhaze91 ($5.08 in chips) 
Seat 8: Dorex2007 ($5 in chips) 
Dorex2007: posts small blind $0.02
cborgel2: posts big blind $0.05
*** HOLE CARDS ***
Dealt to Dorex2007 [2h Ac]
lasthand man has timed out
lasthand man: folds 
Jtc1931: folds 
ZMadMartigan: folds 
ZAURBEKK2013: raises $0.10 to $0.15
NeverPlay4Fun: folds 
amnhaze91: folds 
Dorex2007: folds 
cborgel2: calls $0.10
*** FLOP *** [Ah Kh 2s]
cborgel2: checks 
ZAURBEKK2013: bets $0.20
cborgel2: folds 
Uncalled bet ($0.20) returned to ZAURBEKK2013
ZAURBEKK2013 collected $0.31 from pot
ZAURBEKK2013: doesn't show hand 
*** SUMMARY ***
Total pot $0.32 | Rake $0.01 
Board [Ah Kh 2s]
Seat 1: cborgel2 (big blind) folded on the Flop
Seat 2: lasthand man folded before Flop (didn't bet)
Seat 3: Jtc1931 folded before Flop (didn't bet)
Seat 4: ZMadMartigan folded before Flop (didn't bet)
Seat 5: ZAURBEKK2013 collected ($0.31)
Seat 6: NeverPlay4Fun folded before Flop (didn't bet)
Seat 7: amnhaze91 (button) folded before Flop (didn't bet)
Seat 8: Dorex2007 (small blind) folded before Flop



PokerStars Hand #238845156431:  Hold'em No Limit ($0.02/$0.05 USD) - 2022/09/24 17:09:59 PT [2022/09/24 20:09:59 ET]
Table 'Unitas IV' 9-max Seat #8 is the button
Seat 1: cborgel2 ($2.28 in chips) 
Seat 2: lasthand man ($13.55 in chips) 
Seat 3: Jtc1931 ($4.98 in chips) 
Seat 4: ZMadMartigan ($1.83 in chips) 
Seat 5: ZAURBEKK2013 ($6.04 in chips) 
Seat 6: NeverPlay4Fun ($6.24 in chips) 
Seat 7: amnhaze91 ($5.08 in chips) 
Seat 8: Dorex2007 ($5 in chips) 
cborgel2: posts small blind $0.02
lasthand man: posts big blind $0.05
*** HOLE CARDS ***
Dealt to Dorex2007 [Td 6c]
Jtc1931: folds 
ZMadMartigan: folds 
ZAURBEKK2013: folds 
NeverPlay4Fun: folds 
amnhaze91: folds 
Dorex2007: folds 
cborgel2: raises $0.10 to $0.15
lasthand man: folds 
Uncalled bet ($0.10) returned to cborgel2
cborgel2 collected $0.10 from pot
*** SUMMARY ***
Total pot $0.10 | Rake $0 
Seat 1: cborgel2 (small blind) collected ($0.10)
Seat 2: lasthand man (big blind) folded before Flop
Seat 3: Jtc1931 folded before Flop (didn't bet)
Seat 4: ZMadMartigan folded before Flop (didn't bet)
Seat 5: ZAURBEKK2013 folded before Flop (didn't bet)
Seat 6: NeverPlay4Fun folded before Flop (didn't bet)
Seat 7: amnhaze91 folded before Flop (didn't bet)
Seat 8: Dorex2007 (button) folded before Flop (didn't bet)



PokerStars Hand #238845161133:  Hold'em No Limit ($0.02/$0.05 USD) - 2022/09/24 17:10:18 PT [2022/09/24 20:10:18 ET]
Table 'Unitas IV' 9-max Seat #1 is the button
Seat 1: cborgel2 ($2.33 in chips) 
Seat 2: lasthand man ($13.50 in chips) 
Seat 3: Jtc1931 ($4.98 in chips) 
Seat 4: ZMadMartigan ($1.83 in chips) 
Seat 5: ZAURBEKK2013 ($6.04 in chips) 
Seat 6: NeverPlay4Fun ($6.24 in chips) 
Seat 7: amnhaze91 ($5.08 in chips) 
Seat 8: Dorex2007 ($5 in chips) 
Seat 9: malliosK ($10.76 in chips) 
lasthand man: posts small blind $0.02
Jtc1931: posts big blind $0.05
malliosK: posts small & big blinds $0.07
*** HOLE CARDS ***
Dealt to Dorex2007 [Kc 5d]
ZMadMartigan: calls $0.05
ZAURBEKK2013: folds 
NeverPlay4Fun: folds 
amnhaze91: folds 
Dorex2007: folds 
malliosK: checks 
cborgel2: calls $0.05
lasthand man: folds 
Jtc1931: checks 
*** FLOP *** [4s Ad Js]
Jtc1931: checks 
ZMadMartigan: checks 
malliosK: checks 
cborgel2: checks 
*** TURN *** [4s Ad Js] [2h]
Jtc1931: bets $0.11
ZMadMartigan: folds 
malliosK: folds 
cborgel2: calls $0.11
*** RIVER *** [4s Ad Js 2h] [3c]
Jtc1931: checks 
cborgel2: checks 
*** SHOW DOWN ***
Jtc1931: shows [6c Ac] (a pair of Aces)
cborgel2: mucks hand 
Jtc1931 collected $0.44 from pot
*** SUMMARY ***
Total pot $0.46 | Rake $0.02 
Board [4s Ad Js 2h 3c]
Seat 1: cborgel2 (button) mucked [Qh 4c]
Seat 2: lasthand man (small blind) folded before Flop
Seat 3: Jtc1931 (big blind) showed [6c Ac] and won ($0.44) with a pair of Aces
Seat 4: ZMadMartigan folded on the Turn
Seat 5: ZAURBEKK2013 folded before Flop (didn't bet)
Seat 6: NeverPlay4Fun folded before Flop (didn't bet)
Seat 7: amnhaze91 folded before Flop (didn't bet)
Seat 8: Dorex2007 folded before Flop (didn't bet)
Seat 9: malliosK folded on the Turn (didn't bet)



PokerStars Hand #238845179390:  Hold'em No Limit ($0.02/$0.05 USD) - 2022/09/24 17:11:33 PT [2022/09/24 20:11:33 ET]
Table 'Unitas IV' 9-max Seat #2 is the button
Seat 1: cborgel2 ($2.17 in chips) 
Seat 2: lasthand man ($13.48 in chips) 
Seat 3: Jtc1931 ($5.26 in chips) 
Seat 4: ZMadMartigan ($1.78 in chips) 
Seat 5: ZAURBEKK2013 ($6.04 in chips) 
Seat 6: NeverPlay4Fun ($6.24 in chips) 
Seat 7: amnhaze91 ($5.08 in chips) 
Seat 8: Dorex2007 ($5 in chips) 
Seat 9: malliosK ($10.69 in chips) 
Jtc1931: posts small blind $0.02
ZMadMartigan: posts big blind $0.05
*** HOLE CARDS ***
Dealt to Dorex2007 [Ts 2c]
ZAURBEKK2013: folds 
NeverPlay4Fun: raises $0.06 to $0.11
amnhaze91: folds 
Dorex2007: folds 
malliosK: folds 
cborgel2: calls $0.11
lasthand man: folds 
Jtc1931: folds 
ZMadMartigan: calls $0.06
*** FLOP *** [9c Th 5c]
ZMadMartigan: checks 
NeverPlay4Fun: checks 
cborgel2: bets $0.17
ZMadMartigan: folds 
NeverPlay4Fun: folds 
Uncalled bet ($0.17) returned to cborgel2
cborgel2 collected $0.34 from pot
*** SUMMARY ***
Total pot $0.35 | Rake $0.01 
Board [9c Th 5c]
Seat 1: cborgel2 collected ($0.34)
Seat 2: lasthand man (button) folded before Flop (didn't bet)
Seat 3: Jtc1931 (small blind) folded before Flop
Seat 4: ZMadMartigan (big blind) folded on the Flop
Seat 5: ZAURBEKK2013 folded before Flop (didn't bet)
Seat 6: NeverPlay4Fun folded on the Flop
Seat 7: amnhaze91 folded before Flop (didn't bet)
Seat 8: Dorex2007 folded before Flop (didn't bet)
Seat 9: malliosK folded before Flop (didn't bet)



PokerStars Hand #238845191383:  Hold'em No Limit ($0.02/$0.05 USD) - 2022/09/24 17:12:22 PT [2022/09/24 20:12:22 ET]
Table 'Unitas IV' 9-max Seat #3 is the button
Seat 1: cborgel2 ($2.40 in chips) 
Seat 2: lasthand man ($13.48 in chips) 
Seat 3: Jtc1931 ($5.24 in chips) 
Seat 4: ZMadMartigan ($1.67 in chips) 
Seat 5: ZAURBEKK2013 ($6.04 in chips) 
Seat 6: NeverPlay4Fun ($6.13 in chips) 
Seat 7: amnhaze91 ($5.08 in chips) 
Seat 8: Dorex2007 ($5 in chips) 
Seat 9: malliosK ($10.69 in chips) 
ZMadMartigan: posts small blind $0.02
ZAURBEKK2013: posts big blind $0.05
*** HOLE CARDS ***
Dealt to Dorex2007 [Kd Kc]
NeverPlay4Fun: folds 
amnhaze91: raises $0.10 to $0.15
Dorex2007: raises $0.37 to $0.52
malliosK: folds 
cborgel2: folds 
lasthand man: calls $0.52
Jtc1931: folds 
ZMadMartigan: raises $1.15 to $1.67 and is all-in
ZAURBEKK2013: folds 
amnhaze91: folds 
Dorex2007: raises $3.33 to $5 and is all-in
lasthand man: folds 
Uncalled bet ($3.33) returned to Dorex2007
*** FLOP *** [Jd Tc 4c]
*** TURN *** [Jd Tc 4c] [5s]
*** RIVER *** [Jd Tc 4c 5s] [Jh]
*** SHOW DOWN ***
ZMadMartigan: shows [As Ts] (two pair, Jacks and Tens)
Dorex2007: shows [Kd Kc] (two pair, Kings and Jacks)
Dorex2007 cashed out the hand for $2.58 | Cash Out Fee $0.03
*** SUMMARY ***
Total pot $4.06 | Rake $0.17 
Board [Jd Tc 4c 5s Jh]
Seat 1: cborgel2 folded before Flop (didn't bet)
Seat 2: lasthand man folded before Flop
Seat 3: Jtc1931 (button) folded before Flop (didn't bet)
Seat 4: ZMadMartigan (small blind) showed [As Ts] and lost with two pair, Jacks and Tens
Seat 5: ZAURBEKK2013 (big blind) folded before Flop
Seat 6: NeverPlay4Fun folded before Flop (didn't bet)
Seat 7: amnhaze91 folded before Flop
Seat 8: Dorex2007 showed [Kd Kc] and won ($3.89) with two pair, Kings and Jacks (pot not awarded as player cashed out)
Seat 9: malliosK folded before Flop (didn't bet)



PokerStars Hand #238845213765:  Hold'em No Limit ($0.02/$0.05 USD) - 2022/09/24 17:13:54 PT [2022/09/24 20:13:54 ET]
Table 'Unitas IV' 9-max Seat #5 is the button
Seat 1: cborgel2 ($2.40 in chips) 
Seat 2: lasthand man ($12.96 in chips) 
Seat 3: Jtc1931 ($5.24 in chips) 
Seat 5: ZAURBEKK2013 ($5.99 in chips) 
Seat 6: NeverPlay4Fun ($6.13 in chips) 
Seat 7: amnhaze91 ($4.93 in chips) 
Seat 8: Dorex2007 ($5.91 in chips) 
Seat 9: malliosK ($10.69 in chips) 
NeverPlay4Fun: posts small blind $0.02
amnhaze91: posts big blind $0.05
*** HOLE CARDS ***
Dealt to Dorex2007 [Qd 7h]
Dorex2007: folds 
malliosK: folds 
ZMadMartigan leaves the table
cborgel2: raises $0.10 to $0.15
lasthand man: folds 
Jtc1931: folds 
ZAURBEKK2013: calls $0.15
NeverPlay4Fun: folds 
amnhaze91: raises $0.30 to $0.45
6tee joins the table at seat #4 
cborgel2: calls $0.30
ZAURBEKK2013: calls $0.30
*** FLOP *** [Jh 2s 8c]
amnhaze91: checks 
cborgel2: checks 
ZAURBEKK2013: bets $0.72
amnhaze91: calls $0.72
cborgel2: calls $0.72
*** TURN *** [Jh 2s 8c] [3s]
amnhaze91: checks 
cborgel2: checks 
ZAURBEKK2013: checks 
*** RIVER *** [Jh 2s 8c 3s] [Jc]
amnhaze91: bets $2
cborgel2: folds 
ZAURBEKK2013: folds 
Uncalled bet ($2) returned to amnhaze91
amnhaze91 collected $3.38 from pot
*** SUMMARY ***
Total pot $3.53 | Rake $0.15 
Board [Jh 2s 8c 3s Jc]
Seat 1: cborgel2 folded on the River
Seat 2: lasthand man folded before Flop (didn't bet)
Seat 3: Jtc1931 folded before Flop (didn't bet)
Seat 5: ZAURBEKK2013 (button) folded on the River
Seat 6: NeverPlay4Fun (small blind) folded before Flop
Seat 7: amnhaze91 (big blind) collected ($3.38)
Seat 8: Dorex2007 folded before Flop (didn't bet)
Seat 9: malliosK folded before Flop (didn't bet)



PokerStars Hand #238845250440:  Hold'em No Limit ($0.02/$0.05 USD) - 2022/09/24 17:16:28 PT [2022/09/24 20:16:28 ET]
Table 'Unitas IV' 9-max Seat #6 is the button
Seat 1: cborgel2 ($1.23 in chips) 
Seat 2: lasthand man ($12.96 in chips) 
Seat 3: Jtc1931 ($5.24 in chips) 
Seat 4: 6tee ($5 in chips) 
Seat 5: ZAURBEKK2013 ($4.82 in chips) 
Seat 6: NeverPlay4Fun ($6.11 in chips) 
Seat 7: amnhaze91 ($7.14 in chips) 
Seat 8: Dorex2007 ($5.91 in chips) 
Seat 9: malliosK ($10.69 in chips) 
amnhaze91: posts small blind $0.02
Dorex2007: posts big blind $0.05
6tee: posts big blind $0.05
*** HOLE CARDS ***
Dealt to Dorex2007 [Qc 3d]
malliosK: folds 
cborgel2: folds 
lasthand man: folds 
Jtc1931: folds 
6tee has timed out
6tee: checks 
ZAURBEKK2013: folds 
NeverPlay4Fun: folds 
amnhaze91: calls $0.03
Dorex2007: checks 
*** FLOP *** [Th Jc 7c]
amnhaze91: checks 
Dorex2007: checks 
6tee: checks 
*** TURN *** [Th Jc 7c] [2s]
amnhaze91: checks 
Dorex2007: checks 
6tee: checks 
*** RIVER *** [Th Jc 7c 2s] [8s]
amnhaze91: checks 
Dorex2007: checks 
6tee: checks 
*** SHOW DOWN ***
amnhaze91: shows [6c As] (high card Ace)
Dorex2007: mucks hand 
6tee: mucks hand 
amnhaze91 collected $0.14 from pot
*** SUMMARY ***
Total pot $0.15 | Rake $0.01 
Board [Th Jc 7c 2s 8s]
Seat 1: cborgel2 folded before Flop (didn't bet)
Seat 2: lasthand man folded before Flop (didn't bet)
Seat 3: Jtc1931 folded before Flop (didn't bet)
Seat 4: 6tee mucked [4d 5c]
Seat 5: ZAURBEKK2013 folded before Flop (didn't bet)
Seat 6: NeverPlay4Fun (button) folded before Flop (didn't bet)
Seat 7: amnhaze91 (small blind) showed [6c As] and won ($0.14) with high card Ace
Seat 8: Dorex2007 (big blind) mucked [Qc 3d]
Seat 9: malliosK folded before Flop (didn't bet)



PokerStars Hand #238845271380:  Hold'em No Limit ($0.02/$0.05 USD) - 2022/09/24 17:17:54 PT [2022/09/24 20:17:54 ET]
Table 'Unitas IV' 9-max Seat #7 is the button
Seat 1: cborgel2 ($1.23 in chips) 
Seat 2: lasthand man ($12.96 in chips) 
Seat 3: Jtc1931 ($5.24 in chips) 
Seat 4: 6tee ($4.95 in chips) 
Seat 5: ZAURBEKK2013 ($4.82 in chips) 
Seat 6: NeverPlay4Fun ($6.11 in chips) 
Seat 7: amnhaze91 ($7.23 in chips) 
Seat 8: Dorex2007 ($5.86 in chips) 
Seat 9: malliosK ($10.69 in chips) 
Dorex2007: posts small blind $0.02
malliosK: posts big blind $0.05
*** HOLE CARDS ***
Dealt to Dorex2007 [9h 5c]
cborgel2: folds 
lasthand man: folds 
Jtc1931: folds 
6tee: folds 
ZAURBEKK2013: raises $0.10 to $0.15
NeverPlay4Fun: folds 
NeverPlay4Fun leaves the table
amnhaze91: calls $0.15
Dorex2007: folds 
hukkaklar joins the table at seat #6 
malliosK has timed out
malliosK: folds 
*** FLOP *** [Th Td Qs]
ZAURBEKK2013: checks 
amnhaze91: bets $0.15
ZAURBEKK2013: folds 
Uncalled bet ($0.15) returned to amnhaze91
amnhaze91 collected $0.35 from pot
*** SUMMARY ***
Total pot $0.37 | Rake $0.02 
Board [Th Td Qs]
Seat 1: cborgel2 folded before Flop (didn't bet)
Seat 2: lasthand man folded before Flop (didn't bet)
Seat 3: Jtc1931 folded before Flop (didn't bet)
Seat 4: 6tee folded before Flop (didn't bet)
Seat 5: ZAURBEKK2013 folded on the Flop
Seat 6: NeverPlay4Fun folded before Flop (didn't bet)
Seat 7: amnhaze91 (button) collected ($0.35)
Seat 8: Dorex2007 (small blind) folded before Flop
Seat 9: malliosK (big blind) folded before Flop



PokerStars Hand #238845289165:  Hold'em No Limit ($0.02/$0.05 USD) - 2022/09/24 17:19:08 PT [2022/09/24 20:19:08 ET]
Table 'Unitas IV' 9-max Seat #8 is the button
Seat 1: cborgel2 ($1.23 in chips) 
Seat 2: lasthand man ($12.96 in chips) 
Seat 3: Jtc1931 ($5.24 in chips) 
Seat 4: 6tee ($4.95 in chips) 
Seat 5: ZAURBEKK2013 ($4.67 in chips) 
Seat 7: amnhaze91 ($7.43 in chips) 
Seat 8: Dorex2007 ($5.84 in chips) 
cborgel2: posts small blind $0.02
lasthand man: posts big blind $0.05
hukkaklar: sits out 
*** HOLE CARDS ***
Dealt to Dorex2007 [5s 8d]
Jtc1931: folds 
6tee: folds 
ZAURBEKK2013: folds 
amnhaze91: folds 
Dorex2007: folds 
cborgel2: calls $0.03
lasthand man: checks 
*** FLOP *** [Th Kh 7c]
cborgel2: checks 
lasthand man: checks 
*** TURN *** [Th Kh 7c] [2d]
cborgel2: checks 
lasthand man: checks 
*** RIVER *** [Th Kh 7c 2d] [Ac]
cborgel2: bets $0.10
lasthand man: folds 
Uncalled bet ($0.10) returned to cborgel2
cborgel2 collected $0.10 from pot
*** SUMMARY ***
Total pot $0.10 | Rake $0 
Board [Th Kh 7c 2d Ac]
Seat 1: cborgel2 (small blind) collected ($0.10)
Seat 2: lasthand man (big blind) folded on the River
Seat 3: Jtc1931 folded before Flop (didn't bet)
Seat 4: 6tee folded before Flop (didn't bet)
Seat 5: ZAURBEKK2013 folded before Flop (didn't bet)
Seat 7: amnhaze91 folded before Flop (didn't bet)
Seat 8: Dorex2007 (button) folded before Flop (didn't bet)



PokerStars Hand #238845299868:  Hold'em No Limit ($0.02/$0.05 USD) - 2022/09/24 17:19:53 PT [2022/09/24 20:19:53 ET]
Table 'Unitas IV' 9-max Seat #1 is the button
Seat 1: cborgel2 ($1.28 in chips) 
Seat 2: lasthand man ($12.91 in chips) 
Seat 3: Jtc1931 ($5.24 in chips) 
Seat 4: 6tee ($4.95 in chips) 
Seat 5: ZAURBEKK2013 ($4.67 in chips) 
Seat 7: amnhaze91 ($7.43 in chips) 
Seat 8: Dorex2007 ($5.84 in chips) 
lasthand man: posts small blind $0.02
Jtc1931: posts big blind $0.05
hukkaklar: sits out 
*** HOLE CARDS ***
Dealt to Dorex2007 [Ah 2h]
6tee: folds 
ZAURBEKK2013: folds 
amnhaze91: folds 
Dorex2007: folds 
cborgel2: raises $0.05 to $0.10
lasthand man: calls $0.08
Jtc1931: calls $0.05
*** FLOP *** [3h Ac 3d]
lasthand man: checks 
Jtc1931: checks 
cborgel2: bets $0.14
lasthand man: folds 
Jtc1931: calls $0.14
*** TURN *** [3h Ac 3d] [7h]
Jtc1931: checks 
cborgel2: checks 
*** RIVER *** [3h Ac 3d 7h] [Kc]
Jtc1931: bets $0.13
cborgel2: raises $0.13 to $0.26
Jtc1931: raises $0.24 to $0.50
cborgel2: folds 
Uncalled bet ($0.24) returned to Jtc1931
Jtc1931 collected $1.05 from pot
Jtc1931: doesn't show hand 
*** SUMMARY ***
Total pot $1.10 | Rake $0.05 
Board [3h Ac 3d 7h Kc]
Seat 1: cborgel2 (button) folded on the River
Seat 2: lasthand man (small blind) folded on the Flop
Seat 3: Jtc1931 (big blind) collected ($1.05)
Seat 4: 6tee folded before Flop (didn't bet)
Seat 5: ZAURBEKK2013 folded before Flop (didn't bet)
Seat 7: amnhaze91 folded before Flop (didn't bet)
Seat 8: Dorex2007 folded before Flop (didn't bet)



PokerStars Hand #238845324484:  Hold'em No Limit ($0.02/$0.05 USD) - 2022/09/24 17:21:36 PT [2022/09/24 20:21:36 ET]
Table 'Unitas IV' 9-max Seat #2 is the button
Seat 1: cborgel2 ($0.78 in chips) 
Seat 2: lasthand man ($12.81 in chips) 
Seat 3: Jtc1931 ($5.79 in chips) 
Seat 4: 6tee ($4.95 in chips) 
Seat 5: ZAURBEKK2013 ($4.67 in chips) 
Seat 7: amnhaze91 ($7.43 in chips) 
Seat 8: Dorex2007 ($5.84 in chips) 
Seat 9: malliosK ($10.64 in chips) 
Jtc1931: posts small blind $0.02
6tee: posts big blind $0.05
hukkaklar: sits out 
malliosK: posts small blind $0.02
*** HOLE CARDS ***
Dealt to Dorex2007 [Td 2c]
ZAURBEKK2013: folds 
amnhaze91: folds 
Dorex2007: folds 
malliosK has timed out
malliosK: folds 
cborgel2: folds 
lasthand man: folds 
Jtc1931: folds 
Uncalled bet ($0.03) returned to 6tee
6tee collected $0.06 from pot
*** SUMMARY ***
Total pot $0.06 | Rake $0 
Seat 1: cborgel2 folded before Flop (didn't bet)
Seat 2: lasthand man (button) folded before Flop (didn't bet)
Seat 3: Jtc1931 (small blind) folded before Flop
Seat 4: 6tee (big blind) collected ($0.06)
Seat 5: ZAURBEKK2013 folded before Flop (didn't bet)
Seat 7: amnhaze91 folded before Flop (didn't bet)
Seat 8: Dorex2007 folded before Flop (didn't bet)
Seat 9: malliosK folded before Flop (didn't bet)



PokerStars Hand #238845332359:  Hold'em No Limit ($0.02/$0.05 USD) - 2022/09/24 17:22:10 PT [2022/09/24 20:22:10 ET]
Table 'Unitas IV' 9-max Seat #3 is the button
Seat 1: cborgel2 ($0.78 in chips) 
Seat 2: lasthand man ($12.81 in chips) 
Seat 3: Jtc1931 ($5.77 in chips) 
Seat 4: 6tee ($4.99 in chips) 
Seat 5: ZAURBEKK2013 ($4.67 in chips) 
Seat 7: amnhaze91 ($7.43 in chips) 
Seat 8: Dorex2007 ($5.84 in chips) 
6tee: posts small blind $0.02
ZAURBEKK2013: posts big blind $0.05
hukkaklar: sits out 
*** HOLE CARDS ***
Dealt to Dorex2007 [6d 3c]
amnhaze91: folds 
Dorex2007: folds 
cborgel2: calls $0.05
lasthand man: folds 
Jtc1931: raises $0.15 to $0.20
6tee: folds 
ZAURBEKK2013: folds 
cborgel2: calls $0.15
*** FLOP *** [2h Ad 5s]
cborgel2: bets $0.45
Jtc1931: folds 
Uncalled bet ($0.45) returned to cborgel2
cborgel2 collected $0.45 from pot
*** SUMMARY ***
Total pot $0.47 | Rake $0.02 
Board [2h Ad 5s]
Seat 1: cborgel2 collected ($0.45)
Seat 2: lasthand man folded before Flop (didn't bet)
Seat 3: Jtc1931 (button) folded on the Flop
Seat 4: 6tee (small blind) folded before Flop
Seat 5: ZAURBEKK2013 (big blind) folded before Flop
Seat 7: amnhaze91 folded before Flop (didn't bet)
Seat 8: Dorex2007 folded before Flop (didn't bet)



PokerStars Hand #238845394299:  Hold'em No Limit ($0.02/$0.05 USD) - 2022/09/24 17:26:32 PT [2022/09/24 20:26:32 ET]
Table 'Unitas IV' 9-max Seat #9 is the button
Seat 2: lasthand man ($12.76 in chips) 
Seat 3: Jtc1931 ($5.57 in chips) 
Seat 4: 6tee ($4.97 in chips) 
Seat 5: ZAURBEKK2013 ($4.60 in chips) 
Seat 6: hukkaklar ($4.78 in chips) 
Seat 7: amnhaze91 ($7.88 in chips) 
Seat 8: Dorex2007 ($5.84 in chips) 
Seat 9: malliosK ($11.35 in chips) 
lasthand man: posts small blind $0.02
Jtc1931: posts big blind $0.05
Dorex2007: posts small & big blinds $0.07
*** HOLE CARDS ***
Dealt to Dorex2007 [Td 8c]
6tee: folds 
ZAURBEKK2013: folds 
hukkaklar: raises $0.10 to $0.15
amnhaze91: calls $0.15
Dorex2007: folds 
malliosK: folds 
lasthand man: folds 
Jtc1931: calls $0.10
*** FLOP *** [Kc 6s 3d]
Jtc1931: bets $0.25
hukkaklar: calls $0.25
amnhaze91: folds 
*** TURN *** [Kc 6s 3d] [5d]
Jtc1931: checks 
hukkaklar: checks 
*** RIVER *** [Kc 6s 3d 5d] [4s]
Jtc1931: checks 
hukkaklar: bets $0.50
Jtc1931: calls $0.50
*** SHOW DOWN ***
hukkaklar: shows [6h 6d] (three of a kind, Sixes)
Jtc1931: mucks hand 
hukkaklar collected $1.94 from pot
*** SUMMARY ***
Total pot $2.04 | Rake $0.10 
Board [Kc 6s 3d 5d 4s]
Seat 2: lasthand man (small blind) folded before Flop
Seat 3: Jtc1931 (big blind) mucked [Kh Jh]
Seat 4: 6tee folded before Flop (didn't bet)
Seat 5: ZAURBEKK2013 folded before Flop (didn't bet)
Seat 6: hukkaklar showed [6h 6d] and won ($1.94) with three of a kind, Sixes
Seat 7: amnhaze91 folded on the Flop
Seat 8: Dorex2007 folded before Flop (didn't bet)
Seat 9: malliosK (button) folded before Flop (didn't bet)



PokerStars Hand #238845409135:  Hold'em No Limit ($0.02/$0.05 USD) - 2022/09/24 17:27:34 PT [2022/09/24 20:27:34 ET]
Table 'Unitas IV' 9-max Seat #2 is the button
Seat 2: lasthand man ($12.74 in chips) 
Seat 3: Jtc1931 ($4.67 in chips) 
Seat 4: 6tee ($4.97 in chips) 
Seat 5: ZAURBEKK2013 ($4.60 in chips) 
Seat 6: hukkaklar ($5.82 in chips) 
Seat 7: amnhaze91 ($7.73 in chips) 
Seat 8: Dorex2007 ($5.77 in chips) 
Seat 9: malliosK ($11.35 in chips) 
Jtc1931: posts small blind $0.02
6tee: posts big blind $0.05
*** HOLE CARDS ***
Dealt to Dorex2007 [5h 7h]
ZAURBEKK2013: folds 
hukkaklar: folds 
amnhaze91: raises $0.10 to $0.15
Dorex2007: folds 
malliosK: folds 
lasthand man: folds 
Jtc1931: folds 
6tee: folds 
Uncalled bet ($0.10) returned to amnhaze91
amnhaze91 collected $0.12 from pot
*** SUMMARY ***
Total pot $0.12 | Rake $0 
Seat 2: lasthand man (button) folded before Flop (didn't bet)
Seat 3: Jtc1931 (small blind) folded before Flop
Seat 4: 6tee (big blind) folded before Flop
Seat 5: ZAURBEKK2013 folded before Flop (didn't bet)
Seat 6: hukkaklar folded before Flop (didn't bet)
Seat 7: amnhaze91 collected ($0.12)
Seat 8: Dorex2007 folded before Flop (didn't bet)
Seat 9: malliosK folded before Flop (didn't bet)



PokerStars Hand #238845417741:  Hold'em No Limit ($0.02/$0.05 USD) - 2022/09/24 17:28:11 PT [2022/09/24 20:28:11 ET]
Table 'Unitas IV' 9-max Seat #3 is the button
Seat 2: lasthand man ($12.74 in chips) 
Seat 3: Jtc1931 ($5 in chips) 
Seat 4: 6tee ($4.92 in chips) 
Seat 5: ZAURBEKK2013 ($4.60 in chips) 
Seat 6: hukkaklar ($5.82 in chips) 
Seat 7: amnhaze91 ($7.80 in chips) 
Seat 8: Dorex2007 ($5.77 in chips) 
Seat 9: malliosK ($11.35 in chips) 
6tee: posts small blind $0.02
ZAURBEKK2013: posts big blind $0.05
*** HOLE CARDS ***
Dealt to Dorex2007 [7d 7c]
hukkaklar: folds 
amnhaze91: folds 
Dorex2007: raises $0.05 to $0.10
malliosK: folds 
lasthand man: calls $0.10
Jtc1931: raises $0.50 to $0.60
6tee: folds 
Dal88Reynolds joins the table at seat #1 
ZAURBEKK2013: folds 
Dorex2007: folds 
lasthand man: folds 
Uncalled bet ($0.50) returned to Jtc1931
Jtc1931 collected $0.37 from pot
Jtc1931: doesn't show hand 
*** SUMMARY ***
Total pot $0.37 | Rake $0 
Seat 2: lasthand man folded before Flop
Seat 3: Jtc1931 (button) collected ($0.37)
Seat 4: 6tee (small blind) folded before Flop
Seat 5: ZAURBEKK2013 (big blind) folded before Flop
Seat 6: hukkaklar folded before Flop (didn't bet)
Seat 7: amnhaze91 folded before Flop (didn't bet)
Seat 8: Dorex2007 folded before Flop
Seat 9: malliosK folded before Flop (didn't bet)



PokerStars Hand #238845428476:  Hold'em No Limit ($0.02/$0.05 USD) - 2022/09/24 17:28:56 PT [2022/09/24 20:28:56 ET]
Table 'Unitas IV' 9-max Seat #4 is the button
Seat 1: Dal88Reynolds ($4 in chips) 
Seat 2: lasthand man ($12.64 in chips) 
Seat 3: Jtc1931 ($5.27 in chips) 
Seat 4: 6tee ($4.90 in chips) 
Seat 5: ZAURBEKK2013 ($4.55 in chips) 
Seat 6: hukkaklar ($5.82 in chips) 
Seat 7: amnhaze91 ($7.80 in chips) 
Seat 8: Dorex2007 ($5.67 in chips) 
Seat 9: malliosK ($11.35 in chips) 
ZAURBEKK2013: posts small blind $0.02
hukkaklar: posts big blind $0.05
Dal88Reynolds: posts big blind $0.05
*** HOLE CARDS ***
Dealt to Dorex2007 [8s 4s]
amnhaze91: folds 
Dorex2007: folds 
malliosK: folds 
Dal88Reynolds: raises $0.17 to $0.22
lasthand man: folds 
Jtc1931: folds 
6tee: folds 
ZAURBEKK2013: folds 
hukkaklar: folds 
Uncalled bet ($0.17) returned to Dal88Reynolds
Dal88Reynolds collected $0.12 from pot
*** SUMMARY ***
Total pot $0.12 | Rake $0 
Seat 1: Dal88Reynolds collected ($0.12)
Seat 2: lasthand man folded before Flop (didn't bet)
Seat 3: Jtc1931 folded before Flop (didn't bet)
Seat 4: 6tee (button) folded before Flop (didn't bet)
Seat 5: ZAURBEKK2013 (small blind) folded before Flop
Seat 6: hukkaklar (big blind) folded before Flop
Seat 7: amnhaze91 folded before Flop (didn't bet)
Seat 8: Dorex2007 folded before Flop (didn't bet)
Seat 9: malliosK folded before Flop (didn't bet)



PokerStars Hand #238845433532:  Hold'em No Limit ($0.02/$0.05 USD) - 2022/09/24 17:29:18 PT [2022/09/24 20:29:18 ET]
Table 'Unitas IV' 9-max Seat #5 is the button
Seat 1: Dal88Reynolds ($4.07 in chips) 
Seat 2: lasthand man ($12.64 in chips) 
Seat 3: Jtc1931 ($5.27 in chips) 
Seat 4: 6tee ($4.90 in chips) 
Seat 5: ZAURBEKK2013 ($4.53 in chips) 
Seat 6: hukkaklar ($5.77 in chips) 
Seat 7: amnhaze91 ($7.80 in chips) 
Seat 8: Dorex2007 ($5.67 in chips) 
Seat 9: malliosK ($11.35 in chips) 
hukkaklar: posts small blind $0.02
amnhaze91: posts big blind $0.05
*** HOLE CARDS ***
Dealt to Dorex2007 [3c 4c]
Dorex2007: folds 
malliosK: folds 
Dal88Reynolds: raises $0.10 to $0.15
lasthand man: calls $0.15
Jtc1931: calls $0.15
6tee has timed out
6tee: folds 
ZAURBEKK2013: folds 
hukkaklar: folds 
amnhaze91: folds 
*** FLOP *** [2s 7d 6h]
Dal88Reynolds: bets $0.50
lasthand man: folds 
Jtc1931: folds 
Uncalled bet ($0.50) returned to Dal88Reynolds
Dal88Reynolds collected $0.50 from pot
*** SUMMARY ***
Total pot $0.52 | Rake $0.02 
Board [2s 7d 6h]
Seat 1: Dal88Reynolds collected ($0.50)
Seat 2: lasthand man folded on the Flop
Seat 3: Jtc1931 folded on the Flop
Seat 4: 6tee folded before Flop (didn't bet)
Seat 5: ZAURBEKK2013 (button) folded before Flop (didn't bet)
Seat 6: hukkaklar (small blind) folded before Flop
Seat 7: amnhaze91 (big blind) folded before Flop
Seat 8: Dorex2007 folded before Flop (didn't bet)
Seat 9: malliosK folded before Flop (didn't bet)



PokerStars Hand #238845446296:  Hold'em No Limit ($0.02/$0.05 USD) - 2022/09/24 17:30:14 PT [2022/09/24 20:30:14 ET]
Table 'Unitas IV' 9-max Seat #6 is the button
Seat 1: Dal88Reynolds ($4.42 in chips) 
Seat 2: lasthand man ($12.49 in chips) 
Seat 3: Jtc1931 ($5.12 in chips) 
Seat 5: ZAURBEKK2013 ($4.53 in chips) 
Seat 6: hukkaklar ($5.75 in chips) 
Seat 7: amnhaze91 ($7.75 in chips) 
Seat 8: Dorex2007 ($5.67 in chips) 
Seat 9: malliosK ($11.35 in chips) 
amnhaze91: posts small blind $0.02
Dorex2007: posts big blind $0.05
*** HOLE CARDS ***
Dealt to Dorex2007 [Td Ac]
malliosK: folds 
Dal88Reynolds: folds 
lasthand man: folds 
Jtc1931: raises $0.10 to $0.15
ZAURBEKK2013: folds 
hukkaklar: folds 
amnhaze91: folds 
Dorex2007: folds 
Uncalled bet ($0.10) returned to Jtc1931
Jtc1931 collected $0.12 from pot
Jtc1931: doesn't show hand 
*** SUMMARY ***
Total pot $0.12 | Rake $0 
Seat 1: Dal88Reynolds folded before Flop (didn't bet)
Seat 2: lasthand man folded before Flop (didn't bet)
Seat 3: Jtc1931 collected ($0.12)
Seat 5: ZAURBEKK2013 folded before Flop (didn't bet)
Seat 6: hukkaklar (button) folded before Flop (didn't bet)
Seat 7: amnhaze91 (small blind) folded before Flop
Seat 8: Dorex2007 (big blind) folded before Flop
Seat 9: malliosK folded before Flop (didn't bet)



PokerStars Hand #238845454329:  Hold'em No Limit ($0.02/$0.05 USD) - 2022/09/24 17:30:48 PT [2022/09/24 20:30:48 ET]
Table 'Unitas IV' 9-max Seat #7 is the button
Seat 1: Dal88Reynolds ($4.42 in chips) 
Seat 2: lasthand man ($12.49 in chips) 
Seat 3: Jtc1931 ($5.19 in chips) 
Seat 5: ZAURBEKK2013 ($4.53 in chips) 
Seat 6: hukkaklar ($5.75 in chips) 
Seat 7: amnhaze91 ($7.73 in chips) 
Seat 8: Dorex2007 ($5.62 in chips) 
Seat 9: malliosK ($11.35 in chips) 
Dorex2007: posts small blind $0.02
malliosK: posts big blind $0.05
*** HOLE CARDS ***
Dealt to Dorex2007 [6h 5h]
Dal88Reynolds: folds 
lasthand man: folds 
Jtc1931: raises $0.10 to $0.15
ZAURBEKK2013: raises $0.35 to $0.50
hukkaklar: folds 
amnhaze91: folds 
Dorex2007: folds 
malliosK: folds 
Jtc1931: folds 
Uncalled bet ($0.35) returned to ZAURBEKK2013
ZAURBEKK2013 collected $0.37 from pot
ZAURBEKK2013: doesn't show hand 
*** SUMMARY ***
Total pot $0.37 | Rake $0 
Seat 1: Dal88Reynolds folded before Flop (didn't bet)
Seat 2: lasthand man folded before Flop (didn't bet)
Seat 3: Jtc1931 folded before Flop
Seat 5: ZAURBEKK2013 collected ($0.37)
Seat 6: hukkaklar folded before Flop (didn't bet)
Seat 7: amnhaze91 (button) folded before Flop (didn't bet)
Seat 8: Dorex2007 (small blind) folded before Flop
Seat 9: malliosK (big blind) folded before Flop



PokerStars Hand #238845466395:  Hold'em No Limit ($0.02/$0.05 USD) - 2022/09/24 17:31:40 PT [2022/09/24 20:31:40 ET]
Table 'Unitas IV' 9-max Seat #8 is the button
Seat 1: Dal88Reynolds ($4.42 in chips) 
Seat 2: lasthand man ($12.49 in chips) 
Seat 3: Jtc1931 ($5.04 in chips) 
Seat 4: 6tee ($4.90 in chips) 
Seat 5: ZAURBEKK2013 ($4.75 in chips) 
Seat 6: hukkaklar ($5.75 in chips) 
Seat 7: amnhaze91 ($7.73 in chips) 
Seat 8: Dorex2007 ($5.60 in chips) 
Seat 9: malliosK ($11.30 in chips) 
malliosK: posts small blind $0.02
Dal88Reynolds: posts big blind $0.05
*** HOLE CARDS ***
Dealt to Dorex2007 [Qc 5h]
lasthand man: folds 
Jtc1931: folds 
lasthand man is disconnected 
6tee: folds 
ZAURBEKK2013: folds 
hukkaklar: folds 
amnhaze91: folds 
Dorex2007: folds 
malliosK: folds 
Uncalled bet ($0.03) returned to Dal88Reynolds
Dal88Reynolds collected $0.04 from pot
*** SUMMARY ***
Total pot $0.04 | Rake $0 
Seat 1: Dal88Reynolds (big blind) collected ($0.04)
Seat 2: lasthand man folded before Flop (didn't bet)
Seat 3: Jtc1931 folded before Flop (didn't bet)
Seat 4: 6tee folded before Flop (didn't bet)
Seat 5: ZAURBEKK2013 folded before Flop (didn't bet)
Seat 6: hukkaklar folded before Flop (didn't bet)
Seat 7: amnhaze91 folded before Flop (didn't bet)
Seat 8: Dorex2007 (button) folded before Flop (didn't bet)
Seat 9: malliosK (small blind) folded before Flop



PokerStars Hand #238845471975:  Hold'em No Limit ($0.02/$0.05 USD) - 2022/09/24 17:32:05 PT [2022/09/24 20:32:05 ET]
Table 'Unitas IV' 9-max Seat #9 is the button
Seat 1: Dal88Reynolds ($4.44 in chips) 
Seat 3: Jtc1931 ($5.04 in chips) 
Seat 4: 6tee ($4.90 in chips) 
Seat 5: ZAURBEKK2013 ($4.75 in chips) 
Seat 6: hukkaklar ($5.75 in chips) 
Seat 7: amnhaze91 ($7.73 in chips) 
Seat 8: Dorex2007 ($5.60 in chips) 
Seat 9: malliosK ($11.28 in chips) 
Dal88Reynolds: posts small blind $0.02
lasthand man has timed out while disconnected
lasthand man: is sitting out 
Jtc1931: posts big blind $0.05
*** HOLE CARDS ***
Dealt to Dorex2007 [Qh Ad]
6tee: folds 
ZAURBEKK2013: folds 
hukkaklar: folds 
amnhaze91: raises $0.10 to $0.15
Dorex2007: calls $0.15
malliosK: calls $0.15
Dal88Reynolds: calls $0.13
Jtc1931: calls $0.10
*** FLOP *** [Qc Qd 4d]
Dal88Reynolds: bets $0.36
Jtc1931: calls $0.36
amnhaze91: folds 
Dorex2007: raises $5.09 to $5.45 and is all-in
malliosK: folds 
Dal88Reynolds: folds 
Jtc1931: folds 
Uncalled bet ($5.09) returned to Dorex2007
Dorex2007 collected $1.75 from pot
Dorex2007: doesn't show hand 
*** SUMMARY ***
Total pot $1.83 | Rake $0.08 
Board [Qc Qd 4d]
Seat 1: Dal88Reynolds (small blind) folded on the Flop
Seat 3: Jtc1931 (big blind) folded on the Flop
Seat 4: 6tee folded before Flop (didn't bet)
Seat 5: ZAURBEKK2013 folded before Flop (didn't bet)
Seat 6: hukkaklar folded before Flop (didn't bet)
Seat 7: amnhaze91 folded on the Flop
Seat 8: Dorex2007 collected ($1.75)
Seat 9: malliosK (button) folded on the Flop



PokerStars Hand #238845491000:  Hold'em No Limit ($0.02/$0.05 USD) - 2022/09/24 17:33:27 PT [2022/09/24 20:33:27 ET]
Table 'Unitas IV' 9-max Seat #1 is the button
Seat 1: Dal88Reynolds ($3.93 in chips) 
Seat 3: Jtc1931 ($4.53 in chips) 
Seat 4: 6tee ($4.90 in chips) 
Seat 5: ZAURBEKK2013 ($4.75 in chips) 
Seat 6: hukkaklar ($5.75 in chips) 
Seat 7: amnhaze91 ($7.58 in chips) 
Seat 8: Dorex2007 ($6.84 in chips) 
Seat 9: malliosK ($11.13 in chips) 
Jtc1931: posts small blind $0.02
6tee: posts big blind $0.05
*** HOLE CARDS ***
Dealt to Dorex2007 [2c 7c]
ZAURBEKK2013 has timed out
ZAURBEKK2013: folds 
hukkaklar: folds 
amnhaze91: folds 
Dorex2007: folds 
malliosK: folds 
Dal88Reynolds: folds 
Jtc1931: folds 
Uncalled bet ($0.03) returned to 6tee
6tee collected $0.04 from pot
*** SUMMARY ***
Total pot $0.04 | Rake $0 
Seat 1: Dal88Reynolds (button) folded before Flop (didn't bet)
Seat 3: Jtc1931 (small blind) folded before Flop
Seat 4: 6tee (big blind) collected ($0.04)
Seat 5: ZAURBEKK2013 folded before Flop (didn't bet)
Seat 6: hukkaklar folded before Flop (didn't bet)
Seat 7: amnhaze91 folded before Flop (didn't bet)
Seat 8: Dorex2007 folded before Flop (didn't bet)
Seat 9: malliosK folded before Flop (didn't bet)



PokerStars Hand #238845496389:  Hold'em No Limit ($0.02/$0.05 USD) - 2022/09/24 17:33:50 PT [2022/09/24 20:33:50 ET]
Table 'Unitas IV' 9-max Seat #3 is the button
Seat 1: Dal88Reynolds ($3.93 in chips) 
Seat 3: Jtc1931 ($5 in chips) 
Seat 4: 6tee ($4.92 in chips) 
Seat 5: ZAURBEKK2013 ($4.75 in chips) 
Seat 6: hukkaklar ($5.75 in chips) 
Seat 7: amnhaze91 ($7.58 in chips) 
Seat 8: Dorex2007 ($6.84 in chips) 
Seat 9: malliosK ($11.13 in chips) 
6tee: posts small blind $0.02
ZAURBEKK2013: posts big blind $0.05
*** HOLE CARDS ***
Dealt to Dorex2007 [Qd 2s]
hukkaklar: folds 
amnhaze91: folds 
Dorex2007: folds 
malliosK: calls $0.05
Dal88Reynolds: folds 
Jtc1931: folds 
6tee: folds 
ZAURBEKK2013: checks 
*** FLOP *** [2c Js 7s]
ZAURBEKK2013: checks 
malliosK: bets $0.25
ZAURBEKK2013: folds 
Uncalled bet ($0.25) returned to malliosK
malliosK collected $0.12 from pot
malliosK: doesn't show hand 
*** SUMMARY ***
Total pot $0.12 | Rake $0 
Board [2c Js 7s]
Seat 1: Dal88Reynolds folded before Flop (didn't bet)
Seat 3: Jtc1931 (button) folded before Flop (didn't bet)
Seat 4: 6tee (small blind) folded before Flop
Seat 5: ZAURBEKK2013 (big blind) folded on the Flop
Seat 6: hukkaklar folded before Flop (didn't bet)
Seat 7: amnhaze91 folded before Flop (didn't bet)
Seat 8: Dorex2007 folded before Flop (didn't bet)
Seat 9: malliosK collected ($0.12)



PokerStars Hand #238845505109:  Hold'em No Limit ($0.02/$0.05 USD) - 2022/09/24 17:34:29 PT [2022/09/24 20:34:29 ET]
Table 'Unitas IV' 9-max Seat #4 is the button
Seat 1: Dal88Reynolds ($3.93 in chips) 
Seat 3: Jtc1931 ($5 in chips) 
Seat 4: 6tee ($4.90 in chips) 
Seat 5: ZAURBEKK2013 ($4.70 in chips) 
Seat 6: hukkaklar ($5.75 in chips) 
Seat 7: amnhaze91 ($7.58 in chips) 
Seat 8: Dorex2007 ($6.84 in chips) 
Seat 9: malliosK ($11.20 in chips) 
ZAURBEKK2013: posts small blind $0.02
hukkaklar: posts big blind $0.05
lasthand man: sits out 
*** HOLE CARDS ***
Dealt to Dorex2007 [8s Ks]
amnhaze91: folds 
Dorex2007: folds 
malliosK: folds 
Dal88Reynolds: raises $0.22 to $0.27
Jtc1931: folds 
6tee: folds 
ZAURBEKK2013: folds 
hukkaklar: folds 
Uncalled bet ($0.22) returned to Dal88Reynolds
Dal88Reynolds collected $0.12 from pot
*** SUMMARY ***
Total pot $0.12 | Rake $0 
Seat 1: Dal88Reynolds collected ($0.12)
Seat 3: Jtc1931 folded before Flop (didn't bet)
Seat 4: 6tee (button) folded before Flop (didn't bet)
Seat 5: ZAURBEKK2013 (small blind) folded before Flop
Seat 6: hukkaklar (big blind) folded before Flop
Seat 7: amnhaze91 folded before Flop (didn't bet)
Seat 8: Dorex2007 folded before Flop (didn't bet)
Seat 9: malliosK folded before Flop (didn't bet)



PokerStars Hand #238845513124:  Hold'em No Limit ($0.02/$0.05 USD) - 2022/09/24 17:35:04 PT [2022/09/24 20:35:04 ET]
Table 'Unitas IV' 9-max Seat #5 is the button
Seat 1: Dal88Reynolds ($4 in chips) 
Seat 3: Jtc1931 ($5 in chips) 
Seat 4: 6tee ($4.90 in chips) 
Seat 5: ZAURBEKK2013 ($4.68 in chips) 
Seat 6: hukkaklar ($5.70 in chips) 
Seat 7: amnhaze91 ($7.58 in chips) 
Seat 8: Dorex2007 ($6.84 in chips) 
Seat 9: malliosK ($11.20 in chips) 
hukkaklar: posts small blind $0.02
amnhaze91: posts big blind $0.05
lasthand man: sits out 
*** HOLE CARDS ***
Dealt to Dorex2007 [Js Qh]
Dorex2007: folds 
malliosK: raises $0.12 to $0.17
Dal88Reynolds: folds 
lasthand man leaves the table
Jtc1931: folds 
6tee: folds 
ZAURBEKK2013: folds 
hukkaklar: folds 
amnhaze91: folds 
Uncalled bet ($0.12) returned to malliosK
malliosK collected $0.12 from pot
malliosK: doesn't show hand 
*** SUMMARY ***
Total pot $0.12 | Rake $0 
Seat 1: Dal88Reynolds folded before Flop (didn't bet)
Seat 3: Jtc1931 folded before Flop (didn't bet)
Seat 4: 6tee folded before Flop (didn't bet)
Seat 5: ZAURBEKK2013 (button) folded before Flop (didn't bet)
Seat 6: hukkaklar (small blind) folded before Flop
Seat 7: amnhaze91 (big blind) folded before Flop
Seat 8: Dorex2007 folded before Flop (didn't bet)
Seat 9: malliosK collected ($0.12)



PokerStars Hand #238845518585:  Hold'em No Limit ($0.02/$0.05 USD) - 2022/09/24 17:35:27 PT [2022/09/24 20:35:27 ET]
Table 'Unitas IV' 9-max Seat #6 is the button
Seat 1: Dal88Reynolds ($4 in chips) 
Seat 3: Jtc1931 ($5 in chips) 
Seat 4: 6tee ($4.90 in chips) 
Seat 5: ZAURBEKK2013 ($4.68 in chips) 
Seat 6: hukkaklar ($5.68 in chips) 
Seat 7: amnhaze91 ($7.53 in chips) 
Seat 8: Dorex2007 ($6.84 in chips) 
Seat 9: malliosK ($11.27 in chips) 
amnhaze91: posts small blind $0.02
Dorex2007: posts big blind $0.05
*** HOLE CARDS ***
Dealt to Dorex2007 [Td 3h]
malliosK: folds 
Dal88Reynolds: folds 
Jtc1931: folds 
6tee: folds 
ZAURBEKK2013: folds 
hukkaklar: folds 
Fool Gambler joins the table at seat #2 
amnhaze91: raises $0.10 to $0.15
Dorex2007: folds 
Uncalled bet ($0.10) returned to amnhaze91
amnhaze91 collected $0.10 from pot
*** SUMMARY ***
Total pot $0.10 | Rake $0 
Seat 1: Dal88Reynolds folded before Flop (didn't bet)
Seat 3: Jtc1931 folded before Flop (didn't bet)
Seat 4: 6tee folded before Flop (didn't bet)
Seat 5: ZAURBEKK2013 folded before Flop (didn't bet)
Seat 6: hukkaklar (button) folded before Flop (didn't bet)
Seat 7: amnhaze91 (small blind) collected ($0.10)
Seat 8: Dorex2007 (big blind) folded before Flop
Seat 9: malliosK folded before Flop (didn't bet)



PokerStars Hand #238845523798:  Hold'em No Limit ($0.02/$0.05 USD) - 2022/09/24 17:35:50 PT [2022/09/24 20:35:50 ET]
Table 'Unitas IV' 9-max Seat #7 is the button
Seat 1: Dal88Reynolds ($4 in chips) 
Seat 3: Jtc1931 ($5 in chips) 
Seat 4: 6tee ($4.90 in chips) 
Seat 5: ZAURBEKK2013 ($4.68 in chips) 
Seat 6: hukkaklar ($5.68 in chips) 
Seat 7: amnhaze91 ($7.58 in chips) 
Seat 8: Dorex2007 ($6.79 in chips) 
Seat 9: malliosK ($11.27 in chips) 
Dorex2007: posts small blind $0.02
malliosK: posts big blind $0.05
Fool Gambler: sits out 
*** HOLE CARDS ***
Dealt to Dorex2007 [6h Kh]
Dal88Reynolds: folds 
Jtc1931: folds 
6tee: folds 
ZAURBEKK2013: folds 
hukkaklar: folds 
amnhaze91: folds 
Dorex2007: folds 
Uncalled bet ($0.03) returned to malliosK
malliosK collected $0.04 from pot
malliosK: doesn't show hand 
*** SUMMARY ***
Total pot $0.04 | Rake $0 
Seat 1: Dal88Reynolds folded before Flop (didn't bet)
Seat 3: Jtc1931 folded before Flop (didn't bet)
Seat 4: 6tee folded before Flop (didn't bet)
Seat 5: ZAURBEKK2013 folded before Flop (didn't bet)
Seat 6: hukkaklar folded before Flop (didn't bet)
Seat 7: amnhaze91 (button) folded before Flop (didn't bet)
Seat 8: Dorex2007 (small blind) folded before Flop
Seat 9: malliosK (big blind) collected ($0.04)



PokerStars Hand #238845526751:  Hold'em No Limit ($0.02/$0.05 USD) - 2022/09/24 17:36:03 PT [2022/09/24 20:36:03 ET]
Table 'Unitas IV' 9-max Seat #8 is the button
Seat 1: Dal88Reynolds ($4 in chips) 
Seat 2: Fool Gambler ($2 in chips) 
Seat 3: Jtc1931 ($5 in chips) 
Seat 4: 6tee ($4.90 in chips) 
Seat 5: ZAURBEKK2013 ($4.68 in chips) 
Seat 6: hukkaklar ($5.68 in chips) 
Seat 7: amnhaze91 ($7.58 in chips) 
Seat 8: Dorex2007 ($6.77 in chips) 
Seat 9: malliosK ($11.29 in chips) 
malliosK: posts small blind $0.02
Dal88Reynolds: posts big blind $0.05
Fool Gambler: posts big blind $0.05
*** HOLE CARDS ***
Dealt to Dorex2007 [8c 5s]
Fool Gambler: checks 
Jtc1931: folds 
6tee: folds 
ZAURBEKK2013: raises $0.10 to $0.15
hukkaklar: folds 
amnhaze91: folds 
Dorex2007: folds 
malliosK: folds 
Dal88Reynolds: calls $0.10
Fool Gambler: calls $0.10
*** FLOP *** [8d 4h 2c]
Dal88Reynolds: checks 
Fool Gambler: bets $0.05
ZAURBEKK2013: calls $0.05
Dal88Reynolds: calls $0.05
*** TURN *** [8d 4h 2c] [2d]
Dal88Reynolds: checks 
Fool Gambler: bets $0.10
ZAURBEKK2013: calls $0.10
Dal88Reynolds: calls $0.10
*** RIVER *** [8d 4h 2c 2d] [Ts]
Dal88Reynolds: checks 
Fool Gambler: bets $0.10
ZAURBEKK2013: calls $0.10
Dal88Reynolds: calls $0.10
*** SHOW DOWN ***
Fool Gambler: shows [8s Js] (two pair, Eights and Deuces)
ZAURBEKK2013: mucks hand 
Dal88Reynolds: mucks hand 
Fool Gambler collected $1.17 from pot
*** SUMMARY ***
Total pot $1.22 | Rake $0.05 
Board [8d 4h 2c 2d Ts]
Seat 1: Dal88Reynolds (big blind) mucked [4s 3h]
Seat 2: Fool Gambler showed [8s Js] and won ($1.17) with two pair, Eights and Deuces
Seat 3: Jtc1931 folded before Flop (didn't bet)
Seat 4: 6tee folded before Flop (didn't bet)
Seat 5: ZAURBEKK2013 mucked [5c 5h]
Seat 6: hukkaklar folded before Flop (didn't bet)
Seat 7: amnhaze91 folded before Flop (didn't bet)
Seat 8: Dorex2007 (button) folded before Flop (didn't bet)
Seat 9: malliosK (small blind) folded before Flop



PokerStars Hand #238845545138:  Hold'em No Limit ($0.02/$0.05 USD) - 2022/09/24 17:37:23 PT [2022/09/24 20:37:23 ET]
Table 'Unitas IV' 9-max Seat #9 is the button
Seat 1: Dal88Reynolds ($3.60 in chips) 
Seat 2: Fool Gambler ($2.77 in chips) 
Seat 3: Jtc1931 ($5 in chips) 
Seat 4: 6tee ($4.90 in chips) 
Seat 5: ZAURBEKK2013 ($4.28 in chips) 
Seat 6: hukkaklar ($5.68 in chips) 
Seat 7: amnhaze91 ($7.58 in chips) 
Seat 8: Dorex2007 ($6.77 in chips) 
Seat 9: malliosK ($11.27 in chips) 
Dal88Reynolds: posts small blind $0.02
Fool Gambler: posts big blind $0.05
*** HOLE CARDS ***
Dealt to Dorex2007 [8c Ac]
Jtc1931: folds 
6tee: folds 
ZAURBEKK2013: folds 
hukkaklar: folds 
amnhaze91: folds 
Dorex2007: folds 
malliosK: raises $0.12 to $0.17
Dal88Reynolds: calls $0.15
Fool Gambler: folds 
*** FLOP *** [Qs Kd 8d]
Dal88Reynolds: checks 
malliosK: checks 
*** TURN *** [Qs Kd 8d] [7d]
Jtc1931 leaves the table
Finanzminister2 joins the table at seat #3 
Dal88Reynolds: bets $0.18
malliosK: calls $0.18
*** RIVER *** [Qs Kd 8d 7d] [4d]
Dal88Reynolds: bets $0.72
malliosK: raises $0.72 to $1.44
Dal88Reynolds: raises $0.72 to $2.16
malliosK: raises $0.72 to $2.88
Dal88Reynolds: raises $0.37 to $3.25 and is all-in
malliosK: calls $0.37
*** SHOW DOWN ***
Dal88Reynolds: shows [6s 5s] (a straight, Four to Eight)
malliosK: shows [Ad 3d] (a flush, Ace high)
malliosK collected $6.95 from pot
*** SUMMARY ***
Total pot $7.25 | Rake $0.30 
Board [Qs Kd 8d 7d 4d]
Seat 1: Dal88Reynolds (small blind) showed [6s 5s] and lost with a straight, Four to Eight
Seat 2: Fool Gambler (big blind) folded before Flop
Seat 3: Jtc1931 folded before Flop (didn't bet)
Seat 4: 6tee folded before Flop (didn't bet)
Seat 5: ZAURBEKK2013 folded before Flop (didn't bet)
Seat 6: hukkaklar folded before Flop (didn't bet)
Seat 7: amnhaze91 folded before Flop (didn't bet)
Seat 8: Dorex2007 folded before Flop (didn't bet)
Seat 9: malliosK (button) showed [Ad 3d] and won ($6.95) with a flush, Ace high



PokerStars Hand #238845564865:  Hold'em No Limit ($0.02/$0.05 USD) - 2022/09/24 17:38:51 PT [2022/09/24 20:38:51 ET]
Table 'Unitas IV' 9-max Seat #2 is the button
Seat 2: Fool Gambler ($2.72 in chips) 
Seat 4: 6tee ($4.90 in chips) 
Seat 5: ZAURBEKK2013 ($4.28 in chips) 
Seat 6: hukkaklar ($5.68 in chips) 
Seat 7: amnhaze91 ($7.58 in chips) 
Seat 8: Dorex2007 ($6.77 in chips) 
Seat 9: malliosK ($14.62 in chips) 
6tee: posts small blind $0.02
ZAURBEKK2013: posts big blind $0.05
*** HOLE CARDS ***
Dealt to Dorex2007 [As 4d]
hukkaklar: folds 
amnhaze91: folds 
Dorex2007: folds 
malliosK: raises $0.06 to $0.11
Fool Gambler: folds 
6tee: folds 
Dal88Reynolds leaves the table
ZAURBEKK2013: raises $0.29 to $0.40
malliosK: calls $0.29
*** FLOP *** [8s 4h Tc]
ZAURBEKK2013: bets $0.50
malliosK: calls $0.50
*** TURN *** [8s 4h Tc] [2d]
ZAURBEKK2013: bets $1.48
malliosK: folds 
Uncalled bet ($1.48) returned to ZAURBEKK2013
ZAURBEKK2013 collected $1.74 from pot
ZAURBEKK2013: doesn't show hand 
*** SUMMARY ***
Total pot $1.82 | Rake $0.08 
Board [8s 4h Tc 2d]
Seat 2: Fool Gambler (button) folded before Flop (didn't bet)
Seat 4: 6tee (small blind) folded before Flop
Seat 5: ZAURBEKK2013 (big blind) collected ($1.74)
Seat 6: hukkaklar folded before Flop (didn't bet)
Seat 7: amnhaze91 folded before Flop (didn't bet)
Seat 8: Dorex2007 folded before Flop (didn't bet)
Seat 9: malliosK folded on the Turn



PokerStars Hand #238845577934:  Hold'em No Limit ($0.02/$0.05 USD) - 2022/09/24 17:39:49 PT [2022/09/24 20:39:49 ET]
Table 'Unitas IV' 9-max Seat #4 is the button
Seat 2: Fool Gambler ($2.72 in chips) 
Seat 3: Finanzminister2 ($2.50 in chips) 
Seat 4: 6tee ($4.88 in chips) 
Seat 5: ZAURBEKK2013 ($5.12 in chips) 
Seat 6: hukkaklar ($5.68 in chips) 
Seat 7: amnhaze91 ($7.58 in chips) 
Seat 8: Dorex2007 ($6.77 in chips) 
Seat 9: malliosK ($13.72 in chips) 
ZAURBEKK2013: posts small blind $0.02
hukkaklar: posts big blind $0.05
Finanzminister2: posts big blind $0.05
*** HOLE CARDS ***
Dealt to Dorex2007 [9c 3s]
amnhaze91: folds 
Dorex2007: folds 
malliosK: folds 
Fool Gambler: calls $0.05
Finanzminister2: raises $0.05 to $0.10
6tee: calls $0.10
ZAURBEKK2013: folds 
Catonajack joins the table at seat #1 
hukkaklar: folds 
Fool Gambler: calls $0.05
*** FLOP *** [Th 5s Ad]
Fool Gambler: bets $0.05
Finanzminister2: raises $0.15 to $0.20
6tee: folds 
Fool Gambler: calls $0.15
*** TURN *** [Th 5s Ad] [4c]
Fool Gambler: bets $0.20
Finanzminister2: folds 
Uncalled bet ($0.20) returned to Fool Gambler
Fool Gambler collected $0.74 from pot
Fool Gambler: doesn't show hand 
*** SUMMARY ***
Total pot $0.77 | Rake $0.03 
Board [Th 5s Ad 4c]
Seat 2: Fool Gambler collected ($0.74)
Seat 3: Finanzminister2 folded on the Turn
Seat 4: 6tee (button) folded on the Flop
Seat 5: ZAURBEKK2013 (small blind) folded before Flop
Seat 6: hukkaklar (big blind) folded before Flop
Seat 7: amnhaze91 folded before Flop (didn't bet)
Seat 8: Dorex2007 folded before Flop (didn't bet)
Seat 9: malliosK folded before Flop (didn't bet)



PokerStars Hand #238845592250:  Hold'em No Limit ($0.02/$0.05 USD) - 2022/09/24 17:40:52 PT [2022/09/24 20:40:52 ET]
Table 'Unitas IV' 9-max Seat #5 is the button
Seat 1: Catonajack ($4 in chips) 
Seat 2: Fool Gambler ($3.16 in chips) 
Seat 3: Finanzminister2 ($2.20 in chips) 
Seat 4: 6tee ($4.78 in chips) 
Seat 5: ZAURBEKK2013 ($5.10 in chips) 
Seat 6: hukkaklar ($5.63 in chips) 
Seat 7: amnhaze91 ($7.58 in chips) 
Seat 8: Dorex2007 ($6.77 in chips) 
Seat 9: malliosK ($13.72 in chips) 
hukkaklar: posts small blind $0.02
amnhaze91: posts big blind $0.05
Catonajack: posts big blind $0.05
*** HOLE CARDS ***
Dealt to Dorex2007 [9c 5s]
Dorex2007: folds 
malliosK: folds 
Catonajack: checks 
Fool Gambler: calls $0.05
Finanzminister2: calls $0.05
6tee: calls $0.05
ZAURBEKK2013: folds 
hukkaklar: calls $0.03
amnhaze91: checks 
*** FLOP *** [7d Kh Kd]
hukkaklar: bets $0.15
amnhaze91: calls $0.15
Catonajack: folds 
Fool Gambler: folds 
Finanzminister2: folds 
6tee: folds 
*** TURN *** [7d Kh Kd] [Jc]
hukkaklar: bets $0.15
amnhaze91: raises $0.30 to $0.45
hukkaklar: calls $0.30
*** RIVER *** [7d Kh Kd Jc] [5d]
hukkaklar: checks 
amnhaze91: bets $1.55
hukkaklar: calls $1.55
*** SHOW DOWN ***
amnhaze91: shows [Ks 7s] (a full house, Kings full of Sevens)
hukkaklar: mucks hand 
amnhaze91 collected $4.41 from pot
*** SUMMARY ***
Total pot $4.60 | Rake $0.19 
Board [7d Kh Kd Jc 5d]
Seat 1: Catonajack folded on the Flop (didn't bet)
Seat 2: Fool Gambler folded on the Flop
Seat 3: Finanzminister2 folded on the Flop
Seat 4: 6tee folded on the Flop
Seat 5: ZAURBEKK2013 (button) folded before Flop (didn't bet)
Seat 6: hukkaklar (small blind) mucked [2c Kc]
Seat 7: amnhaze91 (big blind) showed [Ks 7s] and won ($4.41) with a full house, Kings full of Sevens
Seat 8: Dorex2007 folded before Flop (didn't bet)
Seat 9: malliosK folded before Flop (didn't bet)



PokerStars Hand #238845637269:  Hold'em No Limit ($0.02/$0.05 USD) - 2022/09/24 17:44:14 PT [2022/09/24 20:44:14 ET]
Table 'Unitas IV' 9-max Seat #9 is the button
Seat 1: Catonajack ($3.90 in chips) 
Seat 4: 6tee ($6.18 in chips) 
Seat 5: ZAURBEKK2013 ($5.10 in chips) 
Seat 6: hukkaklar ($3.43 in chips) 
Seat 7: amnhaze91 ($9.57 in chips) 
Seat 8: Dorex2007 ($6.77 in chips) 
Seat 9: malliosK ($13.27 in chips) 
Catonajack: posts small blind $0.02
6tee: posts big blind $0.05
Dorex2007: posts small & big blinds $0.07
*** HOLE CARDS ***
Dealt to Dorex2007 [3h 4d]
Finanzminister2 leaves the table
ZAURBEKK2013: folds 
hukkaklar: folds 
amnhaze91: folds 
Dorex2007: checks 
malliosK: calls $0.05
Catonajack: raises $0.22 to $0.27
6tee: folds 
Dorex2007: folds 
malliosK: folds 
Uncalled bet ($0.22) returned to Catonajack
Catonajack collected $0.22 from pot
Catonajack: doesn't show hand 
*** SUMMARY ***
Total pot $0.22 | Rake $0 
Seat 1: Catonajack (small blind) collected ($0.22)
Seat 4: 6tee (big blind) folded before Flop
Seat 5: ZAURBEKK2013 folded before Flop (didn't bet)
Seat 6: hukkaklar folded before Flop (didn't bet)
Seat 7: amnhaze91 folded before Flop (didn't bet)
Seat 8: Dorex2007 folded before Flop (didn't bet)
Seat 9: malliosK (button) folded before Flop



PokerStars Hand #238845645835:  Hold'em No Limit ($0.02/$0.05 USD) - 2022/09/24 17:44:53 PT [2022/09/24 20:44:53 ET]
Table 'Unitas IV' 9-max Seat #1 is the button
Seat 1: Catonajack ($4.07 in chips) 
Seat 5: ZAURBEKK2013 ($5.10 in chips) 
Seat 6: hukkaklar ($3.43 in chips) 
Seat 7: amnhaze91 ($9.57 in chips) 
Seat 8: Dorex2007 ($6.70 in chips) 
Seat 9: malliosK ($13.22 in chips) 
ZAURBEKK2013: posts small blind $0.02
hukkaklar: posts big blind $0.05
*** HOLE CARDS ***
Dealt to Dorex2007 [Td Qh]
amnhaze91: folds 
Dorex2007: folds 
malliosK: folds 
Catonajack: folds 
malliosK leaves the table
ZAURBEKK2013: raises $0.10 to $0.15
hukkaklar: folds 
Uncalled bet ($0.10) returned to ZAURBEKK2013
ZAURBEKK2013 collected $0.10 from pot
ZAURBEKK2013: doesn't show hand 
*** SUMMARY ***
Total pot $0.10 | Rake $0 
Seat 1: Catonajack (button) folded before Flop (didn't bet)
Seat 5: ZAURBEKK2013 (small blind) collected ($0.10)
Seat 6: hukkaklar (big blind) folded before Flop
Seat 7: amnhaze91 folded before Flop (didn't bet)
Seat 8: Dorex2007 folded before Flop (didn't bet)
Seat 9: malliosK folded before Flop (didn't bet)



