PokerStars Hand #238032246953:  Hold'em No Limit ($0.01/$0.02 USD) - 2022/08/16 13:58:13 PT [2022/08/16 16:58:13 ET]
Table 'Hela III' 9-max Seat #7 is the button
Seat 1: BrenoVns ($2.50 in chips) 
Seat 2: antoniusicra ($1.49 in chips) 
Seat 3: adilson255 ($0.93 in chips) 
Seat 4: Mitch Bahama ($1 in chips) 
Seat 5: westy2kuk ($1.47 in chips) 
Seat 6: Dorex2007 ($2 in chips) 
Seat 7: Iezamu ($3.21 in chips) 
Seat 8: Selg12 ($1.86 in chips) 
Seat 9: Dimkar101 ($1.91 in chips) 
Selg12: posts small blind $0.01
Dimkar101: posts big blind $0.02
Mitch Bahama: posts big blind $0.02
Dorex2007: posts big blind $0.02
*** HOLE CARDS ***
Dealt to Dorex2007 [9d 6c]
BrenoVns: folds 
antoniusicra: folds 
adilson255: raises $0.02 to $0.04
Mitch Bahama: folds 
westy2kuk: calls $0.04
Dorex2007: folds 
Iezamu: folds 
Selg12: raises $0.14 to $0.18
Dimkar101: folds 
adilson255: calls $0.14
westy2kuk: folds 
*** FLOP *** [6d 8d 2s]
Selg12: bets $0.20
adilson255: raises $0.55 to $0.75 and is all-in
Selg12: calls $0.55
*** TURN *** [6d 8d 2s] [2h]
*** RIVER *** [6d 8d 2s 2h] [Qs]
*** SHOW DOWN ***
Selg12: shows [Qh Ah] (two pair, Queens and Deuces)
adilson255: shows [Kc Kd] (two pair, Kings and Deuces)
adilson255 collected $1.89 from pot
*** SUMMARY ***
Total pot $1.96 | Rake $0.07 
Board [6d 8d 2s 2h Qs]
Seat 1: BrenoVns folded before Flop (didn't bet)
Seat 2: antoniusicra folded before Flop (didn't bet)
Seat 3: adilson255 showed [Kc Kd] and won ($1.89) with two pair, Kings and Deuces
Seat 4: Mitch Bahama folded before Flop (didn't bet)
Seat 5: westy2kuk folded before Flop
Seat 6: Dorex2007 folded before Flop (didn't bet)
Seat 7: Iezamu (button) folded before Flop (didn't bet)
Seat 8: Selg12 (small blind) showed [Qh Ah] and lost with two pair, Queens and Deuces
Seat 9: Dimkar101 (big blind) folded before Flop



PokerStars Hand #238032267787:  Hold'em No Limit ($0.01/$0.02 USD) - 2022/08/16 13:59:23 PT [2022/08/16 16:59:23 ET]
Table 'Hela III' 9-max Seat #8 is the button
Seat 1: BrenoVns ($2.50 in chips) 
Seat 2: antoniusicra ($1.49 in chips) 
Seat 3: adilson255 ($1.89 in chips) 
Seat 4: Mitch Bahama ($0.98 in chips) 
Seat 5: westy2kuk ($1.43 in chips) 
Seat 6: Dorex2007 ($2 in chips) 
Seat 7: Iezamu ($3.21 in chips) 
Seat 8: Selg12 ($0.93 in chips) 
Seat 9: Dimkar101 ($1.89 in chips) 
Dimkar101: posts small blind $0.01
BrenoVns: posts big blind $0.02
*** HOLE CARDS ***
Dealt to Dorex2007 [Qs Kh]
antoniusicra has timed out
antoniusicra: folds 
adilson255: folds 
Mitch Bahama: calls $0.02
westy2kuk: calls $0.02
Dorex2007: raises $0.06 to $0.08
Iezamu: folds 
Selg12: folds 
Dimkar101: calls $0.07
BrenoVns: folds 
Mitch Bahama: folds 
westy2kuk: calls $0.06
*** FLOP *** [Tc 2d Qc]
Dimkar101: checks 
westy2kuk: checks 
Dorex2007: bets $0.30
Dimkar101: folds 
westy2kuk: folds 
Uncalled bet ($0.30) returned to Dorex2007
Dorex2007 collected $0.27 from pot
Dorex2007: doesn't show hand 
*** SUMMARY ***
Total pot $0.28 | Rake $0.01 
Board [Tc 2d Qc]
Seat 1: BrenoVns (big blind) folded before Flop
Seat 2: antoniusicra folded before Flop (didn't bet)
Seat 3: adilson255 folded before Flop (didn't bet)
Seat 4: Mitch Bahama folded before Flop
Seat 5: westy2kuk folded on the Flop
Seat 6: Dorex2007 collected ($0.27)
Seat 7: Iezamu folded before Flop (didn't bet)
Seat 8: Selg12 (button) folded before Flop (didn't bet)
Seat 9: Dimkar101 (small blind) folded on the Flop



PokerStars Hand #238032301201:  Hold'em No Limit ($0.01/$0.02 USD) - 2022/08/16 14:00:43 PT [2022/08/16 17:00:43 ET]
Table 'Hela III' 9-max Seat #9 is the button
Seat 1: BrenoVns ($2.48 in chips) 
Seat 2: antoniusicra ($1.49 in chips) 
Seat 3: adilson255 ($1.89 in chips) 
Seat 4: Mitch Bahama ($0.96 in chips) 
Seat 5: westy2kuk ($1.35 in chips) 
Seat 6: Dorex2007 ($2.19 in chips) 
Seat 7: Iezamu ($3.21 in chips) 
Seat 8: Selg12 ($0.93 in chips) 
Seat 9: Dimkar101 ($1.81 in chips) 
BrenoVns: posts small blind $0.01
antoniusicra: posts big blind $0.02
*** HOLE CARDS ***
Dealt to Dorex2007 [8c 7d]
adilson255: folds 
Mitch Bahama: calls $0.02
westy2kuk has timed out
westy2kuk: folds 
Dorex2007: folds 
Iezamu: raises $0.08 to $0.10
Selg12: folds 
Dimkar101: folds 
BrenoVns: folds 
antoniusicra: calls $0.08
Mitch Bahama: calls $0.08
*** FLOP *** [Qh 5h 2s]
antoniusicra: checks 
Mitch Bahama: checks 
Iezamu: bets $3.11 and is all-in
antoniusicra: folds 
Mitch Bahama: folds 
Uncalled bet ($3.11) returned to Iezamu
Iezamu collected $0.30 from pot
*** SUMMARY ***
Total pot $0.31 | Rake $0.01 
Board [Qh 5h 2s]
Seat 1: BrenoVns (small blind) folded before Flop
Seat 2: antoniusicra (big blind) folded on the Flop
Seat 3: adilson255 folded before Flop (didn't bet)
Seat 4: Mitch Bahama folded on the Flop
Seat 5: westy2kuk folded before Flop (didn't bet)
Seat 6: Dorex2007 folded before Flop (didn't bet)
Seat 7: Iezamu collected ($0.30)
Seat 8: Selg12 folded before Flop (didn't bet)
Seat 9: Dimkar101 (button) folded before Flop (didn't bet)



PokerStars Hand #238032657723:  Hold'em No Limit ($0.01/$0.02 USD) - 2022/08/16 14:16:17 PT [2022/08/16 17:16:17 ET]
Table 'Hela III' 9-max Seat #7 is the button
Seat 1: BrenoVns ($2.99 in chips) 
Seat 2: antoniusicra ($1.60 in chips) 
Seat 3: adilson255 ($1.97 in chips) 
Seat 4: Mitch Bahama ($2.21 in chips) 
Seat 5: westy2kuk ($2.18 in chips) 
Seat 6: Dorex2007 ($2.19 in chips) 
Seat 7: Iezamu ($3.35 in chips) 
Seat 8: mrjapa1000 ($2.29 in chips) 
Seat 9: Dimkar101 ($1.31 in chips) 
mrjapa1000: posts small blind $0.01
Dimkar101: posts big blind $0.02
Dorex2007: posts small & big blinds $0.03
*** HOLE CARDS ***
Dealt to Dorex2007 [9c Ts]
BrenoVns: folds 
antoniusicra: raises $0.06 to $0.08
adilson255: calls $0.08
Mitch Bahama: folds 
westy2kuk: calls $0.08
Dorex2007: folds 
Iezamu: folds 
mrjapa1000: folds 
Dimkar101: calls $0.06
*** FLOP *** [9h 9s 6d]
Dimkar101: bets $0.02
antoniusicra: calls $0.02
adilson255: calls $0.02
westy2kuk: calls $0.02
*** TURN *** [9h 9s 6d] [5c]
Dimkar101: bets $0.02
antoniusicra: calls $0.02
adilson255: folds 
westy2kuk: folds 
*** RIVER *** [9h 9s 6d 5c] [3c]
Dimkar101: bets $0.46
antoniusicra: folds 
Uncalled bet ($0.46) returned to Dimkar101
Dimkar101 collected $0.46 from pot
*** SUMMARY ***
Total pot $0.48 | Rake $0.02 
Board [9h 9s 6d 5c 3c]
Seat 1: BrenoVns folded before Flop (didn't bet)
Seat 2: antoniusicra folded on the River
Seat 3: adilson255 folded on the Turn
Seat 4: Mitch Bahama folded before Flop (didn't bet)
Seat 5: westy2kuk folded on the Turn
Seat 6: Dorex2007 folded before Flop (didn't bet)
Seat 7: Iezamu (button) folded before Flop (didn't bet)
Seat 8: mrjapa1000 (small blind) folded before Flop
Seat 9: Dimkar101 (big blind) collected ($0.46)



PokerStars Hand #238032681903:  Hold'em No Limit ($0.01/$0.02 USD) - 2022/08/16 14:17:22 PT [2022/08/16 17:17:22 ET]
Table 'Hela III' 9-max Seat #8 is the button
Seat 1: BrenoVns ($2.99 in chips) 
Seat 2: antoniusicra ($1.48 in chips) 
Seat 3: adilson255 ($1.87 in chips) 
Seat 4: Mitch Bahama ($2.21 in chips) 
Seat 5: westy2kuk ($2.08 in chips) 
Seat 6: Dorex2007 ($2.16 in chips) 
Seat 7: Iezamu ($3.35 in chips) 
Seat 8: mrjapa1000 ($2.28 in chips) 
Seat 9: Dimkar101 ($1.65 in chips) 
Dimkar101: posts small blind $0.01
BrenoVns: posts big blind $0.02
*** HOLE CARDS ***
Dealt to Dorex2007 [Qh Kh]
antoniusicra: folds 
adilson255: folds 
Mitch Bahama: calls $0.02
westy2kuk: raises $0.02 to $0.04
Dorex2007: raises $0.06 to $0.10
Iezamu: folds 
mrjapa1000: folds 
Dimkar101: folds 
BrenoVns: folds 
Mitch Bahama: folds 
westy2kuk: calls $0.06
*** FLOP *** [5d 4d 9s]
Mitch Bahama leaves the table
WeNaSo_07 joins the table at seat #4 
westy2kuk: checks 
Dorex2007: bets $0.24
westy2kuk: folds 
Uncalled bet ($0.24) returned to Dorex2007
Dorex2007 collected $0.24 from pot
Dorex2007: doesn't show hand 
*** SUMMARY ***
Total pot $0.25 | Rake $0.01 
Board [5d 4d 9s]
Seat 1: BrenoVns (big blind) folded before Flop
Seat 2: antoniusicra folded before Flop (didn't bet)
Seat 3: adilson255 folded before Flop (didn't bet)
Seat 4: Mitch Bahama folded before Flop
Seat 5: westy2kuk folded on the Flop
Seat 6: Dorex2007 collected ($0.24)
Seat 7: Iezamu folded before Flop (didn't bet)
Seat 8: mrjapa1000 (button) folded before Flop (didn't bet)
Seat 9: Dimkar101 (small blind) folded before Flop



PokerStars Hand #238032705655:  Hold'em No Limit ($0.01/$0.02 USD) - 2022/08/16 14:18:26 PT [2022/08/16 17:18:26 ET]
Table 'Hela III' 9-max Seat #9 is the button
Seat 1: BrenoVns ($2.97 in chips) 
Seat 3: adilson255 ($1.87 in chips) 
Seat 5: westy2kuk ($1.98 in chips) 
Seat 6: Dorex2007 ($2.30 in chips) 
Seat 7: Iezamu ($3.35 in chips) 
Seat 8: mrjapa1000 ($2.28 in chips) 
Seat 9: Dimkar101 ($1.64 in chips) 
BrenoVns: posts small blind $0.01
antoniusicra: is sitting out 
adilson255: posts big blind $0.02
WeNaSo_07: sits out 
*** HOLE CARDS ***
Dealt to Dorex2007 [5h Th]
westy2kuk: raises $0.02 to $0.04
Dorex2007: folds 
Iezamu: raises $0.06 to $0.10
mrjapa1000: folds 
Dimkar101: folds 
BrenoVns: folds 
adilson255: folds 
westy2kuk: calls $0.06
*** FLOP *** [4h 3c Td]
westy2kuk: checks 
Iezamu: checks 
*** TURN *** [4h 3c Td] [9c]
westy2kuk: checks 
Iezamu: bets $0.22
antoniusicra leaves the table
westy2kuk: folds 
Uncalled bet ($0.22) returned to Iezamu
Iezamu collected $0.22 from pot
*** SUMMARY ***
Total pot $0.23 | Rake $0.01 
Board [4h 3c Td 9c]
Seat 1: BrenoVns (small blind) folded before Flop
Seat 3: adilson255 (big blind) folded before Flop
Seat 5: westy2kuk folded on the Turn
Seat 6: Dorex2007 folded before Flop (didn't bet)
Seat 7: Iezamu collected ($0.22)
Seat 8: mrjapa1000 folded before Flop (didn't bet)
Seat 9: Dimkar101 (button) folded before Flop (didn't bet)



PokerStars Hand #238032729178:  Hold'em No Limit ($0.01/$0.02 USD) - 2022/08/16 14:19:30 PT [2022/08/16 17:19:30 ET]
Table 'Hela III' 9-max Seat #1 is the button
Seat 1: BrenoVns ($2.96 in chips) 
Seat 3: adilson255 ($1.85 in chips) 
Seat 4: WeNaSo_07 ($2 in chips) 
Seat 5: westy2kuk ($1.88 in chips) 
Seat 6: Dorex2007 ($2.30 in chips) 
Seat 7: Iezamu ($3.47 in chips) 
Seat 8: mrjapa1000 ($2.28 in chips) 
Seat 9: Dimkar101 ($1.64 in chips) 
adilson255: posts small blind $0.01
WeNaSo_07: posts big blind $0.02
*** HOLE CARDS ***
Dealt to Dorex2007 [Kc 9c]
westy2kuk: folds 
Dorex2007: folds 
Iezamu: folds 
Il0vebear joins the table at seat #2 
mrjapa1000: folds 
Dimkar101: folds 
BrenoVns: folds 
adilson255: calls $0.01
WeNaSo_07: checks 
*** FLOP *** [8c Qc 2s]
adilson255: bets $0.04
WeNaSo_07: folds 
Uncalled bet ($0.04) returned to adilson255
adilson255 collected $0.04 from pot
adilson255: doesn't show hand 
*** SUMMARY ***
Total pot $0.04 | Rake $0 
Board [8c Qc 2s]
Seat 1: BrenoVns (button) folded before Flop (didn't bet)
Seat 3: adilson255 (small blind) collected ($0.04)
Seat 4: WeNaSo_07 (big blind) folded on the Flop
Seat 5: westy2kuk folded before Flop (didn't bet)
Seat 6: Dorex2007 folded before Flop (didn't bet)
Seat 7: Iezamu folded before Flop (didn't bet)
Seat 8: mrjapa1000 folded before Flop (didn't bet)
Seat 9: Dimkar101 folded before Flop (didn't bet)



PokerStars Hand #238032739838:  Hold'em No Limit ($0.01/$0.02 USD) - 2022/08/16 14:19:59 PT [2022/08/16 17:19:59 ET]
Table 'Hela III' 9-max Seat #3 is the button
Seat 1: BrenoVns ($2.96 in chips) 
Seat 3: adilson255 ($1.87 in chips) 
Seat 4: WeNaSo_07 ($2 in chips) 
Seat 5: westy2kuk ($1.88 in chips) 
Seat 6: Dorex2007 ($2.30 in chips) 
Seat 7: Iezamu ($3.47 in chips) 
Seat 8: mrjapa1000 ($2.28 in chips) 
Seat 9: Dimkar101 ($1.64 in chips) 
WeNaSo_07: posts small blind $0.01
westy2kuk: posts big blind $0.02
Il0vebear: sits out 
*** HOLE CARDS ***
Dealt to Dorex2007 [3c 9c]
Dorex2007: folds 
Iezamu: folds 
mrjapa1000: folds 
Dimkar101: folds 
BrenoVns: folds 
adilson255: calls $0.02
WeNaSo_07: folds 
westy2kuk: checks 
*** FLOP *** [2s 6s 9s]
westy2kuk: checks 
adilson255: bets $0.02
westy2kuk: calls $0.02
*** TURN *** [2s 6s 9s] [6d]
westy2kuk: checks 
adilson255: bets $0.04
westy2kuk: raises $0.04 to $0.08
adilson255: folds 
Uncalled bet ($0.04) returned to westy2kuk
westy2kuk collected $0.16 from pot
*** SUMMARY ***
Total pot $0.17 | Rake $0.01 
Board [2s 6s 9s 6d]
Seat 1: BrenoVns folded before Flop (didn't bet)
Seat 3: adilson255 (button) folded on the Turn
Seat 4: WeNaSo_07 (small blind) folded before Flop
Seat 5: westy2kuk (big blind) collected ($0.16)
Seat 6: Dorex2007 folded before Flop (didn't bet)
Seat 7: Iezamu folded before Flop (didn't bet)
Seat 8: mrjapa1000 folded before Flop (didn't bet)
Seat 9: Dimkar101 folded before Flop (didn't bet)



PokerStars Hand #238032782438:  Hold'em No Limit ($0.01/$0.02 USD) - 2022/08/16 14:21:54 PT [2022/08/16 17:21:54 ET]
Table 'Hela III' 9-max Seat #4 is the button
Seat 1: BrenoVns ($2.96 in chips) 
Seat 3: adilson255 ($1.79 in chips) 
Seat 4: WeNaSo_07 ($2 in chips) 
Seat 5: westy2kuk ($1.96 in chips) 
Seat 6: Dorex2007 ($2.30 in chips) 
Seat 7: Iezamu ($3.47 in chips) 
Seat 8: mrjapa1000 ($2.28 in chips) 
Seat 9: Dimkar101 ($1.64 in chips) 
westy2kuk: posts small blind $0.01
Dorex2007: posts big blind $0.02
Il0vebear: sits out 
*** HOLE CARDS ***
Dealt to Dorex2007 [Kc Ad]
Iezamu: folds 
mrjapa1000: folds 
Dimkar101: folds 
BrenoVns: folds 
adilson255: calls $0.02
WeNaSo_07: folds 
westy2kuk: folds 
Dorex2007: checks 
*** FLOP *** [Td 3h As]
Dorex2007: checks 
adilson255: bets $0.02
Dorex2007: calls $0.02
*** TURN *** [Td 3h As] [Qd]
Dorex2007: bets $0.06
adilson255: calls $0.06
*** RIVER *** [Td 3h As Qd] [5s]
Dorex2007: bets $0.10
adilson255: folds 
Uncalled bet ($0.10) returned to Dorex2007
Dorex2007 collected $0.20 from pot
Dorex2007: doesn't show hand 
*** SUMMARY ***
Total pot $0.21 | Rake $0.01 
Board [Td 3h As Qd 5s]
Seat 1: BrenoVns folded before Flop (didn't bet)
Seat 3: adilson255 folded on the River
Seat 4: WeNaSo_07 (button) folded before Flop (didn't bet)
Seat 5: westy2kuk (small blind) folded before Flop
Seat 6: Dorex2007 (big blind) collected ($0.20)
Seat 7: Iezamu folded before Flop (didn't bet)
Seat 8: mrjapa1000 folded before Flop (didn't bet)
Seat 9: Dimkar101 folded before Flop (didn't bet)



PokerStars Hand #238032801145:  Hold'em No Limit ($0.01/$0.02 USD) - 2022/08/16 14:22:45 PT [2022/08/16 17:22:45 ET]
Table 'Hela III' 9-max Seat #5 is the button
Seat 1: BrenoVns ($2.96 in chips) 
Seat 3: adilson255 ($1.69 in chips) 
Seat 4: WeNaSo_07 ($2 in chips) 
Seat 5: westy2kuk ($1.95 in chips) 
Seat 6: Dorex2007 ($2.40 in chips) 
Seat 7: Iezamu ($3.47 in chips) 
Seat 8: mrjapa1000 ($2.28 in chips) 
Seat 9: Dimkar101 ($1.64 in chips) 
Dorex2007: posts small blind $0.01
Iezamu: posts big blind $0.02
Il0vebear: sits out 
*** HOLE CARDS ***
Dealt to Dorex2007 [Jd 3c]
mrjapa1000: folds 
Dimkar101: folds 
BrenoVns: folds 
adilson255: folds 
WeNaSo_07: folds 
westy2kuk: calls $0.02
Dorex2007: folds 
Iezamu: checks 
*** FLOP *** [9s Td Kd]
Iezamu: checks 
westy2kuk: checks 
*** TURN *** [9s Td Kd] [8h]
Iezamu: bets $0.02
mrjapa1000 leaves the table
westy2kuk: raises $0.12 to $0.14
Iezamu: folds 
Uncalled bet ($0.12) returned to westy2kuk
westy2kuk collected $0.09 from pot
*** SUMMARY ***
Total pot $0.09 | Rake $0 
Board [9s Td Kd 8h]
Seat 1: BrenoVns folded before Flop (didn't bet)
Seat 3: adilson255 folded before Flop (didn't bet)
Seat 4: WeNaSo_07 folded before Flop (didn't bet)
Seat 5: westy2kuk (button) collected ($0.09)
Seat 6: Dorex2007 (small blind) folded before Flop
Seat 7: Iezamu (big blind) folded on the Turn
Seat 8: mrjapa1000 folded before Flop (didn't bet)
Seat 9: Dimkar101 folded before Flop (didn't bet)



PokerStars Hand #238032819095:  Hold'em No Limit ($0.01/$0.02 USD) - 2022/08/16 14:23:34 PT [2022/08/16 17:23:34 ET]
Table 'Hela III' 9-max Seat #6 is the button
Seat 1: BrenoVns ($2.96 in chips) 
Seat 3: adilson255 ($1.69 in chips) 
Seat 4: WeNaSo_07 ($2 in chips) 
Seat 5: westy2kuk ($2 in chips) 
Seat 6: Dorex2007 ($2.39 in chips) 
Seat 7: Iezamu ($3.43 in chips) 
Seat 9: Dimkar101 ($1.64 in chips) 
Iezamu: posts small blind $0.01
Dimkar101: posts big blind $0.02
Il0vebear: sits out 
*** HOLE CARDS ***
Dealt to Dorex2007 [Td Qs]
BrenoVns: folds 
adilson255: calls $0.02
WeNaSo_07: folds 
westy2kuk: calls $0.02
Dorex2007: folds 
Iezamu: calls $0.01
Dimkar101: checks 
*** FLOP *** [8h Jh Th]
Iezamu: checks 
Dimkar101: checks 
adilson255: bets $0.08
westy2kuk: calls $0.08
1jorik1 joins the table at seat #8 
Iezamu: folds 
Dimkar101: folds 
*** TURN *** [8h Jh Th] [2s]
adilson255: checks 
westy2kuk: bets $0.06
adilson255: calls $0.06
*** RIVER *** [8h Jh Th 2s] [9h]
adilson255: bets $0.02
westy2kuk: raises $0.58 to $0.60
adilson255: folds 
Uncalled bet ($0.58) returned to westy2kuk
westy2kuk collected $0.39 from pot
*** SUMMARY ***
Total pot $0.40 | Rake $0.01 
Board [8h Jh Th 2s 9h]
Seat 1: BrenoVns folded before Flop (didn't bet)
Seat 3: adilson255 folded on the River
Seat 4: WeNaSo_07 folded before Flop (didn't bet)
Seat 5: westy2kuk collected ($0.39)
Seat 6: Dorex2007 (button) folded before Flop (didn't bet)
Seat 7: Iezamu (small blind) folded on the Flop
Seat 9: Dimkar101 (big blind) folded on the Flop



PokerStars Hand #238032853395:  Hold'em No Limit ($0.01/$0.02 USD) - 2022/08/16 14:25:08 PT [2022/08/16 17:25:08 ET]
Table 'Hela III' 9-max Seat #7 is the button
Seat 1: BrenoVns ($2.96 in chips) 
Seat 3: adilson255 ($1.51 in chips) 
Seat 4: WeNaSo_07 ($2 in chips) 
Seat 5: westy2kuk ($2.21 in chips) 
Seat 6: Dorex2007 ($2.39 in chips) 
Seat 7: Iezamu ($3.41 in chips) 
Seat 9: Dimkar101 ($1.62 in chips) 
Dimkar101: posts small blind $0.01
BrenoVns: posts big blind $0.02
Il0vebear: sits out 
*** HOLE CARDS ***
Dealt to Dorex2007 [Qd 5h]
adilson255: folds 
WeNaSo_07: folds 
westy2kuk: raises $0.02 to $0.04
Dorex2007: folds 
Iezamu: calls $0.04
Dimkar101: folds 
BrenoVns: folds 
*** FLOP *** [Ad Ts Jc]
westy2kuk: bets $0.08
Iezamu: raises $0.08 to $0.16
westy2kuk: raises $0.08 to $0.24
Iezamu: raises $0.78 to $1.02
westy2kuk: calls $0.78
*** TURN *** [Ad Ts Jc] [5s]
westy2kuk: checks 
Iezamu: bets $2.35 and is all-in
westy2kuk: calls $1.15 and is all-in
Uncalled bet ($1.20) returned to Iezamu
*** RIVER *** [Ad Ts Jc 5s] [7c]
*** SHOW DOWN ***
westy2kuk: shows [Kh Ah] (a pair of Aces)
Iezamu: shows [Ks Qc] (a straight, Ten to Ace)
Iezamu cashed out the hand for $4.10 | Cash Out Fee $0.04
*** SUMMARY ***
Total pot $4.45 | Rake $0.16 
Board [Ad Ts Jc 5s 7c]
Seat 1: BrenoVns (big blind) folded before Flop
Seat 3: adilson255 folded before Flop (didn't bet)
Seat 4: WeNaSo_07 folded before Flop (didn't bet)
Seat 5: westy2kuk showed [Kh Ah] and lost with a pair of Aces
Seat 6: Dorex2007 folded before Flop (didn't bet)
Seat 7: Iezamu (button) showed [Ks Qc] and won ($4.29) with a straight, Ten to Ace (pot not awarded as player cashed out)
Seat 9: Dimkar101 (small blind) folded before Flop



PokerStars Hand #238032873726:  Hold'em No Limit ($0.01/$0.02 USD) - 2022/08/16 14:26:03 PT [2022/08/16 17:26:03 ET]
Table 'Hela III' 9-max Seat #9 is the button
Seat 1: BrenoVns ($2.94 in chips) 
Seat 2: Il0vebear ($2 in chips) 
Seat 3: adilson255 ($1.51 in chips) 
Seat 4: WeNaSo_07 ($2 in chips) 
Seat 6: Dorex2007 ($2.39 in chips) 
Seat 7: Iezamu ($5.30 in chips) 
Seat 8: 1jorik1 ($1.60 in chips) 
Seat 9: Dimkar101 ($1.61 in chips) 
BrenoVns: posts small blind $0.01
Il0vebear: posts big blind $0.02
1jorik1: posts big blind $0.02
*** HOLE CARDS ***
Dealt to Dorex2007 [2s Kh]
westy2kuk is disconnected 
adilson255: raises $0.02 to $0.04
WeNaSo_07: folds 
Dorex2007: folds 
Iezamu: folds 
1jorik1 has timed out
1jorik1: folds 
Dimkar101: calls $0.04
BrenoVns: folds 
Il0vebear: folds 
*** FLOP *** [5c 2c 4d]
adilson255: bets $1.47 and is all-in
Dimkar101: calls $1.47
*** TURN *** [5c 2c 4d] [Jc]
*** RIVER *** [5c 2c 4d Jc] [9c]
*** SHOW DOWN ***
adilson255: shows [Ac Qc] (a flush, Ace high)
Dimkar101: shows [Qh Qs] (a pair of Queens)
adilson255 collected $2.96 from pot
*** SUMMARY ***
Total pot $3.07 | Rake $0.11 
Board [5c 2c 4d Jc 9c]
Seat 1: BrenoVns (small blind) folded before Flop
Seat 2: Il0vebear (big blind) folded before Flop
Seat 3: adilson255 showed [Ac Qc] and won ($2.96) with a flush, Ace high
Seat 4: WeNaSo_07 folded before Flop (didn't bet)
Seat 6: Dorex2007 folded before Flop (didn't bet)
Seat 7: Iezamu folded before Flop (didn't bet)
Seat 8: 1jorik1 folded before Flop (didn't bet)
Seat 9: Dimkar101 (button) showed [Qh Qs] and lost with a pair of Queens



PokerStars Hand #238032908150:  Hold'em No Limit ($0.01/$0.02 USD) - 2022/08/16 14:27:37 PT [2022/08/16 17:27:37 ET]
Table 'Hela III' 9-max Seat #1 is the button
Seat 1: BrenoVns ($2.93 in chips) 
Seat 2: Il0vebear ($2 in chips) 
Seat 3: adilson255 ($2.96 in chips) 
Seat 4: WeNaSo_07 ($2 in chips) 
Seat 6: Dorex2007 ($2.39 in chips) 
Seat 7: Iezamu ($5.30 in chips) 
Seat 8: 1jorik1 ($1.58 in chips) 
Seat 9: Dimkar101 ($0.10 in chips) 
Il0vebear: posts small blind $0.01
adilson255: posts big blind $0.02
*** HOLE CARDS ***
Dealt to Dorex2007 [9h Ts]
WeNaSo_07: folds 
Dorex2007: folds 
Iezamu: folds 
1jorik1: folds 
Dimkar101: folds 
BrenoVns: raises $0.04 to $0.06
Il0vebear: folds 
adilson255: calls $0.04
*** FLOP *** [Kc 5c 6h]
adilson255: checks 
BrenoVns: bets $0.08
adilson255: folds 
Uncalled bet ($0.08) returned to BrenoVns
BrenoVns collected $0.13 from pot
BrenoVns: doesn't show hand 
*** SUMMARY ***
Total pot $0.13 | Rake $0 
Board [Kc 5c 6h]
Seat 1: BrenoVns (button) collected ($0.13)
Seat 2: Il0vebear (small blind) folded before Flop
Seat 3: adilson255 (big blind) folded on the Flop
Seat 4: WeNaSo_07 folded before Flop (didn't bet)
Seat 6: Dorex2007 folded before Flop (didn't bet)
Seat 7: Iezamu folded before Flop (didn't bet)
Seat 8: 1jorik1 folded before Flop (didn't bet)
Seat 9: Dimkar101 folded before Flop (didn't bet)



PokerStars Hand #238032923237:  Hold'em No Limit ($0.01/$0.02 USD) - 2022/08/16 14:28:18 PT [2022/08/16 17:28:18 ET]
Table 'Hela III' 9-max Seat #2 is the button
Seat 1: BrenoVns ($3 in chips) 
Seat 2: Il0vebear ($2 in chips) 
Seat 3: adilson255 ($2.90 in chips) 
Seat 4: WeNaSo_07 ($2 in chips) 
Seat 6: Dorex2007 ($2.39 in chips) 
Seat 7: Iezamu ($5.30 in chips) 
Seat 8: 1jorik1 ($1.58 in chips) 
Seat 9: Dimkar101 ($0.10 in chips) 
adilson255: posts small blind $0.01
WeNaSo_07: posts big blind $0.02
*** HOLE CARDS ***
Dealt to Dorex2007 [6c 9c]
Dorex2007: folds 
Iezamu: folds 
1jorik1: calls $0.02
Dimkar101: folds 
BrenoVns: folds 
Il0vebear: folds 
adilson255: calls $0.01
WeNaSo_07: checks 
*** FLOP *** [6s 6h 2d]
adilson255: bets $0.02
WeNaSo_07: folds 
1jorik1: calls $0.02
*** TURN *** [6s 6h 2d] [2s]
adilson255: bets $0.02
1jorik1: calls $0.02
*** RIVER *** [6s 6h 2d 2s] [Jh]
adilson255: bets $0.02
1jorik1: raises $0.12 to $0.14
adilson255: folds 
Uncalled bet ($0.12) returned to 1jorik1
1jorik1 collected $0.17 from pot
1jorik1: doesn't show hand 
*** SUMMARY ***
Total pot $0.18 | Rake $0.01 
Board [6s 6h 2d 2s Jh]
Seat 1: BrenoVns folded before Flop (didn't bet)
Seat 2: Il0vebear (button) folded before Flop (didn't bet)
Seat 3: adilson255 (small blind) folded on the River
Seat 4: WeNaSo_07 (big blind) folded on the Flop
Seat 6: Dorex2007 folded before Flop (didn't bet)
Seat 7: Iezamu folded before Flop (didn't bet)
Seat 8: 1jorik1 collected ($0.17)
Seat 9: Dimkar101 folded before Flop (didn't bet)



PokerStars Hand #238032953199:  Hold'em No Limit ($0.01/$0.02 USD) - 2022/08/16 14:29:41 PT [2022/08/16 17:29:41 ET]
Table 'Hela III' 9-max Seat #3 is the button
Seat 1: BrenoVns ($3 in chips) 
Seat 2: Il0vebear ($2 in chips) 
Seat 3: adilson255 ($2.82 in chips) 
Seat 4: WeNaSo_07 ($2 in chips) 
Seat 6: Dorex2007 ($2.39 in chips) 
Seat 7: Iezamu ($5.30 in chips) 
Seat 8: 1jorik1 ($1.67 in chips) 
Seat 9: Dimkar101 ($0.10 in chips) 
WeNaSo_07: posts small blind $0.01
Dorex2007: posts big blind $0.02
*** HOLE CARDS ***
Dealt to Dorex2007 [8h 5c]
Iezamu: folds 
1jorik1 has timed out
1jorik1: folds 
Dimkar101: folds 
BrenoVns: folds 
Il0vebear: folds 
adilson255: calls $0.02
WeNaSo_07: folds 
Dorex2007: checks 
*** FLOP *** [9c 5d Qs]
Dorex2007: checks 
adilson255: bets $0.02
Dorex2007: calls $0.02
*** TURN *** [9c 5d Qs] [2s]
Dorex2007: checks 
adilson255: bets $0.09
Dorex2007: folds 
Uncalled bet ($0.09) returned to adilson255
adilson255 collected $0.09 from pot
adilson255: doesn't show hand 
*** SUMMARY ***
Total pot $0.09 | Rake $0 
Board [9c 5d Qs 2s]
Seat 1: BrenoVns folded before Flop (didn't bet)
Seat 2: Il0vebear folded before Flop (didn't bet)
Seat 3: adilson255 (button) collected ($0.09)
Seat 4: WeNaSo_07 (small blind) folded before Flop
Seat 6: Dorex2007 (big blind) folded on the Turn
Seat 7: Iezamu folded before Flop (didn't bet)
Seat 8: 1jorik1 folded before Flop (didn't bet)
Seat 9: Dimkar101 folded before Flop (didn't bet)



PokerStars Hand #238032975503:  Hold'em No Limit ($0.01/$0.02 USD) - 2022/08/16 14:30:43 PT [2022/08/16 17:30:43 ET]
Table 'Hela III' 9-max Seat #4 is the button
Seat 1: BrenoVns ($3 in chips) 
Seat 2: Il0vebear ($2 in chips) 
Seat 3: adilson255 ($2.87 in chips) 
Seat 4: WeNaSo_07 ($2 in chips) 
Seat 6: Dorex2007 ($2.35 in chips) 
Seat 7: Iezamu ($5.30 in chips) 
Seat 8: 1jorik1 ($1.67 in chips) 
Seat 9: Dimkar101 ($0.10 in chips) 
Dorex2007: posts small blind $0.01
Iezamu: posts big blind $0.02
*** HOLE CARDS ***
Dealt to Dorex2007 [8h 8d]
1jorik1: folds 
Dimkar101: folds 
BrenoVns: folds 
Il0vebear: folds 
adilson255: folds 
WeNaSo_07: folds 
Dorex2007: raises $0.04 to $0.06
Iezamu: folds 
Uncalled bet ($0.04) returned to Dorex2007
Dorex2007 collected $0.04 from pot
Dorex2007: doesn't show hand 
*** SUMMARY ***
Total pot $0.04 | Rake $0 
Seat 1: BrenoVns folded before Flop (didn't bet)
Seat 2: Il0vebear folded before Flop (didn't bet)
Seat 3: adilson255 folded before Flop (didn't bet)
Seat 4: WeNaSo_07 (button) folded before Flop (didn't bet)
Seat 6: Dorex2007 (small blind) collected ($0.04)
Seat 7: Iezamu (big blind) folded before Flop
Seat 8: 1jorik1 folded before Flop (didn't bet)
Seat 9: Dimkar101 folded before Flop (didn't bet)



PokerStars Hand #238032984043:  Hold'em No Limit ($0.01/$0.02 USD) - 2022/08/16 14:31:06 PT [2022/08/16 17:31:06 ET]
Table 'Hela III' 9-max Seat #6 is the button
Seat 1: BrenoVns ($3 in chips) 
Seat 2: Il0vebear ($2 in chips) 
Seat 3: adilson255 ($2.87 in chips) 
Seat 4: WeNaSo_07 ($2 in chips) 
Seat 6: Dorex2007 ($2.37 in chips) 
Seat 7: Iezamu ($5.28 in chips) 
Seat 8: 1jorik1 ($1.67 in chips) 
Seat 9: Dimkar101 ($0.10 in chips) 
Iezamu: posts small blind $0.01
1jorik1: posts big blind $0.02
*** HOLE CARDS ***
Dealt to Dorex2007 [Ts 9d]
Dimkar101 has timed out
Dimkar101: folds 
BrenoVns: folds 
Il0vebear: folds 
adilson255: folds 
WeNaSo_07: raises $0.04 to $0.06
Dorex2007: folds 
Iezamu: folds 
1jorik1: folds 
Uncalled bet ($0.04) returned to WeNaSo_07
WeNaSo_07 collected $0.05 from pot
WeNaSo_07: doesn't show hand 
*** SUMMARY ***
Total pot $0.05 | Rake $0 
Seat 1: BrenoVns folded before Flop (didn't bet)
Seat 2: Il0vebear folded before Flop (didn't bet)
Seat 3: adilson255 folded before Flop (didn't bet)
Seat 4: WeNaSo_07 collected ($0.05)
Seat 6: Dorex2007 (button) folded before Flop (didn't bet)
Seat 7: Iezamu (small blind) folded before Flop
Seat 8: 1jorik1 (big blind) folded before Flop
Seat 9: Dimkar101 folded before Flop (didn't bet)



PokerStars Hand #238032993872:  Hold'em No Limit ($0.01/$0.02 USD) - 2022/08/16 14:31:33 PT [2022/08/16 17:31:33 ET]
Table 'Hela III' 9-max Seat #7 is the button
Seat 1: BrenoVns ($3 in chips) 
Seat 2: Il0vebear ($2 in chips) 
Seat 3: adilson255 ($2.87 in chips) 
Seat 4: WeNaSo_07 ($2.03 in chips) 
Seat 6: Dorex2007 ($2.37 in chips) 
Seat 7: Iezamu ($5.27 in chips) 
Seat 8: 1jorik1 ($1.65 in chips) 
1jorik1: posts small blind $0.01
BrenoVns: posts big blind $0.02
*** HOLE CARDS ***
Dealt to Dorex2007 [Qs 8h]
Il0vebear: folds 
adilson255: folds 
WeNaSo_07: folds 
Dorex2007: folds 
Iezamu: calls $0.02
1jorik1: folds 
BrenoVns: checks 
*** FLOP *** [Ac Qd Jd]
Dimkar101 is disconnected 
BrenoVns: checks 
Iezamu: bets $0.05
BrenoVns: folds 
Uncalled bet ($0.05) returned to Iezamu
Iezamu collected $0.05 from pot
*** SUMMARY ***
Total pot $0.05 | Rake $0 
Board [Ac Qd Jd]
Seat 1: BrenoVns (big blind) folded on the Flop
Seat 2: Il0vebear folded before Flop (didn't bet)
Seat 3: adilson255 folded before Flop (didn't bet)
Seat 4: WeNaSo_07 folded before Flop (didn't bet)
Seat 6: Dorex2007 folded before Flop (didn't bet)
Seat 7: Iezamu (button) collected ($0.05)
Seat 8: 1jorik1 (small blind) folded before Flop



PokerStars Hand #238033001958:  Hold'em No Limit ($0.01/$0.02 USD) - 2022/08/16 14:31:55 PT [2022/08/16 17:31:55 ET]
Table 'Hela III' 9-max Seat #8 is the button
Seat 1: BrenoVns ($2.98 in chips) 
Seat 2: Il0vebear ($2 in chips) 
Seat 3: adilson255 ($2.87 in chips) 
Seat 4: WeNaSo_07 ($2.03 in chips) 
Seat 6: Dorex2007 ($2.37 in chips) 
Seat 7: Iezamu ($5.30 in chips) 
Seat 8: 1jorik1 ($1.64 in chips) 
BrenoVns: posts small blind $0.01
Il0vebear: posts big blind $0.02
*** HOLE CARDS ***
Dealt to Dorex2007 [6h 5s]
adilson255: folds 
WeNaSo_07: folds 
Dorex2007: folds 
Iezamu: raises $0.04 to $0.06
1jorik1: folds 
BrenoVns: folds 
Il0vebear: calls $0.04
*** FLOP *** [7c 5c 3c]
Il0vebear: checks 
Iezamu: checks 
*** TURN *** [7c 5c 3c] [Ad]
Il0vebear: checks 
Iezamu: bets $0.13
Il0vebear: folds 
Uncalled bet ($0.13) returned to Iezamu
Iezamu collected $0.13 from pot
*** SUMMARY ***
Total pot $0.13 | Rake $0 
Board [7c 5c 3c Ad]
Seat 1: BrenoVns (small blind) folded before Flop
Seat 2: Il0vebear (big blind) folded on the Turn
Seat 3: adilson255 folded before Flop (didn't bet)
Seat 4: WeNaSo_07 folded before Flop (didn't bet)
Seat 6: Dorex2007 folded before Flop (didn't bet)
Seat 7: Iezamu collected ($0.13)
Seat 8: 1jorik1 (button) folded before Flop (didn't bet)



PokerStars Hand #238033023092:  Hold'em No Limit ($0.01/$0.02 USD) - 2022/08/16 14:32:28 PT [2022/08/16 17:32:28 ET]
Table 'Hela III' 9-max Seat #1 is the button
Seat 1: BrenoVns ($2.97 in chips) 
Seat 2: Il0vebear ($2 in chips) 
Seat 3: adilson255 ($2.87 in chips) 
Seat 4: WeNaSo_07 ($2.03 in chips) 
Seat 6: Dorex2007 ($2.37 in chips) 
Seat 7: Iezamu ($5.37 in chips) 
Seat 8: 1jorik1 ($1.64 in chips) 
Il0vebear: posts small blind $0.01
adilson255: posts big blind $0.02
*** HOLE CARDS ***
Dealt to Dorex2007 [5c 7h]
WeNaSo_07: folds 
Dorex2007: folds 
Iezamu: folds 
1jorik1: folds 
BrenoVns: folds 
Il0vebear: folds 
Uncalled bet ($0.01) returned to adilson255
adilson255 collected $0.02 from pot
adilson255: doesn't show hand 
*** SUMMARY ***
Total pot $0.02 | Rake $0 
Seat 1: BrenoVns (button) folded before Flop (didn't bet)
Seat 2: Il0vebear (small blind) folded before Flop
Seat 3: adilson255 (big blind) collected ($0.02)
Seat 4: WeNaSo_07 folded before Flop (didn't bet)
Seat 6: Dorex2007 folded before Flop (didn't bet)
Seat 7: Iezamu folded before Flop (didn't bet)
Seat 8: 1jorik1 folded before Flop (didn't bet)



PokerStars Hand #238033028283:  Hold'em No Limit ($0.01/$0.02 USD) - 2022/08/16 14:32:42 PT [2022/08/16 17:32:42 ET]
Table 'Hela III' 9-max Seat #2 is the button
Seat 1: BrenoVns ($2.97 in chips) 
Seat 2: Il0vebear ($2 in chips) 
Seat 3: adilson255 ($2.88 in chips) 
Seat 4: WeNaSo_07 ($2.03 in chips) 
Seat 6: Dorex2007 ($2.37 in chips) 
Seat 7: Iezamu ($5.37 in chips) 
Seat 8: 1jorik1 ($1.64 in chips) 
adilson255: posts small blind $0.01
WeNaSo_07: posts big blind $0.02
*** HOLE CARDS ***
Dealt to Dorex2007 [3c Ks]
Dorex2007: folds 
Iezamu: folds 
1jorik1: folds 
BrenoVns: folds 
Il0vebear: raises $0.03 to $0.05
adilson255: calls $0.04
WeNaSo_07: calls $0.03
*** FLOP *** [Kd Ts Jd]
adilson255: bets $0.07
WeNaSo_07: folds 
Il0vebear: folds 
Uncalled bet ($0.07) returned to adilson255
adilson255 collected $0.14 from pot
adilson255: doesn't show hand 
*** SUMMARY ***
Total pot $0.15 | Rake $0.01 
Board [Kd Ts Jd]
Seat 1: BrenoVns folded before Flop (didn't bet)
Seat 2: Il0vebear (button) folded on the Flop
Seat 3: adilson255 (small blind) collected ($0.14)
Seat 4: WeNaSo_07 (big blind) folded on the Flop
Seat 6: Dorex2007 folded before Flop (didn't bet)
Seat 7: Iezamu folded before Flop (didn't bet)
Seat 8: 1jorik1 folded before Flop (didn't bet)



PokerStars Hand #238033045387:  Hold'em No Limit ($0.01/$0.02 USD) - 2022/08/16 14:33:29 PT [2022/08/16 17:33:29 ET]
Table 'Hela III' 9-max Seat #3 is the button
Seat 1: BrenoVns ($2.97 in chips) 
Seat 2: Il0vebear ($2 in chips) 
Seat 3: adilson255 ($2.97 in chips) 
Seat 4: WeNaSo_07 ($2 in chips) 
Seat 6: Dorex2007 ($2.37 in chips) 
Seat 7: Iezamu ($5.37 in chips) 
Seat 8: 1jorik1 ($1.64 in chips) 
WeNaSo_07: posts small blind $0.01
Dorex2007: posts big blind $0.02
*** HOLE CARDS ***
Dealt to Dorex2007 [5d Jh]
Iezamu: folds 
1jorik1: folds 
BrenoVns: folds 
Il0vebear: folds 
adilson255: calls $0.02
WeNaSo_07: folds 
Dorex2007: checks 
*** FLOP *** [Ah 9c As]
Dorex2007: checks 
adilson255: bets $0.05
Dorex2007: folds 
Uncalled bet ($0.05) returned to adilson255
adilson255 collected $0.05 from pot
adilson255: doesn't show hand 
*** SUMMARY ***
Total pot $0.05 | Rake $0 
Board [Ah 9c As]
Seat 1: BrenoVns folded before Flop (didn't bet)
Seat 2: Il0vebear folded before Flop (didn't bet)
Seat 3: adilson255 (button) collected ($0.05)
Seat 4: WeNaSo_07 (small blind) folded before Flop
Seat 6: Dorex2007 (big blind) folded on the Flop
Seat 7: Iezamu folded before Flop (didn't bet)
Seat 8: 1jorik1 folded before Flop (didn't bet)



PokerStars Hand #238033060612:  Hold'em No Limit ($0.01/$0.02 USD) - 2022/08/16 14:34:10 PT [2022/08/16 17:34:10 ET]
Table 'Hela III' 9-max Seat #4 is the button
Seat 1: BrenoVns ($2.97 in chips) 
Seat 2: Il0vebear ($2 in chips) 
Seat 3: adilson255 ($3 in chips) 
Seat 4: WeNaSo_07 ($2 in chips) 
Seat 6: Dorex2007 ($2.35 in chips) 
Seat 7: Iezamu ($5.37 in chips) 
Seat 8: 1jorik1 ($1.64 in chips) 
Dorex2007: posts small blind $0.01
Iezamu: posts big blind $0.02
*** HOLE CARDS ***
Dealt to Dorex2007 [3c 7h]
1jorik1: folds 
BrenoVns: folds 
Il0vebear: folds 
adilson255: folds 
WeNaSo_07: folds 
Dorex2007: folds 
Uncalled bet ($0.01) returned to Iezamu
Iezamu collected $0.02 from pot
*** SUMMARY ***
Total pot $0.02 | Rake $0 
Seat 1: BrenoVns folded before Flop (didn't bet)
Seat 2: Il0vebear folded before Flop (didn't bet)
Seat 3: adilson255 folded before Flop (didn't bet)
Seat 4: WeNaSo_07 (button) folded before Flop (didn't bet)
Seat 6: Dorex2007 (small blind) folded before Flop
Seat 7: Iezamu (big blind) collected ($0.02)
Seat 8: 1jorik1 folded before Flop (didn't bet)



PokerStars Hand #238033065620:  Hold'em No Limit ($0.01/$0.02 USD) - 2022/08/16 14:34:24 PT [2022/08/16 17:34:24 ET]
Table 'Hela III' 9-max Seat #6 is the button
Seat 1: BrenoVns ($2.97 in chips) 
Seat 2: Il0vebear ($2 in chips) 
Seat 3: adilson255 ($3 in chips) 
Seat 4: WeNaSo_07 ($2 in chips) 
Seat 6: Dorex2007 ($2.34 in chips) 
Seat 7: Iezamu ($5.38 in chips) 
Seat 8: 1jorik1 ($1.64 in chips) 
Iezamu: posts small blind $0.01
1jorik1: posts big blind $0.02
*** HOLE CARDS ***
Dealt to Dorex2007 [5c 9h]
BrenoVns has timed out
BrenoVns: folds 
Il0vebear: folds 
adilson255: calls $0.02
WeNaSo_07: folds 
Dorex2007: folds 
Iezamu: calls $0.01
1jorik1: checks 
*** FLOP *** [7h Jh Jd]
Iezamu: checks 
1jorik1: checks 
adilson255: bets $0.02
Iezamu: folds 
1jorik1: calls $0.02
*** TURN *** [7h Jh Jd] [8d]
1jorik1: checks 
adilson255: checks 
*** RIVER *** [7h Jh Jd 8d] [3d]
1jorik1: bets $0.05
adilson255: calls $0.05
*** SHOW DOWN ***
1jorik1: shows [8h 9s] (two pair, Jacks and Eights)
adilson255: mucks hand 
1jorik1 collected $0.19 from pot
*** SUMMARY ***
Total pot $0.20 | Rake $0.01 
Board [7h Jh Jd 8d 3d]
Seat 1: BrenoVns folded before Flop (didn't bet)
Seat 2: Il0vebear folded before Flop (didn't bet)
Seat 3: adilson255 mucked [6s 6h]
Seat 4: WeNaSo_07 folded before Flop (didn't bet)
Seat 6: Dorex2007 (button) folded before Flop (didn't bet)
Seat 7: Iezamu (small blind) folded on the Flop
Seat 8: 1jorik1 (big blind) showed [8h 9s] and won ($0.19) with two pair, Jacks and Eights



PokerStars Hand #238033099485:  Hold'em No Limit ($0.01/$0.02 USD) - 2022/08/16 14:35:57 PT [2022/08/16 17:35:57 ET]
Table 'Hela III' 9-max Seat #7 is the button
Seat 1: BrenoVns ($2.97 in chips) 
Seat 2: Il0vebear ($2 in chips) 
Seat 3: adilson255 ($2.91 in chips) 
Seat 4: WeNaSo_07 ($2 in chips) 
Seat 6: Dorex2007 ($2.34 in chips) 
Seat 7: Iezamu ($5.36 in chips) 
Seat 8: 1jorik1 ($1.74 in chips) 
1jorik1: posts small blind $0.01
BrenoVns: posts big blind $0.02
*** HOLE CARDS ***
Dealt to Dorex2007 [9h 6d]
Il0vebear: folds 
adilson255: folds 
WeNaSo_07: folds 
Dorex2007: folds 
Iezamu: folds 
Il0vebear leaves the table
1jorik1: folds 
Uncalled bet ($0.01) returned to BrenoVns
BrenoVns collected $0.02 from pot
BrenoVns: doesn't show hand 
westy2kuk leaves the table
*** SUMMARY ***
Total pot $0.02 | Rake $0 
Seat 1: BrenoVns (big blind) collected ($0.02)
Seat 2: Il0vebear folded before Flop (didn't bet)
Seat 3: adilson255 folded before Flop (didn't bet)
Seat 4: WeNaSo_07 folded before Flop (didn't bet)
Seat 6: Dorex2007 folded before Flop (didn't bet)
Seat 7: Iezamu (button) folded before Flop (didn't bet)
Seat 8: 1jorik1 (small blind) folded before Flop



PokerStars Hand #238033103412:  Hold'em No Limit ($0.01/$0.02 USD) - 2022/08/16 14:36:08 PT [2022/08/16 17:36:08 ET]
Table 'Hela III' 9-max Seat #8 is the button
Seat 1: BrenoVns ($2.98 in chips) 
Seat 3: adilson255 ($2.91 in chips) 
Seat 4: WeNaSo_07 ($2 in chips) 
Seat 6: Dorex2007 ($2.34 in chips) 
Seat 7: Iezamu ($5.36 in chips) 
Seat 8: 1jorik1 ($1.73 in chips) 
BrenoVns: posts small blind $0.01
adilson255: posts big blind $0.02
*** HOLE CARDS ***
Dealt to Dorex2007 [5h 3d]
WeNaSo_07: raises $0.04 to $0.06
Dorex2007: folds 
Iezamu: calls $0.06
ard1tm joins the table at seat #2 
1jorik1: folds 
BrenoVns: folds 
adilson255: calls $0.04
*** FLOP *** [9h Qc 5d]
adilson255: checks 
WeNaSo_07: bets $0.09
Iezamu: folds 
adilson255: folds 
Uncalled bet ($0.09) returned to WeNaSo_07
WeNaSo_07 collected $0.18 from pot
WeNaSo_07: doesn't show hand 
*** SUMMARY ***
Total pot $0.19 | Rake $0.01 
Board [9h Qc 5d]
Seat 1: BrenoVns (small blind) folded before Flop
Seat 3: adilson255 (big blind) folded on the Flop
Seat 4: WeNaSo_07 collected ($0.18)
Seat 6: Dorex2007 folded before Flop (didn't bet)
Seat 7: Iezamu folded on the Flop
Seat 8: 1jorik1 (button) folded before Flop (didn't bet)



PokerStars Hand #238033115246:  Hold'em No Limit ($0.01/$0.02 USD) - 2022/08/16 14:36:41 PT [2022/08/16 17:36:41 ET]
Table 'Hela III' 9-max Seat #1 is the button
Seat 1: BrenoVns ($2.97 in chips) 
Seat 3: adilson255 ($2.85 in chips) 
Seat 4: WeNaSo_07 ($2.12 in chips) 
Seat 6: Dorex2007 ($2.34 in chips) 
Seat 7: Iezamu ($5.30 in chips) 
Seat 8: 1jorik1 ($1.73 in chips) 
adilson255: posts small blind $0.01
WeNaSo_07: posts big blind $0.02
*** HOLE CARDS ***
Dealt to Dorex2007 [5d 2c]
Sr.Benitez448 joins the table at seat #5 
Dorex2007: folds 
Iezamu: folds 
1jorik1: raises $0.04 to $0.06
BrenoVns: calls $0.06
adilson255: calls $0.05
WeNaSo_07: folds 
*** FLOP *** [Qh 3c 4d]
adilson255: bets $0.02
1jorik1: calls $0.02
BrenoVns: calls $0.02
*** TURN *** [Qh 3c 4d] [7s]
adilson255: checks 
1jorik1: checks 
BrenoVns: checks 
*** RIVER *** [Qh 3c 4d 7s] [7d]
adilson255: checks 
1jorik1: checks 
BrenoVns: bets $0.18
adilson255: folds 
1jorik1: folds 
Uncalled bet ($0.18) returned to BrenoVns
BrenoVns collected $0.25 from pot
BrenoVns: doesn't show hand 
*** SUMMARY ***
Total pot $0.26 | Rake $0.01 
Board [Qh 3c 4d 7s 7d]
Seat 1: BrenoVns (button) collected ($0.25)
Seat 3: adilson255 (small blind) folded on the River
Seat 4: WeNaSo_07 (big blind) folded before Flop
Seat 6: Dorex2007 folded before Flop (didn't bet)
Seat 7: Iezamu folded before Flop (didn't bet)
Seat 8: 1jorik1 folded on the River



PokerStars Hand #238033142002:  Hold'em No Limit ($0.01/$0.02 USD) - 2022/08/16 14:37:55 PT [2022/08/16 17:37:55 ET]
Table 'Hela III' 9-max Seat #3 is the button
Seat 1: BrenoVns ($3.14 in chips) 
Seat 3: adilson255 ($2.77 in chips) 
Seat 4: WeNaSo_07 ($2.10 in chips) 
Seat 5: Sr.Benitez448 ($1.47 in chips) 
Seat 6: Dorex2007 ($2.34 in chips) 
Seat 7: Iezamu ($5.30 in chips) 
Seat 8: 1jorik1 ($1.65 in chips) 
WeNaSo_07: posts small blind $0.01
Sr.Benitez448: posts big blind $0.02
ard1tm: sits out 
*** HOLE CARDS ***
Dealt to Dorex2007 [Ac 8s]
Dorex2007: folds 
Iezamu: calls $0.02
1jorik1: folds 
BrenoVns: folds 
adilson255: calls $0.02
WeNaSo_07: calls $0.01
Sr.Benitez448: checks 
*** FLOP *** [Td Ts 8c]
WeNaSo_07: checks 
Sr.Benitez448: checks 
Iezamu: checks 
adilson255: checks 
*** TURN *** [Td Ts 8c] [6c]
WeNaSo_07: checks 
Sr.Benitez448: checks 
Iezamu: bets $0.04
adilson255: folds 
WeNaSo_07: folds 
Sr.Benitez448: folds 
Uncalled bet ($0.04) returned to Iezamu
Iezamu collected $0.08 from pot
*** SUMMARY ***
Total pot $0.08 | Rake $0 
Board [Td Ts 8c 6c]
Seat 1: BrenoVns folded before Flop (didn't bet)
Seat 3: adilson255 (button) folded on the Turn
Seat 4: WeNaSo_07 (small blind) folded on the Turn
Seat 5: Sr.Benitez448 (big blind) folded on the Turn
Seat 6: Dorex2007 folded before Flop (didn't bet)
Seat 7: Iezamu collected ($0.08)
Seat 8: 1jorik1 folded before Flop (didn't bet)



PokerStars Hand #238033159057:  Hold'em No Limit ($0.01/$0.02 USD) - 2022/08/16 14:38:43 PT [2022/08/16 17:38:43 ET]
Table 'Hela III' 9-max Seat #4 is the button
Seat 1: BrenoVns ($3.14 in chips) 
Seat 3: adilson255 ($2.75 in chips) 
Seat 4: WeNaSo_07 ($2.08 in chips) 
Seat 5: Sr.Benitez448 ($1.45 in chips) 
Seat 6: Dorex2007 ($2.34 in chips) 
Seat 7: Iezamu ($5.36 in chips) 
Seat 8: 1jorik1 ($1.65 in chips) 
Sr.Benitez448: posts small blind $0.01
Dorex2007: posts big blind $0.02
ard1tm: sits out 
*** HOLE CARDS ***
Dealt to Dorex2007 [8s 6d]
Iezamu: folds 
1jorik1: folds 
BrenoVns: folds 
adilson255: calls $0.02
WeNaSo_07: folds 
Sr.Benitez448: calls $0.01
Dorex2007: checks 
*** FLOP *** [7h Ad 5c]
Sr.Benitez448: checks 
Dorex2007: checks 
adilson255: checks 
*** TURN *** [7h Ad 5c] [7c]
Sr.Benitez448: checks 
Dorex2007: checks 
adilson255: bets $0.02
Sr.Benitez448: folds 
Dorex2007: calls $0.02
*** RIVER *** [7h Ad 5c 7c] [Qc]
Dorex2007: checks 
adilson255: checks 
*** SHOW DOWN ***
Dorex2007: shows [8s 6d] (a pair of Sevens)
adilson255: shows [Js Ts] (a pair of Sevens - Ace+Queen+Jack kicker)
adilson255 collected $0.10 from pot
*** SUMMARY ***
Total pot $0.10 | Rake $0 
Board [7h Ad 5c 7c Qc]
Seat 1: BrenoVns folded before Flop (didn't bet)
Seat 3: adilson255 showed [Js Ts] and won ($0.10) with a pair of Sevens
Seat 4: WeNaSo_07 (button) folded before Flop (didn't bet)
Seat 5: Sr.Benitez448 (small blind) folded on the Turn
Seat 6: Dorex2007 (big blind) showed [8s 6d] and lost with a pair of Sevens
Seat 7: Iezamu folded before Flop (didn't bet)
Seat 8: 1jorik1 folded before Flop (didn't bet)



PokerStars Hand #238033179593:  Hold'em No Limit ($0.01/$0.02 USD) - 2022/08/16 14:39:40 PT [2022/08/16 17:39:40 ET]
Table 'Hela III' 9-max Seat #5 is the button
Seat 1: BrenoVns ($3.14 in chips) 
Seat 3: adilson255 ($2.81 in chips) 
Seat 4: WeNaSo_07 ($2.08 in chips) 
Seat 5: Sr.Benitez448 ($1.43 in chips) 
Seat 6: Dorex2007 ($2.30 in chips) 
Seat 7: Iezamu ($5.36 in chips) 
Seat 8: 1jorik1 ($1.65 in chips) 
Dorex2007: posts small blind $0.01
Iezamu: posts big blind $0.02
ard1tm: sits out 
*** HOLE CARDS ***
Dealt to Dorex2007 [Qc 2c]
1jorik1: calls $0.02
BrenoVns: folds 
adilson255: calls $0.02
WeNaSo_07: calls $0.02
Sr.Benitez448: folds 
Dorex2007: folds 
Iezamu: checks 
*** FLOP *** [Js Ac 3s]
Iezamu: checks 
1jorik1: checks 
adilson255: checks 
WeNaSo_07: bets $0.03
Iezamu: folds 
1jorik1: calls $0.03
adilson255: folds 
*** TURN *** [Js Ac 3s] [5c]
1jorik1: bets $0.07
WeNaSo_07: calls $0.07
*** RIVER *** [Js Ac 3s 5c] [2s]
1jorik1: bets $0.28
WeNaSo_07: raises $1.68 to $1.96 and is all-in
1jorik1: folds 
Uncalled bet ($1.68) returned to WeNaSo_07
WeNaSo_07 collected $0.82 from pot
WeNaSo_07: doesn't show hand 
*** SUMMARY ***
Total pot $0.85 | Rake $0.03 
Board [Js Ac 3s 5c 2s]
Seat 1: BrenoVns folded before Flop (didn't bet)
Seat 3: adilson255 folded on the Flop
Seat 4: WeNaSo_07 collected ($0.82)
Seat 5: Sr.Benitez448 (button) folded before Flop (didn't bet)
Seat 6: Dorex2007 (small blind) folded before Flop
Seat 7: Iezamu (big blind) folded on the Flop
Seat 8: 1jorik1 folded on the River



PokerStars Hand #238033217625:  Hold'em No Limit ($0.01/$0.02 USD) - 2022/08/16 14:41:25 PT [2022/08/16 17:41:25 ET]
Table 'Hela III' 9-max Seat #6 is the button
Seat 1: BrenoVns ($3.14 in chips) 
Seat 3: adilson255 ($2.79 in chips) 
Seat 4: WeNaSo_07 ($2.50 in chips) 
Seat 5: Sr.Benitez448 ($1.43 in chips) 
Seat 6: Dorex2007 ($2.29 in chips) 
Seat 7: Iezamu ($5.34 in chips) 
Seat 8: 1jorik1 ($1.25 in chips) 
Iezamu: posts small blind $0.01
1jorik1: posts big blind $0.02
ard1tm: sits out 
*** HOLE CARDS ***
Dealt to Dorex2007 [Tc 3c]
BrenoVns: folds 
adilson255: calls $0.02
WeNaSo_07: folds 
Sr.Benitez448: folds 
Dorex2007: folds 
Iezamu: calls $0.01
Dimkar101 leaves the table
1jorik1: raises $0.04 to $0.06
adilson255: calls $0.04
Iezamu: folds 
*** FLOP *** [As 3h 3s]
realmadrid18win joins the table at seat #9 
1jorik1: bets $0.07
adilson255: calls $0.07
*** TURN *** [As 3h 3s] [4c]
1jorik1: bets $0.13
adilson255: calls $0.13
*** RIVER *** [As 3h 3s 4c] [5c]
1jorik1: checks 
adilson255: bets $0.52
1jorik1: calls $0.52
*** SHOW DOWN ***
adilson255: shows [6s Ad] (two pair, Aces and Threes)
1jorik1: shows [Ah Kc] (two pair, Aces and Threes - King kicker)
1jorik1 collected $1.52 from pot
*** SUMMARY ***
Total pot $1.58 | Rake $0.06 
Board [As 3h 3s 4c 5c]
Seat 1: BrenoVns folded before Flop (didn't bet)
Seat 3: adilson255 showed [6s Ad] and lost with two pair, Aces and Threes
Seat 4: WeNaSo_07 folded before Flop (didn't bet)
Seat 5: Sr.Benitez448 folded before Flop (didn't bet)
Seat 6: Dorex2007 (button) folded before Flop (didn't bet)
Seat 7: Iezamu (small blind) folded before Flop
Seat 8: 1jorik1 (big blind) showed [Ah Kc] and won ($1.52) with two pair, Aces and Threes



PokerStars Hand #238033243008:  Hold'em No Limit ($0.01/$0.02 USD) - 2022/08/16 14:42:36 PT [2022/08/16 17:42:36 ET]
Table 'Hela III' 9-max Seat #7 is the button
Seat 1: BrenoVns ($3.14 in chips) 
Seat 3: adilson255 ($2.01 in chips) 
Seat 4: WeNaSo_07 ($2.50 in chips) 
Seat 5: Sr.Benitez448 ($1.43 in chips) 
Seat 6: Dorex2007 ($2.29 in chips) 
Seat 7: Iezamu ($5.32 in chips) 
Seat 8: 1jorik1 ($1.99 in chips) 
Seat 9: realmadrid18win ($0.80 in chips) 
1jorik1: posts small blind $0.01
realmadrid18win: posts big blind $0.02
ard1tm: sits out 
*** HOLE CARDS ***
Dealt to Dorex2007 [8d Ah]
BrenoVns: folds 
adilson255: folds 
WeNaSo_07: folds 
Sr.Benitez448: folds 
Dorex2007: folds 
Iezamu: calls $0.02
1jorik1: folds 
realmadrid18win: checks 
*** FLOP *** [2h 3h 6d]
realmadrid18win: checks 
Iezamu: bets $0.05
realmadrid18win: folds 
Uncalled bet ($0.05) returned to Iezamu
Iezamu collected $0.05 from pot
*** SUMMARY ***
Total pot $0.05 | Rake $0 
Board [2h 3h 6d]
Seat 1: BrenoVns folded before Flop (didn't bet)
Seat 3: adilson255 folded before Flop (didn't bet)
Seat 4: WeNaSo_07 folded before Flop (didn't bet)
Seat 5: Sr.Benitez448 folded before Flop (didn't bet)
Seat 6: Dorex2007 folded before Flop (didn't bet)
Seat 7: Iezamu (button) collected ($0.05)
Seat 8: 1jorik1 (small blind) folded before Flop
Seat 9: realmadrid18win (big blind) folded on the Flop



PokerStars Hand #238033253598:  Hold'em No Limit ($0.01/$0.02 USD) - 2022/08/16 14:43:06 PT [2022/08/16 17:43:06 ET]
Table 'Hela III' 9-max Seat #8 is the button
Seat 1: BrenoVns ($3.14 in chips) 
Seat 3: adilson255 ($2.01 in chips) 
Seat 4: WeNaSo_07 ($2.50 in chips) 
Seat 5: Sr.Benitez448 ($1.43 in chips) 
Seat 6: Dorex2007 ($2.29 in chips) 
Seat 7: Iezamu ($5.35 in chips) 
Seat 8: 1jorik1 ($1.98 in chips) 
Seat 9: realmadrid18win ($0.78 in chips) 
realmadrid18win: posts small blind $0.01
BrenoVns: posts big blind $0.02
ard1tm: sits out 
*** HOLE CARDS ***
Dealt to Dorex2007 [4d 8c]
adilson255: calls $0.02
WeNaSo_07: folds 
Sr.Benitez448: calls $0.02
Dorex2007: folds 
Iezamu: folds 
1jorik1: raises $0.12 to $0.14
realmadrid18win: folds 
BrenoVns: folds 
adilson255: calls $0.12
Sr.Benitez448: raises $0.45 to $0.59
1jorik1: calls $0.45
adilson255: calls $0.45
*** FLOP *** [3h Kd Qc]
adilson255: bets $1.42 and is all-in
Sr.Benitez448: calls $0.84 and is all-in
1jorik1: folds 
Uncalled bet ($0.58) returned to adilson255
*** TURN *** [3h Kd Qc] [Tc]
*** RIVER *** [3h Kd Qc Tc] [4h]
*** SHOW DOWN ***
adilson255: shows [Th Qs] (two pair, Queens and Tens)
Sr.Benitez448: shows [Kh Kc] (three of a kind, Kings)
Sr.Benitez448 cashed out the hand for $3.21 | Cash Out Fee $0.03
*** SUMMARY ***
Total pot $3.48 | Rake $0.12 
Board [3h Kd Qc Tc 4h]
Seat 1: BrenoVns (big blind) folded before Flop
Seat 3: adilson255 showed [Th Qs] and lost with two pair, Queens and Tens
Seat 4: WeNaSo_07 folded before Flop (didn't bet)
Seat 5: Sr.Benitez448 showed [Kh Kc] and won ($3.36) with three of a kind, Kings (pot not awarded as player cashed out)
Seat 6: Dorex2007 folded before Flop (didn't bet)
Seat 7: Iezamu folded before Flop (didn't bet)
Seat 8: 1jorik1 (button) folded on the Flop
Seat 9: realmadrid18win (small blind) folded before Flop



PokerStars Hand #238033279217:  Hold'em No Limit ($0.01/$0.02 USD) - 2022/08/16 14:44:18 PT [2022/08/16 17:44:18 ET]
Table 'Hela III' 9-max Seat #9 is the button
Seat 1: BrenoVns ($3.12 in chips) 
Seat 2: ard1tm ($2 in chips) 
Seat 3: adilson255 ($0.58 in chips) 
Seat 4: WeNaSo_07 ($2.50 in chips) 
Seat 5: Sr.Benitez448 ($3.21 in chips) 
Seat 6: Dorex2007 ($2.29 in chips) 
Seat 7: Iezamu ($5.35 in chips) 
Seat 8: 1jorik1 ($1.39 in chips) 
Seat 9: realmadrid18win ($0.77 in chips) 
BrenoVns: posts small blind $0.01
ard1tm: posts big blind $0.02
*** HOLE CARDS ***
Dealt to Dorex2007 [4d 5h]
adilson255: folds 
WeNaSo_07: folds 
Sr.Benitez448: calls $0.02
Dorex2007: folds 
Iezamu: folds 
1jorik1: folds 
realmadrid18win: folds 
BrenoVns: raises $0.04 to $0.06
ard1tm: folds 
Sr.Benitez448: calls $0.04
*** FLOP *** [5s Tc 2h]
BrenoVns: checks 
Sr.Benitez448: checks 
*** TURN *** [5s Tc 2h] [9d]
BrenoVns: bets $0.07
Sr.Benitez448: folds 
Uncalled bet ($0.07) returned to BrenoVns
BrenoVns collected $0.14 from pot
BrenoVns: doesn't show hand 
*** SUMMARY ***
Total pot $0.14 | Rake $0 
Board [5s Tc 2h 9d]
Seat 1: BrenoVns (small blind) collected ($0.14)
Seat 2: ard1tm (big blind) folded before Flop
Seat 3: adilson255 folded before Flop (didn't bet)
Seat 4: WeNaSo_07 folded before Flop (didn't bet)
Seat 5: Sr.Benitez448 folded on the Turn
Seat 6: Dorex2007 folded before Flop (didn't bet)
Seat 7: Iezamu folded before Flop (didn't bet)
Seat 8: 1jorik1 folded before Flop (didn't bet)
Seat 9: realmadrid18win (button) folded before Flop (didn't bet)



PokerStars Hand #238033298649:  Hold'em No Limit ($0.01/$0.02 USD) - 2022/08/16 14:45:12 PT [2022/08/16 17:45:12 ET]
Table 'Hela III' 9-max Seat #1 is the button
Seat 1: BrenoVns ($3.20 in chips) 
Seat 2: ard1tm ($2 in chips) 
Seat 4: WeNaSo_07 ($2.50 in chips) 
Seat 5: Sr.Benitez448 ($3.15 in chips) 
Seat 6: Dorex2007 ($2.29 in chips) 
Seat 7: Iezamu ($5.35 in chips) 
Seat 8: 1jorik1 ($1.39 in chips) 
Seat 9: realmadrid18win ($0.77 in chips) 
ard1tm: posts small blind $0.01
adilson255: is sitting out 
WeNaSo_07: posts big blind $0.02
*** HOLE CARDS ***
Dealt to Dorex2007 [Ad 8d]
Sr.Benitez448: calls $0.02
Dorex2007: folds 
Iezamu: raises $0.04 to $0.06
1jorik1: folds 
realmadrid18win: folds 
BrenoVns: folds 
ard1tm: folds 
WeNaSo_07: folds 
Sr.Benitez448: calls $0.04
*** FLOP *** [3h 8c 5d]
Sr.Benitez448: checks 
Iezamu: checks 
*** TURN *** [3h 8c 5d] [5c]
Sr.Benitez448: checks 
Iezamu: bets $0.14
Sr.Benitez448: folds 
Uncalled bet ($0.14) returned to Iezamu
Iezamu collected $0.14 from pot
*** SUMMARY ***
Total pot $0.15 | Rake $0.01 
Board [3h 8c 5d 5c]
Seat 1: BrenoVns (button) folded before Flop (didn't bet)
Seat 2: ard1tm (small blind) folded before Flop
Seat 4: WeNaSo_07 (big blind) folded before Flop
Seat 5: Sr.Benitez448 folded on the Turn
Seat 6: Dorex2007 folded before Flop (didn't bet)
Seat 7: Iezamu collected ($0.14)
Seat 8: 1jorik1 folded before Flop (didn't bet)
Seat 9: realmadrid18win folded before Flop (didn't bet)



PokerStars Hand #238033313652:  Hold'em No Limit ($0.01/$0.02 USD) - 2022/08/16 14:45:54 PT [2022/08/16 17:45:54 ET]
Table 'Hela III' 9-max Seat #2 is the button
Seat 1: BrenoVns ($3.20 in chips) 
Seat 2: ard1tm ($2 in chips) 
Seat 4: WeNaSo_07 ($2.48 in chips) 
Seat 5: Sr.Benitez448 ($3.09 in chips) 
Seat 6: Dorex2007 ($2.29 in chips) 
Seat 7: Iezamu ($5.43 in chips) 
Seat 8: 1jorik1 ($1.39 in chips) 
Seat 9: realmadrid18win ($0.77 in chips) 
WeNaSo_07: posts small blind $0.01
Sr.Benitez448: posts big blind $0.02
*** HOLE CARDS ***
Dealt to Dorex2007 [9s Ac]
Dorex2007: folds 
Iezamu: folds 
1jorik1: calls $0.02
realmadrid18win: folds 
BrenoVns: folds 
ard1tm: folds 
WeNaSo_07: calls $0.01
Sr.Benitez448: checks 
*** FLOP *** [Qc 2s 6c]
WeNaSo_07: checks 
Sr.Benitez448: bets $0.06
1jorik1: folds 
WeNaSo_07: folds 
Uncalled bet ($0.06) returned to Sr.Benitez448
Sr.Benitez448 collected $0.06 from pot
*** SUMMARY ***
Total pot $0.06 | Rake $0 
Board [Qc 2s 6c]
Seat 1: BrenoVns folded before Flop (didn't bet)
Seat 2: ard1tm (button) folded before Flop (didn't bet)
Seat 4: WeNaSo_07 (small blind) folded on the Flop
Seat 5: Sr.Benitez448 (big blind) collected ($0.06)
Seat 6: Dorex2007 folded before Flop (didn't bet)
Seat 7: Iezamu folded before Flop (didn't bet)
Seat 8: 1jorik1 folded on the Flop
Seat 9: realmadrid18win folded before Flop (didn't bet)



PokerStars Hand #238033326492:  Hold'em No Limit ($0.01/$0.02 USD) - 2022/08/16 14:46:30 PT [2022/08/16 17:46:30 ET]
Table 'Hela III' 9-max Seat #4 is the button
Seat 1: BrenoVns ($3.20 in chips) 
Seat 2: ard1tm ($2 in chips) 
Seat 4: WeNaSo_07 ($2.46 in chips) 
Seat 5: Sr.Benitez448 ($3.13 in chips) 
Seat 6: Dorex2007 ($2.29 in chips) 
Seat 7: Iezamu ($5.43 in chips) 
Seat 8: 1jorik1 ($1.37 in chips) 
Seat 9: realmadrid18win ($0.77 in chips) 
Sr.Benitez448: posts small blind $0.01
Dorex2007: posts big blind $0.02
adilson255: sits out 
*** HOLE CARDS ***
Dealt to Dorex2007 [6c Kd]
Iezamu: folds 
1jorik1: raises $0.06 to $0.08
realmadrid18win: folds 
BrenoVns: folds 
ard1tm: folds 
WeNaSo_07: folds 
Sr.Benitez448: calls $0.07
Dorex2007: folds 
*** FLOP *** [Td 6h 9c]
Sr.Benitez448: checks 
1jorik1: bets $0.08
Sr.Benitez448: raises $2.97 to $3.05 and is all-in
1jorik1: calls $1.21 and is all-in
Uncalled bet ($1.76) returned to Sr.Benitez448
*** TURN *** [Td 6h 9c] [8s]
*** RIVER *** [Td 6h 9c 8s] [7s]
*** SHOW DOWN ***
Sr.Benitez448: shows [Jc Tc] (a straight, Seven to Jack)
1jorik1: shows [Kh Ks] (a straight, Six to Ten)
Sr.Benitez448 collected $2.66 from pot
*** SUMMARY ***
Total pot $2.76 | Rake $0.10 
Board [Td 6h 9c 8s 7s]
Seat 1: BrenoVns folded before Flop (didn't bet)
Seat 2: ard1tm folded before Flop (didn't bet)
Seat 4: WeNaSo_07 (button) folded before Flop (didn't bet)
Seat 5: Sr.Benitez448 (small blind) showed [Jc Tc] and won ($2.66) with a straight, Seven to Jack
Seat 6: Dorex2007 (big blind) folded before Flop
Seat 7: Iezamu folded before Flop (didn't bet)
Seat 8: 1jorik1 showed [Kh Ks] and lost with a straight, Six to Ten
Seat 9: realmadrid18win folded before Flop (didn't bet)



PokerStars Hand #238033347053:  Hold'em No Limit ($0.01/$0.02 USD) - 2022/08/16 14:47:28 PT [2022/08/16 17:47:28 ET]
Table 'Hela III' 9-max Seat #5 is the button
Seat 1: BrenoVns ($3.20 in chips) 
Seat 2: ard1tm ($2 in chips) 
Seat 3: adilson255 ($0.58 in chips) 
Seat 4: WeNaSo_07 ($2.46 in chips) 
Seat 5: Sr.Benitez448 ($4.42 in chips) 
Seat 6: Dorex2007 ($2.27 in chips) 
Seat 7: Iezamu ($5.43 in chips) 
Seat 9: realmadrid18win ($0.77 in chips) 
Dorex2007: posts small blind $0.01
Iezamu: posts big blind $0.02
adilson255: posts small & big blinds $0.03
*** HOLE CARDS ***
Dealt to Dorex2007 [Th 7c]
realmadrid18win: folds 
BrenoVns: raises $0.05 to $0.07
ard1tm: folds 
adilson255: calls $0.05
WeNaSo_07: folds 
Sr.Benitez448: folds 
Dorex2007: folds 
Iezamu: calls $0.05
*** FLOP *** [4s 2h 6h]
Iezamu: checks 
BrenoVns: bets $0.12
adilson255: folds 
Iezamu: calls $0.12
*** TURN *** [4s 2h 6h] [5h]
Iezamu: checks 
BrenoVns: checks 
*** RIVER *** [4s 2h 6h 5h] [Ac]
Iezamu: checks 
BrenoVns: bets $0.16
Iezamu: raises $0.16 to $0.32
BrenoVns: folds 
Uncalled bet ($0.16) returned to Iezamu
Iezamu collected $0.75 from pot
*** SUMMARY ***
Total pot $0.79 | Rake $0.04 
Board [4s 2h 6h 5h Ac]
Seat 1: BrenoVns folded on the River
Seat 2: ard1tm folded before Flop (didn't bet)
Seat 3: adilson255 folded on the Flop
Seat 4: WeNaSo_07 folded before Flop (didn't bet)
Seat 5: Sr.Benitez448 (button) folded before Flop (didn't bet)
Seat 6: Dorex2007 (small blind) folded before Flop
Seat 7: Iezamu (big blind) collected ($0.75)
Seat 9: realmadrid18win folded before Flop (didn't bet)



PokerStars Hand #238033369770:  Hold'em No Limit ($0.01/$0.02 USD) - 2022/08/16 14:48:32 PT [2022/08/16 17:48:32 ET]
Table 'Hela III' 9-max Seat #6 is the button
Seat 1: BrenoVns ($2.85 in chips) 
Seat 2: ard1tm ($2 in chips) 
Seat 3: adilson255 ($0.50 in chips) 
Seat 4: WeNaSo_07 ($2.46 in chips) 
Seat 5: Sr.Benitez448 ($4.42 in chips) 
Seat 6: Dorex2007 ($2.26 in chips) 
Seat 7: Iezamu ($5.83 in chips) 
Seat 8: 1jorik1 ($1.60 in chips) 
Seat 9: realmadrid18win ($0.77 in chips) 
Iezamu: posts small blind $0.01
1jorik1: posts big blind $0.02
*** HOLE CARDS ***
Dealt to Dorex2007 [9d Jc]
realmadrid18win: folds 
BrenoVns: folds 
ard1tm: folds 
adilson255: folds 
WeNaSo_07: folds 
Sr.Benitez448: folds 
Dorex2007: folds 
Iezamu: calls $0.01
1jorik1: checks 
*** FLOP *** [4h Ac Jh]
Iezamu: checks 
1jorik1: checks 
*** TURN *** [4h Ac Jh] [2h]
Iezamu: bets $0.02
1jorik1: folds 
Uncalled bet ($0.02) returned to Iezamu
Iezamu collected $0.04 from pot
*** SUMMARY ***
Total pot $0.04 | Rake $0 
Board [4h Ac Jh 2h]
Seat 1: BrenoVns folded before Flop (didn't bet)
Seat 2: ard1tm folded before Flop (didn't bet)
Seat 3: adilson255 folded before Flop (didn't bet)
Seat 4: WeNaSo_07 folded before Flop (didn't bet)
Seat 5: Sr.Benitez448 folded before Flop (didn't bet)
Seat 6: Dorex2007 (button) folded before Flop (didn't bet)
Seat 7: Iezamu (small blind) collected ($0.04)
Seat 8: 1jorik1 (big blind) folded on the Turn
Seat 9: realmadrid18win folded before Flop (didn't bet)



PokerStars Hand #238033383415:  Hold'em No Limit ($0.01/$0.02 USD) - 2022/08/16 14:49:11 PT [2022/08/16 17:49:11 ET]
Table 'Hela III' 9-max Seat #7 is the button
Seat 1: BrenoVns ($2.85 in chips) 
Seat 2: ard1tm ($2 in chips) 
Seat 3: adilson255 ($0.50 in chips) 
Seat 4: WeNaSo_07 ($2.46 in chips) 
Seat 5: Sr.Benitez448 ($4.42 in chips) 
Seat 6: Dorex2007 ($2.26 in chips) 
Seat 7: Iezamu ($5.85 in chips) 
Seat 8: 1jorik1 ($1.58 in chips) 
Seat 9: realmadrid18win ($0.77 in chips) 
1jorik1: posts small blind $0.01
realmadrid18win: posts big blind $0.02
*** HOLE CARDS ***
Dealt to Dorex2007 [Kd Ac]
BrenoVns: raises $0.03 to $0.05
ard1tm: raises $0.23 to $0.28
adilson255: folds 
WeNaSo_07: folds 
Sr.Benitez448: folds 
Dorex2007: folds 
Iezamu: folds 
1jorik1: folds 
realmadrid18win: folds 
BrenoVns: folds 
Uncalled bet ($0.23) returned to ard1tm
ard1tm collected $0.13 from pot
ard1tm: doesn't show hand 
*** SUMMARY ***
Total pot $0.13 | Rake $0 
Seat 1: BrenoVns folded before Flop
Seat 2: ard1tm collected ($0.13)
Seat 3: adilson255 folded before Flop (didn't bet)
Seat 4: WeNaSo_07 folded before Flop (didn't bet)
Seat 5: Sr.Benitez448 folded before Flop (didn't bet)
Seat 6: Dorex2007 folded before Flop (didn't bet)
Seat 7: Iezamu (button) folded before Flop (didn't bet)
Seat 8: 1jorik1 (small blind) folded before Flop
Seat 9: realmadrid18win (big blind) folded before Flop



PokerStars Hand #238033393427:  Hold'em No Limit ($0.01/$0.02 USD) - 2022/08/16 14:49:40 PT [2022/08/16 17:49:40 ET]
Table 'Hela III' 9-max Seat #8 is the button
Seat 1: BrenoVns ($2.80 in chips) 
Seat 2: ard1tm ($2.08 in chips) 
Seat 3: adilson255 ($0.50 in chips) 
Seat 4: WeNaSo_07 ($2.46 in chips) 
Seat 5: Sr.Benitez448 ($4.42 in chips) 
Seat 6: Dorex2007 ($2.26 in chips) 
Seat 7: Iezamu ($5.85 in chips) 
Seat 8: 1jorik1 ($1.57 in chips) 
Seat 9: realmadrid18win ($0.75 in chips) 
realmadrid18win: posts small blind $0.01
BrenoVns: posts big blind $0.02
*** HOLE CARDS ***
Dealt to Dorex2007 [Ah 9c]
ard1tm: folds 
adilson255: calls $0.02
WeNaSo_07: folds 
Sr.Benitez448: folds 
Dorex2007: folds 
Iezamu: folds 
1jorik1: calls $0.02
realmadrid18win: calls $0.01
BrenoVns: checks 
*** FLOP *** [Ks Ac 6h]
realmadrid18win: checks 
BrenoVns: checks 
adilson255: bets $0.04
1jorik1: folds 
realmadrid18win: folds 
BrenoVns: folds 
Uncalled bet ($0.04) returned to adilson255
adilson255 collected $0.08 from pot
adilson255: doesn't show hand 
*** SUMMARY ***
Total pot $0.08 | Rake $0 
Board [Ks Ac 6h]
Seat 1: BrenoVns (big blind) folded on the Flop
Seat 2: ard1tm folded before Flop (didn't bet)
Seat 3: adilson255 collected ($0.08)
Seat 4: WeNaSo_07 folded before Flop (didn't bet)
Seat 5: Sr.Benitez448 folded before Flop (didn't bet)
Seat 6: Dorex2007 folded before Flop (didn't bet)
Seat 7: Iezamu folded before Flop (didn't bet)
Seat 8: 1jorik1 (button) folded on the Flop
Seat 9: realmadrid18win (small blind) folded on the Flop



PokerStars Hand #238033408564:  Hold'em No Limit ($0.01/$0.02 USD) - 2022/08/16 14:50:23 PT [2022/08/16 17:50:23 ET]
Table 'Hela III' 9-max Seat #9 is the button
Seat 1: BrenoVns ($2.78 in chips) 
Seat 2: ard1tm ($2.08 in chips) 
Seat 3: adilson255 ($0.56 in chips) 
Seat 4: WeNaSo_07 ($2.46 in chips) 
Seat 5: Sr.Benitez448 ($4.42 in chips) 
Seat 6: Dorex2007 ($2.26 in chips) 
Seat 7: Iezamu ($5.85 in chips) 
Seat 8: 1jorik1 ($1.55 in chips) 
Seat 9: realmadrid18win ($0.73 in chips) 
BrenoVns: posts small blind $0.01
ard1tm: posts big blind $0.02
*** HOLE CARDS ***
Dealt to Dorex2007 [8c Jh]
adilson255: calls $0.02
WeNaSo_07: folds 
Sr.Benitez448: folds 
Dorex2007: folds 
Iezamu: folds 
1jorik1: folds 
realmadrid18win: folds 
BrenoVns: folds 
ard1tm: checks 
*** FLOP *** [3s 6h 7h]
ard1tm: checks 
adilson255: checks 
*** TURN *** [3s 6h 7h] [6d]
ard1tm: checks 
adilson255: checks 
*** RIVER *** [3s 6h 7h 6d] [2h]
ard1tm: checks 
adilson255: checks 
*** SHOW DOWN ***
ard1tm: shows [5c Tc] (a pair of Sixes)
adilson255: shows [Ts Kh] (a pair of Sixes - King kicker)
adilson255 collected $0.05 from pot
*** SUMMARY ***
Total pot $0.05 | Rake $0 
Board [3s 6h 7h 6d 2h]
Seat 1: BrenoVns (small blind) folded before Flop
Seat 2: ard1tm (big blind) showed [5c Tc] and lost with a pair of Sixes
Seat 3: adilson255 showed [Ts Kh] and won ($0.05) with a pair of Sixes
Seat 4: WeNaSo_07 folded before Flop (didn't bet)
Seat 5: Sr.Benitez448 folded before Flop (didn't bet)
Seat 6: Dorex2007 folded before Flop (didn't bet)
Seat 7: Iezamu folded before Flop (didn't bet)
Seat 8: 1jorik1 folded before Flop (didn't bet)
Seat 9: realmadrid18win (button) folded before Flop (didn't bet)



PokerStars Hand #238033419585:  Hold'em No Limit ($0.01/$0.02 USD) - 2022/08/16 14:50:55 PT [2022/08/16 17:50:55 ET]
Table 'Hela III' 9-max Seat #1 is the button
Seat 1: BrenoVns ($2.77 in chips) 
Seat 2: ard1tm ($2.06 in chips) 
Seat 3: adilson255 ($0.59 in chips) 
Seat 4: WeNaSo_07 ($2.46 in chips) 
Seat 5: Sr.Benitez448 ($4.42 in chips) 
Seat 6: Dorex2007 ($2.26 in chips) 
Seat 7: Iezamu ($5.85 in chips) 
Seat 8: 1jorik1 ($1.55 in chips) 
Seat 9: realmadrid18win ($0.73 in chips) 
ard1tm: posts small blind $0.01
adilson255: posts big blind $0.02
*** HOLE CARDS ***
Dealt to Dorex2007 [4h 6s]
WeNaSo_07: folds 
Sr.Benitez448: folds 
Dorex2007: folds 
Iezamu: folds 
1jorik1: raises $0.04 to $0.06
realmadrid18win: folds 
BrenoVns: folds 
ard1tm: folds 
adilson255: calls $0.04
*** FLOP *** [9d 8h 2d]
adilson255: bets $0.02
1jorik1: calls $0.02
*** TURN *** [9d 8h 2d] [9s]
adilson255: bets $0.02
1jorik1: raises $0.20 to $0.22
adilson255: folds 
Uncalled bet ($0.20) returned to 1jorik1
1jorik1 collected $0.20 from pot
1jorik1: doesn't show hand 
*** SUMMARY ***
Total pot $0.21 | Rake $0.01 
Board [9d 8h 2d 9s]
Seat 1: BrenoVns (button) folded before Flop (didn't bet)
Seat 2: ard1tm (small blind) folded before Flop
Seat 3: adilson255 (big blind) folded on the Turn
Seat 4: WeNaSo_07 folded before Flop (didn't bet)
Seat 5: Sr.Benitez448 folded before Flop (didn't bet)
Seat 6: Dorex2007 folded before Flop (didn't bet)
Seat 7: Iezamu folded before Flop (didn't bet)
Seat 8: 1jorik1 collected ($0.20)
Seat 9: realmadrid18win folded before Flop (didn't bet)



PokerStars Hand #238033436596:  Hold'em No Limit ($0.01/$0.02 USD) - 2022/08/16 14:51:44 PT [2022/08/16 17:51:44 ET]
Table 'Hela III' 9-max Seat #2 is the button
Seat 1: BrenoVns ($2.77 in chips) 
Seat 2: ard1tm ($2.05 in chips) 
Seat 3: adilson255 ($0.49 in chips) 
Seat 4: WeNaSo_07 ($2.46 in chips) 
Seat 5: Sr.Benitez448 ($4.42 in chips) 
Seat 6: Dorex2007 ($2.26 in chips) 
Seat 7: Iezamu ($5.85 in chips) 
Seat 8: 1jorik1 ($1.65 in chips) 
Seat 9: realmadrid18win ($0.73 in chips) 
adilson255: posts small blind $0.01
WeNaSo_07: posts big blind $0.02
*** HOLE CARDS ***
Dealt to Dorex2007 [Kh 8c]
Sr.Benitez448: calls $0.02
Dorex2007: folds 
Iezamu: folds 
1jorik1: folds 
realmadrid18win: folds 
BrenoVns: folds 
ard1tm: folds 
adilson255: calls $0.01
WeNaSo_07: raises $0.08 to $0.10
Sr.Benitez448: folds 
adilson255: raises $0.39 to $0.49 and is all-in
WeNaSo_07: calls $0.39
*** FLOP *** [4s Td Ks]
*** TURN *** [4s Td Ks] [4d]
*** RIVER *** [4s Td Ks 4d] [7h]
*** SHOW DOWN ***
adilson255: shows [8h 6d] (a pair of Fours)
WeNaSo_07: shows [Qh Ac] (a pair of Fours - Ace kicker)
WeNaSo_07 collected $0.96 from pot
*** SUMMARY ***
Total pot $1 | Rake $0.04 
Board [4s Td Ks 4d 7h]
Seat 1: BrenoVns folded before Flop (didn't bet)
Seat 2: ard1tm (button) folded before Flop (didn't bet)
Seat 3: adilson255 (small blind) showed [8h 6d] and lost with a pair of Fours
Seat 4: WeNaSo_07 (big blind) showed [Qh Ac] and won ($0.96) with a pair of Fours
Seat 5: Sr.Benitez448 folded before Flop
Seat 6: Dorex2007 folded before Flop (didn't bet)
Seat 7: Iezamu folded before Flop (didn't bet)
Seat 8: 1jorik1 folded before Flop (didn't bet)
Seat 9: realmadrid18win folded before Flop (didn't bet)



PokerStars Hand #238033451995:  Hold'em No Limit ($0.01/$0.02 USD) - 2022/08/16 14:52:29 PT [2022/08/16 17:52:29 ET]
Table 'Hela III' 9-max Seat #4 is the button
Seat 1: BrenoVns ($2.77 in chips) 
Seat 2: ard1tm ($2.05 in chips) 
Seat 4: WeNaSo_07 ($2.93 in chips) 
Seat 5: Sr.Benitez448 ($4.40 in chips) 
Seat 6: Dorex2007 ($2.26 in chips) 
Seat 7: Iezamu ($5.85 in chips) 
Seat 8: 1jorik1 ($1.65 in chips) 
Seat 9: realmadrid18win ($0.73 in chips) 
Sr.Benitez448: posts small blind $0.01
Dorex2007: posts big blind $0.02
*** HOLE CARDS ***
Dealt to Dorex2007 [Js 8h]
Iezamu: folds 
1jorik1: folds 
realmadrid18win: folds 
BrenoVns: folds 
ard1tm: folds 
WeNaSo_07: folds 
adilson255 leaves the table
Sr.Benitez448: folds 
Uncalled bet ($0.01) returned to Dorex2007
Dorex2007 collected $0.02 from pot
Dorex2007: doesn't show hand 
*** SUMMARY ***
Total pot $0.02 | Rake $0 
Seat 1: BrenoVns folded before Flop (didn't bet)
Seat 2: ard1tm folded before Flop (didn't bet)
Seat 4: WeNaSo_07 (button) folded before Flop (didn't bet)
Seat 5: Sr.Benitez448 (small blind) folded before Flop
Seat 6: Dorex2007 (big blind) collected ($0.02)
Seat 7: Iezamu folded before Flop (didn't bet)
Seat 8: 1jorik1 folded before Flop (didn't bet)
Seat 9: realmadrid18win folded before Flop (didn't bet)



PokerStars Hand #238033458252:  Hold'em No Limit ($0.01/$0.02 USD) - 2022/08/16 14:52:48 PT [2022/08/16 17:52:48 ET]
Table 'Hela III' 9-max Seat #5 is the button
Seat 1: BrenoVns ($2.77 in chips) 
Seat 2: ard1tm ($2.05 in chips) 
Seat 4: WeNaSo_07 ($2.93 in chips) 
Seat 5: Sr.Benitez448 ($4.39 in chips) 
Seat 6: Dorex2007 ($2.27 in chips) 
Seat 7: Iezamu ($5.85 in chips) 
Seat 8: 1jorik1 ($1.65 in chips) 
Seat 9: realmadrid18win ($0.73 in chips) 
Dorex2007: posts small blind $0.01
Iezamu: posts big blind $0.02
*** HOLE CARDS ***
Dealt to Dorex2007 [Ac 2h]
kintail joins the table at seat #3 
1jorik1: folds 
realmadrid18win: folds 
BrenoVns: folds 
ard1tm: folds 
WeNaSo_07: folds 
Sr.Benitez448 has timed out
Sr.Benitez448: folds 
Dorex2007: folds 
Uncalled bet ($0.01) returned to Iezamu
Iezamu collected $0.02 from pot
*** SUMMARY ***
Total pot $0.02 | Rake $0 
Seat 1: BrenoVns folded before Flop (didn't bet)
Seat 2: ard1tm folded before Flop (didn't bet)
Seat 4: WeNaSo_07 folded before Flop (didn't bet)
Seat 5: Sr.Benitez448 (button) folded before Flop (didn't bet)
Seat 6: Dorex2007 (small blind) folded before Flop
Seat 7: Iezamu (big blind) collected ($0.02)
Seat 8: 1jorik1 folded before Flop (didn't bet)
Seat 9: realmadrid18win folded before Flop (didn't bet)



PokerStars Hand #238033473007:  Hold'em No Limit ($0.01/$0.02 USD) - 2022/08/16 14:53:11 PT [2022/08/16 17:53:11 ET]
Table 'Hela III' 9-max Seat #6 is the button
Seat 1: BrenoVns ($2.77 in chips) 
Seat 2: ard1tm ($2.05 in chips) 
Seat 4: WeNaSo_07 ($2.93 in chips) 
Seat 5: Sr.Benitez448 ($4.39 in chips) 
Seat 6: Dorex2007 ($2.26 in chips) 
Seat 7: Iezamu ($5.86 in chips) 
Seat 8: 1jorik1 ($1.65 in chips) 
Seat 9: realmadrid18win ($0.73 in chips) 
Iezamu: posts small blind $0.01
1jorik1: posts big blind $0.02
kintail: sits out 
*** HOLE CARDS ***
Dealt to Dorex2007 [5h 2d]
realmadrid18win: raises $0.04 to $0.06
BrenoVns: folds 
ard1tm: folds 
WeNaSo_07: folds 
Sr.Benitez448: folds 
Dorex2007: folds 
Iezamu: folds 
1jorik1: folds 
Uncalled bet ($0.04) returned to realmadrid18win
realmadrid18win collected $0.05 from pot
realmadrid18win: doesn't show hand 
*** SUMMARY ***
Total pot $0.05 | Rake $0 
Seat 1: BrenoVns folded before Flop (didn't bet)
Seat 2: ard1tm folded before Flop (didn't bet)
Seat 4: WeNaSo_07 folded before Flop (didn't bet)
Seat 5: Sr.Benitez448 folded before Flop (didn't bet)
Seat 6: Dorex2007 (button) folded before Flop (didn't bet)
Seat 7: Iezamu (small blind) folded before Flop
Seat 8: 1jorik1 (big blind) folded before Flop
Seat 9: realmadrid18win collected ($0.05)



PokerStars Hand #238033481477:  Hold'em No Limit ($0.01/$0.02 USD) - 2022/08/16 14:53:29 PT [2022/08/16 17:53:29 ET]
Table 'Hela III' 9-max Seat #7 is the button
Seat 1: BrenoVns ($2.77 in chips) 
Seat 2: ard1tm ($2.05 in chips) 
Seat 4: WeNaSo_07 ($2.93 in chips) 
Seat 5: Sr.Benitez448 ($4.39 in chips) 
Seat 6: Dorex2007 ($2.26 in chips) 
Seat 7: Iezamu ($5.85 in chips) 
Seat 8: 1jorik1 ($1.63 in chips) 
Seat 9: realmadrid18win ($0.76 in chips) 
1jorik1: posts small blind $0.01
realmadrid18win: posts big blind $0.02
kintail: sits out 
*** HOLE CARDS ***
Dealt to Dorex2007 [Ks Qc]
BrenoVns: folds 
ard1tm: folds 
WeNaSo_07: folds 
Sr.Benitez448: folds 
Dorex2007: raises $0.02 to $0.04
Iezamu: folds 
1jorik1: folds 
realmadrid18win: calls $0.02
*** FLOP *** [Ah Tc 9c]
realmadrid18win: checks 
Dorex2007: checks 
*** TURN *** [Ah Tc 9c] [2s]
realmadrid18win: checks 
Dorex2007: checks 
*** RIVER *** [Ah Tc 9c 2s] [2c]
realmadrid18win: checks 
Dorex2007: bets $0.06
realmadrid18win: folds 
Uncalled bet ($0.06) returned to Dorex2007
Dorex2007 collected $0.09 from pot
Dorex2007: doesn't show hand 
*** SUMMARY ***
Total pot $0.09 | Rake $0 
Board [Ah Tc 9c 2s 2c]
Seat 1: BrenoVns folded before Flop (didn't bet)
Seat 2: ard1tm folded before Flop (didn't bet)
Seat 4: WeNaSo_07 folded before Flop (didn't bet)
Seat 5: Sr.Benitez448 folded before Flop (didn't bet)
Seat 6: Dorex2007 collected ($0.09)
Seat 7: Iezamu (button) folded before Flop (didn't bet)
Seat 8: 1jorik1 (small blind) folded before Flop
Seat 9: realmadrid18win (big blind) folded on the River



PokerStars Hand #238033503350:  Hold'em No Limit ($0.01/$0.02 USD) - 2022/08/16 14:54:33 PT [2022/08/16 17:54:33 ET]
Table 'Hela III' 9-max Seat #8 is the button
Seat 1: BrenoVns ($2.77 in chips) 
Seat 2: ard1tm ($2.05 in chips) 
Seat 5: Sr.Benitez448 ($4.39 in chips) 
Seat 6: Dorex2007 ($2.31 in chips) 
Seat 7: Iezamu ($5.85 in chips) 
Seat 8: 1jorik1 ($1.62 in chips) 
Seat 9: realmadrid18win ($0.72 in chips) 
realmadrid18win: posts small blind $0.01
BrenoVns: posts big blind $0.02
kintail: sits out 
*** HOLE CARDS ***
Dealt to Dorex2007 [7s As]
ard1tm: folds 
Sr.Benitez448: folds 
Dorex2007: raises $0.04 to $0.06
Iezamu: folds 
1jorik1: calls $0.06
realmadrid18win: folds 
BrenoVns: folds 
*** FLOP *** [6h 3d Js]
Dorex2007: checks 
1jorik1: bets $0.07
Dorex2007: folds 
Uncalled bet ($0.07) returned to 1jorik1
1jorik1 collected $0.14 from pot
1jorik1: doesn't show hand 
*** SUMMARY ***
Total pot $0.15 | Rake $0.01 
Board [6h 3d Js]
Seat 1: BrenoVns (big blind) folded before Flop
Seat 2: ard1tm folded before Flop (didn't bet)
Seat 5: Sr.Benitez448 folded before Flop (didn't bet)
Seat 6: Dorex2007 folded on the Flop
Seat 7: Iezamu folded before Flop (didn't bet)
Seat 8: 1jorik1 (button) collected ($0.14)
Seat 9: realmadrid18win (small blind) folded before Flop



PokerStars Hand #238033514933:  Hold'em No Limit ($0.01/$0.02 USD) - 2022/08/16 14:55:06 PT [2022/08/16 17:55:06 ET]
Table 'Hela III' 9-max Seat #9 is the button
Seat 1: BrenoVns ($2.75 in chips) 
Seat 2: ard1tm ($2.05 in chips) 
Seat 5: Sr.Benitez448 ($4.39 in chips) 
Seat 6: Dorex2007 ($2.25 in chips) 
Seat 7: Iezamu ($5.85 in chips) 
Seat 8: 1jorik1 ($1.70 in chips) 
Seat 9: realmadrid18win ($0.71 in chips) 
BrenoVns: posts small blind $0.01
ard1tm: posts big blind $0.02
kintail: sits out 
*** HOLE CARDS ***
Dealt to Dorex2007 [7c Kc]
Sr.Benitez448: calls $0.02
Dorex2007: folds 
Iezamu: raises $0.04 to $0.06
1jorik1: folds 
realmadrid18win: folds 
BrenoVns: folds 
ard1tm: folds 
Sr.Benitez448: calls $0.04
*** FLOP *** [Qs 6s 3s]
Sr.Benitez448: checks 
Iezamu: checks 
*** TURN *** [Qs 6s 3s] [6h]
Sr.Benitez448: bets $0.02
Iezamu: calls $0.02
*** RIVER *** [Qs 6s 3s 6h] [Qh]
Sr.Benitez448: checks 
Iezamu: checks 
*** SHOW DOWN ***
Sr.Benitez448: shows [8s 8c] (two pair, Queens and Eights)
Iezamu: mucks hand 
Sr.Benitez448 collected $0.18 from pot
*** SUMMARY ***
Total pot $0.19 | Rake $0.01 
Board [Qs 6s 3s 6h Qh]
Seat 1: BrenoVns (small blind) folded before Flop
Seat 2: ard1tm (big blind) folded before Flop
Seat 5: Sr.Benitez448 showed [8s 8c] and won ($0.18) with two pair, Queens and Eights
Seat 6: Dorex2007 folded before Flop (didn't bet)
Seat 7: Iezamu mucked [Ad Jh]
Seat 8: 1jorik1 folded before Flop (didn't bet)
Seat 9: realmadrid18win (button) folded before Flop (didn't bet)



PokerStars Hand #238033526215:  Hold'em No Limit ($0.01/$0.02 USD) - 2022/08/16 14:55:45 PT [2022/08/16 17:55:45 ET]
Table 'Hela III' 9-max Seat #1 is the button
Seat 1: BrenoVns ($2.74 in chips) 
Seat 2: ard1tm ($2.03 in chips) 
Seat 3: kintail ($1.47 in chips) 
Seat 5: Sr.Benitez448 ($4.49 in chips) 
Seat 6: Dorex2007 ($2.25 in chips) 
Seat 7: Iezamu ($5.77 in chips) 
Seat 9: realmadrid18win ($0.71 in chips) 
ard1tm: posts small blind $0.01
kintail: posts big blind $0.02
*** HOLE CARDS ***
Dealt to Dorex2007 [2d 3d]
Sr.Benitez448: folds 
Dorex2007: folds 
Iezamu: folds 
realmadrid18win: folds 
BrenoVns: folds 
ard1tm: folds 
Uncalled bet ($0.01) returned to kintail
kintail collected $0.02 from pot
kintail: doesn't show hand 
*** SUMMARY ***
Total pot $0.02 | Rake $0 
Seat 1: BrenoVns (button) folded before Flop (didn't bet)
Seat 2: ard1tm (small blind) folded before Flop
Seat 3: kintail (big blind) collected ($0.02)
Seat 5: Sr.Benitez448 folded before Flop (didn't bet)
Seat 6: Dorex2007 folded before Flop (didn't bet)
Seat 7: Iezamu folded before Flop (didn't bet)
Seat 9: realmadrid18win folded before Flop (didn't bet)



PokerStars Hand #238033532100:  Hold'em No Limit ($0.01/$0.02 USD) - 2022/08/16 14:56:06 PT [2022/08/16 17:56:06 ET]
Table 'Hela III' 9-max Seat #2 is the button
Seat 1: BrenoVns ($2.74 in chips) 
Seat 2: ard1tm ($2.02 in chips) 
Seat 3: kintail ($1.48 in chips) 
Seat 5: Sr.Benitez448 ($4.49 in chips) 
Seat 6: Dorex2007 ($2.25 in chips) 
Seat 7: Iezamu ($5.77 in chips) 
Seat 9: realmadrid18win ($0.71 in chips) 
kintail: posts small blind $0.01
Sr.Benitez448: posts big blind $0.02
*** HOLE CARDS ***
Dealt to Dorex2007 [4c 2c]
Dorex2007: folds 
Iezamu: folds 
realmadrid18win: folds 
BrenoVns: folds 
ard1tm: folds 
kintail: calls $0.01
Sr.Benitez448: checks 
*** FLOP *** [3d 8c 4h]
kintail: checks 
Sr.Benitez448: bets $0.04
kintail: folds 
Uncalled bet ($0.04) returned to Sr.Benitez448
Sr.Benitez448 collected $0.04 from pot
*** SUMMARY ***
Total pot $0.04 | Rake $0 
Board [3d 8c 4h]
Seat 1: BrenoVns folded before Flop (didn't bet)
Seat 2: ard1tm (button) folded before Flop (didn't bet)
Seat 3: kintail (small blind) folded on the Flop
Seat 5: Sr.Benitez448 (big blind) collected ($0.04)
Seat 6: Dorex2007 folded before Flop (didn't bet)
Seat 7: Iezamu folded before Flop (didn't bet)
Seat 9: realmadrid18win folded before Flop (didn't bet)



PokerStars Hand #238033539409:  Hold'em No Limit ($0.01/$0.02 USD) - 2022/08/16 14:56:32 PT [2022/08/16 17:56:32 ET]
Table 'Hela III' 9-max Seat #3 is the button
Seat 1: BrenoVns ($2.74 in chips) 
Seat 2: ard1tm ($2.02 in chips) 
Seat 3: kintail ($1.46 in chips) 
Seat 5: Sr.Benitez448 ($4.51 in chips) 
Seat 6: Dorex2007 ($2.25 in chips) 
Seat 7: Iezamu ($5.77 in chips) 
Seat 9: realmadrid18win ($0.71 in chips) 
Sr.Benitez448: posts small blind $0.01
Dorex2007: posts big blind $0.02
*** HOLE CARDS ***
Dealt to Dorex2007 [4h 6h]
Iezamu: folds 
realmadrid18win: folds 
BrenoVns: folds 
ard1tm has timed out
ard1tm: folds 
WeNaSo_07 leaves the table
kintail has timed out
kintail: folds 
Sr.Benitez448: calls $0.01
Dorex2007: checks 
*** FLOP *** [9s Th Tc]
Sr.Benitez448: checks 
Dorex2007: checks 
*** TURN *** [9s Th Tc] [Kc]
Sr.Benitez448: checks 
Dorex2007: checks 
*** RIVER *** [9s Th Tc Kc] [5s]
Sr.Benitez448: checks 
Dorex2007: checks 
*** SHOW DOWN ***
Sr.Benitez448: shows [8d 5d] (two pair, Tens and Fives)
Dorex2007: mucks hand 
Sr.Benitez448 collected $0.04 from pot
*** SUMMARY ***
Total pot $0.04 | Rake $0 
Board [9s Th Tc Kc 5s]
Seat 1: BrenoVns folded before Flop (didn't bet)
Seat 2: ard1tm folded before Flop (didn't bet)
Seat 3: kintail (button) folded before Flop (didn't bet)
Seat 5: Sr.Benitez448 (small blind) showed [8d 5d] and won ($0.04) with two pair, Tens and Fives
Seat 6: Dorex2007 (big blind) mucked [4h 6h]
Seat 7: Iezamu folded before Flop (didn't bet)
Seat 9: realmadrid18win folded before Flop (didn't bet)



PokerStars Hand #238033559989:  Hold'em No Limit ($0.01/$0.02 USD) - 2022/08/16 14:57:46 PT [2022/08/16 17:57:46 ET]
Table 'Hela III' 9-max Seat #5 is the button
Seat 1: BrenoVns ($2.74 in chips) 
Seat 2: ard1tm ($2.02 in chips) 
Seat 5: Sr.Benitez448 ($4.53 in chips) 
Seat 6: Dorex2007 ($2.23 in chips) 
Seat 7: Iezamu ($5.77 in chips) 
Seat 8: 1jorik1 ($1.70 in chips) 
Seat 9: realmadrid18win ($0.71 in chips) 
Dorex2007: posts small blind $0.01
Iezamu: posts big blind $0.02
*** HOLE CARDS ***
Dealt to Dorex2007 [Ad 8h]
1jorik1: raises $0.04 to $0.06
realmadrid18win: folds 
BrenoVns: folds 
ard1tm: folds 
Sr.Benitez448: folds 
Dorex2007: folds 
Iezamu: folds 
Uncalled bet ($0.04) returned to 1jorik1
1jorik1 collected $0.05 from pot
1jorik1: doesn't show hand 
*** SUMMARY ***
Total pot $0.05 | Rake $0 
Seat 1: BrenoVns folded before Flop (didn't bet)
Seat 2: ard1tm folded before Flop (didn't bet)
Seat 5: Sr.Benitez448 (button) folded before Flop (didn't bet)
Seat 6: Dorex2007 (small blind) folded before Flop
Seat 7: Iezamu (big blind) folded before Flop
Seat 8: 1jorik1 collected ($0.05)
Seat 9: realmadrid18win folded before Flop (didn't bet)



PokerStars Hand #238033568450:  Hold'em No Limit ($0.01/$0.02 USD) - 2022/08/16 14:58:16 PT [2022/08/16 17:58:16 ET]
Table 'Hela III' 9-max Seat #6 is the button
Seat 1: BrenoVns ($2.74 in chips) 
Seat 2: ard1tm ($2.02 in chips) 
Seat 5: Sr.Benitez448 ($4.53 in chips) 
Seat 6: Dorex2007 ($2.22 in chips) 
Seat 7: Iezamu ($5.75 in chips) 
Seat 8: 1jorik1 ($1.73 in chips) 
Seat 9: realmadrid18win ($0.71 in chips) 
Iezamu: posts small blind $0.01
1jorik1: posts big blind $0.02
*** HOLE CARDS ***
Dealt to Dorex2007 [3c Qd]
realmadrid18win: raises $0.04 to $0.06
BrenoVns: folds 
ard1tm: folds 
Sr.Benitez448: folds 
Dorex2007: folds 
Iezamu: folds 
1jorik1: calls $0.04
*** FLOP *** [Kc 6d 8d]
1jorik1: checks 
realmadrid18win: checks 
*** TURN *** [Kc 6d 8d] [Js]
1jorik1: checks 
realmadrid18win: bets $0.65 and is all-in
1jorik1: folds 
Uncalled bet ($0.65) returned to realmadrid18win
realmadrid18win collected $0.13 from pot
realmadrid18win: doesn't show hand 
*** SUMMARY ***
Total pot $0.13 | Rake $0 
Board [Kc 6d 8d Js]
Seat 1: BrenoVns folded before Flop (didn't bet)
Seat 2: ard1tm folded before Flop (didn't bet)
Seat 5: Sr.Benitez448 folded before Flop (didn't bet)
Seat 6: Dorex2007 (button) folded before Flop (didn't bet)
Seat 7: Iezamu (small blind) folded before Flop
Seat 8: 1jorik1 (big blind) folded on the Turn
Seat 9: realmadrid18win collected ($0.13)



PokerStars Hand #238033582576:  Hold'em No Limit ($0.01/$0.02 USD) - 2022/08/16 14:59:07 PT [2022/08/16 17:59:07 ET]
Table 'Hela III' 9-max Seat #7 is the button
Seat 1: BrenoVns ($2.74 in chips) 
Seat 2: ard1tm ($2.02 in chips) 
Seat 5: Sr.Benitez448 ($4.53 in chips) 
Seat 6: Dorex2007 ($2.22 in chips) 
Seat 7: Iezamu ($5.74 in chips) 
Seat 8: 1jorik1 ($1.67 in chips) 
Seat 9: realmadrid18win ($0.78 in chips) 
1jorik1: posts small blind $0.01
realmadrid18win: posts big blind $0.02
*** HOLE CARDS ***
Dealt to Dorex2007 [7c 4s]
BrenoVns: raises $0.03 to $0.05
ard1tm: folds 
Sr.Benitez448: folds 
Dorex2007: folds 
Iezamu: calls $0.05
1jorik1: folds 
realmadrid18win: calls $0.03
*** FLOP *** [Td Kh Th]
realmadrid18win: checks 
BrenoVns: checks 
Iezamu: checks 
*** TURN *** [Td Kh Th] [Jh]
realmadrid18win: checks 
BrenoVns: bets $0.10
Iezamu: folds 
realmadrid18win: folds 
Uncalled bet ($0.10) returned to BrenoVns
BrenoVns collected $0.15 from pot
BrenoVns: doesn't show hand 
*** SUMMARY ***
Total pot $0.16 | Rake $0.01 
Board [Td Kh Th Jh]
Seat 1: BrenoVns collected ($0.15)
Seat 2: ard1tm folded before Flop (didn't bet)
Seat 5: Sr.Benitez448 folded before Flop (didn't bet)
Seat 6: Dorex2007 folded before Flop (didn't bet)
Seat 7: Iezamu (button) folded on the Turn
Seat 8: 1jorik1 (small blind) folded before Flop
Seat 9: realmadrid18win (big blind) folded on the Turn



PokerStars Hand #238033599460:  Hold'em No Limit ($0.01/$0.02 USD) - 2022/08/16 15:00:08 PT [2022/08/16 18:00:08 ET]
Table 'Hela III' 9-max Seat #8 is the button
Seat 1: BrenoVns ($2.84 in chips) 
Seat 2: ard1tm ($2.02 in chips) 
Seat 5: Sr.Benitez448 ($4.53 in chips) 
Seat 6: Dorex2007 ($2.22 in chips) 
Seat 7: Iezamu ($5.69 in chips) 
Seat 8: 1jorik1 ($1.66 in chips) 
Seat 9: realmadrid18win ($0.73 in chips) 
realmadrid18win: posts small blind $0.01
BrenoVns: posts big blind $0.02
*** HOLE CARDS ***
Dealt to Dorex2007 [8h 2c]
ard1tm has timed out
ard1tm: folds 
Sr.Benitez448: folds 
Dorex2007: folds 
Iezamu: calls $0.02
1jorik1: calls $0.02
realmadrid18win: calls $0.01
BrenoVns: checks 
*** FLOP *** [Tc Jc Ts]
realmadrid18win: checks 
BrenoVns: checks 
Iezamu: bets $0.04
1jorik1: calls $0.04
realmadrid18win: folds 
BrenoVns: folds 
*** TURN *** [Tc Jc Ts] [Ks]
Iezamu: checks 
1jorik1: bets $0.07
Iezamu: folds 
Uncalled bet ($0.07) returned to 1jorik1
1jorik1 collected $0.15 from pot
1jorik1: doesn't show hand 
*** SUMMARY ***
Total pot $0.16 | Rake $0.01 
Board [Tc Jc Ts Ks]
Seat 1: BrenoVns (big blind) folded on the Flop
Seat 2: ard1tm folded before Flop (didn't bet)
Seat 5: Sr.Benitez448 folded before Flop (didn't bet)
Seat 6: Dorex2007 folded before Flop (didn't bet)
Seat 7: Iezamu folded on the Turn
Seat 8: 1jorik1 (button) collected ($0.15)
Seat 9: realmadrid18win (small blind) folded on the Flop



PokerStars Hand #238033624183:  Hold'em No Limit ($0.01/$0.02 USD) - 2022/08/16 15:01:30 PT [2022/08/16 18:01:30 ET]
Table 'Hela III' 9-max Seat #9 is the button
Seat 1: BrenoVns ($2.82 in chips) 
Seat 2: ard1tm ($2.02 in chips) 
Seat 5: Sr.Benitez448 ($4.53 in chips) 
Seat 6: Dorex2007 ($2.22 in chips) 
Seat 7: Iezamu ($5.63 in chips) 
Seat 8: 1jorik1 ($1.75 in chips) 
Seat 9: realmadrid18win ($0.71 in chips) 
BrenoVns: posts small blind $0.01
ard1tm: posts big blind $0.02
*** HOLE CARDS ***
Dealt to Dorex2007 [Ks 6h]
Sr.Benitez448: calls $0.02
Dorex2007: folds 
Iezamu: folds 
1jorik1: folds 
LHorlock97 joins the table at seat #4 
realmadrid18win: folds 
BrenoVns: folds 
ard1tm: checks 
*** FLOP *** [Kh 3h 2c]
ard1tm: checks 
Sr.Benitez448: bets $0.05
ard1tm: folds 
Uncalled bet ($0.05) returned to Sr.Benitez448
Sr.Benitez448 collected $0.05 from pot
*** SUMMARY ***
Total pot $0.05 | Rake $0 
Board [Kh 3h 2c]
Seat 1: BrenoVns (small blind) folded before Flop
Seat 2: ard1tm (big blind) folded on the Flop
Seat 5: Sr.Benitez448 collected ($0.05)
Seat 6: Dorex2007 folded before Flop (didn't bet)
Seat 7: Iezamu folded before Flop (didn't bet)
Seat 8: 1jorik1 folded before Flop (didn't bet)
Seat 9: realmadrid18win (button) folded before Flop (didn't bet)



PokerStars Hand #238033644192:  Hold'em No Limit ($0.01/$0.02 USD) - 2022/08/16 15:02:10 PT [2022/08/16 18:02:10 ET]
Table 'Hela III' 9-max Seat #1 is the button
Seat 1: BrenoVns ($2.81 in chips) 
Seat 2: ard1tm ($2 in chips) 
Seat 4: LHorlock97 ($1.72 in chips) 
Seat 5: Sr.Benitez448 ($4.56 in chips) 
Seat 6: Dorex2007 ($2.22 in chips) 
Seat 7: Iezamu ($5.63 in chips) 
Seat 8: 1jorik1 ($1.75 in chips) 
Seat 9: realmadrid18win ($0.71 in chips) 
ard1tm: posts small blind $0.01
LHorlock97: posts big blind $0.02
*** HOLE CARDS ***
Dealt to Dorex2007 [3d 2d]
Sr.Benitez448: calls $0.02
Dorex2007: folds 
Iezamu: folds 
1jorik1: folds 
realmadrid18win: folds 
BrenoVns: folds 
ard1tm: folds 
LHorlock97: checks 
*** FLOP *** [9h Ks Js]
LHorlock97: checks 
Sr.Benitez448: bets $0.05
LHorlock97: folds 
Uncalled bet ($0.05) returned to Sr.Benitez448
Sr.Benitez448 collected $0.05 from pot
*** SUMMARY ***
Total pot $0.05 | Rake $0 
Board [9h Ks Js]
Seat 1: BrenoVns (button) folded before Flop (didn't bet)
Seat 2: ard1tm (small blind) folded before Flop
Seat 4: LHorlock97 (big blind) folded on the Flop
Seat 5: Sr.Benitez448 collected ($0.05)
Seat 6: Dorex2007 folded before Flop (didn't bet)
Seat 7: Iezamu folded before Flop (didn't bet)
Seat 8: 1jorik1 folded before Flop (didn't bet)
Seat 9: realmadrid18win folded before Flop (didn't bet)



PokerStars Hand #238033655477:  Hold'em No Limit ($0.01/$0.02 USD) - 2022/08/16 15:02:44 PT [2022/08/16 18:02:44 ET]
Table 'Hela III' 9-max Seat #2 is the button
Seat 1: BrenoVns ($2.81 in chips) 
Seat 2: ard1tm ($2 in chips) 
Seat 4: LHorlock97 ($1.70 in chips) 
Seat 5: Sr.Benitez448 ($4.59 in chips) 
Seat 6: Dorex2007 ($2.22 in chips) 
Seat 7: Iezamu ($5.63 in chips) 
Seat 8: 1jorik1 ($1.75 in chips) 
Seat 9: realmadrid18win ($0.71 in chips) 
LHorlock97: posts small blind $0.01
Sr.Benitez448: posts big blind $0.02
*** HOLE CARDS ***
Dealt to Dorex2007 [Qc Kh]
Dorex2007: calls $0.02
Iezamu: calls $0.02
1jorik1: folds 
realmadrid18win: folds 
BrenoVns: folds 
ard1tm: folds 
LHorlock97: calls $0.01
Sr.Benitez448: checks 
*** FLOP *** [Ad 7c 5s]
LHorlock97: bets $0.02
Sr.Benitez448: folds 
Dorex2007: folds 
Iezamu: calls $0.02
*** TURN *** [Ad 7c 5s] [Jd]
LHorlock97: checks 
Iezamu: bets $0.06
LHorlock97: calls $0.06
*** RIVER *** [Ad 7c 5s Jd] [Ac]
LHorlock97: bets $0.70
Iezamu: folds 
Uncalled bet ($0.70) returned to LHorlock97
LHorlock97 collected $0.23 from pot
*** SUMMARY ***
Total pot $0.24 | Rake $0.01 
Board [Ad 7c 5s Jd Ac]
Seat 1: BrenoVns folded before Flop (didn't bet)
Seat 2: ard1tm (button) folded before Flop (didn't bet)
Seat 4: LHorlock97 (small blind) collected ($0.23)
Seat 5: Sr.Benitez448 (big blind) folded on the Flop
Seat 6: Dorex2007 folded on the Flop
Seat 7: Iezamu folded on the River
Seat 8: 1jorik1 folded before Flop (didn't bet)
Seat 9: realmadrid18win folded before Flop (didn't bet)



PokerStars Hand #238033680414:  Hold'em No Limit ($0.01/$0.02 USD) - 2022/08/16 15:03:57 PT [2022/08/16 18:03:57 ET]
Table 'Hela III' 9-max Seat #4 is the button
Seat 1: BrenoVns ($2.81 in chips) 
Seat 2: ard1tm ($2 in chips) 
Seat 4: LHorlock97 ($1.83 in chips) 
Seat 5: Sr.Benitez448 ($4.57 in chips) 
Seat 6: Dorex2007 ($2.20 in chips) 
Seat 7: Iezamu ($5.53 in chips) 
Seat 8: 1jorik1 ($1.75 in chips) 
Seat 9: realmadrid18win ($0.71 in chips) 
Sr.Benitez448: posts small blind $0.01
Dorex2007: posts big blind $0.02
*** HOLE CARDS ***
Dealt to Dorex2007 [Js 7c]
Iezamu: calls $0.02
1jorik1: folds 
realmadrid18win: folds 
BrenoVns: folds 
ard1tm: raises $0.12 to $0.14
LHorlock97: folds 
Sr.Benitez448: folds 
Dorex2007: folds 
Iezamu: raises $5.39 to $5.53 and is all-in
ard1tm: folds 
Uncalled bet ($5.39) returned to Iezamu
Iezamu collected $0.31 from pot
*** SUMMARY ***
Total pot $0.31 | Rake $0 
Seat 1: BrenoVns folded before Flop (didn't bet)
Seat 2: ard1tm folded before Flop
Seat 4: LHorlock97 (button) folded before Flop (didn't bet)
Seat 5: Sr.Benitez448 (small blind) folded before Flop
Seat 6: Dorex2007 (big blind) folded before Flop
Seat 7: Iezamu collected ($0.31)
Seat 8: 1jorik1 folded before Flop (didn't bet)
Seat 9: realmadrid18win folded before Flop (didn't bet)



PokerStars Hand #238033701349:  Hold'em No Limit ($0.01/$0.02 USD) - 2022/08/16 15:04:30 PT [2022/08/16 18:04:30 ET]
Table 'Hela III' 9-max Seat #5 is the button
Seat 1: BrenoVns ($2.81 in chips) 
Seat 2: ard1tm ($2 in chips) 
Seat 4: LHorlock97 ($1.83 in chips) 
Seat 5: Sr.Benitez448 ($4.56 in chips) 
Seat 6: Dorex2007 ($2.18 in chips) 
Seat 7: Iezamu ($5.70 in chips) 
Seat 8: 1jorik1 ($1.75 in chips) 
Seat 9: realmadrid18win ($0.71 in chips) 
Dorex2007: posts small blind $0.01
Iezamu: posts big blind $0.02
*** HOLE CARDS ***
Dealt to Dorex2007 [Jh 3d]
1jorik1: folds 
realmadrid18win: folds 
BrenoVns: raises $0.03 to $0.05
ard1tm: folds 
LHorlock97: calls $0.05
Sr.Benitez448: folds 
Dorex2007: folds 
Iezamu: calls $0.03
*** FLOP *** [3c 3s 2s]
Iezamu: checks 
BrenoVns: checks 
LHorlock97: checks 
*** TURN *** [3c 3s 2s] [Kc]
Iezamu: checks 
BrenoVns: bets $0.11
LHorlock97: folds 
Iezamu: folds 
Uncalled bet ($0.11) returned to BrenoVns
BrenoVns collected $0.15 from pot
BrenoVns: doesn't show hand 
*** SUMMARY ***
Total pot $0.16 | Rake $0.01 
Board [3c 3s 2s Kc]
Seat 1: BrenoVns collected ($0.15)
Seat 2: ard1tm folded before Flop (didn't bet)
Seat 4: LHorlock97 folded on the Turn
Seat 5: Sr.Benitez448 (button) folded before Flop (didn't bet)
Seat 6: Dorex2007 (small blind) folded before Flop
Seat 7: Iezamu (big blind) folded on the Turn
Seat 8: 1jorik1 folded before Flop (didn't bet)
Seat 9: realmadrid18win folded before Flop (didn't bet)



PokerStars Hand #238033717260:  Hold'em No Limit ($0.01/$0.02 USD) - 2022/08/16 15:05:16 PT [2022/08/16 18:05:16 ET]
Table 'Hela III' 9-max Seat #6 is the button
Seat 1: BrenoVns ($2.91 in chips) 
Seat 2: ard1tm ($2 in chips) 
Seat 4: LHorlock97 ($1.78 in chips) 
Seat 5: Sr.Benitez448 ($4.56 in chips) 
Seat 6: Dorex2007 ($2.17 in chips) 
Seat 7: Iezamu ($5.65 in chips) 
Seat 8: 1jorik1 ($1.75 in chips) 
Seat 9: realmadrid18win ($0.71 in chips) 
Iezamu: posts small blind $0.01
1jorik1: posts big blind $0.02
kintail: sits out 
*** HOLE CARDS ***
Dealt to Dorex2007 [5d 6d]
realmadrid18win: folds 
BrenoVns: folds 
ard1tm: folds 
LHorlock97: calls $0.02
Sr.Benitez448: raises $0.07 to $0.09
Dorex2007: folds 
Iezamu: folds 
1jorik1: folds 
LHorlock97: calls $0.07
*** FLOP *** [4s 7d 3c]
LHorlock97: bets $0.02
Sr.Benitez448: raises $0.24 to $0.26
LHorlock97: calls $0.24
*** TURN *** [4s 7d 3c] [Ts]
LHorlock97: bets $0.88
Sr.Benitez448: calls $0.88
*** RIVER *** [4s 7d 3c Ts] [Ad]
LHorlock97: bets $0.55 and is all-in
Sr.Benitez448: calls $0.55
*** SHOW DOWN ***
LHorlock97: shows [Ac As] (three of a kind, Aces)
Sr.Benitez448: shows [Qh Qd] (a pair of Queens)
LHorlock97 collected $3.46 from pot
*** SUMMARY ***
Total pot $3.59 | Rake $0.13 
Board [4s 7d 3c Ts Ad]
Seat 1: BrenoVns folded before Flop (didn't bet)
Seat 2: ard1tm folded before Flop (didn't bet)
Seat 4: LHorlock97 showed [Ac As] and won ($3.46) with three of a kind, Aces
Seat 5: Sr.Benitez448 showed [Qh Qd] and lost with a pair of Queens
Seat 6: Dorex2007 (button) folded before Flop (didn't bet)
Seat 7: Iezamu (small blind) folded before Flop
Seat 8: 1jorik1 (big blind) folded before Flop
Seat 9: realmadrid18win folded before Flop (didn't bet)



PokerStars Hand #238033739014:  Hold'em No Limit ($0.01/$0.02 USD) - 2022/08/16 15:06:20 PT [2022/08/16 18:06:20 ET]
Table 'Hela III' 9-max Seat #7 is the button
Seat 1: BrenoVns ($2.91 in chips) 
Seat 2: ard1tm ($2 in chips) 
Seat 4: LHorlock97 ($3.46 in chips) 
Seat 5: Sr.Benitez448 ($2.78 in chips) 
Seat 6: Dorex2007 ($2.17 in chips) 
Seat 7: Iezamu ($5.64 in chips) 
Seat 8: 1jorik1 ($1.73 in chips) 
Seat 9: realmadrid18win ($0.71 in chips) 
1jorik1: posts small blind $0.01
realmadrid18win: posts big blind $0.02
kintail: sits out 
*** HOLE CARDS ***
Dealt to Dorex2007 [Kd 9h]
BrenoVns: folds 
ard1tm: folds 
LHorlock97: calls $0.02
Sr.Benitez448: folds 
Dorex2007: folds 
Iezamu: calls $0.02
1jorik1: folds 
realmadrid18win: checks 
*** FLOP *** [9d Ad As]
realmadrid18win: checks 
LHorlock97: checks 
Iezamu: bets $0.07
realmadrid18win: folds 
LHorlock97: folds 
Uncalled bet ($0.07) returned to Iezamu
Iezamu collected $0.07 from pot
*** SUMMARY ***
Total pot $0.07 | Rake $0 
Board [9d Ad As]
Seat 1: BrenoVns folded before Flop (didn't bet)
Seat 2: ard1tm folded before Flop (didn't bet)
Seat 4: LHorlock97 folded on the Flop
Seat 5: Sr.Benitez448 folded before Flop (didn't bet)
Seat 6: Dorex2007 folded before Flop (didn't bet)
Seat 7: Iezamu (button) collected ($0.07)
Seat 8: 1jorik1 (small blind) folded before Flop
Seat 9: realmadrid18win (big blind) folded on the Flop



PokerStars Hand #238033752369:  Hold'em No Limit ($0.01/$0.02 USD) - 2022/08/16 15:06:59 PT [2022/08/16 18:06:59 ET]
Table 'Hela III' 9-max Seat #8 is the button
Seat 1: BrenoVns ($2.91 in chips) 
Seat 2: ard1tm ($2 in chips) 
Seat 4: LHorlock97 ($3.44 in chips) 
Seat 5: Sr.Benitez448 ($2.78 in chips) 
Seat 6: Dorex2007 ($2.17 in chips) 
Seat 7: Iezamu ($5.69 in chips) 
Seat 8: 1jorik1 ($1.72 in chips) 
Seat 9: realmadrid18win ($0.69 in chips) 
realmadrid18win: posts small blind $0.01
BrenoVns: posts big blind $0.02
kintail: sits out 
*** HOLE CARDS ***
Dealt to Dorex2007 [Ac 8s]
ard1tm has timed out
ard1tm: folds 
LHorlock97: calls $0.02
Sr.Benitez448: raises $2.76 to $2.78 and is all-in
Dorex2007: folds 
Iezamu: folds 
1jorik1: folds 
realmadrid18win: folds 
BrenoVns: folds 
LHorlock97: folds 
Uncalled bet ($2.76) returned to Sr.Benitez448
Sr.Benitez448 collected $0.07 from pot
*** SUMMARY ***
Total pot $0.07 | Rake $0 
Seat 1: BrenoVns (big blind) folded before Flop
Seat 2: ard1tm folded before Flop (didn't bet)
Seat 4: LHorlock97 folded before Flop
Seat 5: Sr.Benitez448 collected ($0.07)
Seat 6: Dorex2007 folded before Flop (didn't bet)
Seat 7: Iezamu folded before Flop (didn't bet)
Seat 8: 1jorik1 (button) folded before Flop (didn't bet)
Seat 9: realmadrid18win (small blind) folded before Flop



PokerStars Hand #238033763514:  Hold'em No Limit ($0.01/$0.02 USD) - 2022/08/16 15:07:32 PT [2022/08/16 18:07:32 ET]
Table 'Hela III' 9-max Seat #9 is the button
Seat 1: BrenoVns ($2.89 in chips) 
Seat 2: ard1tm ($2 in chips) 
Seat 4: LHorlock97 ($3.42 in chips) 
Seat 5: Sr.Benitez448 ($2.83 in chips) 
Seat 6: Dorex2007 ($2.17 in chips) 
Seat 7: Iezamu ($5.69 in chips) 
Seat 8: 1jorik1 ($1.72 in chips) 
Seat 9: realmadrid18win ($0.68 in chips) 
BrenoVns: posts small blind $0.01
ard1tm: posts big blind $0.02
kintail: sits out 
*** HOLE CARDS ***
Dealt to Dorex2007 [7d 9c]
LHorlock97: folds 
Sr.Benitez448: folds 
Dorex2007: folds 
Iezamu: calls $0.02
1jorik1 has timed out
1jorik1: folds 
realmadrid18win: calls $0.02
BrenoVns: folds 
ard1tm: checks 
*** FLOP *** [2s Jd Kd]
ard1tm: checks 
Iezamu: checks 
realmadrid18win: bets $0.08
ard1tm: folds 
Iezamu: folds 
Uncalled bet ($0.08) returned to realmadrid18win
realmadrid18win collected $0.07 from pot
realmadrid18win: doesn't show hand 
*** SUMMARY ***
Total pot $0.07 | Rake $0 
Board [2s Jd Kd]
Seat 1: BrenoVns (small blind) folded before Flop
Seat 2: ard1tm (big blind) folded on the Flop
Seat 4: LHorlock97 folded before Flop (didn't bet)
Seat 5: Sr.Benitez448 folded before Flop (didn't bet)
Seat 6: Dorex2007 folded before Flop (didn't bet)
Seat 7: Iezamu folded on the Flop
Seat 8: 1jorik1 folded before Flop (didn't bet)
Seat 9: realmadrid18win (button) collected ($0.07)



PokerStars Hand #238033781481:  Hold'em No Limit ($0.01/$0.02 USD) - 2022/08/16 15:08:26 PT [2022/08/16 18:08:26 ET]
Table 'Hela III' 9-max Seat #1 is the button
Seat 1: BrenoVns ($2.88 in chips) 
Seat 2: ard1tm ($2 in chips) 
Seat 3: kintail ($1.46 in chips) 
Seat 4: LHorlock97 ($3.42 in chips) 
Seat 5: Sr.Benitez448 ($2.83 in chips) 
Seat 6: Dorex2007 ($2.17 in chips) 
Seat 7: Iezamu ($5.67 in chips) 
Seat 8: 1jorik1 ($1.72 in chips) 
Seat 9: realmadrid18win ($0.73 in chips) 
ard1tm: posts small blind $0.01
kintail: posts big blind $0.02
*** HOLE CARDS ***
Dealt to Dorex2007 [7s Ah]
LHorlock97: calls $0.02
Sr.Benitez448: folds 
Dorex2007: folds 
Iezamu: raises $0.04 to $0.06
1jorik1: folds 
realmadrid18win: folds 
BrenoVns: folds 
ard1tm: calls $0.05
kintail: calls $0.04
LHorlock97: calls $0.04
*** FLOP *** [Kd 6s Qs]
ard1tm: checks 
kintail: checks 
LHorlock97: checks 
Iezamu: bets $0.11
ard1tm: folds 
kintail: folds 
LHorlock97: calls $0.11
*** TURN *** [Kd 6s Qs] [Ac]
LHorlock97: bets $0.02
Iezamu: calls $0.02
*** RIVER *** [Kd 6s Qs Ac] [6d]
LHorlock97: bets $0.02
Iezamu: calls $0.02
*** SHOW DOWN ***
LHorlock97: shows [Ks 5h] (two pair, Kings and Sixes)
Iezamu: mucks hand 
LHorlock97 collected $0.52 from pot
*** SUMMARY ***
Total pot $0.54 | Rake $0.02 
Board [Kd 6s Qs Ac 6d]
Seat 1: BrenoVns (button) folded before Flop (didn't bet)
Seat 2: ard1tm (small blind) folded on the Flop
Seat 3: kintail (big blind) folded on the Flop
Seat 4: LHorlock97 showed [Ks 5h] and won ($0.52) with two pair, Kings and Sixes
Seat 5: Sr.Benitez448 folded before Flop (didn't bet)
Seat 6: Dorex2007 folded before Flop (didn't bet)
Seat 7: Iezamu mucked [Ts Th]
Seat 8: 1jorik1 folded before Flop (didn't bet)
Seat 9: realmadrid18win folded before Flop (didn't bet)



PokerStars Hand #238033806419:  Hold'em No Limit ($0.01/$0.02 USD) - 2022/08/16 15:09:40 PT [2022/08/16 18:09:40 ET]
Table 'Hela III' 9-max Seat #2 is the button
Seat 1: BrenoVns ($2.88 in chips) 
Seat 2: ard1tm ($2 in chips) 
Seat 3: kintail ($1.40 in chips) 
Seat 4: LHorlock97 ($3.73 in chips) 
Seat 5: Sr.Benitez448 ($2.83 in chips) 
Seat 6: Dorex2007 ($2.17 in chips) 
Seat 7: Iezamu ($5.46 in chips) 
Seat 8: 1jorik1 ($1.72 in chips) 
Seat 9: realmadrid18win ($0.73 in chips) 
kintail: posts small blind $0.01
LHorlock97: posts big blind $0.02
*** HOLE CARDS ***
Dealt to Dorex2007 [8c Qc]
Sr.Benitez448: calls $0.02
Dorex2007: folds 
Iezamu: calls $0.02
1jorik1: folds 
realmadrid18win: calls $0.02
BrenoVns: folds 
ard1tm: raises $0.04 to $0.06
kintail: folds 
LHorlock97: folds 
Sr.Benitez448: calls $0.04
Iezamu: calls $0.04
realmadrid18win: calls $0.04
*** FLOP *** [9d 4s 7h]
Sr.Benitez448: checks 
Iezamu: checks 
realmadrid18win: checks 
ard1tm: bets $0.18
Sr.Benitez448: folds 
Iezamu: folds 
realmadrid18win: folds 
Uncalled bet ($0.18) returned to ard1tm
ard1tm collected $0.26 from pot
ard1tm: doesn't show hand 
*** SUMMARY ***
Total pot $0.27 | Rake $0.01 
Board [9d 4s 7h]
Seat 1: BrenoVns folded before Flop (didn't bet)
Seat 2: ard1tm (button) collected ($0.26)
Seat 3: kintail (small blind) folded before Flop
Seat 4: LHorlock97 (big blind) folded before Flop
Seat 5: Sr.Benitez448 folded on the Flop
Seat 6: Dorex2007 folded before Flop (didn't bet)
Seat 7: Iezamu folded on the Flop
Seat 8: 1jorik1 folded before Flop (didn't bet)
Seat 9: realmadrid18win folded on the Flop



PokerStars Hand #238033830311:  Hold'em No Limit ($0.01/$0.02 USD) - 2022/08/16 15:10:51 PT [2022/08/16 18:10:51 ET]
Table 'Hela III' 9-max Seat #3 is the button
Seat 1: BrenoVns ($2.88 in chips) 
Seat 2: ard1tm ($2.20 in chips) 
Seat 3: kintail ($1.39 in chips) 
Seat 4: LHorlock97 ($3.71 in chips) 
Seat 5: Sr.Benitez448 ($2.77 in chips) 
Seat 6: Dorex2007 ($2.17 in chips) 
Seat 7: Iezamu ($5.40 in chips) 
Seat 8: 1jorik1 ($1.72 in chips) 
Seat 9: realmadrid18win ($0.67 in chips) 
LHorlock97: posts small blind $0.01
Sr.Benitez448: posts big blind $0.02
*** HOLE CARDS ***
Dealt to Dorex2007 [8h 2d]
Dorex2007: folds 
Iezamu: folds 
1jorik1: folds 
realmadrid18win: raises $0.04 to $0.06
BrenoVns: folds 
ard1tm: folds 
kintail: folds 
LHorlock97: calls $0.05
Sr.Benitez448: folds 
*** FLOP *** [5s 2h 8s]
LHorlock97: checks 
realmadrid18win: bets $0.12
LHorlock97: calls $0.12
*** TURN *** [5s 2h 8s] [4h]
LHorlock97: checks 
realmadrid18win: checks 
*** RIVER *** [5s 2h 8s 4h] [9s]
LHorlock97: bets $0.84
realmadrid18win: folds 
Uncalled bet ($0.84) returned to LHorlock97
LHorlock97 collected $0.37 from pot
*** SUMMARY ***
Total pot $0.38 | Rake $0.01 
Board [5s 2h 8s 4h 9s]
Seat 1: BrenoVns folded before Flop (didn't bet)
Seat 2: ard1tm folded before Flop (didn't bet)
Seat 3: kintail (button) folded before Flop (didn't bet)
Seat 4: LHorlock97 (small blind) collected ($0.37)
Seat 5: Sr.Benitez448 (big blind) folded before Flop
Seat 6: Dorex2007 folded before Flop (didn't bet)
Seat 7: Iezamu folded before Flop (didn't bet)
Seat 8: 1jorik1 folded before Flop (didn't bet)
Seat 9: realmadrid18win folded on the River



PokerStars Hand #238033851265:  Hold'em No Limit ($0.01/$0.02 USD) - 2022/08/16 15:11:54 PT [2022/08/16 18:11:54 ET]
Table 'Hela III' 9-max Seat #4 is the button
Seat 1: BrenoVns ($2.88 in chips) 
Seat 2: ard1tm ($2.20 in chips) 
Seat 3: kintail ($1.39 in chips) 
Seat 4: LHorlock97 ($3.90 in chips) 
Seat 5: Sr.Benitez448 ($2.75 in chips) 
Seat 6: Dorex2007 ($2.17 in chips) 
Seat 7: Iezamu ($5.40 in chips) 
Seat 8: 1jorik1 ($1.72 in chips) 
Seat 9: realmadrid18win ($0.49 in chips) 
Sr.Benitez448: posts small blind $0.01
Dorex2007: posts big blind $0.02
*** HOLE CARDS ***
Dealt to Dorex2007 [7s 7d]
Iezamu: folds 
1jorik1: calls $0.02
realmadrid18win: folds 
BrenoVns: folds 
ard1tm: folds 
kintail: folds 
LHorlock97: calls $0.02
Sr.Benitez448: calls $0.01
Dorex2007: checks 
*** FLOP *** [Td 9d Ts]
Sr.Benitez448: bets $0.08
Dorex2007: folds 
1jorik1: folds 
LHorlock97: folds 
Uncalled bet ($0.08) returned to Sr.Benitez448
Sr.Benitez448 collected $0.08 from pot
*** SUMMARY ***
Total pot $0.08 | Rake $0 
Board [Td 9d Ts]
Seat 1: BrenoVns folded before Flop (didn't bet)
Seat 2: ard1tm folded before Flop (didn't bet)
Seat 3: kintail folded before Flop (didn't bet)
Seat 4: LHorlock97 (button) folded on the Flop
Seat 5: Sr.Benitez448 (small blind) collected ($0.08)
Seat 6: Dorex2007 (big blind) folded on the Flop
Seat 7: Iezamu folded before Flop (didn't bet)
Seat 8: 1jorik1 folded on the Flop
Seat 9: realmadrid18win folded before Flop (didn't bet)



PokerStars Hand #238033871719:  Hold'em No Limit ($0.01/$0.02 USD) - 2022/08/16 15:12:55 PT [2022/08/16 18:12:55 ET]
Table 'Hela III' 9-max Seat #5 is the button
Seat 1: BrenoVns ($2.88 in chips) 
Seat 2: ard1tm ($2.20 in chips) 
Seat 3: kintail ($1.39 in chips) 
Seat 4: LHorlock97 ($3.88 in chips) 
Seat 5: Sr.Benitez448 ($2.81 in chips) 
Seat 6: Dorex2007 ($2.15 in chips) 
Seat 7: Iezamu ($5.40 in chips) 
Seat 8: 1jorik1 ($1.70 in chips) 
Seat 9: realmadrid18win ($0.49 in chips) 
Dorex2007: posts small blind $0.01
Iezamu: posts big blind $0.02
*** HOLE CARDS ***
Dealt to Dorex2007 [Qc 3d]
1jorik1: folds 
realmadrid18win: folds 
BrenoVns: folds 
ard1tm: folds 
kintail: folds 
LHorlock97: calls $0.02
Sr.Benitez448: raises $0.07 to $0.09
Dorex2007: folds 
Iezamu: folds 
LHorlock97: calls $0.07
*** FLOP *** [8s 8d Ac]
LHorlock97: checks 
Sr.Benitez448: checks 
*** TURN *** [8s 8d Ac] [5h]
LHorlock97: checks 
Sr.Benitez448: checks 
*** RIVER *** [8s 8d Ac 5h] [7s]
LHorlock97: checks 
Sr.Benitez448: checks 
*** SHOW DOWN ***
LHorlock97: shows [Jh Ks] (a pair of Eights)
Sr.Benitez448: mucks hand 
LHorlock97 collected $0.20 from pot
*** SUMMARY ***
Total pot $0.21 | Rake $0.01 
Board [8s 8d Ac 5h 7s]
Seat 1: BrenoVns folded before Flop (didn't bet)
Seat 2: ard1tm folded before Flop (didn't bet)
Seat 3: kintail folded before Flop (didn't bet)
Seat 4: LHorlock97 showed [Jh Ks] and won ($0.20) with a pair of Eights
Seat 5: Sr.Benitez448 (button) mucked [Tc Jd]
Seat 6: Dorex2007 (small blind) folded before Flop
Seat 7: Iezamu (big blind) folded before Flop
Seat 8: 1jorik1 folded before Flop (didn't bet)
Seat 9: realmadrid18win folded before Flop (didn't bet)



PokerStars Hand #238033892173:  Hold'em No Limit ($0.01/$0.02 USD) - 2022/08/16 15:13:57 PT [2022/08/16 18:13:57 ET]
Table 'Hela III' 9-max Seat #6 is the button
Seat 1: BrenoVns ($2.88 in chips) 
Seat 2: ard1tm ($2.20 in chips) 
Seat 3: kintail ($1.39 in chips) 
Seat 4: LHorlock97 ($3.99 in chips) 
Seat 5: Sr.Benitez448 ($2.72 in chips) 
Seat 6: Dorex2007 ($2.14 in chips) 
Seat 7: Iezamu ($5.38 in chips) 
Seat 8: 1jorik1 ($1.70 in chips) 
Seat 9: realmadrid18win ($0.49 in chips) 
Iezamu: posts small blind $0.01
1jorik1: posts big blind $0.02
*** HOLE CARDS ***
Dealt to Dorex2007 [7c 4c]
realmadrid18win: folds 
BrenoVns: folds 
ard1tm: folds 
kintail: folds 
LHorlock97: calls $0.02
Sr.Benitez448: raises $0.07 to $0.09
Dorex2007: folds 
Iezamu: raises $5.29 to $5.38 and is all-in
1jorik1: folds 
LHorlock97: folds 
Sr.Benitez448: calls $2.63 and is all-in
Uncalled bet ($2.66) returned to Iezamu
*** FLOP *** [Ks 4s Ad]
*** TURN *** [Ks 4s Ad] [2h]
*** RIVER *** [Ks 4s Ad 2h] [Jd]
*** SHOW DOWN ***
Iezamu: shows [Qd Qc] (a pair of Queens)
Sr.Benitez448: shows [Kh Kd] (three of a kind, Kings)
Sr.Benitez448 cashed out the hand for $4.29 | Cash Out Fee $0.04
*** SUMMARY ***
Total pot $5.48 | Rake $0.19 
Board [Ks 4s Ad 2h Jd]
Seat 1: BrenoVns folded before Flop (didn't bet)
Seat 2: ard1tm folded before Flop (didn't bet)
Seat 3: kintail folded before Flop (didn't bet)
Seat 4: LHorlock97 folded before Flop
Seat 5: Sr.Benitez448 showed [Kh Kd] and won ($5.29) with three of a kind, Kings (pot not awarded as player cashed out)
Seat 6: Dorex2007 (button) folded before Flop (didn't bet)
Seat 7: Iezamu (small blind) showed [Qd Qc] and lost with a pair of Queens
Seat 8: 1jorik1 (big blind) folded before Flop
Seat 9: realmadrid18win folded before Flop (didn't bet)



PokerStars Hand #238033906352:  Hold'em No Limit ($0.01/$0.02 USD) - 2022/08/16 15:14:39 PT [2022/08/16 18:14:39 ET]
Table 'Hela III' 9-max Seat #7 is the button
Seat 1: BrenoVns ($2.88 in chips) 
Seat 2: ard1tm ($2.20 in chips) 
Seat 3: kintail ($1.39 in chips) 
Seat 4: LHorlock97 ($3.97 in chips) 
Seat 5: Sr.Benitez448 ($4.29 in chips) 
Seat 6: Dorex2007 ($2.14 in chips) 
Seat 7: Iezamu ($2.66 in chips) 
Seat 8: 1jorik1 ($1.68 in chips) 
Seat 9: realmadrid18win ($0.49 in chips) 
1jorik1: posts small blind $0.01
realmadrid18win: posts big blind $0.02
*** HOLE CARDS ***
Dealt to Dorex2007 [6h Js]
BrenoVns: folds 
ard1tm: folds 
kintail: folds 
LHorlock97: calls $0.02
Sr.Benitez448: calls $0.02
Dorex2007: folds 
Iezamu: calls $0.02
1jorik1: folds 
realmadrid18win: checks 
*** FLOP *** [Th 3c 7h]
realmadrid18win: checks 
LHorlock97: checks 
Sr.Benitez448: bets $0.09
Iezamu: folds 
realmadrid18win: calls $0.09
LHorlock97: calls $0.09
*** TURN *** [Th 3c 7h] [Td]
realmadrid18win: checks 
LHorlock97: checks 
Sr.Benitez448: bets $0.17
realmadrid18win: raises $0.21 to $0.38 and is all-in
LHorlock97: folds 
Sr.Benitez448: calls $0.21
*** RIVER *** [Th 3c 7h Td] [8s]
*** SHOW DOWN ***
realmadrid18win: shows [Ts Kc] (three of a kind, Tens)
Sr.Benitez448: shows [8c 9h] (two pair, Tens and Eights)
realmadrid18win cashed out the hand for $0.88 | Cash Out Fee $0.01
*** SUMMARY ***
Total pot $1.12 | Rake $0.04 
Board [Th 3c 7h Td 8s]
Seat 1: BrenoVns folded before Flop (didn't bet)
Seat 2: ard1tm folded before Flop (didn't bet)
Seat 3: kintail folded before Flop (didn't bet)
Seat 4: LHorlock97 folded on the Turn
Seat 5: Sr.Benitez448 showed [8c 9h] and lost with two pair, Tens and Eights
Seat 6: Dorex2007 folded before Flop (didn't bet)
Seat 7: Iezamu (button) folded on the Flop
Seat 8: 1jorik1 (small blind) folded before Flop
Seat 9: realmadrid18win (big blind) showed [Ts Kc] and won ($1.08) with three of a kind, Tens (pot not awarded as player cashed out)



PokerStars Hand #238033930313:  Hold'em No Limit ($0.01/$0.02 USD) - 2022/08/16 15:15:52 PT [2022/08/16 18:15:52 ET]
Table 'Hela III' 9-max Seat #8 is the button
Seat 1: BrenoVns ($2.88 in chips) 
Seat 2: ard1tm ($2.20 in chips) 
Seat 3: kintail ($1.39 in chips) 
Seat 4: LHorlock97 ($3.86 in chips) 
Seat 5: Sr.Benitez448 ($3.80 in chips) 
Seat 6: Dorex2007 ($2.14 in chips) 
Seat 7: Iezamu ($2.64 in chips) 
Seat 8: 1jorik1 ($1.67 in chips) 
Seat 9: realmadrid18win ($0.88 in chips) 
realmadrid18win: posts small blind $0.01
BrenoVns: posts big blind $0.02
*** HOLE CARDS ***
Dealt to Dorex2007 [Jh 4d]
ard1tm: folds 
kintail: folds 
LHorlock97: calls $0.02
Sr.Benitez448: raises $0.07 to $0.09
Dorex2007: folds 
Iezamu: calls $0.09
1jorik1: calls $0.09
realmadrid18win: folds 
BrenoVns: folds 
LHorlock97: calls $0.07
*** FLOP *** [Ks 8s 3c]
LHorlock97: checks 
Sr.Benitez448: bets $3.71 and is all-in
Iezamu: calls $2.55 and is all-in
1jorik1: calls $1.58 and is all-in
LHorlock97: folds 
Uncalled bet ($1.16) returned to Sr.Benitez448
*** TURN *** [Ks 8s 3c] [2h]
*** RIVER *** [Ks 8s 3c 2h] [9s]
*** SHOW DOWN ***
Sr.Benitez448: shows [3d 8d] (two pair, Eights and Threes)
Iezamu: shows [Tc Kc] (a pair of Kings)
1jorik1: shows [6s Js] (a flush, King high)
1jorik1 collected $4.95 from main pot
Sr.Benitez448 cashed out the hand for $3.65 | Cash Out Fee $0.04
*** SUMMARY ***
Total pot $7.07 Main pot $4.95. Side pot $1.87. | Rake $0.25 
Board [Ks 8s 3c 2h 9s]
Seat 1: BrenoVns (big blind) folded before Flop
Seat 2: ard1tm folded before Flop (didn't bet)
Seat 3: kintail folded before Flop (didn't bet)
Seat 4: LHorlock97 folded on the Flop
Seat 5: Sr.Benitez448 showed [3d 8d] and won ($1.87) with two pair, Eights and Threes (pot not awarded as player cashed out)
Seat 6: Dorex2007 folded before Flop (didn't bet)
Seat 7: Iezamu showed [Tc Kc] and lost with a pair of Kings
Seat 8: 1jorik1 (button) showed [6s Js] and won ($4.95) with a flush, King high
Seat 9: realmadrid18win (small blind) folded before Flop



PokerStars Hand #238033949761:  Hold'em No Limit ($0.01/$0.02 USD) - 2022/08/16 15:16:52 PT [2022/08/16 18:16:52 ET]
Table 'Hela III' 9-max Seat #9 is the button
Seat 1: BrenoVns ($2.86 in chips) 
Seat 2: ard1tm ($2.20 in chips) 
Seat 3: kintail ($1.39 in chips) 
Seat 4: LHorlock97 ($3.77 in chips) 
Seat 5: Sr.Benitez448 ($4.81 in chips) 
Seat 6: Dorex2007 ($2.14 in chips) 
Seat 8: 1jorik1 ($4.95 in chips) 
Seat 9: realmadrid18win ($0.87 in chips) 
BrenoVns: posts small blind $0.01
ard1tm: posts big blind $0.02
*** HOLE CARDS ***
Dealt to Dorex2007 [7s 9s]
kintail: folds 
LHorlock97: calls $0.02
Iezamu leaves the table
Sr.Benitez448 has timed out
Sr.Benitez448: folds 
Dorex2007: folds 
1jorik1: folds 
realmadrid18win: calls $0.02
BrenoVns: folds 
ard1tm: checks 
*** FLOP *** [5h 8s Jh]
ard1tm: checks 
LHorlock97: checks 
gelson502 joins the table at seat #7 
realmadrid18win: checks 
*** TURN *** [5h 8s Jh] [8d]
ard1tm: checks 
LHorlock97: checks 
realmadrid18win: checks 
*** RIVER *** [5h 8s Jh 8d] [9c]
ard1tm: checks 
LHorlock97: checks 
realmadrid18win: checks 
*** SHOW DOWN ***
ard1tm: shows [5s Qh] (two pair, Eights and Fives)
LHorlock97: mucks hand 
realmadrid18win: mucks hand 
ard1tm collected $0.07 from pot
*** SUMMARY ***
Total pot $0.07 | Rake $0 
Board [5h 8s Jh 8d 9c]
Seat 1: BrenoVns (small blind) folded before Flop
Seat 2: ard1tm (big blind) showed [5s Qh] and won ($0.07) with two pair, Eights and Fives
Seat 3: kintail folded before Flop (didn't bet)
Seat 4: LHorlock97 mucked [2d 7d]
Seat 5: Sr.Benitez448 folded before Flop (didn't bet)
Seat 6: Dorex2007 folded before Flop (didn't bet)
Seat 8: 1jorik1 folded before Flop (didn't bet)
Seat 9: realmadrid18win (button) mucked [Ts Ac]



PokerStars Hand #238033970407:  Hold'em No Limit ($0.01/$0.02 USD) - 2022/08/16 15:17:56 PT [2022/08/16 18:17:56 ET]
Table 'Hela III' 9-max Seat #1 is the button
Seat 1: BrenoVns ($2.85 in chips) 
Seat 2: ard1tm ($2.25 in chips) 
Seat 3: kintail ($1.39 in chips) 
Seat 4: LHorlock97 ($3.75 in chips) 
Seat 5: Sr.Benitez448 ($4.81 in chips) 
Seat 6: Dorex2007 ($2.14 in chips) 
Seat 7: gelson502 ($0.80 in chips) 
Seat 8: 1jorik1 ($4.95 in chips) 
Seat 9: realmadrid18win ($0.85 in chips) 
ard1tm: posts small blind $0.01
kintail: posts big blind $0.02
gelson502: posts big blind $0.02
*** HOLE CARDS ***
Dealt to Dorex2007 [6h Ah]
LHorlock97: calls $0.02
Sr.Benitez448: folds 
Dorex2007: folds 
gelson502: checks 
1jorik1: folds 
realmadrid18win: folds 
BrenoVns: folds 
ard1tm: folds 
kintail: checks 
*** FLOP *** [Ts 5c Jh]
kintail: checks 
LHorlock97: checks 
gelson502: bets $0.07
kintail: folds 
LHorlock97: calls $0.07
*** TURN *** [Ts 5c Jh] [Kh]
LHorlock97: checks 
gelson502: bets $0.14
LHorlock97: calls $0.14
*** RIVER *** [Ts 5c Jh Kh] [Kc]
LHorlock97: checks 
Sr.Benitez448 leaves the table
gelson502: bets $0.27
LHorlock97: folds 
Uncalled bet ($0.27) returned to gelson502
gelson502 collected $0.47 from pot
*** SUMMARY ***
Total pot $0.49 | Rake $0.02 
Board [Ts 5c Jh Kh Kc]
Seat 1: BrenoVns (button) folded before Flop (didn't bet)
Seat 2: ard1tm (small blind) folded before Flop
Seat 3: kintail (big blind) folded on the Flop
Seat 4: LHorlock97 folded on the River
Seat 5: Sr.Benitez448 folded before Flop (didn't bet)
Seat 6: Dorex2007 folded before Flop (didn't bet)
Seat 7: gelson502 collected ($0.47)
Seat 8: 1jorik1 folded before Flop (didn't bet)
Seat 9: realmadrid18win folded before Flop (didn't bet)



PokerStars Hand #238033992777:  Hold'em No Limit ($0.01/$0.02 USD) - 2022/08/16 15:19:06 PT [2022/08/16 18:19:06 ET]
Table 'Hela III' 9-max Seat #2 is the button
Seat 1: BrenoVns ($2.85 in chips) 
Seat 2: ard1tm ($2.24 in chips) 
Seat 3: kintail ($1.37 in chips) 
Seat 4: LHorlock97 ($3.52 in chips) 
Seat 6: Dorex2007 ($2.14 in chips) 
Seat 7: gelson502 ($1.04 in chips) 
Seat 8: 1jorik1 ($4.95 in chips) 
Seat 9: realmadrid18win ($0.85 in chips) 
kintail: posts small blind $0.01
LHorlock97: posts big blind $0.02
*** HOLE CARDS ***
Dealt to Dorex2007 [3s 2d]
Dorex2007: folds 
gelson502: raises $0.02 to $0.04
1jorik1: folds 
realmadrid18win: folds 
BrenoVns: folds 
shunysun68 joins the table at seat #5 
ard1tm: raises $0.24 to $0.28
kintail: folds 
LHorlock97: folds 
gelson502: folds 
Uncalled bet ($0.24) returned to ard1tm
ard1tm collected $0.11 from pot
ard1tm: doesn't show hand 
*** SUMMARY ***
Total pot $0.11 | Rake $0 
Seat 1: BrenoVns folded before Flop (didn't bet)
Seat 2: ard1tm (button) collected ($0.11)
Seat 3: kintail (small blind) folded before Flop
Seat 4: LHorlock97 (big blind) folded before Flop
Seat 6: Dorex2007 folded before Flop (didn't bet)
Seat 7: gelson502 folded before Flop
Seat 8: 1jorik1 folded before Flop (didn't bet)
Seat 9: realmadrid18win folded before Flop (didn't bet)



