PokerStars Hand #237032851757:  Hold'em No Limit ($0.01/$0.02 USD) - 2022/06/27 21:47:27 PT [2022/06/28 0:47:27 ET]
Table 'Acamas' 9-max Seat #6 is the button
Seat 3: Tobiz89 ($2 in chips) 
Seat 4: SavageIndian666 ($1.32 in chips) 
Seat 5: Dorex2007 ($2 in chips) 
Seat 6: dhabiles52 ($2 in chips) 
Seat 7: frankylane ($1.70 in chips) 
Seat 8: wallanluan ($5.18 in chips) 
Seat 9: lelya-sheva ($2.66 in chips) 
frankylane: posts small blind $0.01
wallanluan: posts big blind $0.02
Stefan111161: sits out 
Dorex2007: posts big blind $0.02
*** HOLE CARDS ***
Dealt to Dorex2007 [3h Ah]
lelya-sheva: folds 
Tobiz89: folds 
SavageIndian666: calls $0.02
Dorex2007: checks 
dhabiles52: folds 
frankylane: calls $0.01
wallanluan: checks 
*** FLOP *** [2s 8d 8c]
frankylane: checks 
wallanluan: checks 
SavageIndian666: checks 
Dorex2007: checks 
*** TURN *** [2s 8d 8c] [As]
frankylane: checks 
wallanluan: checks 
SavageIndian666: checks 
Dorex2007: checks 
*** RIVER *** [2s 8d 8c As] [2c]
frankylane: bets $0.02
wallanluan: calls $0.02
SavageIndian666: folds 
Dorex2007: calls $0.02
*** SHOW DOWN ***
frankylane: shows [2h 4h] (a full house, Deuces full of Eights)
wallanluan: mucks hand 
Dorex2007: mucks hand 
frankylane collected $0.14 from pot
*** SUMMARY ***
Total pot $0.14 | Rake $0 
Board [2s 8d 8c As 2c]
Seat 3: Tobiz89 folded before Flop (didn't bet)
Seat 4: SavageIndian666 folded on the River
Seat 5: Dorex2007 mucked [3h Ah]
Seat 6: dhabiles52 (button) folded before Flop (didn't bet)
Seat 7: frankylane (small blind) showed [2h 4h] and won ($0.14) with a full house, Deuces full of Eights
Seat 8: wallanluan (big blind) mucked [Td Kd]
Seat 9: lelya-sheva folded before Flop (didn't bet)



PokerStars Hand #237032859510:  Hold'em No Limit ($0.01/$0.02 USD) - 2022/06/27 21:48:32 PT [2022/06/28 0:48:32 ET]
Table 'Acamas' 9-max Seat #7 is the button
Seat 3: Tobiz89 ($2 in chips) 
Seat 4: SavageIndian666 ($1.30 in chips) 
Seat 5: Dorex2007 ($2 in chips) 
Seat 6: dhabiles52 ($2 in chips) 
Seat 7: frankylane ($1.80 in chips) 
Seat 8: wallanluan ($5.14 in chips) 
Seat 9: lelya-sheva ($2.66 in chips) 
wallanluan: posts small blind $0.01
lelya-sheva: posts big blind $0.02
Stefan111161: sits out 
*** HOLE CARDS ***
Dealt to Dorex2007 [7h Kc]
Tobiz89: folds 
SavageIndian666: calls $0.02
Dorex2007: folds 
dhabiles52: folds 
frankylane: folds 
wallanluan: folds 
lelya-sheva: checks 
*** FLOP *** [Qd Ac 3s]
wallanluan leaves the table
lelya-sheva: checks 
bojnice21 joins the table at seat #8 
SavageIndian666: checks 
*** TURN *** [Qd Ac 3s] [As]
lelya-sheva: checks 
SavageIndian666: checks 
*** RIVER *** [Qd Ac 3s As] [Kh]
lelya-sheva: checks 
SavageIndian666: checks 
*** SHOW DOWN ***
lelya-sheva: shows [Ks 5s] (two pair, Aces and Kings)
SavageIndian666: mucks hand 
lelya-sheva collected $0.05 from pot
*** SUMMARY ***
Total pot $0.05 | Rake $0 
Board [Qd Ac 3s As Kh]
Seat 3: Tobiz89 folded before Flop (didn't bet)
Seat 4: SavageIndian666 mucked [9s 9d]
Seat 5: Dorex2007 folded before Flop (didn't bet)
Seat 6: dhabiles52 folded before Flop (didn't bet)
Seat 7: frankylane (button) folded before Flop (didn't bet)
Seat 8: wallanluan (small blind) folded before Flop
Seat 9: lelya-sheva (big blind) showed [Ks 5s] and won ($0.05) with two pair, Aces and Kings



PokerStars Hand #237032867824:  Hold'em No Limit ($0.01/$0.02 USD) - 2022/06/27 21:49:41 PT [2022/06/28 0:49:41 ET]
Table 'Acamas' 9-max Seat #9 is the button
Seat 3: Tobiz89 ($2 in chips) 
Seat 4: SavageIndian666 ($1.28 in chips) 
Seat 5: Dorex2007 ($2 in chips) 
Seat 6: dhabiles52 ($2 in chips) 
Seat 7: frankylane ($1.80 in chips) 
Seat 9: lelya-sheva ($2.69 in chips) 
Tobiz89: posts small blind $0.01
SavageIndian666: posts big blind $0.02
bojnice21 is connected 
bojnice21: sits out 
*** HOLE CARDS ***
Dealt to Dorex2007 [5s Td]
Dorex2007: folds 
dhabiles52: folds 
frankylane: folds 
lelya-sheva: folds 
Tobiz89: folds 
Uncalled bet ($0.01) returned to SavageIndian666
SavageIndian666 collected $0.02 from pot
SavageIndian666: doesn't show hand 
*** SUMMARY ***
Total pot $0.02 | Rake $0 
Seat 3: Tobiz89 (small blind) folded before Flop
Seat 4: SavageIndian666 (big blind) collected ($0.02)
Seat 5: Dorex2007 folded before Flop (didn't bet)
Seat 6: dhabiles52 folded before Flop (didn't bet)
Seat 7: frankylane folded before Flop (didn't bet)
Seat 9: lelya-sheva (button) folded before Flop (didn't bet)



PokerStars Hand #237032870465:  Hold'em No Limit ($0.01/$0.02 USD) - 2022/06/27 21:50:03 PT [2022/06/28 0:50:03 ET]
Table 'Acamas' 9-max Seat #3 is the button
Seat 3: Tobiz89 ($2 in chips) 
Seat 5: Dorex2007 ($2 in chips) 
Seat 6: dhabiles52 ($2 in chips) 
Seat 7: frankylane ($1.80 in chips) 
Seat 8: bojnice21 ($2 in chips) 
Seat 9: lelya-sheva ($2.69 in chips) 
Dorex2007: posts small blind $0.01
dhabiles52: posts big blind $0.02
bojnice21: posts big blind $0.02
Stefan111161: sits out 
*** HOLE CARDS ***
Dealt to Dorex2007 [Qs 9h]
frankylane: folds 
bojnice21: checks 
lelya-sheva: folds 
pwner77 joins the table at seat #4 
Tobiz89: raises $0.08 to $0.10
Dorex2007: folds 
dhabiles52: folds 
bojnice21: folds 
Uncalled bet ($0.08) returned to Tobiz89
Tobiz89 collected $0.07 from pot
*** SUMMARY ***
Total pot $0.07 | Rake $0 
Seat 3: Tobiz89 (button) collected ($0.07)
Seat 5: Dorex2007 (small blind) folded before Flop
Seat 6: dhabiles52 (big blind) folded before Flop
Seat 7: frankylane folded before Flop (didn't bet)
Seat 8: bojnice21 folded before Flop (didn't bet)
Seat 9: lelya-sheva folded before Flop (didn't bet)



PokerStars Hand #237032872545:  Hold'em No Limit ($0.01/$0.02 USD) - 2022/06/27 21:50:20 PT [2022/06/28 0:50:20 ET]
Table 'Acamas' 9-max Seat #5 is the button
Seat 3: Tobiz89 ($2.05 in chips) 
Seat 4: pwner77 ($2 in chips) 
Seat 5: Dorex2007 ($2 in chips) 
Seat 6: dhabiles52 ($2 in chips) 
Seat 7: frankylane ($1.80 in chips) 
Seat 8: bojnice21 ($1.98 in chips) 
Seat 9: lelya-sheva ($2.69 in chips) 
dhabiles52: posts small blind $0.01
frankylane: posts big blind $0.02
Stefan111161: sits out 
pwner77: posts big blind $0.02
*** HOLE CARDS ***
Dealt to Dorex2007 [3c 7s]
bojnice21: folds 
lelya-sheva: folds 
Tobiz89: folds 
pwner77: checks 
Dorex2007: folds 
dhabiles52: calls $0.01
frankylane: checks 
*** FLOP *** [7h 6c Js]
dhabiles52: checks 
frankylane: checks 
pwner77: bets $0.03
dhabiles52: calls $0.03
frankylane: calls $0.03
*** TURN *** [7h 6c Js] [Qh]
dhabiles52: bets $0.10
frankylane: folds 
pwner77: calls $0.10
*** RIVER *** [7h 6c Js Qh] [Kc]
dhabiles52: checks 
pwner77: checks 
*** SHOW DOWN ***
dhabiles52: shows [Qs 9s] (a pair of Queens)
pwner77: mucks hand 
dhabiles52 collected $0.34 from pot
*** SUMMARY ***
Total pot $0.35 | Rake $0.01 
Board [7h 6c Js Qh Kc]
Seat 3: Tobiz89 folded before Flop (didn't bet)
Seat 4: pwner77 mucked [Jd 4h]
Seat 5: Dorex2007 (button) folded before Flop (didn't bet)
Seat 6: dhabiles52 (small blind) showed [Qs 9s] and won ($0.34) with a pair of Queens
Seat 7: frankylane (big blind) folded on the Turn
Seat 8: bojnice21 folded before Flop (didn't bet)
Seat 9: lelya-sheva folded before Flop (didn't bet)



PokerStars Hand #237032886618:  Hold'em No Limit ($0.01/$0.02 USD) - 2022/06/27 21:51:25 PT [2022/06/28 0:51:25 ET]
Table 'Acamas' 9-max Seat #6 is the button
Seat 3: Tobiz89 ($2.05 in chips) 
Seat 4: pwner77 ($1.85 in chips) 
Seat 5: Dorex2007 ($2 in chips) 
Seat 6: dhabiles52 ($2.19 in chips) 
Seat 7: frankylane ($1.75 in chips) 
Seat 8: bojnice21 ($1.98 in chips) 
Seat 9: lelya-sheva ($2.69 in chips) 
frankylane: posts small blind $0.01
bojnice21: posts big blind $0.02
Stefan111161: sits out 
*** HOLE CARDS ***
Dealt to Dorex2007 [8d Kh]
lelya-sheva: raises $0.03 to $0.05
Tobiz89: folds 
pwner77: folds 
Dorex2007: folds 
dhabiles52: folds 
frankylane: folds 
bojnice21: folds 
Uncalled bet ($0.03) returned to lelya-sheva
lelya-sheva collected $0.05 from pot
*** SUMMARY ***
Total pot $0.05 | Rake $0 
Seat 3: Tobiz89 folded before Flop (didn't bet)
Seat 4: pwner77 folded before Flop (didn't bet)
Seat 5: Dorex2007 folded before Flop (didn't bet)
Seat 6: dhabiles52 (button) folded before Flop (didn't bet)
Seat 7: frankylane (small blind) folded before Flop
Seat 8: bojnice21 (big blind) folded before Flop
Seat 9: lelya-sheva collected ($0.05)



PokerStars Hand #237032889561:  Hold'em No Limit ($0.01/$0.02 USD) - 2022/06/27 21:51:49 PT [2022/06/28 0:51:49 ET]
Table 'Acamas' 9-max Seat #7 is the button
Seat 3: Tobiz89 ($2.05 in chips) 
Seat 4: pwner77 ($1.85 in chips) 
Seat 5: Dorex2007 ($2 in chips) 
Seat 6: dhabiles52 ($2.19 in chips) 
Seat 7: frankylane ($1.74 in chips) 
Seat 8: bojnice21 ($1.96 in chips) 
Seat 9: lelya-sheva ($2.72 in chips) 
bojnice21: posts small blind $0.01
lelya-sheva: posts big blind $0.02
Stefan111161: sits out 
*** HOLE CARDS ***
Dealt to Dorex2007 [Qd 9d]
Tobiz89: raises $0.04 to $0.06
pwner77: folds 
Dorex2007: folds 
dhabiles52: folds 
frankylane: calls $0.06
bojnice21: folds 
lelya-sheva: folds 
*** FLOP *** [8d 2s Ah]
Tobiz89: bets $0.09
frankylane: calls $0.09
*** TURN *** [8d 2s Ah] [Th]
Tobiz89: bets $0.24
frankylane: folds 
Uncalled bet ($0.24) returned to Tobiz89
Tobiz89 collected $0.32 from pot
*** SUMMARY ***
Total pot $0.33 | Rake $0.01 
Board [8d 2s Ah Th]
Seat 3: Tobiz89 collected ($0.32)
Seat 4: pwner77 folded before Flop (didn't bet)
Seat 5: Dorex2007 folded before Flop (didn't bet)
Seat 6: dhabiles52 folded before Flop (didn't bet)
Seat 7: frankylane (button) folded on the Turn
Seat 8: bojnice21 (small blind) folded before Flop
Seat 9: lelya-sheva (big blind) folded before Flop



PokerStars Hand #237032897858:  Hold'em No Limit ($0.01/$0.02 USD) - 2022/06/27 21:52:59 PT [2022/06/28 0:52:59 ET]
Table 'Acamas' 9-max Seat #8 is the button
Seat 2: Stefan111161 ($0.80 in chips) 
Seat 3: Tobiz89 ($2.22 in chips) 
Seat 4: pwner77 ($1.85 in chips) 
Seat 5: Dorex2007 ($2 in chips) 
Seat 6: dhabiles52 ($2.19 in chips) 
Seat 7: frankylane ($1.59 in chips) 
Seat 8: bojnice21 ($1.95 in chips) 
Seat 9: lelya-sheva ($2.70 in chips) 
lelya-sheva: posts small blind $0.01
Stefan111161: posts big blind $0.02
*** HOLE CARDS ***
Dealt to Dorex2007 [5h 7s]
Tobiz89: folds 
pwner77: raises $0.02 to $0.04
Dorex2007: folds 
dhabiles52: folds 
frankylane: calls $0.04
Clscooper leaves the table
bojnice21: folds 
lelya-sheva: folds 
Stefan111161: folds 
*** FLOP *** [8s 6c 7c]
pwner77: bets $0.05
frankylane: folds 
Uncalled bet ($0.05) returned to pwner77
pwner77 collected $0.11 from pot
*** SUMMARY ***
Total pot $0.11 | Rake $0 
Board [8s 6c 7c]
Seat 2: Stefan111161 (big blind) folded before Flop
Seat 3: Tobiz89 folded before Flop (didn't bet)
Seat 4: pwner77 collected ($0.11)
Seat 5: Dorex2007 folded before Flop (didn't bet)
Seat 6: dhabiles52 folded before Flop (didn't bet)
Seat 7: frankylane folded on the Flop
Seat 8: bojnice21 (button) folded before Flop (didn't bet)
Seat 9: lelya-sheva (small blind) folded before Flop



PokerStars Hand #237032902386:  Hold'em No Limit ($0.01/$0.02 USD) - 2022/06/27 21:53:36 PT [2022/06/28 0:53:36 ET]
Table 'Acamas' 9-max Seat #9 is the button
Seat 2: Stefan111161 ($0.78 in chips) 
Seat 3: Tobiz89 ($2.22 in chips) 
Seat 4: pwner77 ($2 in chips) 
Seat 5: Dorex2007 ($2 in chips) 
Seat 6: dhabiles52 ($2.19 in chips) 
Seat 7: frankylane ($1.55 in chips) 
Seat 8: bojnice21 ($1.95 in chips) 
Seat 9: lelya-sheva ($2.69 in chips) 
Stefan111161: posts small blind $0.01
Tobiz89: posts big blind $0.02
*** HOLE CARDS ***
Dealt to Dorex2007 [2c Qd]
pwner77: raises $0.02 to $0.04
Dorex2007: folds 
dhabiles52: folds 
frankylane: folds 
frankylane leaves the table
bojnice21: folds 
lelya-sheva: folds 
Stefan111161: folds 
Tobiz89: folds 
Uncalled bet ($0.02) returned to pwner77
pwner77 collected $0.05 from pot
*** SUMMARY ***
Total pot $0.05 | Rake $0 
Seat 2: Stefan111161 (small blind) folded before Flop
Seat 3: Tobiz89 (big blind) folded before Flop
Seat 4: pwner77 collected ($0.05)
Seat 5: Dorex2007 folded before Flop (didn't bet)
Seat 6: dhabiles52 folded before Flop (didn't bet)
Seat 7: frankylane folded before Flop (didn't bet)
Seat 8: bojnice21 folded before Flop (didn't bet)
Seat 9: lelya-sheva (button) folded before Flop (didn't bet)



PokerStars Hand #237032905865:  Hold'em No Limit ($0.01/$0.02 USD) - 2022/06/27 21:54:06 PT [2022/06/28 0:54:06 ET]
Table 'Acamas' 9-max Seat #2 is the button
Seat 2: Stefan111161 ($0.77 in chips) 
Seat 3: Tobiz89 ($2.20 in chips) 
Seat 4: pwner77 ($2.03 in chips) 
Seat 5: Dorex2007 ($2 in chips) 
Seat 6: dhabiles52 ($2.19 in chips) 
Seat 8: bojnice21 ($1.95 in chips) 
Seat 9: lelya-sheva ($2.69 in chips) 
Tobiz89: posts small blind $0.01
pwner77: posts big blind $0.02
*** HOLE CARDS ***
Dealt to Dorex2007 [9c 8d]
Dorex2007: folds 
dhabiles52: folds 
bojnice21: folds 
lelya-sheva: folds 
Stefan111161: folds 
Tobiz89: folds 
Uncalled bet ($0.01) returned to pwner77
pwner77 collected $0.02 from pot
*** SUMMARY ***
Total pot $0.02 | Rake $0 
Seat 2: Stefan111161 (button) folded before Flop (didn't bet)
Seat 3: Tobiz89 (small blind) folded before Flop
Seat 4: pwner77 (big blind) collected ($0.02)
Seat 5: Dorex2007 folded before Flop (didn't bet)
Seat 6: dhabiles52 folded before Flop (didn't bet)
Seat 8: bojnice21 folded before Flop (didn't bet)
Seat 9: lelya-sheva folded before Flop (didn't bet)



PokerStars Hand #237032908512:  Hold'em No Limit ($0.01/$0.02 USD) - 2022/06/27 21:54:29 PT [2022/06/28 0:54:29 ET]
Table 'Acamas' 9-max Seat #3 is the button
Seat 2: Stefan111161 ($0.77 in chips) 
Seat 3: Tobiz89 ($2.19 in chips) 
Seat 4: pwner77 ($2.04 in chips) 
Seat 5: Dorex2007 ($2 in chips) 
Seat 6: dhabiles52 ($2.19 in chips) 
Seat 8: bojnice21 ($1.95 in chips) 
Seat 9: lelya-sheva ($2.69 in chips) 
pwner77: posts small blind $0.01
Dorex2007: posts big blind $0.02
*** HOLE CARDS ***
Dealt to Dorex2007 [2d Ac]
dhabiles52: folds 
bojnice21: folds 
lelya-sheva: folds 
Stefan111161: folds 
Tobiz89: raises $0.03 to $0.05
pwner77: folds 
Dorex2007: folds 
Uncalled bet ($0.03) returned to Tobiz89
Tobiz89 collected $0.05 from pot
*** SUMMARY ***
Total pot $0.05 | Rake $0 
Seat 2: Stefan111161 folded before Flop (didn't bet)
Seat 3: Tobiz89 (button) collected ($0.05)
Seat 4: pwner77 (small blind) folded before Flop
Seat 5: Dorex2007 (big blind) folded before Flop
Seat 6: dhabiles52 folded before Flop (didn't bet)
Seat 8: bojnice21 folded before Flop (didn't bet)
Seat 9: lelya-sheva folded before Flop (didn't bet)



PokerStars Hand #237032910743:  Hold'em No Limit ($0.01/$0.02 USD) - 2022/06/27 21:54:48 PT [2022/06/28 0:54:48 ET]
Table 'Acamas' 9-max Seat #4 is the button
Seat 2: Stefan111161 ($0.77 in chips) 
Seat 3: Tobiz89 ($2.22 in chips) 
Seat 4: pwner77 ($2.03 in chips) 
Seat 5: Dorex2007 ($2 in chips) 
Seat 6: dhabiles52 ($2.19 in chips) 
Seat 8: bojnice21 ($1.95 in chips) 
Seat 9: lelya-sheva ($2.69 in chips) 
Dorex2007: posts small blind $0.01
dhabiles52: posts big blind $0.02
*** HOLE CARDS ***
Dealt to Dorex2007 [Qs Jh]
bojnice21: folds 
lelya-sheva: folds 
Stefan111161: folds 
Tobiz89: raises $0.03 to $0.05
pwner77: folds 
Dorex2007: calls $0.04
dhabiles52: folds 
*** FLOP *** [Td Js As]
Dorex2007: bets $0.08
dhabiles52 leaves the table
Tobiz89: folds 
Uncalled bet ($0.08) returned to Dorex2007
Dorex2007 collected $0.12 from pot
*** SUMMARY ***
Total pot $0.12 | Rake $0 
Board [Td Js As]
Seat 2: Stefan111161 folded before Flop (didn't bet)
Seat 3: Tobiz89 folded on the Flop
Seat 4: pwner77 (button) folded before Flop (didn't bet)
Seat 5: Dorex2007 (small blind) collected ($0.12)
Seat 6: dhabiles52 (big blind) folded before Flop
Seat 8: bojnice21 folded before Flop (didn't bet)
Seat 9: lelya-sheva folded before Flop (didn't bet)



PokerStars Hand #237032915831:  Hold'em No Limit ($0.01/$0.02 USD) - 2022/06/27 21:55:34 PT [2022/06/28 0:55:34 ET]
Table 'Acamas' 9-max Seat #5 is the button
Seat 2: Stefan111161 ($0.77 in chips) 
Seat 3: Tobiz89 ($2.17 in chips) 
Seat 4: pwner77 ($2.03 in chips) 
Seat 5: Dorex2007 ($2.07 in chips) 
Seat 8: bojnice21 ($1.95 in chips) 
Seat 9: lelya-sheva ($2.69 in chips) 
bojnice21: posts small blind $0.01
lelya-sheva: posts big blind $0.02
*** HOLE CARDS ***
Dealt to Dorex2007 [8c Js]
Stefan111161: folds 
Tobiz89: folds 
pwner77: folds 
Dorex2007: folds 
bojnice21: raises $0.04 to $0.06
lelya-sheva: folds 
Uncalled bet ($0.04) returned to bojnice21
bojnice21 collected $0.04 from pot
*** SUMMARY ***
Total pot $0.04 | Rake $0 
Seat 2: Stefan111161 folded before Flop (didn't bet)
Seat 3: Tobiz89 folded before Flop (didn't bet)
Seat 4: pwner77 folded before Flop (didn't bet)
Seat 5: Dorex2007 (button) folded before Flop (didn't bet)
Seat 8: bojnice21 (small blind) collected ($0.04)
Seat 9: lelya-sheva (big blind) folded before Flop



PokerStars Hand #237032918575:  Hold'em No Limit ($0.01/$0.02 USD) - 2022/06/27 21:56:01 PT [2022/06/28 0:56:01 ET]
Table 'Acamas' 9-max Seat #8 is the button
Seat 2: Stefan111161 ($0.77 in chips) 
Seat 3: Tobiz89 ($2.17 in chips) 
Seat 4: pwner77 ($2.03 in chips) 
Seat 5: Dorex2007 ($2.07 in chips) 
Seat 8: bojnice21 ($1.97 in chips) 
Seat 9: lelya-sheva ($2.67 in chips) 
lelya-sheva: posts small blind $0.01
Stefan111161: posts big blind $0.02
*** HOLE CARDS ***
Dealt to Dorex2007 [3d Kd]
Tobiz89: raises $0.04 to $0.06
pwner77: folds 
Dorex2007: calls $0.06
bojnice21: folds 
lelya-sheva: folds 
Stefan111161: folds 
*** FLOP *** [Td Tc 7c]
Tobiz89: bets $0.11
Dorex2007: folds 
Uncalled bet ($0.11) returned to Tobiz89
Tobiz89 collected $0.14 from pot
*** SUMMARY ***
Total pot $0.15 | Rake $0.01 
Board [Td Tc 7c]
Seat 2: Stefan111161 (big blind) folded before Flop
Seat 3: Tobiz89 collected ($0.14)
Seat 4: pwner77 folded before Flop (didn't bet)
Seat 5: Dorex2007 folded on the Flop
Seat 8: bojnice21 (button) folded before Flop (didn't bet)
Seat 9: lelya-sheva (small blind) folded before Flop



PokerStars Hand #237032920964:  Hold'em No Limit ($0.01/$0.02 USD) - 2022/06/27 21:56:24 PT [2022/06/28 0:56:24 ET]
Table 'Acamas' 9-max Seat #9 is the button
Seat 2: Stefan111161 ($0.75 in chips) 
Seat 3: Tobiz89 ($2.25 in chips) 
Seat 4: pwner77 ($2.03 in chips) 
Seat 5: Dorex2007 ($2.01 in chips) 
Seat 9: lelya-sheva ($2.66 in chips) 
Stefan111161: posts small blind $0.01
Tobiz89: posts big blind $0.02
*** HOLE CARDS ***
Dealt to Dorex2007 [4s 6h]
pwner77: folds 
Dorex2007: folds 
bojnice21 leaves the table
lelya-sheva: folds 
Stefan111161: folds 
Uncalled bet ($0.01) returned to Tobiz89
Tobiz89 collected $0.02 from pot
*** SUMMARY ***
Total pot $0.02 | Rake $0 
Seat 2: Stefan111161 (small blind) folded before Flop
Seat 3: Tobiz89 (big blind) collected ($0.02)
Seat 4: pwner77 folded before Flop (didn't bet)
Seat 5: Dorex2007 folded before Flop (didn't bet)
Seat 9: lelya-sheva (button) folded before Flop (didn't bet)



