PokerStars Hand #238058930962:  Hold'em No Limit ($0.02/$0.05 USD) - 2022/08/17 21:26:30 PT [2022/08/18 0:26:30 ET]
Table 'Rhesus IV' 9-max Seat #9 is the button
Seat 1: MOONSP3LL ($5.77 in chips) 
Seat 2: 0RB BR0 ($5 in chips) 
Seat 3: Glayson035 ($3.66 in chips) 
Seat 4: kei635 ($9.17 in chips) 
Seat 6: Dorex2007 ($5 in chips) 
Seat 7: loadan ($3.78 in chips) 
Seat 8: KOCETO_1992 ($4.36 in chips) 
Seat 9: AGVsmarT ($6.62 in chips) 
MOONSP3LL: posts small blind $0.02
0RB BR0: posts big blind $0.05
Templar85: sits out 
Dorex2007: posts big blind $0.05
*** HOLE CARDS ***
Dealt to Dorex2007 [5d 6d]
Glayson035: folds 
kei635: raises $0.07 to $0.12
Dorex2007: calls $0.07
loadan: calls $0.12
KOCETO_1992: folds 
AGVsmarT: folds 
MOONSP3LL: folds 
0RB BR0: calls $0.07
*** FLOP *** [3s Th Qs]
0RB BR0: checks 
kei635: checks 
Dorex2007: checks 
loadan: checks 
*** TURN *** [3s Th Qs] [Qh]
0RB BR0: bets $0.05
kei635: calls $0.05
Dorex2007: folds 
loadan: calls $0.05
*** RIVER *** [3s Th Qs Qh] [9s]
0RB BR0: bets $0.10
kei635: folds 
loadan: calls $0.10
*** SHOW DOWN ***
0RB BR0: shows [Td Kd] (two pair, Queens and Tens)
loadan: mucks hand 
0RB BR0 collected $0.81 from pot
*** SUMMARY ***
Total pot $0.85 | Rake $0.04 
Board [3s Th Qs Qh 9s]
Seat 1: MOONSP3LL (small blind) folded before Flop
Seat 2: 0RB BR0 (big blind) showed [Td Kd] and won ($0.81) with two pair, Queens and Tens
Seat 3: Glayson035 folded before Flop (didn't bet)
Seat 4: kei635 folded on the River
Seat 6: Dorex2007 folded on the Turn
Seat 7: loadan mucked [8h 9h]
Seat 8: KOCETO_1992 folded before Flop (didn't bet)
Seat 9: AGVsmarT (button) folded before Flop (didn't bet)



PokerStars Hand #238058937109:  Hold'em No Limit ($0.02/$0.05 USD) - 2022/08/17 21:27:19 PT [2022/08/18 0:27:19 ET]
Table 'Rhesus IV' 9-max Seat #1 is the button
Seat 1: MOONSP3LL ($5.75 in chips) 
Seat 2: 0RB BR0 ($5.54 in chips) 
Seat 3: Glayson035 ($3.66 in chips) 
Seat 4: kei635 ($9 in chips) 
Seat 6: Dorex2007 ($5 in chips) 
Seat 7: loadan ($3.51 in chips) 
Seat 8: KOCETO_1992 ($4.36 in chips) 
Seat 9: AGVsmarT ($6.62 in chips) 
0RB BR0: posts small blind $0.02
Glayson035: posts big blind $0.05
Templar85: sits out 
*** HOLE CARDS ***
Dealt to Dorex2007 [Jd Js]
kei635: folds 
Dorex2007: raises $0.20 to $0.25
loadan: folds 
KOCETO_1992: folds 
AGVsmarT: folds 
MOONSP3LL: folds 
0RB BR0: folds 
Glayson035: calls $0.20
*** FLOP *** [Kh Jh 3d]
Glayson035: checks 
Dorex2007: checks 
*** TURN *** [Kh Jh 3d] [7s]
Glayson035: checks 
Dorex2007: bets $0.15
Glayson035: calls $0.15
*** RIVER *** [Kh Jh 3d 7s] [9c]
Glayson035: bets $0.05
Dorex2007: raises $0.45 to $0.50
Glayson035: folds 
Uncalled bet ($0.45) returned to Dorex2007
Dorex2007 collected $0.88 from pot
Dorex2007: doesn't show hand 
*** SUMMARY ***
Total pot $0.92 | Rake $0.04 
Board [Kh Jh 3d 7s 9c]
Seat 1: MOONSP3LL (button) folded before Flop (didn't bet)
Seat 2: 0RB BR0 (small blind) folded before Flop
Seat 3: Glayson035 (big blind) folded on the River
Seat 4: kei635 folded before Flop (didn't bet)
Seat 6: Dorex2007 collected ($0.88)
Seat 7: loadan folded before Flop (didn't bet)
Seat 8: KOCETO_1992 folded before Flop (didn't bet)
Seat 9: AGVsmarT folded before Flop (didn't bet)



PokerStars Hand #238058945606:  Hold'em No Limit ($0.02/$0.05 USD) - 2022/08/17 21:28:27 PT [2022/08/18 0:28:27 ET]
Table 'Rhesus IV' 9-max Seat #2 is the button
Seat 1: MOONSP3LL ($5.75 in chips) 
Seat 2: 0RB BR0 ($5.52 in chips) 
Seat 3: Glayson035 ($3.21 in chips) 
Seat 4: kei635 ($9 in chips) 
Seat 6: Dorex2007 ($5.43 in chips) 
Seat 7: loadan ($3.51 in chips) 
Seat 8: KOCETO_1992 ($4.36 in chips) 
Seat 9: AGVsmarT ($6.62 in chips) 
Glayson035: posts small blind $0.02
kei635: posts big blind $0.05
Templar85: sits out 
*** HOLE CARDS ***
Dealt to Dorex2007 [2s 5h]
Dorex2007: folds 
loadan: raises $0.10 to $0.15
KOCETO_1992: calls $0.15
AGVsmarT: folds 
MOONSP3LL: folds 
0RB BR0: folds 
Glayson035: calls $0.13
kei635: calls $0.10
*** FLOP *** [3h 2c Ac]
Glayson035: checks 
kei635: checks 
loadan: checks 
KOCETO_1992: checks 
*** TURN *** [3h 2c Ac] [4h]
Glayson035: checks 
kei635: checks 
loadan: checks 
KOCETO_1992: bets $0.19
Glayson035: folds 
kei635: calls $0.19
loadan: folds 
*** RIVER *** [3h 2c Ac 4h] [3c]
kei635: checks 
KOCETO_1992: checks 
*** SHOW DOWN ***
kei635: shows [Ad Js] (two pair, Aces and Threes)
KOCETO_1992: mucks hand 
kei635 collected $0.94 from pot
*** SUMMARY ***
Total pot $0.98 | Rake $0.04 
Board [3h 2c Ac 4h 3c]
Seat 1: MOONSP3LL folded before Flop (didn't bet)
Seat 2: 0RB BR0 (button) folded before Flop (didn't bet)
Seat 3: Glayson035 (small blind) folded on the Turn
Seat 4: kei635 (big blind) showed [Ad Js] and won ($0.94) with two pair, Aces and Threes
Seat 6: Dorex2007 folded before Flop (didn't bet)
Seat 7: loadan folded on the Turn
Seat 8: KOCETO_1992 mucked [Ts Th]
Seat 9: AGVsmarT folded before Flop (didn't bet)



PokerStars Hand #238058956978:  Hold'em No Limit ($0.02/$0.05 USD) - 2022/08/17 21:30:00 PT [2022/08/18 0:30:00 ET]
Table 'Rhesus IV' 9-max Seat #3 is the button
Seat 1: MOONSP3LL ($5.75 in chips) 
Seat 2: 0RB BR0 ($5.52 in chips) 
Seat 3: Glayson035 ($3.06 in chips) 
Seat 4: kei635 ($9.60 in chips) 
Seat 5: Templar85 ($5 in chips) 
Seat 6: Dorex2007 ($5.43 in chips) 
Seat 7: loadan ($3.36 in chips) 
Seat 8: KOCETO_1992 ($4.02 in chips) 
Seat 9: AGVsmarT ($6.62 in chips) 
kei635: posts small blind $0.02
Templar85: posts big blind $0.05
*** HOLE CARDS ***
Dealt to Dorex2007 [5h Ks]
Dorex2007: folds 
loadan: folds 
KOCETO_1992: folds 
AGVsmarT: folds 
MOONSP3LL: raises $0.07 to $0.12
0RB BR0: folds 
Glayson035: folds 
kei635: folds 
Templar85: folds 
Uncalled bet ($0.07) returned to MOONSP3LL
MOONSP3LL collected $0.12 from pot
MOONSP3LL: doesn't show hand 
*** SUMMARY ***
Total pot $0.12 | Rake $0 
Seat 1: MOONSP3LL collected ($0.12)
Seat 2: 0RB BR0 folded before Flop (didn't bet)
Seat 3: Glayson035 (button) folded before Flop (didn't bet)
Seat 4: kei635 (small blind) folded before Flop
Seat 5: Templar85 (big blind) folded before Flop
Seat 6: Dorex2007 folded before Flop (didn't bet)
Seat 7: loadan folded before Flop (didn't bet)
Seat 8: KOCETO_1992 folded before Flop (didn't bet)
Seat 9: AGVsmarT folded before Flop (didn't bet)



PokerStars Hand #238058960794:  Hold'em No Limit ($0.02/$0.05 USD) - 2022/08/17 21:30:32 PT [2022/08/18 0:30:32 ET]
Table 'Rhesus IV' 9-max Seat #4 is the button
Seat 1: MOONSP3LL ($5.82 in chips) 
Seat 2: 0RB BR0 ($5.52 in chips) 
Seat 3: Glayson035 ($3.06 in chips) 
Seat 4: kei635 ($9.58 in chips) 
Seat 5: Templar85 ($5 in chips) 
Seat 6: Dorex2007 ($5.43 in chips) 
Seat 7: loadan ($3.36 in chips) 
Seat 9: AGVsmarT ($6.62 in chips) 
Templar85: posts small blind $0.02
Dorex2007: posts big blind $0.05
*** HOLE CARDS ***
Dealt to Dorex2007 [Qs 3c]
loadan: folds 
AGVsmarT: folds 
MOONSP3LL: folds 
0RB BR0: folds 
Glayson035: calls $0.05
kei635: folds 
Templar85: calls $0.03
Dorex2007: checks 
*** FLOP *** [Qh 5h 6d]
Templar85: bets $0.07
Dorex2007: calls $0.07
Glayson035: calls $0.07
*** TURN *** [Qh 5h 6d] [6h]
Templar85: checks 
Dorex2007: bets $0.17
Glayson035: folds 
Templar85: folds 
Uncalled bet ($0.17) returned to Dorex2007
Dorex2007 collected $0.35 from pot
Dorex2007: doesn't show hand 
*** SUMMARY ***
Total pot $0.36 | Rake $0.01 
Board [Qh 5h 6d 6h]
Seat 1: MOONSP3LL folded before Flop (didn't bet)
Seat 2: 0RB BR0 folded before Flop (didn't bet)
Seat 3: Glayson035 folded on the Turn
Seat 4: kei635 (button) folded before Flop (didn't bet)
Seat 5: Templar85 (small blind) folded on the Turn
Seat 6: Dorex2007 (big blind) collected ($0.35)
Seat 7: loadan folded before Flop (didn't bet)
Seat 9: AGVsmarT folded before Flop (didn't bet)



PokerStars Hand #238058967232:  Hold'em No Limit ($0.02/$0.05 USD) - 2022/08/17 21:31:26 PT [2022/08/18 0:31:26 ET]
Table 'Rhesus IV' 9-max Seat #5 is the button
Seat 1: MOONSP3LL ($5.82 in chips) 
Seat 2: 0RB BR0 ($5.52 in chips) 
Seat 3: Glayson035 ($2.94 in chips) 
Seat 4: kei635 ($9.58 in chips) 
Seat 5: Templar85 ($5 in chips) 
Seat 6: Dorex2007 ($5.66 in chips) 
Seat 7: loadan ($3.36 in chips) 
Seat 9: AGVsmarT ($6.62 in chips) 
Dorex2007: posts small blind $0.02
loadan: posts big blind $0.05
*** HOLE CARDS ***
Dealt to Dorex2007 [8c Ah]
AGVsmarT: folds 
MOONSP3LL: folds 
0RB BR0: calls $0.05
Glayson035: calls $0.05
kei635: folds 
Templar85: folds 
Dorex2007: calls $0.03
loadan: checks 
*** FLOP *** [Qc 4d 9d]
Dorex2007: checks 
loadan: checks 
0RB BR0: bets $0.09
Glayson035: calls $0.09
Dorex2007: folds 
loadan: folds 
*** TURN *** [Qc 4d 9d] [6d]
0RB BR0: bets $0.18
Glayson035: calls $0.18
*** RIVER *** [Qc 4d 9d 6d] [4h]
0RB BR0: bets $0.25
Glayson035: calls $0.25
*** SHOW DOWN ***
0RB BR0: shows [Kh Qd] (two pair, Queens and Fours)
Glayson035: mucks hand 
0RB BR0 collected $1.19 from pot
*** SUMMARY ***
Total pot $1.24 | Rake $0.05 
Board [Qc 4d 9d 6d 4h]
Seat 1: MOONSP3LL folded before Flop (didn't bet)
Seat 2: 0RB BR0 showed [Kh Qd] and won ($1.19) with two pair, Queens and Fours
Seat 3: Glayson035 mucked [5h Qh]
Seat 4: kei635 folded before Flop (didn't bet)
Seat 5: Templar85 (button) folded before Flop (didn't bet)
Seat 6: Dorex2007 (small blind) folded on the Flop
Seat 7: loadan (big blind) folded on the Flop
Seat 9: AGVsmarT folded before Flop (didn't bet)



PokerStars Hand #238058975221:  Hold'em No Limit ($0.02/$0.05 USD) - 2022/08/17 21:32:32 PT [2022/08/18 0:32:32 ET]
Table 'Rhesus IV' 9-max Seat #6 is the button
Seat 1: MOONSP3LL ($5.82 in chips) 
Seat 2: 0RB BR0 ($6.14 in chips) 
Seat 3: Glayson035 ($2.37 in chips) 
Seat 4: kei635 ($9.58 in chips) 
Seat 5: Templar85 ($5 in chips) 
Seat 6: Dorex2007 ($5.61 in chips) 
Seat 7: loadan ($3.31 in chips) 
Seat 9: AGVsmarT ($6.62 in chips) 
loadan: posts small blind $0.02
AGVsmarT: posts big blind $0.05
*** HOLE CARDS ***
Dealt to Dorex2007 [Ts 2s]
MOONSP3LL: folds 
0RB BR0: calls $0.05
Glayson035: folds 
kei635: folds 
Templar85: folds 
Dorex2007: folds 
loadan: raises $0.10 to $0.15
Glayson035 leaves the table
AGVsmarT: folds 
0RB BR0: raises $5.99 to $6.14 and is all-in
loadan: folds 
Uncalled bet ($5.99) returned to 0RB BR0
0RB BR0 collected $0.35 from pot
0RB BR0: doesn't show hand 
*** SUMMARY ***
Total pot $0.35 | Rake $0 
Seat 1: MOONSP3LL folded before Flop (didn't bet)
Seat 2: 0RB BR0 collected ($0.35)
Seat 3: Glayson035 folded before Flop (didn't bet)
Seat 4: kei635 folded before Flop (didn't bet)
Seat 5: Templar85 folded before Flop (didn't bet)
Seat 6: Dorex2007 (button) folded before Flop (didn't bet)
Seat 7: loadan (small blind) folded before Flop
Seat 9: AGVsmarT (big blind) folded before Flop



PokerStars Hand #238058978974:  Hold'em No Limit ($0.02/$0.05 USD) - 2022/08/17 21:33:03 PT [2022/08/18 0:33:03 ET]
Table 'Rhesus IV' 9-max Seat #7 is the button
Seat 1: MOONSP3LL ($5.82 in chips) 
Seat 2: 0RB BR0 ($6.34 in chips) 
Seat 4: kei635 ($9.58 in chips) 
Seat 5: Templar85 ($5 in chips) 
Seat 6: Dorex2007 ($5.61 in chips) 
Seat 7: loadan ($3.16 in chips) 
Seat 9: AGVsmarT ($6.57 in chips) 
AGVsmarT: posts small blind $0.02
MOONSP3LL: posts big blind $0.05
*** HOLE CARDS ***
Dealt to Dorex2007 [7d 8d]
0RB BR0: folds 
Manuelito180 joins the table at seat #3 
kei635: folds 
Templar85: folds 
Dorex2007: folds 
loadan: folds 
AGVsmarT: folds 
Uncalled bet ($0.03) returned to MOONSP3LL
MOONSP3LL collected $0.04 from pot
MOONSP3LL: doesn't show hand 
*** SUMMARY ***
Total pot $0.04 | Rake $0 
Seat 1: MOONSP3LL (big blind) collected ($0.04)
Seat 2: 0RB BR0 folded before Flop (didn't bet)
Seat 4: kei635 folded before Flop (didn't bet)
Seat 5: Templar85 folded before Flop (didn't bet)
Seat 6: Dorex2007 folded before Flop (didn't bet)
Seat 7: loadan (button) folded before Flop (didn't bet)
Seat 9: AGVsmarT (small blind) folded before Flop



PokerStars Hand #238058980761:  Hold'em No Limit ($0.02/$0.05 USD) - 2022/08/17 21:33:18 PT [2022/08/18 0:33:18 ET]
Table 'Rhesus IV' 9-max Seat #9 is the button
Seat 1: MOONSP3LL ($5.84 in chips) 
Seat 2: 0RB BR0 ($6.34 in chips) 
Seat 4: kei635 ($9.58 in chips) 
Seat 5: Templar85 ($5 in chips) 
Seat 6: Dorex2007 ($5.61 in chips) 
Seat 7: loadan ($3.16 in chips) 
Seat 9: AGVsmarT ($6.55 in chips) 
MOONSP3LL: posts small blind $0.02
0RB BR0: posts big blind $0.05
Manuelito180: sits out 
*** HOLE CARDS ***
Dealt to Dorex2007 [9s 2h]
kei635: folds 
Templar85: folds 
Dorex2007: folds 
loadan: calls $0.05
AGVsmarT: folds 
MOONSP3LL: folds 
0RB BR0: checks 
*** FLOP *** [Qh 8h 4h]
0RB BR0: checks 
loadan: bets $0.15
0RB BR0: folds 
Uncalled bet ($0.15) returned to loadan
loadan collected $0.12 from pot
*** SUMMARY ***
Total pot $0.12 | Rake $0 
Board [Qh 8h 4h]
Seat 1: MOONSP3LL (small blind) folded before Flop
Seat 2: 0RB BR0 (big blind) folded on the Flop
Seat 4: kei635 folded before Flop (didn't bet)
Seat 5: Templar85 folded before Flop (didn't bet)
Seat 6: Dorex2007 folded before Flop (didn't bet)
Seat 7: loadan collected ($0.12)
Seat 9: AGVsmarT (button) folded before Flop (didn't bet)



PokerStars Hand #238058984301:  Hold'em No Limit ($0.02/$0.05 USD) - 2022/08/17 21:33:47 PT [2022/08/18 0:33:47 ET]
Table 'Rhesus IV' 9-max Seat #1 is the button
Seat 1: MOONSP3LL ($5.82 in chips) 
Seat 2: 0RB BR0 ($6.29 in chips) 
Seat 3: Manuelito180 ($5 in chips) 
Seat 4: kei635 ($9.58 in chips) 
Seat 5: Templar85 ($5 in chips) 
Seat 6: Dorex2007 ($5.61 in chips) 
Seat 7: loadan ($3.23 in chips) 
Seat 9: AGVsmarT ($6.55 in chips) 
0RB BR0: posts small blind $0.02
Manuelito180: posts big blind $0.05
*** HOLE CARDS ***
Dealt to Dorex2007 [Th Jh]
kei635: raises $0.07 to $0.12
Templar85: folds 
Dorex2007: calls $0.12
loadan: folds 
AGVsmarT: folds 
MOONSP3LL: folds 
0RB BR0: folds 
Manuelito180: folds 
*** FLOP *** [3s Js As]
kei635: checks 
Dorex2007: checks 
*** TURN *** [3s Js As] [9d]
kei635: checks 
Dorex2007: bets $0.15
kei635: folds 
Uncalled bet ($0.15) returned to Dorex2007
Dorex2007 collected $0.30 from pot
Dorex2007: doesn't show hand 
*** SUMMARY ***
Total pot $0.31 | Rake $0.01 
Board [3s Js As 9d]
Seat 1: MOONSP3LL (button) folded before Flop (didn't bet)
Seat 2: 0RB BR0 (small blind) folded before Flop
Seat 3: Manuelito180 (big blind) folded before Flop
Seat 4: kei635 folded on the Turn
Seat 5: Templar85 folded before Flop (didn't bet)
Seat 6: Dorex2007 collected ($0.30)
Seat 7: loadan folded before Flop (didn't bet)
Seat 9: AGVsmarT folded before Flop (didn't bet)



PokerStars Hand #238058988834:  Hold'em No Limit ($0.02/$0.05 USD) - 2022/08/17 21:34:24 PT [2022/08/18 0:34:24 ET]
Table 'Rhesus IV' 9-max Seat #2 is the button
Seat 1: MOONSP3LL ($5.82 in chips) 
Seat 2: 0RB BR0 ($6.27 in chips) 
Seat 3: Manuelito180 ($4.95 in chips) 
Seat 4: kei635 ($9.46 in chips) 
Seat 5: Templar85 ($5 in chips) 
Seat 6: Dorex2007 ($5.79 in chips) 
Seat 7: loadan ($3.23 in chips) 
Seat 9: AGVsmarT ($6.55 in chips) 
Manuelito180: posts small blind $0.02
kei635: posts big blind $0.05
*** HOLE CARDS ***
Dealt to Dorex2007 [Kc Ts]
Templar85: folds 
Dorex2007: folds 
loadan: folds 
AGVsmarT: folds 
MOONSP3LL: folds 
0RB BR0: folds 
Manuelito180: folds 
Uncalled bet ($0.03) returned to kei635
kei635 collected $0.04 from pot
kei635: doesn't show hand 
*** SUMMARY ***
Total pot $0.04 | Rake $0 
Seat 1: MOONSP3LL folded before Flop (didn't bet)
Seat 2: 0RB BR0 (button) folded before Flop (didn't bet)
Seat 3: Manuelito180 (small blind) folded before Flop
Seat 4: kei635 (big blind) collected ($0.04)
Seat 5: Templar85 folded before Flop (didn't bet)
Seat 6: Dorex2007 folded before Flop (didn't bet)
Seat 7: loadan folded before Flop (didn't bet)
Seat 9: AGVsmarT folded before Flop (didn't bet)



PokerStars Hand #238058992119:  Hold'em No Limit ($0.02/$0.05 USD) - 2022/08/17 21:34:51 PT [2022/08/18 0:34:51 ET]
Table 'Rhesus IV' 9-max Seat #3 is the button
Seat 1: MOONSP3LL ($5.82 in chips) 
Seat 2: 0RB BR0 ($6.27 in chips) 
Seat 3: Manuelito180 ($4.93 in chips) 
Seat 4: kei635 ($9.48 in chips) 
Seat 5: Templar85 ($5 in chips) 
Seat 6: Dorex2007 ($5.79 in chips) 
Seat 7: loadan ($3.23 in chips) 
Seat 9: AGVsmarT ($6.55 in chips) 
kei635: posts small blind $0.02
Templar85: posts big blind $0.05
*** HOLE CARDS ***
Dealt to Dorex2007 [6h 9d]
Dorex2007: folds 
loadan: folds 
AGVsmarT: folds 
MOONSP3LL: folds 
0RB BR0: folds 
Manuelito180: folds 
kei635: folds 
Uncalled bet ($0.03) returned to Templar85
Templar85 collected $0.04 from pot
Templar85: doesn't show hand 
*** SUMMARY ***
Total pot $0.04 | Rake $0 
Seat 1: MOONSP3LL folded before Flop (didn't bet)
Seat 2: 0RB BR0 folded before Flop (didn't bet)
Seat 3: Manuelito180 (button) folded before Flop (didn't bet)
Seat 4: kei635 (small blind) folded before Flop
Seat 5: Templar85 (big blind) collected ($0.04)
Seat 6: Dorex2007 folded before Flop (didn't bet)
Seat 7: loadan folded before Flop (didn't bet)
Seat 9: AGVsmarT folded before Flop (didn't bet)



PokerStars Hand #238058995155:  Hold'em No Limit ($0.02/$0.05 USD) - 2022/08/17 21:35:16 PT [2022/08/18 0:35:16 ET]
Table 'Rhesus IV' 9-max Seat #4 is the button
Seat 1: MOONSP3LL ($5.82 in chips) 
Seat 2: 0RB BR0 ($6.27 in chips) 
Seat 3: Manuelito180 ($4.93 in chips) 
Seat 4: kei635 ($9.46 in chips) 
Seat 5: Templar85 ($5.02 in chips) 
Seat 6: Dorex2007 ($5.79 in chips) 
Seat 7: loadan ($3.23 in chips) 
Seat 9: AGVsmarT ($6.55 in chips) 
Templar85: posts small blind $0.02
Dorex2007: posts big blind $0.05
*** HOLE CARDS ***
Dealt to Dorex2007 [3h 5h]
loadan: folds 
AGVsmarT: folds 
MOONSP3LL: folds 
0RB BR0: folds 
Manuelito180: folds 
kei635: raises $0.07 to $0.12
Templar85: folds 
Dorex2007: folds 
Uncalled bet ($0.07) returned to kei635
kei635 collected $0.12 from pot
kei635: doesn't show hand 
*** SUMMARY ***
Total pot $0.12 | Rake $0 
Seat 1: MOONSP3LL folded before Flop (didn't bet)
Seat 2: 0RB BR0 folded before Flop (didn't bet)
Seat 3: Manuelito180 folded before Flop (didn't bet)
Seat 4: kei635 (button) collected ($0.12)
Seat 5: Templar85 (small blind) folded before Flop
Seat 6: Dorex2007 (big blind) folded before Flop
Seat 7: loadan folded before Flop (didn't bet)
Seat 9: AGVsmarT folded before Flop (didn't bet)



PokerStars Hand #238058998507:  Hold'em No Limit ($0.02/$0.05 USD) - 2022/08/17 21:35:44 PT [2022/08/18 0:35:44 ET]
Table 'Rhesus IV' 9-max Seat #5 is the button
Seat 1: MOONSP3LL ($5.82 in chips) 
Seat 2: 0RB BR0 ($6.27 in chips) 
Seat 3: Manuelito180 ($4.93 in chips) 
Seat 4: kei635 ($9.53 in chips) 
Seat 5: Templar85 ($5 in chips) 
Seat 6: Dorex2007 ($5.74 in chips) 
Seat 7: loadan ($3.23 in chips) 
Seat 9: AGVsmarT ($6.55 in chips) 
Dorex2007: posts small blind $0.02
loadan: posts big blind $0.05
*** HOLE CARDS ***
Dealt to Dorex2007 [9s 4s]
AGVsmarT: folds 
MOONSP3LL: folds 
0RB BR0: raises $0.10 to $0.15
Manuelito180: folds 
kei635: calls $0.15
Templar85: raises $0.52 to $0.67
Dorex2007: folds 
loadan: folds 
0RB BR0: folds 
kei635: folds 
Uncalled bet ($0.52) returned to Templar85
Templar85 collected $0.52 from pot
Templar85: doesn't show hand 
*** SUMMARY ***
Total pot $0.52 | Rake $0 
Seat 1: MOONSP3LL folded before Flop (didn't bet)
Seat 2: 0RB BR0 folded before Flop
Seat 3: Manuelito180 folded before Flop (didn't bet)
Seat 4: kei635 folded before Flop
Seat 5: Templar85 (button) collected ($0.52)
Seat 6: Dorex2007 (small blind) folded before Flop
Seat 7: loadan (big blind) folded before Flop
Seat 9: AGVsmarT folded before Flop (didn't bet)



PokerStars Hand #238059002783:  Hold'em No Limit ($0.02/$0.05 USD) - 2022/08/17 21:36:19 PT [2022/08/18 0:36:19 ET]
Table 'Rhesus IV' 9-max Seat #6 is the button
Seat 1: MOONSP3LL ($5.82 in chips) 
Seat 2: 0RB BR0 ($6.12 in chips) 
Seat 3: Manuelito180 ($4.93 in chips) 
Seat 4: kei635 ($9.38 in chips) 
Seat 5: Templar85 ($5.37 in chips) 
Seat 6: Dorex2007 ($5.72 in chips) 
Seat 7: loadan ($3.18 in chips) 
Seat 9: AGVsmarT ($6.55 in chips) 
loadan: posts small blind $0.02
AGVsmarT: posts big blind $0.05
*** HOLE CARDS ***
Dealt to Dorex2007 [5s 7s]
MOONSP3LL: folds 
0RB BR0: folds 
Manuelito180: folds 
kei635: folds 
Templar85: raises $0.07 to $0.12
Dorex2007: folds 
loadan: folds 
AGVsmarT: folds 
Uncalled bet ($0.07) returned to Templar85
Templar85 collected $0.12 from pot
Templar85: doesn't show hand 
*** SUMMARY ***
Total pot $0.12 | Rake $0 
Seat 1: MOONSP3LL folded before Flop (didn't bet)
Seat 2: 0RB BR0 folded before Flop (didn't bet)
Seat 3: Manuelito180 folded before Flop (didn't bet)
Seat 4: kei635 folded before Flop (didn't bet)
Seat 5: Templar85 collected ($0.12)
Seat 6: Dorex2007 (button) folded before Flop (didn't bet)
Seat 7: loadan (small blind) folded before Flop
Seat 9: AGVsmarT (big blind) folded before Flop



PokerStars Hand #238059009496:  Hold'em No Limit ($0.02/$0.05 USD) - 2022/08/17 21:37:14 PT [2022/08/18 0:37:14 ET]
Table 'Rhesus IV' 9-max Seat #7 is the button
Seat 1: MOONSP3LL ($5.82 in chips) 
Seat 2: 0RB BR0 ($6.12 in chips) 
Seat 3: Manuelito180 ($4.93 in chips) 
Seat 4: kei635 ($9.38 in chips) 
Seat 5: Templar85 ($5.44 in chips) 
Seat 6: Dorex2007 ($5.72 in chips) 
Seat 7: loadan ($3.16 in chips) 
Seat 9: AGVsmarT ($6.50 in chips) 
AGVsmarT: posts small blind $0.02
MOONSP3LL: posts big blind $0.05
*** HOLE CARDS ***
Dealt to Dorex2007 [5h Th]
0RB BR0: folds 
Manuelito180: folds 
kei635: raises $0.07 to $0.12
Templar85: folds 
Dorex2007: folds 
loadan: calls $0.12
AGVsmarT: raises $0.33 to $0.45
MOONSP3LL: folds 
kei635: calls $0.33
loadan: folds 
*** FLOP *** [Ts 8d 3c]
AGVsmarT: bets $0.51
kei635: calls $0.51
*** TURN *** [Ts 8d 3c] [7c]
AGVsmarT: bets $1
kei635: folds 
Uncalled bet ($1) returned to AGVsmarT
AGVsmarT collected $2 from pot
*** SUMMARY ***
Total pot $2.09 | Rake $0.09 
Board [Ts 8d 3c 7c]
Seat 1: MOONSP3LL (big blind) folded before Flop
Seat 2: 0RB BR0 folded before Flop (didn't bet)
Seat 3: Manuelito180 folded before Flop (didn't bet)
Seat 4: kei635 folded on the Turn
Seat 5: Templar85 folded before Flop (didn't bet)
Seat 6: Dorex2007 folded before Flop (didn't bet)
Seat 7: loadan (button) folded before Flop
Seat 9: AGVsmarT (small blind) collected ($2)



PokerStars Hand #238059015508:  Hold'em No Limit ($0.02/$0.05 USD) - 2022/08/17 21:38:03 PT [2022/08/18 0:38:03 ET]
Table 'Rhesus IV' 9-max Seat #9 is the button
Seat 1: MOONSP3LL ($5.77 in chips) 
Seat 2: 0RB BR0 ($6.12 in chips) 
Seat 3: Manuelito180 ($4.93 in chips) 
Seat 4: kei635 ($8.42 in chips) 
Seat 5: Templar85 ($5.44 in chips) 
Seat 6: Dorex2007 ($5.72 in chips) 
Seat 7: loadan ($3.04 in chips) 
Seat 9: AGVsmarT ($7.54 in chips) 
MOONSP3LL: posts small blind $0.02
0RB BR0: posts big blind $0.05
*** HOLE CARDS ***
Dealt to Dorex2007 [5s 4d]
Manuelito180: raises $0.07 to $0.12
kei635: folds 
Templar85: folds 
Dorex2007: folds 
loadan: folds 
AGVsmarT: calls $0.12
MOONSP3LL: calls $0.10
0RB BR0: calls $0.07
*** FLOP *** [3h 9c 5d]
MOONSP3LL: checks 
0RB BR0: bets $0.05
Manuelito180: calls $0.05
AGVsmarT: calls $0.05
MOONSP3LL: calls $0.05
*** TURN *** [3h 9c 5d] [7s]
MOONSP3LL: checks 
0RB BR0: bets $0.32
Manuelito180: folds 
AGVsmarT: calls $0.32
MOONSP3LL: folds 
*** RIVER *** [3h 9c 5d 7s] [Td]
0RB BR0: bets $0.20
AGVsmarT: calls $0.20
*** SHOW DOWN ***
0RB BR0: shows [5h 7h] (two pair, Sevens and Fives)
AGVsmarT: mucks hand 
0RB BR0 collected $1.65 from pot
*** SUMMARY ***
Total pot $1.72 | Rake $0.07 
Board [3h 9c 5d 7s Td]
Seat 1: MOONSP3LL (small blind) folded on the Turn
Seat 2: 0RB BR0 (big blind) showed [5h 7h] and won ($1.65) with two pair, Sevens and Fives
Seat 3: Manuelito180 folded on the Turn
Seat 4: kei635 folded before Flop (didn't bet)
Seat 5: Templar85 folded before Flop (didn't bet)
Seat 6: Dorex2007 folded before Flop (didn't bet)
Seat 7: loadan folded before Flop (didn't bet)
Seat 9: AGVsmarT (button) mucked [8s Th]



PokerStars Hand #238059026603:  Hold'em No Limit ($0.02/$0.05 USD) - 2022/08/17 21:39:35 PT [2022/08/18 0:39:35 ET]
Table 'Rhesus IV' 9-max Seat #1 is the button
Seat 1: MOONSP3LL ($5.60 in chips) 
Seat 2: 0RB BR0 ($7.08 in chips) 
Seat 4: kei635 ($8.42 in chips) 
Seat 5: Templar85 ($5.44 in chips) 
Seat 6: Dorex2007 ($5.72 in chips) 
Seat 7: loadan ($3.04 in chips) 
Seat 9: AGVsmarT ($6.85 in chips) 
0RB BR0: posts small blind $0.02
Manuelito180: is sitting out 
kei635: posts big blind $0.05
KOCETO_1992: sits out 
*** HOLE CARDS ***
Dealt to Dorex2007 [Qc Kh]
Templar85: folds 
Dorex2007: calls $0.05
loadan: calls $0.05
AGVsmarT: calls $0.05
MOONSP3LL: calls $0.05
0RB BR0: calls $0.03
kei635: checks 
*** FLOP *** [6h 5d 6c]
0RB BR0: checks 
kei635: checks 
Dorex2007: checks 
loadan: checks 
AGVsmarT: bets $0.05
MOONSP3LL: calls $0.05
0RB BR0: calls $0.05
kei635: folds 
Dorex2007: folds 
loadan: calls $0.05
*** TURN *** [6h 5d 6c] [Kc]
0RB BR0: checks 
loadan: checks 
AGVsmarT: checks 
MOONSP3LL: bets $0.25
0RB BR0: folds 
loadan: folds 
AGVsmarT: folds 
Uncalled bet ($0.25) returned to MOONSP3LL
MOONSP3LL collected $0.48 from pot
MOONSP3LL: doesn't show hand 
*** SUMMARY ***
Total pot $0.50 | Rake $0.02 
Board [6h 5d 6c Kc]
Seat 1: MOONSP3LL (button) collected ($0.48)
Seat 2: 0RB BR0 (small blind) folded on the Turn
Seat 4: kei635 (big blind) folded on the Flop
Seat 5: Templar85 folded before Flop (didn't bet)
Seat 6: Dorex2007 folded on the Flop
Seat 7: loadan folded on the Turn
Seat 9: AGVsmarT folded on the Turn



PokerStars Hand #238059035849:  Hold'em No Limit ($0.02/$0.05 USD) - 2022/08/17 21:40:51 PT [2022/08/18 0:40:51 ET]
Table 'Rhesus IV' 9-max Seat #2 is the button
Seat 1: MOONSP3LL ($5.98 in chips) 
Seat 2: 0RB BR0 ($6.98 in chips) 
Seat 4: kei635 ($8.37 in chips) 
Seat 5: Templar85 ($5.44 in chips) 
Seat 6: Dorex2007 ($5.67 in chips) 
Seat 7: loadan ($2.94 in chips) 
Seat 9: AGVsmarT ($6.75 in chips) 
kei635: posts small blind $0.02
Templar85: posts big blind $0.05
KOCETO_1992: sits out 
*** HOLE CARDS ***
Dealt to Dorex2007 [Qs 7s]
Dorex2007: folds 
loadan: folds 
AGVsmarT: calls $0.05
MOONSP3LL: folds 
0RB BR0: folds 
kei635: folds 
Templar85: checks 
*** FLOP *** [4h 8d 5c]
Templar85: bets $0.05
AGVsmarT: calls $0.05
*** TURN *** [4h 8d 5c] [6c]
Templar85: checks 
AGVsmarT: checks 
*** RIVER *** [4h 8d 5c 6c] [Jd]
Templar85: checks 
AGVsmarT: checks 
*** SHOW DOWN ***
Templar85: shows [3s 5d] (a pair of Fives)
AGVsmarT: shows [5s 2h] (a pair of Fives)
Templar85 collected $0.11 from pot
AGVsmarT collected $0.10 from pot
*** SUMMARY ***
Total pot $0.22 | Rake $0.01 
Board [4h 8d 5c 6c Jd]
Seat 1: MOONSP3LL folded before Flop (didn't bet)
Seat 2: 0RB BR0 (button) folded before Flop (didn't bet)
Seat 4: kei635 (small blind) folded before Flop
Seat 5: Templar85 (big blind) showed [3s 5d] and won ($0.11) with a pair of Fives
Seat 6: Dorex2007 folded before Flop (didn't bet)
Seat 7: loadan folded before Flop (didn't bet)
Seat 9: AGVsmarT showed [5s 2h] and won ($0.10) with a pair of Fives



PokerStars Hand #238059040514:  Hold'em No Limit ($0.02/$0.05 USD) - 2022/08/17 21:41:30 PT [2022/08/18 0:41:30 ET]
Table 'Rhesus IV' 9-max Seat #4 is the button
Seat 1: MOONSP3LL ($5.98 in chips) 
Seat 2: 0RB BR0 ($6.98 in chips) 
Seat 4: kei635 ($8.35 in chips) 
Seat 5: Templar85 ($5.45 in chips) 
Seat 6: Dorex2007 ($5.67 in chips) 
Seat 7: loadan ($2.94 in chips) 
Seat 9: AGVsmarT ($6.75 in chips) 
Templar85: posts small blind $0.02
Dorex2007: posts big blind $0.05
KOCETO_1992: sits out 
*** HOLE CARDS ***
Dealt to Dorex2007 [5c 6c]
loadan: folds 
AGVsmarT: folds 
MOONSP3LL: folds 
0RB BR0: folds 
kei635: folds 
Templar85: raises $0.10 to $0.15
Dorex2007: calls $0.10
*** FLOP *** [3s 3d 5d]
Templar85: bets $0.14
Dorex2007: raises $0.24 to $0.38
Templar85: folds 
Uncalled bet ($0.24) returned to Dorex2007
Dorex2007 collected $0.56 from pot
Dorex2007: doesn't show hand 
*** SUMMARY ***
Total pot $0.58 | Rake $0.02 
Board [3s 3d 5d]
Seat 1: MOONSP3LL folded before Flop (didn't bet)
Seat 2: 0RB BR0 folded before Flop (didn't bet)
Seat 4: kei635 (button) folded before Flop (didn't bet)
Seat 5: Templar85 (small blind) folded on the Flop
Seat 6: Dorex2007 (big blind) collected ($0.56)
Seat 7: loadan folded before Flop (didn't bet)
Seat 9: AGVsmarT folded before Flop (didn't bet)



PokerStars Hand #238059044408:  Hold'em No Limit ($0.02/$0.05 USD) - 2022/08/17 21:42:03 PT [2022/08/18 0:42:03 ET]
Table 'Rhesus IV' 9-max Seat #5 is the button
Seat 1: MOONSP3LL ($5.98 in chips) 
Seat 2: 0RB BR0 ($6.98 in chips) 
Seat 4: kei635 ($8.35 in chips) 
Seat 5: Templar85 ($5.16 in chips) 
Seat 6: Dorex2007 ($5.94 in chips) 
Seat 7: loadan ($2.94 in chips) 
Seat 9: AGVsmarT ($6.75 in chips) 
Dorex2007: posts small blind $0.02
loadan: posts big blind $0.05
KOCETO_1992: sits out 
*** HOLE CARDS ***
Dealt to Dorex2007 [Qc 4d]
AGVsmarT: calls $0.05
MOONSP3LL: folds 
0RB BR0: folds 
kei635: folds 
Templar85: folds 
Dorex2007: calls $0.03
loadan: checks 
*** FLOP *** [Qd 6d Tc]
Dorex2007: bets $0.09
loadan: folds 
AGVsmarT: calls $0.09
*** TURN *** [Qd 6d Tc] [4s]
Dorex2007: bets $0.40
AGVsmarT: calls $0.40
*** RIVER *** [Qd 6d Tc 4s] [6h]
Dorex2007: bets $0.45
AGVsmarT: folds 
Uncalled bet ($0.45) returned to Dorex2007
Dorex2007 collected $1.08 from pot
Dorex2007: doesn't show hand 
*** SUMMARY ***
Total pot $1.13 | Rake $0.05 
Board [Qd 6d Tc 4s 6h]
Seat 1: MOONSP3LL folded before Flop (didn't bet)
Seat 2: 0RB BR0 folded before Flop (didn't bet)
Seat 4: kei635 folded before Flop (didn't bet)
Seat 5: Templar85 (button) folded before Flop (didn't bet)
Seat 6: Dorex2007 (small blind) collected ($1.08)
Seat 7: loadan (big blind) folded on the Flop
Seat 9: AGVsmarT folded on the River



PokerStars Hand #238059051318:  Hold'em No Limit ($0.02/$0.05 USD) - 2022/08/17 21:43:02 PT [2022/08/18 0:43:02 ET]
Table 'Rhesus IV' 9-max Seat #6 is the button
Seat 2: 0RB BR0 ($6.98 in chips) 
Seat 4: kei635 ($8.35 in chips) 
Seat 5: Templar85 ($5.16 in chips) 
Seat 6: Dorex2007 ($6.48 in chips) 
Seat 7: loadan ($2.89 in chips) 
Seat 8: KOCETO_1992 ($4.02 in chips) 
Seat 9: AGVsmarT ($6.21 in chips) 
loadan: posts small blind $0.02
KOCETO_1992: posts big blind $0.05
*** HOLE CARDS ***
Dealt to Dorex2007 [5c 3s]
AGVsmarT: folds 
0RB BR0: calls $0.05
kei635: folds 
Templar85: raises $0.17 to $0.22
Dorex2007: folds 
loadan: folds 
KOCETO_1992: folds 
0RB BR0: folds 
Uncalled bet ($0.17) returned to Templar85
Templar85 collected $0.17 from pot
Templar85: doesn't show hand 
*** SUMMARY ***
Total pot $0.17 | Rake $0 
Seat 2: 0RB BR0 folded before Flop
Seat 4: kei635 folded before Flop (didn't bet)
Seat 5: Templar85 collected ($0.17)
Seat 6: Dorex2007 (button) folded before Flop (didn't bet)
Seat 7: loadan (small blind) folded before Flop
Seat 8: KOCETO_1992 (big blind) folded before Flop
Seat 9: AGVsmarT folded before Flop (didn't bet)



PokerStars Hand #238059053898:  Hold'em No Limit ($0.02/$0.05 USD) - 2022/08/17 21:43:24 PT [2022/08/18 0:43:24 ET]
Table 'Rhesus IV' 9-max Seat #7 is the button
Seat 2: 0RB BR0 ($6.93 in chips) 
Seat 4: kei635 ($8.35 in chips) 
Seat 5: Templar85 ($5.28 in chips) 
Seat 6: Dorex2007 ($6.48 in chips) 
Seat 7: loadan ($2.87 in chips) 
Seat 8: KOCETO_1992 ($3.97 in chips) 
Seat 9: AGVsmarT ($6.21 in chips) 
KOCETO_1992: posts small blind $0.02
AGVsmarT: posts big blind $0.05
*** HOLE CARDS ***
Dealt to Dorex2007 [2d 5s]
0RB BR0: folds 
kei635: folds 
Templar85: folds 
Dorex2007: folds 
loadan: folds 
KOCETO_1992: folds 
Uncalled bet ($0.03) returned to AGVsmarT
AGVsmarT collected $0.04 from pot
*** SUMMARY ***
Total pot $0.04 | Rake $0 
Seat 2: 0RB BR0 folded before Flop (didn't bet)
Seat 4: kei635 folded before Flop (didn't bet)
Seat 5: Templar85 folded before Flop (didn't bet)
Seat 6: Dorex2007 folded before Flop (didn't bet)
Seat 7: loadan (button) folded before Flop (didn't bet)
Seat 8: KOCETO_1992 (small blind) folded before Flop
Seat 9: AGVsmarT (big blind) collected ($0.04)



PokerStars Hand #238059055763:  Hold'em No Limit ($0.02/$0.05 USD) - 2022/08/17 21:43:40 PT [2022/08/18 0:43:40 ET]
Table 'Rhesus IV' 9-max Seat #8 is the button
Seat 2: 0RB BR0 ($6.93 in chips) 
Seat 4: kei635 ($8.35 in chips) 
Seat 5: Templar85 ($5.28 in chips) 
Seat 6: Dorex2007 ($6.48 in chips) 
Seat 7: loadan ($2.87 in chips) 
Seat 8: KOCETO_1992 ($3.95 in chips) 
Seat 9: AGVsmarT ($6.23 in chips) 
AGVsmarT: posts small blind $0.02
0RB BR0: posts big blind $0.05
*** HOLE CARDS ***
Dealt to Dorex2007 [7c Ad]
kei635: folds 
Templar85: folds 
Dorex2007: folds 
loadan: folds 
KOCETO_1992: folds 
AGVsmarT: folds 
Uncalled bet ($0.03) returned to 0RB BR0
0RB BR0 collected $0.04 from pot
0RB BR0: doesn't show hand 
*** SUMMARY ***
Total pot $0.04 | Rake $0 
Seat 2: 0RB BR0 (big blind) collected ($0.04)
Seat 4: kei635 folded before Flop (didn't bet)
Seat 5: Templar85 folded before Flop (didn't bet)
Seat 6: Dorex2007 folded before Flop (didn't bet)
Seat 7: loadan folded before Flop (didn't bet)
Seat 8: KOCETO_1992 (button) folded before Flop (didn't bet)
Seat 9: AGVsmarT (small blind) folded before Flop



PokerStars Hand #238059057811:  Hold'em No Limit ($0.02/$0.05 USD) - 2022/08/17 21:43:58 PT [2022/08/18 0:43:58 ET]
Table 'Rhesus IV' 9-max Seat #9 is the button
Seat 2: 0RB BR0 ($6.95 in chips) 
Seat 4: kei635 ($8.35 in chips) 
Seat 5: Templar85 ($5.28 in chips) 
Seat 6: Dorex2007 ($6.48 in chips) 
Seat 7: loadan ($2.87 in chips) 
Seat 8: KOCETO_1992 ($3.95 in chips) 
Seat 9: AGVsmarT ($6.21 in chips) 
0RB BR0: posts small blind $0.02
kei635: posts big blind $0.05
*** HOLE CARDS ***
Dealt to Dorex2007 [3d 2d]
Templar85: folds 
Dorex2007: folds 
loadan: folds 
KOCETO_1992: folds 
AGVsmarT: calls $0.05
0RB BR0: calls $0.03
kei635: raises $0.07 to $0.12
AGVsmarT: calls $0.07
0RB BR0: calls $0.07
*** FLOP *** [Kh Ac Tc]
0RB BR0: bets $0.05
kei635: folds 
AGVsmarT: calls $0.05
*** TURN *** [Kh Ac Tc] [5c]
0RB BR0: bets $0.10
AGVsmarT: folds 
Uncalled bet ($0.10) returned to 0RB BR0
0RB BR0 collected $0.44 from pot
0RB BR0: doesn't show hand 
*** SUMMARY ***
Total pot $0.46 | Rake $0.02 
Board [Kh Ac Tc 5c]
Seat 2: 0RB BR0 (small blind) collected ($0.44)
Seat 4: kei635 (big blind) folded on the Flop
Seat 5: Templar85 folded before Flop (didn't bet)
Seat 6: Dorex2007 folded before Flop (didn't bet)
Seat 7: loadan folded before Flop (didn't bet)
Seat 8: KOCETO_1992 folded before Flop (didn't bet)
Seat 9: AGVsmarT (button) folded on the Turn



PokerStars Hand #238059071322:  Hold'em No Limit ($0.02/$0.05 USD) - 2022/08/17 21:44:39 PT [2022/08/18 0:44:39 ET]
Table 'Rhesus IV' 9-max Seat #2 is the button
Seat 2: 0RB BR0 ($7.22 in chips) 
Seat 4: kei635 ($8.23 in chips) 
Seat 5: Templar85 ($5.28 in chips) 
Seat 6: Dorex2007 ($6.48 in chips) 
Seat 7: loadan ($2.87 in chips) 
Seat 8: KOCETO_1992 ($3.95 in chips) 
Seat 9: AGVsmarT ($6.04 in chips) 
kei635: posts small blind $0.02
Templar85: posts big blind $0.05
*** HOLE CARDS ***
Dealt to Dorex2007 [Ah 3c]
Dorex2007: folds 
loadan: folds 
KOCETO_1992: folds 
AGVsmarT: raises $0.12 to $0.17
0RB BR0: folds 
kei635: folds 
Templar85: calls $0.12
*** FLOP *** [Jc 4h 5d]
Templar85: checks 
AGVsmarT: bets $0.10
Templar85: folds 
Uncalled bet ($0.10) returned to AGVsmarT
AGVsmarT collected $0.35 from pot
*** SUMMARY ***
Total pot $0.36 | Rake $0.01 
Board [Jc 4h 5d]
Seat 2: 0RB BR0 (button) folded before Flop (didn't bet)
Seat 4: kei635 (small blind) folded before Flop
Seat 5: Templar85 (big blind) folded on the Flop
Seat 6: Dorex2007 folded before Flop (didn't bet)
Seat 7: loadan folded before Flop (didn't bet)
Seat 8: KOCETO_1992 folded before Flop (didn't bet)
Seat 9: AGVsmarT collected ($0.35)



PokerStars Hand #238059074428:  Hold'em No Limit ($0.02/$0.05 USD) - 2022/08/17 21:45:06 PT [2022/08/18 0:45:06 ET]
Table 'Rhesus IV' 9-max Seat #4 is the button
Seat 2: 0RB BR0 ($7.22 in chips) 
Seat 4: kei635 ($8.21 in chips) 
Seat 5: Templar85 ($5.11 in chips) 
Seat 6: Dorex2007 ($6.48 in chips) 
Seat 7: loadan ($2.87 in chips) 
Seat 8: KOCETO_1992 ($3.95 in chips) 
Seat 9: AGVsmarT ($6.22 in chips) 
Templar85: posts small blind $0.02
Dorex2007: posts big blind $0.05
*** HOLE CARDS ***
Dealt to Dorex2007 [6s 5h]
loadan: folds 
KOCETO_1992: folds 
AGVsmarT: calls $0.05
0RB BR0: calls $0.05
kei635: folds 
Templar85: raises $0.25 to $0.30
Dorex2007: folds 
AGVsmarT: folds 
0RB BR0: folds 
Uncalled bet ($0.25) returned to Templar85
Templar85 collected $0.20 from pot
Templar85: doesn't show hand 
*** SUMMARY ***
Total pot $0.20 | Rake $0 
Seat 2: 0RB BR0 folded before Flop
Seat 4: kei635 (button) folded before Flop (didn't bet)
Seat 5: Templar85 (small blind) collected ($0.20)
Seat 6: Dorex2007 (big blind) folded before Flop
Seat 7: loadan folded before Flop (didn't bet)
Seat 8: KOCETO_1992 folded before Flop (didn't bet)
Seat 9: AGVsmarT folded before Flop



PokerStars Hand #238059077313:  Hold'em No Limit ($0.02/$0.05 USD) - 2022/08/17 21:45:30 PT [2022/08/18 0:45:30 ET]
Table 'Rhesus IV' 9-max Seat #5 is the button
Seat 2: 0RB BR0 ($7.17 in chips) 
Seat 4: kei635 ($8.21 in chips) 
Seat 5: Templar85 ($5.26 in chips) 
Seat 6: Dorex2007 ($6.43 in chips) 
Seat 7: loadan ($2.87 in chips) 
Seat 8: KOCETO_1992 ($3.95 in chips) 
Seat 9: AGVsmarT ($6.17 in chips) 
Dorex2007: posts small blind $0.02
loadan: posts big blind $0.05
*** HOLE CARDS ***
Dealt to Dorex2007 [9c 3d]
KOCETO_1992: folds 
AGVsmarT: calls $0.05
0RB BR0: folds 
kei635: folds 
Templar85: raises $0.17 to $0.22
Dorex2007: folds 
loadan: folds 
AGVsmarT: calls $0.17
*** FLOP *** [6d 7s Qs]
AGVsmarT: bets $0.24
Templar85: calls $0.24
*** TURN *** [6d 7s Qs] [Ks]
AGVsmarT: bets $0.15
Templar85: raises $0.25 to $0.40
AGVsmarT: folds 
Uncalled bet ($0.25) returned to Templar85
Templar85 collected $1.24 from pot
Templar85: doesn't show hand 
*** SUMMARY ***
Total pot $1.29 | Rake $0.05 
Board [6d 7s Qs Ks]
Seat 2: 0RB BR0 folded before Flop (didn't bet)
Seat 4: kei635 folded before Flop (didn't bet)
Seat 5: Templar85 (button) collected ($1.24)
Seat 6: Dorex2007 (small blind) folded before Flop
Seat 7: loadan (big blind) folded before Flop
Seat 8: KOCETO_1992 folded before Flop (didn't bet)
Seat 9: AGVsmarT folded on the Turn



PokerStars Hand #238059082872:  Hold'em No Limit ($0.02/$0.05 USD) - 2022/08/17 21:46:18 PT [2022/08/18 0:46:18 ET]
Table 'Rhesus IV' 9-max Seat #6 is the button
Seat 2: 0RB BR0 ($7.17 in chips) 
Seat 4: kei635 ($8.21 in chips) 
Seat 5: Templar85 ($5.89 in chips) 
Seat 6: Dorex2007 ($6.41 in chips) 
Seat 7: loadan ($2.82 in chips) 
Seat 8: KOCETO_1992 ($3.95 in chips) 
Seat 9: AGVsmarT ($5.56 in chips) 
loadan: posts small blind $0.02
KOCETO_1992: posts big blind $0.05
MOONSP3LL: sits out 
*** HOLE CARDS ***
Dealt to Dorex2007 [Qd 9h]
AGVsmarT: folds 
0RB BR0: folds 
kei635: folds 
Templar85: raises $0.07 to $0.12
Dorex2007: folds 
loadan: calls $0.10
KOCETO_1992: folds 
*** FLOP *** [Qs 9s Jd]
loadan: checks 
Templar85: checks 
*** TURN *** [Qs 9s Jd] [Td]
loadan: bets $0.05
Templar85: calls $0.05
*** RIVER *** [Qs 9s Jd Td] [6c]
loadan: bets $0.37
Templar85: folds 
Uncalled bet ($0.37) returned to loadan
loadan collected $0.37 from pot
MOONSP3LL leaves the table
*** SUMMARY ***
Total pot $0.39 | Rake $0.02 
Board [Qs 9s Jd Td 6c]
Seat 2: 0RB BR0 folded before Flop (didn't bet)
Seat 4: kei635 folded before Flop (didn't bet)
Seat 5: Templar85 folded on the River
Seat 6: Dorex2007 (button) folded before Flop (didn't bet)
Seat 7: loadan (small blind) collected ($0.37)
Seat 8: KOCETO_1992 (big blind) folded before Flop
Seat 9: AGVsmarT folded before Flop (didn't bet)



PokerStars Hand #238059086455:  Hold'em No Limit ($0.02/$0.05 USD) - 2022/08/17 21:46:49 PT [2022/08/18 0:46:49 ET]
Table 'Rhesus IV' 9-max Seat #7 is the button
Seat 2: 0RB BR0 ($7.17 in chips) 
Seat 4: kei635 ($8.21 in chips) 
Seat 5: Templar85 ($5.72 in chips) 
Seat 6: Dorex2007 ($6.41 in chips) 
Seat 7: loadan ($3.02 in chips) 
Seat 8: KOCETO_1992 ($3.90 in chips) 
Seat 9: AGVsmarT ($5.56 in chips) 
KOCETO_1992: posts small blind $0.02
AGVsmarT: posts big blind $0.05
Manuelito180: sits out 
*** HOLE CARDS ***
Dealt to Dorex2007 [Jh 7c]
0RB BR0: folds 
kei635: folds 
Templar85: folds 
SetOnesGoal joins the table at seat #1 
Dorex2007: folds 
loadan: folds 
KOCETO_1992: raises $0.10 to $0.15
AGVsmarT: calls $0.10
*** FLOP *** [Ad 8h Qd]
KOCETO_1992: bets $0.12
AGVsmarT: folds 
Uncalled bet ($0.12) returned to KOCETO_1992
KOCETO_1992 collected $0.29 from pot
*** SUMMARY ***
Total pot $0.30 | Rake $0.01 
Board [Ad 8h Qd]
Seat 2: 0RB BR0 folded before Flop (didn't bet)
Seat 4: kei635 folded before Flop (didn't bet)
Seat 5: Templar85 folded before Flop (didn't bet)
Seat 6: Dorex2007 folded before Flop (didn't bet)
Seat 7: loadan (button) folded before Flop (didn't bet)
Seat 8: KOCETO_1992 (small blind) collected ($0.29)
Seat 9: AGVsmarT (big blind) folded on the Flop



PokerStars Hand #238059090426:  Hold'em No Limit ($0.02/$0.05 USD) - 2022/08/17 21:47:23 PT [2022/08/18 0:47:23 ET]
Table 'Rhesus IV' 9-max Seat #8 is the button
Seat 1: SetOnesGoal ($5 in chips) 
Seat 2: 0RB BR0 ($7.17 in chips) 
Seat 4: kei635 ($8.21 in chips) 
Seat 5: Templar85 ($5.72 in chips) 
Seat 6: Dorex2007 ($6.41 in chips) 
Seat 7: loadan ($3.02 in chips) 
Seat 8: KOCETO_1992 ($4.04 in chips) 
Seat 9: AGVsmarT ($5.41 in chips) 
AGVsmarT: posts small blind $0.02
SetOnesGoal: posts big blind $0.05
Manuelito180: sits out 
*** HOLE CARDS ***
Dealt to Dorex2007 [Qd 4d]
0RB BR0: folds 
kei635: folds 
Templar85: raises $0.10 to $0.15
Dorex2007: folds 
loadan: calls $0.15
KOCETO_1992: folds 
AGVsmarT: folds 
SetOnesGoal: folds 
*** FLOP *** [Jc 3d Kc]
Templar85: bets $0.17
loadan: calls $0.17
*** TURN *** [Jc 3d Kc] [5s]
Templar85: bets $0.34
loadan: calls $0.34
*** RIVER *** [Jc 3d Kc 5s] [Kh]
Templar85: checks 
loadan: checks 
*** SHOW DOWN ***
Templar85: shows [Ac 2c] (a pair of Kings)
loadan: mucks hand 
Templar85 collected $1.33 from pot
*** SUMMARY ***
Total pot $1.39 | Rake $0.06 
Board [Jc 3d Kc 5s Kh]
Seat 1: SetOnesGoal (big blind) folded before Flop
Seat 2: 0RB BR0 folded before Flop (didn't bet)
Seat 4: kei635 folded before Flop (didn't bet)
Seat 5: Templar85 showed [Ac 2c] and won ($1.33) with a pair of Kings
Seat 6: Dorex2007 folded before Flop (didn't bet)
Seat 7: loadan mucked [Th Qc]
Seat 8: KOCETO_1992 (button) folded before Flop (didn't bet)
Seat 9: AGVsmarT (small blind) folded before Flop



PokerStars Hand #238059097719:  Hold'em No Limit ($0.02/$0.05 USD) - 2022/08/17 21:48:26 PT [2022/08/18 0:48:26 ET]
Table 'Rhesus IV' 9-max Seat #9 is the button
Seat 1: SetOnesGoal ($5 in chips) 
Seat 2: 0RB BR0 ($7.17 in chips) 
Seat 4: kei635 ($8.21 in chips) 
Seat 5: Templar85 ($6.39 in chips) 
Seat 6: Dorex2007 ($6.41 in chips) 
Seat 7: loadan ($2.36 in chips) 
Seat 8: KOCETO_1992 ($4.04 in chips) 
Seat 9: AGVsmarT ($5.39 in chips) 
SetOnesGoal: posts small blind $0.02
0RB BR0: posts big blind $0.05
Manuelito180: sits out 
*** HOLE CARDS ***
Dealt to Dorex2007 [Th 7h]
kei635: raises $0.07 to $0.12
Templar85: folds 
Dorex2007: folds 
loadan: folds 
KOCETO_1992: folds 
AGVsmarT: folds 
SetOnesGoal: folds 
0RB BR0: folds 
Uncalled bet ($0.07) returned to kei635
kei635 collected $0.12 from pot
kei635: doesn't show hand 
*** SUMMARY ***
Total pot $0.12 | Rake $0 
Seat 1: SetOnesGoal (small blind) folded before Flop
Seat 2: 0RB BR0 (big blind) folded before Flop
Seat 4: kei635 collected ($0.12)
Seat 5: Templar85 folded before Flop (didn't bet)
Seat 6: Dorex2007 folded before Flop (didn't bet)
Seat 7: loadan folded before Flop (didn't bet)
Seat 8: KOCETO_1992 folded before Flop (didn't bet)
Seat 9: AGVsmarT (button) folded before Flop (didn't bet)



PokerStars Hand #238059099901:  Hold'em No Limit ($0.02/$0.05 USD) - 2022/08/17 21:48:45 PT [2022/08/18 0:48:45 ET]
Table 'Rhesus IV' 9-max Seat #1 is the button
Seat 1: SetOnesGoal ($5 in chips) 
Seat 2: 0RB BR0 ($7.12 in chips) 
Seat 3: Manuelito180 ($4.76 in chips) 
Seat 4: kei635 ($8.28 in chips) 
Seat 5: Templar85 ($6.39 in chips) 
Seat 6: Dorex2007 ($6.41 in chips) 
Seat 7: loadan ($2.36 in chips) 
Seat 8: KOCETO_1992 ($4.04 in chips) 
Seat 9: AGVsmarT ($5.39 in chips) 
0RB BR0: posts small blind $0.02
Manuelito180: posts big blind $0.05
*** HOLE CARDS ***
Dealt to Dorex2007 [2d 2h]
kei635: folds 
Templar85: folds 
Dorex2007: folds 
loadan: folds 
KOCETO_1992: folds 
AGVsmarT: raises $0.12 to $0.17
SetOnesGoal: folds 
0RB BR0: folds 
Manuelito180: folds 
Uncalled bet ($0.12) returned to AGVsmarT
AGVsmarT collected $0.12 from pot
*** SUMMARY ***
Total pot $0.12 | Rake $0 
Seat 1: SetOnesGoal (button) folded before Flop (didn't bet)
Seat 2: 0RB BR0 (small blind) folded before Flop
Seat 3: Manuelito180 (big blind) folded before Flop
Seat 4: kei635 folded before Flop (didn't bet)
Seat 5: Templar85 folded before Flop (didn't bet)
Seat 6: Dorex2007 folded before Flop (didn't bet)
Seat 7: loadan folded before Flop (didn't bet)
Seat 8: KOCETO_1992 folded before Flop (didn't bet)
Seat 9: AGVsmarT collected ($0.12)



PokerStars Hand #238059103781:  Hold'em No Limit ($0.02/$0.05 USD) - 2022/08/17 21:49:17 PT [2022/08/18 0:49:17 ET]
Table 'Rhesus IV' 9-max Seat #2 is the button
Seat 1: SetOnesGoal ($5 in chips) 
Seat 2: 0RB BR0 ($7.10 in chips) 
Seat 3: Manuelito180 ($4.71 in chips) 
Seat 4: kei635 ($8.28 in chips) 
Seat 5: Templar85 ($6.39 in chips) 
Seat 6: Dorex2007 ($6.41 in chips) 
Seat 7: loadan ($2.36 in chips) 
Seat 8: KOCETO_1992 ($4.04 in chips) 
Seat 9: AGVsmarT ($5.46 in chips) 
Manuelito180: posts small blind $0.02
kei635: posts big blind $0.05
*** HOLE CARDS ***
Dealt to Dorex2007 [Td Ks]
Templar85: folds 
Dorex2007: folds 
loadan: folds 
KOCETO_1992: raises $0.07 to $0.12
AGVsmarT: calls $0.12
SetOnesGoal: calls $0.12
0RB BR0: folds 
Manuelito180: calls $0.10
kei635: folds 
*** FLOP *** [9h 7d 5h]
Manuelito180: checks 
KOCETO_1992: bets $0.15
AGVsmarT: calls $0.15
SetOnesGoal: calls $0.15
Manuelito180: calls $0.15
*** TURN *** [9h 7d 5h] [9s]
Manuelito180: checks 
KOCETO_1992: checks 
AGVsmarT: bets $0.60
SetOnesGoal: calls $0.60
Manuelito180: folds 
KOCETO_1992: folds 
*** RIVER *** [9h 7d 5h 9s] [2h]
AGVsmarT: bets $1.11
SetOnesGoal: raises $1.49 to $2.60
AGVsmarT: folds 
Uncalled bet ($1.49) returned to SetOnesGoal
SetOnesGoal collected $4.36 from pot
SetOnesGoal: doesn't show hand 
*** SUMMARY ***
Total pot $4.55 | Rake $0.19 
Board [9h 7d 5h 9s 2h]
Seat 1: SetOnesGoal collected ($4.36)
Seat 2: 0RB BR0 (button) folded before Flop (didn't bet)
Seat 3: Manuelito180 (small blind) folded on the Turn
Seat 4: kei635 (big blind) folded before Flop
Seat 5: Templar85 folded before Flop (didn't bet)
Seat 6: Dorex2007 folded before Flop (didn't bet)
Seat 7: loadan folded before Flop (didn't bet)
Seat 8: KOCETO_1992 folded on the Turn
Seat 9: AGVsmarT folded on the River



PokerStars Hand #238059116869:  Hold'em No Limit ($0.02/$0.05 USD) - 2022/08/17 21:51:11 PT [2022/08/18 0:51:11 ET]
Table 'Rhesus IV' 9-max Seat #3 is the button
Seat 1: SetOnesGoal ($7.38 in chips) 
Seat 2: 0RB BR0 ($7.10 in chips) 
Seat 3: Manuelito180 ($4.44 in chips) 
Seat 4: kei635 ($8.23 in chips) 
Seat 5: Templar85 ($6.39 in chips) 
Seat 6: Dorex2007 ($6.41 in chips) 
Seat 7: loadan ($2.36 in chips) 
Seat 8: KOCETO_1992 ($4 in chips) 
Seat 9: AGVsmarT ($3.48 in chips) 
kei635: posts small blind $0.02
Templar85: posts big blind $0.05
*** HOLE CARDS ***
Dealt to Dorex2007 [9s Js]
Dorex2007: folds 
loadan: raises $0.10 to $0.15
KOCETO_1992: folds 
AGVsmarT: calls $0.15
SetOnesGoal: folds 
0RB BR0: folds 
Manuelito180: folds 
kei635: folds 
Templar85: folds 
*** FLOP *** [4h Ts Th]
loadan: bets $0.10
AGVsmarT: folds 
Uncalled bet ($0.10) returned to loadan
loadan collected $0.35 from pot
*** SUMMARY ***
Total pot $0.37 | Rake $0.02 
Board [4h Ts Th]
Seat 1: SetOnesGoal folded before Flop (didn't bet)
Seat 2: 0RB BR0 folded before Flop (didn't bet)
Seat 3: Manuelito180 (button) folded before Flop (didn't bet)
Seat 4: kei635 (small blind) folded before Flop
Seat 5: Templar85 (big blind) folded before Flop
Seat 6: Dorex2007 folded before Flop (didn't bet)
Seat 7: loadan collected ($0.35)
Seat 8: KOCETO_1992 folded before Flop (didn't bet)
Seat 9: AGVsmarT folded on the Flop



PokerStars Hand #238059123151:  Hold'em No Limit ($0.02/$0.05 USD) - 2022/08/17 21:52:05 PT [2022/08/18 0:52:05 ET]
Table 'Rhesus IV' 9-max Seat #4 is the button
Seat 1: SetOnesGoal ($7.38 in chips) 
Seat 2: 0RB BR0 ($7.10 in chips) 
Seat 3: Manuelito180 ($4.44 in chips) 
Seat 4: kei635 ($8.21 in chips) 
Seat 5: Templar85 ($6.34 in chips) 
Seat 6: Dorex2007 ($6.41 in chips) 
Seat 7: loadan ($2.56 in chips) 
Seat 8: KOCETO_1992 ($4 in chips) 
Seat 9: AGVsmarT ($3.33 in chips) 
Templar85: posts small blind $0.02
Dorex2007: posts big blind $0.05
*** HOLE CARDS ***
Dealt to Dorex2007 [3d Ah]
loadan: folds 
KOCETO_1992: folds 
AGVsmarT: folds 
SetOnesGoal: folds 
0RB BR0: folds 
Manuelito180: raises $0.05 to $0.10
kei635: calls $0.10
Templar85: folds 
Dorex2007: folds 
*** FLOP *** [9d Jc 9s]
Manuelito180: bets $0.13
kei635: raises $0.13 to $0.26
Manuelito180: calls $0.13
*** TURN *** [9d Jc 9s] [4s]
Manuelito180: checks 
kei635: bets $0.40
Manuelito180: calls $0.40
*** RIVER *** [9d Jc 9s 4s] [Jd]
Manuelito180: bets $3.68 and is all-in
kei635: folds 
Uncalled bet ($3.68) returned to Manuelito180
Manuelito180 collected $1.52 from pot
Manuelito180: doesn't show hand 
*** SUMMARY ***
Total pot $1.59 | Rake $0.07 
Board [9d Jc 9s 4s Jd]
Seat 1: SetOnesGoal folded before Flop (didn't bet)
Seat 2: 0RB BR0 folded before Flop (didn't bet)
Seat 3: Manuelito180 collected ($1.52)
Seat 4: kei635 (button) folded on the River
Seat 5: Templar85 (small blind) folded before Flop
Seat 6: Dorex2007 (big blind) folded before Flop
Seat 7: loadan folded before Flop (didn't bet)
Seat 8: KOCETO_1992 folded before Flop (didn't bet)
Seat 9: AGVsmarT folded before Flop (didn't bet)



PokerStars Hand #238059133585:  Hold'em No Limit ($0.02/$0.05 USD) - 2022/08/17 21:53:35 PT [2022/08/18 0:53:35 ET]
Table 'Rhesus IV' 9-max Seat #5 is the button
Seat 1: SetOnesGoal ($7.38 in chips) 
Seat 2: 0RB BR0 ($7.10 in chips) 
Seat 3: Manuelito180 ($5.20 in chips) 
Seat 4: kei635 ($7.45 in chips) 
Seat 5: Templar85 ($6.32 in chips) 
Seat 6: Dorex2007 ($6.36 in chips) 
Seat 7: loadan ($2.56 in chips) 
Seat 8: KOCETO_1992 ($4 in chips) 
Seat 9: AGVsmarT ($3.33 in chips) 
Dorex2007: posts small blind $0.02
loadan: posts big blind $0.05
*** HOLE CARDS ***
Dealt to Dorex2007 [8h 6c]
KOCETO_1992: folds 
AGVsmarT: folds 
SetOnesGoal: folds 
0RB BR0: folds 
Manuelito180: folds 
kei635: folds 
Templar85: folds 
Dorex2007: folds 
Uncalled bet ($0.03) returned to loadan
loadan collected $0.04 from pot
*** SUMMARY ***
Total pot $0.04 | Rake $0 
Seat 1: SetOnesGoal folded before Flop (didn't bet)
Seat 2: 0RB BR0 folded before Flop (didn't bet)
Seat 3: Manuelito180 folded before Flop (didn't bet)
Seat 4: kei635 folded before Flop (didn't bet)
Seat 5: Templar85 (button) folded before Flop (didn't bet)
Seat 6: Dorex2007 (small blind) folded before Flop
Seat 7: loadan (big blind) collected ($0.04)
Seat 8: KOCETO_1992 folded before Flop (didn't bet)
Seat 9: AGVsmarT folded before Flop (didn't bet)



PokerStars Hand #238059142469:  Hold'em No Limit ($0.02/$0.05 USD) - 2022/08/17 21:54:00 PT [2022/08/18 0:54:00 ET]
Table 'Rhesus IV' 9-max Seat #6 is the button
Seat 1: SetOnesGoal ($7.38 in chips) 
Seat 2: 0RB BR0 ($7.10 in chips) 
Seat 3: Manuelito180 ($5.20 in chips) 
Seat 4: kei635 ($7.45 in chips) 
Seat 5: Templar85 ($6.32 in chips) 
Seat 6: Dorex2007 ($6.34 in chips) 
Seat 7: loadan ($2.58 in chips) 
Seat 8: KOCETO_1992 ($4 in chips) 
Seat 9: AGVsmarT ($3.33 in chips) 
loadan: posts small blind $0.02
KOCETO_1992: posts big blind $0.05
*** HOLE CARDS ***
Dealt to Dorex2007 [9c Jd]
AGVsmarT: folds 
SetOnesGoal: folds 
0RB BR0: folds 
Manuelito180: raises $0.10 to $0.15
kei635: folds 
Templar85: folds 
Dorex2007: folds 
loadan: folds 
KOCETO_1992: folds 
Uncalled bet ($0.10) returned to Manuelito180
Manuelito180 collected $0.12 from pot
Manuelito180: doesn't show hand 
*** SUMMARY ***
Total pot $0.12 | Rake $0 
Seat 1: SetOnesGoal folded before Flop (didn't bet)
Seat 2: 0RB BR0 folded before Flop (didn't bet)
Seat 3: Manuelito180 collected ($0.12)
Seat 4: kei635 folded before Flop (didn't bet)
Seat 5: Templar85 folded before Flop (didn't bet)
Seat 6: Dorex2007 (button) folded before Flop (didn't bet)
Seat 7: loadan (small blind) folded before Flop
Seat 8: KOCETO_1992 (big blind) folded before Flop
Seat 9: AGVsmarT folded before Flop (didn't bet)



PokerStars Hand #238059144840:  Hold'em No Limit ($0.02/$0.05 USD) - 2022/08/17 21:54:21 PT [2022/08/18 0:54:21 ET]
Table 'Rhesus IV' 9-max Seat #7 is the button
Seat 1: SetOnesGoal ($7.38 in chips) 
Seat 2: 0RB BR0 ($7.10 in chips) 
Seat 3: Manuelito180 ($5.27 in chips) 
Seat 4: kei635 ($7.45 in chips) 
Seat 5: Templar85 ($6.32 in chips) 
Seat 6: Dorex2007 ($6.34 in chips) 
Seat 7: loadan ($2.56 in chips) 
Seat 8: KOCETO_1992 ($3.95 in chips) 
Seat 9: AGVsmarT ($3.33 in chips) 
KOCETO_1992: posts small blind $0.02
AGVsmarT: posts big blind $0.05
*** HOLE CARDS ***
Dealt to Dorex2007 [Kc 6h]
SetOnesGoal: folds 
0RB BR0: folds 
Manuelito180: folds 
kei635: folds 
Templar85: folds 
Dorex2007: folds 
loadan: folds 
KOCETO_1992: folds 
Uncalled bet ($0.03) returned to AGVsmarT
AGVsmarT collected $0.04 from pot
*** SUMMARY ***
Total pot $0.04 | Rake $0 
Seat 1: SetOnesGoal folded before Flop (didn't bet)
Seat 2: 0RB BR0 folded before Flop (didn't bet)
Seat 3: Manuelito180 folded before Flop (didn't bet)
Seat 4: kei635 folded before Flop (didn't bet)
Seat 5: Templar85 folded before Flop (didn't bet)
Seat 6: Dorex2007 folded before Flop (didn't bet)
Seat 7: loadan (button) folded before Flop (didn't bet)
Seat 8: KOCETO_1992 (small blind) folded before Flop
Seat 9: AGVsmarT (big blind) collected ($0.04)



PokerStars Hand #238059146717:  Hold'em No Limit ($0.02/$0.05 USD) - 2022/08/17 21:54:38 PT [2022/08/18 0:54:38 ET]
Table 'Rhesus IV' 9-max Seat #8 is the button
Seat 1: SetOnesGoal ($7.38 in chips) 
Seat 2: 0RB BR0 ($7.10 in chips) 
Seat 3: Manuelito180 ($5.27 in chips) 
Seat 4: kei635 ($7.45 in chips) 
Seat 5: Templar85 ($6.32 in chips) 
Seat 6: Dorex2007 ($6.34 in chips) 
Seat 7: loadan ($2.56 in chips) 
Seat 8: KOCETO_1992 ($3.93 in chips) 
Seat 9: AGVsmarT ($3.35 in chips) 
AGVsmarT: posts small blind $0.02
SetOnesGoal: posts big blind $0.05
*** HOLE CARDS ***
Dealt to Dorex2007 [5c 6c]
0RB BR0: folds 
Manuelito180: folds 
kei635: folds 
Templar85: folds 
Dorex2007: folds 
loadan: raises $0.10 to $0.15
KOCETO_1992: folds 
AGVsmarT: folds 
SetOnesGoal: calls $0.10
*** FLOP *** [3c 3h 7c]
SetOnesGoal: checks 
loadan: bets $0.31
SetOnesGoal: folds 
Uncalled bet ($0.31) returned to loadan
loadan collected $0.31 from pot
*** SUMMARY ***
Total pot $0.32 | Rake $0.01 
Board [3c 3h 7c]
Seat 1: SetOnesGoal (big blind) folded on the Flop
Seat 2: 0RB BR0 folded before Flop (didn't bet)
Seat 3: Manuelito180 folded before Flop (didn't bet)
Seat 4: kei635 folded before Flop (didn't bet)
Seat 5: Templar85 folded before Flop (didn't bet)
Seat 6: Dorex2007 folded before Flop (didn't bet)
Seat 7: loadan collected ($0.31)
Seat 8: KOCETO_1992 (button) folded before Flop (didn't bet)
Seat 9: AGVsmarT (small blind) folded before Flop



PokerStars Hand #238059152084:  Hold'em No Limit ($0.02/$0.05 USD) - 2022/08/17 21:55:27 PT [2022/08/18 0:55:27 ET]
Table 'Rhesus IV' 9-max Seat #9 is the button
Seat 1: SetOnesGoal ($7.23 in chips) 
Seat 2: 0RB BR0 ($7.10 in chips) 
Seat 3: Manuelito180 ($5.27 in chips) 
Seat 4: kei635 ($7.45 in chips) 
Seat 5: Templar85 ($6.32 in chips) 
Seat 6: Dorex2007 ($6.34 in chips) 
Seat 7: loadan ($2.72 in chips) 
Seat 8: KOCETO_1992 ($3.93 in chips) 
Seat 9: AGVsmarT ($3.33 in chips) 
SetOnesGoal: posts small blind $0.02
0RB BR0: posts big blind $0.05
*** HOLE CARDS ***
Dealt to Dorex2007 [8c 5c]
Manuelito180: raises $0.10 to $0.15
kei635: folds 
Templar85: folds 
Dorex2007: folds 
loadan: folds 
KOCETO_1992: folds 
AGVsmarT: folds 
SetOnesGoal: folds 
0RB BR0: calls $0.10
*** FLOP *** [5s Ah Th]
0RB BR0: bets $0.05
Manuelito180: calls $0.05
*** TURN *** [5s Ah Th] [7h]
0RB BR0: bets $0.05
Manuelito180: raises $0.25 to $0.30
0RB BR0: calls $0.25
*** RIVER *** [5s Ah Th 7h] [7d]
0RB BR0: checks 
Manuelito180: bets $0.65
0RB BR0: folds 
Uncalled bet ($0.65) returned to Manuelito180
Manuelito180 collected $0.98 from pot
Manuelito180: doesn't show hand 
*** SUMMARY ***
Total pot $1.02 | Rake $0.04 
Board [5s Ah Th 7h 7d]
Seat 1: SetOnesGoal (small blind) folded before Flop
Seat 2: 0RB BR0 (big blind) folded on the River
Seat 3: Manuelito180 collected ($0.98)
Seat 4: kei635 folded before Flop (didn't bet)
Seat 5: Templar85 folded before Flop (didn't bet)
Seat 6: Dorex2007 folded before Flop (didn't bet)
Seat 7: loadan folded before Flop (didn't bet)
Seat 8: KOCETO_1992 folded before Flop (didn't bet)
Seat 9: AGVsmarT (button) folded before Flop (didn't bet)



PokerStars Hand #238059157162:  Hold'em No Limit ($0.02/$0.05 USD) - 2022/08/17 21:56:18 PT [2022/08/18 0:56:18 ET]
Table 'Rhesus IV' 9-max Seat #1 is the button
Seat 1: SetOnesGoal ($7.21 in chips) 
Seat 2: 0RB BR0 ($6.60 in chips) 
Seat 4: kei635 ($7.45 in chips) 
Seat 5: Templar85 ($6.32 in chips) 
Seat 6: Dorex2007 ($6.34 in chips) 
Seat 7: loadan ($2.72 in chips) 
Seat 8: KOCETO_1992 ($3.93 in chips) 
Seat 9: AGVsmarT ($3.33 in chips) 
0RB BR0: posts small blind $0.02
Manuelito180: is sitting out 
kei635: posts big blind $0.05
*** HOLE CARDS ***
Dealt to Dorex2007 [Ac 5d]
Templar85: folds 
Dorex2007: folds 
loadan: raises $0.05 to $0.10
KOCETO_1992: folds 
AGVsmarT: calls $0.10
SetOnesGoal: folds 
0RB BR0: folds 
kei635: raises $0.27 to $0.37
loadan: calls $0.27
AGVsmarT: folds 
*** FLOP *** [Ts 9d 8c]
kei635: bets $0.40
loadan: calls $0.40
*** TURN *** [Ts 9d 8c] [4s]
kei635: bets $6.68 and is all-in
loadan: calls $1.95 and is all-in
Uncalled bet ($4.73) returned to kei635
*** RIVER *** [Ts 9d 8c 4s] [7h]
*** SHOW DOWN ***
kei635: shows [9s 9c] (three of a kind, Nines)
loadan: shows [Kc Th] (a pair of Tens)
kei635 collected $5.33 from pot
*** SUMMARY ***
Total pot $5.56 | Rake $0.23 
Board [Ts 9d 8c 4s 7h]
Seat 1: SetOnesGoal (button) folded before Flop (didn't bet)
Seat 2: 0RB BR0 (small blind) folded before Flop
Seat 4: kei635 (big blind) showed [9s 9c] and won ($5.33) with three of a kind, Nines
Seat 5: Templar85 folded before Flop (didn't bet)
Seat 6: Dorex2007 folded before Flop (didn't bet)
Seat 7: loadan showed [Kc Th] and lost with a pair of Tens
Seat 8: KOCETO_1992 folded before Flop (didn't bet)
Seat 9: AGVsmarT folded before Flop



PokerStars Hand #238059162989:  Hold'em No Limit ($0.02/$0.05 USD) - 2022/08/17 21:57:15 PT [2022/08/18 0:57:15 ET]
Table 'Rhesus IV' 9-max Seat #2 is the button
Seat 1: SetOnesGoal ($7.21 in chips) 
Seat 2: 0RB BR0 ($6.58 in chips) 
Seat 4: kei635 ($10.06 in chips) 
Seat 5: Templar85 ($6.32 in chips) 
Seat 6: Dorex2007 ($6.34 in chips) 
Seat 8: KOCETO_1992 ($3.93 in chips) 
Seat 9: AGVsmarT ($3.23 in chips) 
kei635: posts small blind $0.02
Templar85: posts big blind $0.05
*** HOLE CARDS ***
Dealt to Dorex2007 [Qh Qd]
Dorex2007: raises $0.10 to $0.15
KOCETO_1992: folds 
loadan leaves the table
AGVsmarT: calls $0.15
SetOnesGoal: folds 
0RB BR0: folds 
kei635: folds 
Templar85: folds 
*** FLOP *** [Ts Th 7c]
Dorex2007: bets $0.23
AGVsmarT: folds 
Uncalled bet ($0.23) returned to Dorex2007
Dorex2007 collected $0.35 from pot
Dorex2007: doesn't show hand 
*** SUMMARY ***
Total pot $0.37 | Rake $0.02 
Board [Ts Th 7c]
Seat 1: SetOnesGoal folded before Flop (didn't bet)
Seat 2: 0RB BR0 (button) folded before Flop (didn't bet)
Seat 4: kei635 (small blind) folded before Flop
Seat 5: Templar85 (big blind) folded before Flop
Seat 6: Dorex2007 collected ($0.35)
Seat 8: KOCETO_1992 folded before Flop (didn't bet)
Seat 9: AGVsmarT folded on the Flop



PokerStars Hand #238059165852:  Hold'em No Limit ($0.02/$0.05 USD) - 2022/08/17 21:57:44 PT [2022/08/18 0:57:44 ET]
Table 'Rhesus IV' 9-max Seat #4 is the button
Seat 1: SetOnesGoal ($7.21 in chips) 
Seat 2: 0RB BR0 ($6.58 in chips) 
Seat 4: kei635 ($10.04 in chips) 
Seat 5: Templar85 ($6.27 in chips) 
Seat 6: Dorex2007 ($6.54 in chips) 
Seat 8: KOCETO_1992 ($3.93 in chips) 
Seat 9: AGVsmarT ($3.08 in chips) 
Templar85: posts small blind $0.02
Dorex2007: posts big blind $0.05
*** HOLE CARDS ***
Dealt to Dorex2007 [9c 5c]
KOCETO_1992: raises $0.07 to $0.12
AGVsmarT: folds 
SetOnesGoal: raises $0.28 to $0.40
0RB BR0: folds 
kei635: folds 
Templar85: folds 
Dorex2007: folds 
KOCETO_1992: folds 
Uncalled bet ($0.28) returned to SetOnesGoal
SetOnesGoal collected $0.31 from pot
SetOnesGoal: doesn't show hand 
*** SUMMARY ***
Total pot $0.31 | Rake $0 
Seat 1: SetOnesGoal collected ($0.31)
Seat 2: 0RB BR0 folded before Flop (didn't bet)
Seat 4: kei635 (button) folded before Flop (didn't bet)
Seat 5: Templar85 (small blind) folded before Flop
Seat 6: Dorex2007 (big blind) folded before Flop
Seat 8: KOCETO_1992 folded before Flop
Seat 9: AGVsmarT folded before Flop (didn't bet)



PokerStars Hand #238059169796:  Hold'em No Limit ($0.02/$0.05 USD) - 2022/08/17 21:58:22 PT [2022/08/18 0:58:22 ET]
Table 'Rhesus IV' 9-max Seat #5 is the button
Seat 1: SetOnesGoal ($7.40 in chips) 
Seat 2: 0RB BR0 ($6.58 in chips) 
Seat 4: kei635 ($10.04 in chips) 
Seat 5: Templar85 ($6.25 in chips) 
Seat 6: Dorex2007 ($6.49 in chips) 
Seat 8: KOCETO_1992 ($3.81 in chips) 
Seat 9: AGVsmarT ($3.08 in chips) 
Dorex2007: posts small blind $0.02
KOCETO_1992: posts big blind $0.05
*** HOLE CARDS ***
Dealt to Dorex2007 [Qh Qd]
AGVsmarT: calls $0.05
SetOnesGoal: folds 
0RB BR0: folds 
kei635: folds 
Templar85: folds 
Dorex2007: raises $0.10 to $0.15
KOCETO_1992: folds 
AGVsmarT: calls $0.10
*** FLOP *** [9s 8h 8s]
Dorex2007: bets $6.34 and is all-in
AGVsmarT: folds 
Uncalled bet ($6.34) returned to Dorex2007
Dorex2007 collected $0.34 from pot
Dorex2007: doesn't show hand 
*** SUMMARY ***
Total pot $0.35 | Rake $0.01 
Board [9s 8h 8s]
Seat 1: SetOnesGoal folded before Flop (didn't bet)
Seat 2: 0RB BR0 folded before Flop (didn't bet)
Seat 4: kei635 folded before Flop (didn't bet)
Seat 5: Templar85 (button) folded before Flop (didn't bet)
Seat 6: Dorex2007 (small blind) collected ($0.34)
Seat 8: KOCETO_1992 (big blind) folded before Flop
Seat 9: AGVsmarT folded on the Flop



PokerStars Hand #238059173240:  Hold'em No Limit ($0.02/$0.05 USD) - 2022/08/17 21:58:56 PT [2022/08/18 0:58:56 ET]
Table 'Rhesus IV' 9-max Seat #6 is the button
Seat 1: SetOnesGoal ($7.40 in chips) 
Seat 2: 0RB BR0 ($6.58 in chips) 
Seat 4: kei635 ($10.04 in chips) 
Seat 5: Templar85 ($6.25 in chips) 
Seat 6: Dorex2007 ($6.68 in chips) 
Seat 8: KOCETO_1992 ($3.76 in chips) 
Seat 9: AGVsmarT ($2.93 in chips) 
KOCETO_1992: posts small blind $0.02
AGVsmarT: posts big blind $0.05
*** HOLE CARDS ***
Dealt to Dorex2007 [9s 4s]
SetOnesGoal: raises $0.12 to $0.17
0RB BR0: calls $0.17
kei635: folds 
Templar85: folds 
Dorex2007: folds 
KOCETO_1992: folds 
AGVsmarT: folds 
*** FLOP *** [5c 9h 2s]
KOCETO_1992 leaves the table
AGVsmarT leaves the table
SetOnesGoal: checks 
0RB BR0: checks 
*** TURN *** [5c 9h 2s] [Tc]
SetOnesGoal: bets $0.30
0RB BR0: folds 
Uncalled bet ($0.30) returned to SetOnesGoal
SetOnesGoal collected $0.39 from pot
SetOnesGoal: doesn't show hand 
*** SUMMARY ***
Total pot $0.41 | Rake $0.02 
Board [5c 9h 2s Tc]
Seat 1: SetOnesGoal collected ($0.39)
Seat 2: 0RB BR0 folded on the Turn
Seat 4: kei635 folded before Flop (didn't bet)
Seat 5: Templar85 folded before Flop (didn't bet)
Seat 6: Dorex2007 (button) folded before Flop (didn't bet)
Seat 8: KOCETO_1992 (small blind) folded before Flop
Seat 9: AGVsmarT (big blind) folded before Flop



PokerStars Hand #238059179188:  Hold'em No Limit ($0.02/$0.05 USD) - 2022/08/17 21:59:55 PT [2022/08/18 0:59:55 ET]
Table 'Rhesus IV' 9-max Seat #1 is the button
Seat 1: SetOnesGoal ($7.62 in chips) 
Seat 2: 0RB BR0 ($6.41 in chips) 
Seat 4: kei635 ($10.04 in chips) 
Seat 5: Templar85 ($6.25 in chips) 
Seat 6: Dorex2007 ($6.68 in chips) 
0RB BR0: posts small blind $0.02
kei635: posts big blind $0.05
*** HOLE CARDS ***
Dealt to Dorex2007 [Th 3s]
Templar85: folds 
Dorex2007: folds 
SetOnesGoal: folds 
0RB BR0: folds 
Uncalled bet ($0.03) returned to kei635
kei635 collected $0.04 from pot
kei635: doesn't show hand 
*** SUMMARY ***
Total pot $0.04 | Rake $0 
Seat 1: SetOnesGoal (button) folded before Flop (didn't bet)
Seat 2: 0RB BR0 (small blind) folded before Flop
Seat 4: kei635 (big blind) collected ($0.04)
Seat 5: Templar85 folded before Flop (didn't bet)
Seat 6: Dorex2007 folded before Flop (didn't bet)



PokerStars Hand #238059181383:  Hold'em No Limit ($0.02/$0.05 USD) - 2022/08/17 22:00:16 PT [2022/08/18 1:00:16 ET]
Table 'Rhesus IV' 9-max Seat #2 is the button
Seat 1: SetOnesGoal ($7.62 in chips) 
Seat 2: 0RB BR0 ($6.39 in chips) 
Seat 4: kei635 ($10.06 in chips) 
Seat 6: Dorex2007 ($6.68 in chips) 
kei635: posts small blind $0.02
Templar85: is sitting out 
Dorex2007: posts big blind $0.05
*** HOLE CARDS ***
Dealt to Dorex2007 [Td Ad]
SetOnesGoal: folds 
0RB BR0: folds 
Templar85 leaves the table
kei635: folds 
Uncalled bet ($0.03) returned to Dorex2007
Dorex2007 collected $0.04 from pot
Dorex2007: doesn't show hand 
*** SUMMARY ***
Total pot $0.04 | Rake $0 
Seat 1: SetOnesGoal folded before Flop (didn't bet)
Seat 2: 0RB BR0 (button) folded before Flop (didn't bet)
Seat 4: kei635 (small blind) folded before Flop
Seat 6: Dorex2007 (big blind) collected ($0.04)



