PokerStars Hand #238626973458:  Hold'em No Limit ($0.02/$0.05 USD) - 2022/09/14 12:10:27 PT [2022/09/14 15:10:27 ET]
Table 'Periphas III' 9-max Seat #4 is the button
Seat 1: DaggasLa ($7.51 in chips) 
Seat 2: Dorex2007 ($5 in chips) 
Seat 4: konan_sf08 ($6.75 in chips) 
Seat 5: BlackWinegum ($6.78 in chips) 
Seat 6: leandrogi502 ($0.92 in chips) 
Seat 7: Mazley17 ($5 in chips) 
Seat 8: SzNorbert12 ($6.35 in chips) 
Seat 9: kamp804 ($1.19 in chips) 
BlackWinegum: posts small blind $0.02
leandrogi502: posts big blind $0.05
Dorex2007: posts big blind $0.05
*** HOLE CARDS ***
Dealt to Dorex2007 [Qs Ad]
Mazley17: folds 
SzNorbert12: folds 
redondi leaves the table
kamp804: folds 
DaggasLa: folds 
aleo43 joins the table at seat #3 
Dorex2007: raises $0.10 to $0.15
konan_sf08: folds 
BlackWinegum: folds 
leandrogi502: calls $0.10
*** FLOP *** [6h Jh 5s]
leandrogi502: checks 
Dorex2007: bets $0.31
leandrogi502: calls $0.31
*** TURN *** [6h Jh 5s] [4d]
leandrogi502: checks 
Dorex2007: bets $0.90
leandrogi502: calls $0.46 and is all-in
Uncalled bet ($0.44) returned to Dorex2007
*** RIVER *** [6h Jh 5s 4d] [Jc]
*** SHOW DOWN ***
leandrogi502: shows [8h 9c] (a pair of Jacks)
Dorex2007: shows [Qs Ad] (a pair of Jacks - Ace kicker)
Dorex2007 cashed out the hand for $1.36 | Cash Out Fee $0.01
*** SUMMARY ***
Total pot $1.86 | Rake $0.08 
Board [6h Jh 5s 4d Jc]
Seat 1: DaggasLa folded before Flop (didn't bet)
Seat 2: Dorex2007 showed [Qs Ad] and won ($1.78) with a pair of Jacks (pot not awarded as player cashed out)
Seat 4: konan_sf08 (button) folded before Flop (didn't bet)
Seat 5: BlackWinegum (small blind) folded before Flop
Seat 6: leandrogi502 (big blind) showed [8h 9c] and lost with a pair of Jacks
Seat 7: Mazley17 folded before Flop (didn't bet)
Seat 8: SzNorbert12 folded before Flop (didn't bet)
Seat 9: kamp804 folded before Flop (didn't bet)



PokerStars Hand #238626993163:  Hold'em No Limit ($0.02/$0.05 USD) - 2022/09/14 12:11:16 PT [2022/09/14 15:11:16 ET]
Table 'Periphas III' 9-max Seat #5 is the button
Seat 1: DaggasLa ($7.51 in chips) 
Seat 2: Dorex2007 ($5.44 in chips) 
Seat 3: aleo43 ($4 in chips) 
Seat 4: konan_sf08 ($6.75 in chips) 
Seat 5: BlackWinegum ($6.76 in chips) 
Seat 7: Mazley17 ($5 in chips) 
Seat 8: SzNorbert12 ($6.35 in chips) 
Seat 9: kamp804 ($1.19 in chips) 
Mazley17: posts small blind $0.02
SzNorbert12: posts big blind $0.05
aleo43: posts big blind $0.05
*** HOLE CARDS ***
Dealt to Dorex2007 [6h Jc]
kamp804: folds 
DaggasLa: folds 
Dorex2007: folds 
aleo43: checks 
konan_sf08: calls $0.05
leandrogi502 leaves the table
sc2005 joins the table at seat #6 
BlackWinegum: folds 
Mazley17: folds 
SzNorbert12: checks 
*** FLOP *** [Kc Th 3d]
SzNorbert12: checks 
aleo43: checks 
konan_sf08: checks 
*** TURN *** [Kc Th 3d] [2c]
SzNorbert12: checks 
aleo43: bets $0.16
konan_sf08: folds 
SzNorbert12: folds 
Uncalled bet ($0.16) returned to aleo43
aleo43 collected $0.16 from pot
*** SUMMARY ***
Total pot $0.17 | Rake $0.01 
Board [Kc Th 3d 2c]
Seat 1: DaggasLa folded before Flop (didn't bet)
Seat 2: Dorex2007 folded before Flop (didn't bet)
Seat 3: aleo43 collected ($0.16)
Seat 4: konan_sf08 folded on the Turn
Seat 5: BlackWinegum (button) folded before Flop (didn't bet)
Seat 7: Mazley17 (small blind) folded before Flop
Seat 8: SzNorbert12 (big blind) folded on the Turn
Seat 9: kamp804 folded before Flop (didn't bet)



PokerStars Hand #238627012395:  Hold'em No Limit ($0.02/$0.05 USD) - 2022/09/14 12:12:05 PT [2022/09/14 15:12:05 ET]
Table 'Periphas III' 9-max Seat #7 is the button
Seat 1: DaggasLa ($7.51 in chips) 
Seat 2: Dorex2007 ($5.44 in chips) 
Seat 3: aleo43 ($4.11 in chips) 
Seat 4: konan_sf08 ($6.70 in chips) 
Seat 5: BlackWinegum ($6.76 in chips) 
Seat 7: Mazley17 ($4.98 in chips) 
Seat 8: SzNorbert12 ($6.30 in chips) 
Seat 9: kamp804 ($1.19 in chips) 
SzNorbert12: posts small blind $0.02
kamp804: posts big blind $0.05
sc2005: sits out 
*** HOLE CARDS ***
Dealt to Dorex2007 [5d Td]
DaggasLa: raises $0.12 to $0.17
Dorex2007: folds 
aleo43: folds 
konan_sf08: folds 
BlackWinegum: folds 
Mazley17: folds 
SzNorbert12: calls $0.15
kamp804: folds 
*** FLOP *** [2h Ad Ac]
SzNorbert12: checks 
DaggasLa: checks 
*** TURN *** [2h Ad Ac] [Kd]
SzNorbert12: bets $0.22
DaggasLa: calls $0.22
*** RIVER *** [2h Ad Ac Kd] [Qh]
SzNorbert12: checks 
DaggasLa: checks 
*** SHOW DOWN ***
SzNorbert12: shows [4c 4h] (two pair, Aces and Fours)
DaggasLa: mucks hand 
SzNorbert12 collected $0.80 from pot
*** SUMMARY ***
Total pot $0.83 | Rake $0.03 
Board [2h Ad Ac Kd Qh]
Seat 1: DaggasLa mucked [Jd 8d]
Seat 2: Dorex2007 folded before Flop (didn't bet)
Seat 3: aleo43 folded before Flop (didn't bet)
Seat 4: konan_sf08 folded before Flop (didn't bet)
Seat 5: BlackWinegum folded before Flop (didn't bet)
Seat 7: Mazley17 (button) folded before Flop (didn't bet)
Seat 8: SzNorbert12 (small blind) showed [4c 4h] and won ($0.80) with two pair, Aces and Fours
Seat 9: kamp804 (big blind) folded before Flop



PokerStars Hand #238627030496:  Hold'em No Limit ($0.02/$0.05 USD) - 2022/09/14 12:12:50 PT [2022/09/14 15:12:50 ET]
Table 'Periphas III' 9-max Seat #8 is the button
Seat 1: DaggasLa ($7.12 in chips) 
Seat 2: Dorex2007 ($5.44 in chips) 
Seat 3: aleo43 ($4.11 in chips) 
Seat 4: konan_sf08 ($6.70 in chips) 
Seat 5: BlackWinegum ($6.76 in chips) 
Seat 7: Mazley17 ($4.98 in chips) 
Seat 8: SzNorbert12 ($6.71 in chips) 
Seat 9: kamp804 ($1.14 in chips) 
kamp804: posts small blind $0.02
DaggasLa: posts big blind $0.05
sc2005: sits out 
*** HOLE CARDS ***
Dealt to Dorex2007 [2h Th]
Dorex2007: folds 
aleo43: calls $0.05
konan_sf08: raises $0.17 to $0.22
BlackWinegum: folds 
Mazley17: folds 
SzNorbert12: folds 
kamp804: folds 
DaggasLa: folds 
aleo43: folds 
Uncalled bet ($0.17) returned to konan_sf08
konan_sf08 collected $0.17 from pot
konan_sf08: doesn't show hand 
*** SUMMARY ***
Total pot $0.17 | Rake $0 
Seat 1: DaggasLa (big blind) folded before Flop
Seat 2: Dorex2007 folded before Flop (didn't bet)
Seat 3: aleo43 folded before Flop
Seat 4: konan_sf08 collected ($0.17)
Seat 5: BlackWinegum folded before Flop (didn't bet)
Seat 7: Mazley17 folded before Flop (didn't bet)
Seat 8: SzNorbert12 (button) folded before Flop (didn't bet)
Seat 9: kamp804 (small blind) folded before Flop



PokerStars Hand #238627041331:  Hold'em No Limit ($0.02/$0.05 USD) - 2022/09/14 12:13:18 PT [2022/09/14 15:13:18 ET]
Table 'Periphas III' 9-max Seat #9 is the button
Seat 1: DaggasLa ($7.07 in chips) 
Seat 2: Dorex2007 ($5.44 in chips) 
Seat 3: aleo43 ($4.06 in chips) 
Seat 4: konan_sf08 ($6.82 in chips) 
Seat 5: BlackWinegum ($6.76 in chips) 
Seat 7: Mazley17 ($4.98 in chips) 
Seat 8: SzNorbert12 ($6.71 in chips) 
Seat 9: kamp804 ($1.12 in chips) 
DaggasLa: posts small blind $0.02
Dorex2007: posts big blind $0.05
sc2005: sits out 
*** HOLE CARDS ***
Dealt to Dorex2007 [2c 8c]
aleo43: folds 
konan_sf08: folds 
BlackWinegum: folds 
Mazley17: folds 
SzNorbert12: raises $0.10 to $0.15
kamp804: folds 
DaggasLa: folds 
Dorex2007: folds 
Uncalled bet ($0.10) returned to SzNorbert12
SzNorbert12 collected $0.12 from pot
SzNorbert12: doesn't show hand 
*** SUMMARY ***
Total pot $0.12 | Rake $0 
Seat 1: DaggasLa (small blind) folded before Flop
Seat 2: Dorex2007 (big blind) folded before Flop
Seat 3: aleo43 folded before Flop (didn't bet)
Seat 4: konan_sf08 folded before Flop (didn't bet)
Seat 5: BlackWinegum folded before Flop (didn't bet)
Seat 7: Mazley17 folded before Flop (didn't bet)
Seat 8: SzNorbert12 collected ($0.12)
Seat 9: kamp804 (button) folded before Flop (didn't bet)



PokerStars Hand #238627050260:  Hold'em No Limit ($0.02/$0.05 USD) - 2022/09/14 12:13:40 PT [2022/09/14 15:13:40 ET]
Table 'Periphas III' 9-max Seat #1 is the button
Seat 1: DaggasLa ($7.05 in chips) 
Seat 2: Dorex2007 ($5.39 in chips) 
Seat 3: aleo43 ($4.06 in chips) 
Seat 4: konan_sf08 ($6.82 in chips) 
Seat 5: BlackWinegum ($6.76 in chips) 
Seat 7: Mazley17 ($4.98 in chips) 
Seat 8: SzNorbert12 ($6.78 in chips) 
Seat 9: kamp804 ($1.12 in chips) 
Dorex2007: posts small blind $0.02
aleo43: posts big blind $0.05
sc2005: sits out 
*** HOLE CARDS ***
Dealt to Dorex2007 [8h 5s]
konan_sf08: folds 
BlackWinegum: raises $0.10 to $0.15
Mazley17: folds 
SzNorbert12: folds 
kamp804: folds 
DaggasLa: folds 
Dorex2007: folds 
aleo43: folds 
Uncalled bet ($0.10) returned to BlackWinegum
BlackWinegum collected $0.12 from pot
BlackWinegum: doesn't show hand 
*** SUMMARY ***
Total pot $0.12 | Rake $0 
Seat 1: DaggasLa (button) folded before Flop (didn't bet)
Seat 2: Dorex2007 (small blind) folded before Flop
Seat 3: aleo43 (big blind) folded before Flop
Seat 4: konan_sf08 folded before Flop (didn't bet)
Seat 5: BlackWinegum collected ($0.12)
Seat 7: Mazley17 folded before Flop (didn't bet)
Seat 8: SzNorbert12 folded before Flop (didn't bet)
Seat 9: kamp804 folded before Flop (didn't bet)



PokerStars Hand #238627058813:  Hold'em No Limit ($0.02/$0.05 USD) - 2022/09/14 12:14:02 PT [2022/09/14 15:14:02 ET]
Table 'Periphas III' 9-max Seat #2 is the button
Seat 1: DaggasLa ($7.05 in chips) 
Seat 2: Dorex2007 ($5.37 in chips) 
Seat 3: aleo43 ($4.01 in chips) 
Seat 4: konan_sf08 ($6.82 in chips) 
Seat 5: BlackWinegum ($6.83 in chips) 
Seat 7: Mazley17 ($4.98 in chips) 
Seat 8: SzNorbert12 ($6.78 in chips) 
Seat 9: kamp804 ($1.12 in chips) 
aleo43: posts small blind $0.02
konan_sf08: posts big blind $0.05
sc2005: sits out 
*** HOLE CARDS ***
Dealt to Dorex2007 [2c 3h]
BlackWinegum: folds 
Mazley17: folds 
SzNorbert12: folds 
kamp804: calls $0.05
DaggasLa: raises $0.15 to $0.20
Dorex2007: folds 
aleo43: folds 
konan_sf08: folds 
kamp804: calls $0.15
*** FLOP *** [5c Jh Ks]
kamp804: bets $0.10
DaggasLa: raises $0.33 to $0.43
kamp804: folds 
Uncalled bet ($0.33) returned to DaggasLa
DaggasLa collected $0.63 from pot
DaggasLa: doesn't show hand 
*** SUMMARY ***
Total pot $0.67 | Rake $0.04 
Board [5c Jh Ks]
Seat 1: DaggasLa collected ($0.63)
Seat 2: Dorex2007 (button) folded before Flop (didn't bet)
Seat 3: aleo43 (small blind) folded before Flop
Seat 4: konan_sf08 (big blind) folded before Flop
Seat 5: BlackWinegum folded before Flop (didn't bet)
Seat 7: Mazley17 folded before Flop (didn't bet)
Seat 8: SzNorbert12 folded before Flop (didn't bet)
Seat 9: kamp804 folded on the Flop



PokerStars Hand #238627075792:  Hold'em No Limit ($0.02/$0.05 USD) - 2022/09/14 12:14:45 PT [2022/09/14 15:14:45 ET]
Table 'Periphas III' 9-max Seat #3 is the button
Seat 1: DaggasLa ($7.38 in chips) 
Seat 2: Dorex2007 ($5.37 in chips) 
Seat 3: aleo43 ($3.99 in chips) 
Seat 4: konan_sf08 ($6.77 in chips) 
Seat 5: BlackWinegum ($6.83 in chips) 
Seat 7: Mazley17 ($4.98 in chips) 
Seat 8: SzNorbert12 ($6.78 in chips) 
Seat 9: kamp804 ($0.82 in chips) 
konan_sf08: posts small blind $0.02
BlackWinegum: posts big blind $0.05
sc2005: sits out 
*** HOLE CARDS ***
Dealt to Dorex2007 [Tc 4c]
Mazley17: folds 
SzNorbert12: folds 
kamp804: raises $0.05 to $0.10
DaggasLa: folds 
Dorex2007: folds 
aleo43: folds 
konan_sf08: calls $0.08
BlackWinegum: folds 
*** FLOP *** [Ts 5d 2d]
konan_sf08: checks 
kamp804: bets $0.72 and is all-in
konan_sf08: folds 
Uncalled bet ($0.72) returned to kamp804
kamp804 collected $0.24 from pot
*** SUMMARY ***
Total pot $0.25 | Rake $0.01 
Board [Ts 5d 2d]
Seat 1: DaggasLa folded before Flop (didn't bet)
Seat 2: Dorex2007 folded before Flop (didn't bet)
Seat 3: aleo43 (button) folded before Flop (didn't bet)
Seat 4: konan_sf08 (small blind) folded on the Flop
Seat 5: BlackWinegum (big blind) folded before Flop
Seat 7: Mazley17 folded before Flop (didn't bet)
Seat 8: SzNorbert12 folded before Flop (didn't bet)
Seat 9: kamp804 collected ($0.24)



PokerStars Hand #238627091240:  Hold'em No Limit ($0.02/$0.05 USD) - 2022/09/14 12:15:24 PT [2022/09/14 15:15:24 ET]
Table 'Periphas III' 9-max Seat #4 is the button
Seat 1: DaggasLa ($7.38 in chips) 
Seat 2: Dorex2007 ($5.37 in chips) 
Seat 3: aleo43 ($3.99 in chips) 
Seat 4: konan_sf08 ($6.67 in chips) 
Seat 5: BlackWinegum ($6.78 in chips) 
Seat 6: sc2005 ($5.23 in chips) 
Seat 7: Mazley17 ($4.98 in chips) 
Seat 8: SzNorbert12 ($6.78 in chips) 
Seat 9: kamp804 ($0.96 in chips) 
BlackWinegum: posts small blind $0.02
sc2005: posts big blind $0.05
*** HOLE CARDS ***
Dealt to Dorex2007 [5d 7c]
Mazley17: folds 
SzNorbert12: folds 
kamp804: folds 
DaggasLa: raises $0.10 to $0.15
Dorex2007: folds 
aleo43: folds 
konan_sf08: calls $0.15
BlackWinegum: calls $0.13
sc2005: calls $0.10
*** FLOP *** [5h 3c 8d]
BlackWinegum: checks 
sc2005: checks 
DaggasLa: checks 
konan_sf08: bets $0.20
BlackWinegum: folds 
sc2005: folds 
DaggasLa: folds 
Uncalled bet ($0.20) returned to konan_sf08
konan_sf08 collected $0.58 from pot
konan_sf08: doesn't show hand 
*** SUMMARY ***
Total pot $0.60 | Rake $0.02 
Board [5h 3c 8d]
Seat 1: DaggasLa folded on the Flop
Seat 2: Dorex2007 folded before Flop (didn't bet)
Seat 3: aleo43 folded before Flop (didn't bet)
Seat 4: konan_sf08 (button) collected ($0.58)
Seat 5: BlackWinegum (small blind) folded on the Flop
Seat 6: sc2005 (big blind) folded on the Flop
Seat 7: Mazley17 folded before Flop (didn't bet)
Seat 8: SzNorbert12 folded before Flop (didn't bet)
Seat 9: kamp804 folded before Flop (didn't bet)



PokerStars Hand #238627115994:  Hold'em No Limit ($0.02/$0.05 USD) - 2022/09/14 12:16:26 PT [2022/09/14 15:16:26 ET]
Table 'Periphas III' 9-max Seat #5 is the button
Seat 1: DaggasLa ($7.23 in chips) 
Seat 2: Dorex2007 ($5.37 in chips) 
Seat 3: aleo43 ($3.99 in chips) 
Seat 4: konan_sf08 ($7.10 in chips) 
Seat 5: BlackWinegum ($6.63 in chips) 
Seat 6: sc2005 ($5.08 in chips) 
Seat 7: Mazley17 ($4.98 in chips) 
Seat 8: SzNorbert12 ($6.78 in chips) 
Seat 9: kamp804 ($0.96 in chips) 
sc2005: posts small blind $0.02
Mazley17: posts big blind $0.05
*** HOLE CARDS ***
Dealt to Dorex2007 [2d 3d]
SzNorbert12: folds 
kamp804: calls $0.05
DaggasLa: folds 
Dorex2007: folds 
aleo43: folds 
konan_sf08: folds 
BlackWinegum: folds 
sc2005: folds 
Mazley17: checks 
*** FLOP *** [3h Js 9d]
Mazley17: checks 
kamp804: checks 
*** TURN *** [3h Js 9d] [5s]
Mazley17: checks 
kamp804: bets $0.12
Mazley17: folds 
Uncalled bet ($0.12) returned to kamp804
kamp804 collected $0.12 from pot
*** SUMMARY ***
Total pot $0.12 | Rake $0 
Board [3h Js 9d 5s]
Seat 1: DaggasLa folded before Flop (didn't bet)
Seat 2: Dorex2007 folded before Flop (didn't bet)
Seat 3: aleo43 folded before Flop (didn't bet)
Seat 4: konan_sf08 folded before Flop (didn't bet)
Seat 5: BlackWinegum (button) folded before Flop (didn't bet)
Seat 6: sc2005 (small blind) folded before Flop
Seat 7: Mazley17 (big blind) folded on the Turn
Seat 8: SzNorbert12 folded before Flop (didn't bet)
Seat 9: kamp804 collected ($0.12)



PokerStars Hand #238627132993:  Hold'em No Limit ($0.02/$0.05 USD) - 2022/09/14 12:17:08 PT [2022/09/14 15:17:08 ET]
Table 'Periphas III' 9-max Seat #6 is the button
Seat 1: DaggasLa ($7.23 in chips) 
Seat 2: Dorex2007 ($5.37 in chips) 
Seat 3: aleo43 ($3.99 in chips) 
Seat 4: konan_sf08 ($7.10 in chips) 
Seat 5: BlackWinegum ($6.63 in chips) 
Seat 6: sc2005 ($5.06 in chips) 
Seat 7: Mazley17 ($4.93 in chips) 
Seat 8: SzNorbert12 ($6.78 in chips) 
Seat 9: kamp804 ($1.03 in chips) 
Mazley17: posts small blind $0.02
SzNorbert12: posts big blind $0.05
*** HOLE CARDS ***
Dealt to Dorex2007 [Ad 9s]
kamp804: folds 
DaggasLa: folds 
Dorex2007: folds 
aleo43: folds 
konan_sf08: folds 
BlackWinegum: folds 
sc2005: raises $0.10 to $0.15
Mazley17: folds 
SzNorbert12: folds 
Uncalled bet ($0.10) returned to sc2005
sc2005 collected $0.12 from pot
sc2005: doesn't show hand 
*** SUMMARY ***
Total pot $0.12 | Rake $0 
Seat 1: DaggasLa folded before Flop (didn't bet)
Seat 2: Dorex2007 folded before Flop (didn't bet)
Seat 3: aleo43 folded before Flop (didn't bet)
Seat 4: konan_sf08 folded before Flop (didn't bet)
Seat 5: BlackWinegum folded before Flop (didn't bet)
Seat 6: sc2005 (button) collected ($0.12)
Seat 7: Mazley17 (small blind) folded before Flop
Seat 8: SzNorbert12 (big blind) folded before Flop
Seat 9: kamp804 folded before Flop (didn't bet)



PokerStars Hand #238627141640:  Hold'em No Limit ($0.02/$0.05 USD) - 2022/09/14 12:17:30 PT [2022/09/14 15:17:30 ET]
Table 'Periphas III' 9-max Seat #7 is the button
Seat 1: DaggasLa ($7.23 in chips) 
Seat 2: Dorex2007 ($5.37 in chips) 
Seat 3: aleo43 ($3.99 in chips) 
Seat 4: konan_sf08 ($7.10 in chips) 
Seat 5: BlackWinegum ($6.63 in chips) 
Seat 6: sc2005 ($5.13 in chips) 
Seat 7: Mazley17 ($4.91 in chips) 
Seat 8: SzNorbert12 ($6.73 in chips) 
Seat 9: kamp804 ($1.03 in chips) 
SzNorbert12: posts small blind $0.02
kamp804: posts big blind $0.05
*** HOLE CARDS ***
Dealt to Dorex2007 [2h 6s]
DaggasLa: folds 
Dorex2007: folds 
aleo43: calls $0.05
konan_sf08: folds 
BlackWinegum: folds 
sc2005: raises $0.20 to $0.25
Mazley17: folds 
SzNorbert12: folds 
kamp804: folds 
aleo43: calls $0.20
*** FLOP *** [7d 8d Ks]
aleo43: checks 
sc2005: bets $0.37
aleo43: calls $0.37
*** TURN *** [7d 8d Ks] [Jc]
aleo43: checks 
sc2005: bets $0.63
aleo43: calls $0.63
*** RIVER *** [7d 8d Ks Jc] [9s]
aleo43: checks 
sc2005: checks 
*** SHOW DOWN ***
aleo43: shows [7s Js] (two pair, Jacks and Sevens)
sc2005: mucks hand 
aleo43 collected $2.43 from pot
*** SUMMARY ***
Total pot $2.57 | Rake $0.14 
Board [7d 8d Ks Jc 9s]
Seat 1: DaggasLa folded before Flop (didn't bet)
Seat 2: Dorex2007 folded before Flop (didn't bet)
Seat 3: aleo43 showed [7s Js] and won ($2.43) with two pair, Jacks and Sevens
Seat 4: konan_sf08 folded before Flop (didn't bet)
Seat 5: BlackWinegum folded before Flop (didn't bet)
Seat 6: sc2005 mucked [Qh Qd]
Seat 7: Mazley17 (button) folded before Flop (didn't bet)
Seat 8: SzNorbert12 (small blind) folded before Flop
Seat 9: kamp804 (big blind) folded before Flop



PokerStars Hand #238627163172:  Hold'em No Limit ($0.02/$0.05 USD) - 2022/09/14 12:18:24 PT [2022/09/14 15:18:24 ET]
Table 'Periphas III' 9-max Seat #8 is the button
Seat 1: DaggasLa ($7.23 in chips) 
Seat 2: Dorex2007 ($5.37 in chips) 
Seat 3: aleo43 ($5.17 in chips) 
Seat 4: konan_sf08 ($7.10 in chips) 
Seat 5: BlackWinegum ($6.63 in chips) 
Seat 6: sc2005 ($5 in chips) 
Seat 7: Mazley17 ($4.91 in chips) 
Seat 8: SzNorbert12 ($6.71 in chips) 
Seat 9: kamp804 ($0.98 in chips) 
kamp804: posts small blind $0.02
DaggasLa: posts big blind $0.05
*** HOLE CARDS ***
Dealt to Dorex2007 [3c 2d]
Dorex2007: folds 
aleo43: folds 
konan_sf08: folds 
BlackWinegum: folds 
sc2005: folds 
Mazley17: folds 
SzNorbert12: folds 
kamp804: calls $0.03
DaggasLa: raises $0.10 to $0.15
kamp804: calls $0.10
*** FLOP *** [Ah Jc Ac]
kamp804: bets $0.05
DaggasLa: raises $0.20 to $0.25
kamp804: folds 
Uncalled bet ($0.20) returned to DaggasLa
DaggasLa collected $0.38 from pot
DaggasLa: doesn't show hand 
*** SUMMARY ***
Total pot $0.40 | Rake $0.02 
Board [Ah Jc Ac]
Seat 1: DaggasLa (big blind) collected ($0.38)
Seat 2: Dorex2007 folded before Flop (didn't bet)
Seat 3: aleo43 folded before Flop (didn't bet)
Seat 4: konan_sf08 folded before Flop (didn't bet)
Seat 5: BlackWinegum folded before Flop (didn't bet)
Seat 6: sc2005 folded before Flop (didn't bet)
Seat 7: Mazley17 folded before Flop (didn't bet)
Seat 8: SzNorbert12 (button) folded before Flop (didn't bet)
Seat 9: kamp804 (small blind) folded on the Flop



PokerStars Hand #238627184997:  Hold'em No Limit ($0.02/$0.05 USD) - 2022/09/14 12:19:19 PT [2022/09/14 15:19:19 ET]
Table 'Periphas III' 9-max Seat #9 is the button
Seat 1: DaggasLa ($7.41 in chips) 
Seat 2: Dorex2007 ($5.37 in chips) 
Seat 3: aleo43 ($5.17 in chips) 
Seat 4: konan_sf08 ($7.10 in chips) 
Seat 5: BlackWinegum ($6.63 in chips) 
Seat 6: sc2005 ($5 in chips) 
Seat 7: Mazley17 ($4.91 in chips) 
Seat 8: SzNorbert12 ($6.71 in chips) 
Seat 9: kamp804 ($0.78 in chips) 
DaggasLa: posts small blind $0.02
Dorex2007: posts big blind $0.05
*** HOLE CARDS ***
Dealt to Dorex2007 [8h 6h]
aleo43: calls $0.05
konan_sf08: folds 
BlackWinegum: folds 
sc2005: folds 
Mazley17: folds 
SzNorbert12: raises $0.12 to $0.17
kamp804: folds 
DaggasLa: folds 
Dorex2007: folds 
aleo43: calls $0.12
*** FLOP *** [Jc 4s Js]
aleo43: bets $0.39
SzNorbert12: folds 
Uncalled bet ($0.39) returned to aleo43
aleo43 collected $0.39 from pot
aleo43: doesn't show hand 
*** SUMMARY ***
Total pot $0.41 | Rake $0.02 
Board [Jc 4s Js]
Seat 1: DaggasLa (small blind) folded before Flop
Seat 2: Dorex2007 (big blind) folded before Flop
Seat 3: aleo43 collected ($0.39)
Seat 4: konan_sf08 folded before Flop (didn't bet)
Seat 5: BlackWinegum folded before Flop (didn't bet)
Seat 6: sc2005 folded before Flop (didn't bet)
Seat 7: Mazley17 folded before Flop (didn't bet)
Seat 8: SzNorbert12 folded on the Flop
Seat 9: kamp804 (button) folded before Flop (didn't bet)



PokerStars Hand #238627198843:  Hold'em No Limit ($0.02/$0.05 USD) - 2022/09/14 12:19:53 PT [2022/09/14 15:19:53 ET]
Table 'Periphas III' 9-max Seat #1 is the button
Seat 1: DaggasLa ($7.39 in chips) 
Seat 2: Dorex2007 ($5.32 in chips) 
Seat 3: aleo43 ($5.39 in chips) 
Seat 4: konan_sf08 ($7.10 in chips) 
Seat 5: BlackWinegum ($6.63 in chips) 
Seat 6: sc2005 ($5 in chips) 
Seat 7: Mazley17 ($4.91 in chips) 
Seat 8: SzNorbert12 ($6.54 in chips) 
Seat 9: kamp804 ($0.78 in chips) 
Dorex2007: posts small blind $0.02
aleo43: posts big blind $0.05
*** HOLE CARDS ***
Dealt to Dorex2007 [Ac Jc]
konan_sf08: folds 
BlackWinegum: folds 
sc2005: folds 
Mazley17: raises $0.15 to $0.20
SzNorbert12: folds 
kamp804: folds 
DaggasLa: calls $0.20
Dorex2007: calls $0.18
aleo43: folds 
*** FLOP *** [Kh Kd 4h]
Dorex2007: checks 
Mazley17: bets $0.15
DaggasLa: folds 
Dorex2007: folds 
Uncalled bet ($0.15) returned to Mazley17
Mazley17 collected $0.62 from pot
Mazley17: doesn't show hand 
*** SUMMARY ***
Total pot $0.65 | Rake $0.03 
Board [Kh Kd 4h]
Seat 1: DaggasLa (button) folded on the Flop
Seat 2: Dorex2007 (small blind) folded on the Flop
Seat 3: aleo43 (big blind) folded before Flop
Seat 4: konan_sf08 folded before Flop (didn't bet)
Seat 5: BlackWinegum folded before Flop (didn't bet)
Seat 6: sc2005 folded before Flop (didn't bet)
Seat 7: Mazley17 collected ($0.62)
Seat 8: SzNorbert12 folded before Flop (didn't bet)
Seat 9: kamp804 folded before Flop (didn't bet)



PokerStars Hand #238627217238:  Hold'em No Limit ($0.02/$0.05 USD) - 2022/09/14 12:20:40 PT [2022/09/14 15:20:40 ET]
Table 'Periphas III' 9-max Seat #2 is the button
Seat 1: DaggasLa ($7.19 in chips) 
Seat 2: Dorex2007 ($5.12 in chips) 
Seat 3: aleo43 ($5.34 in chips) 
Seat 4: konan_sf08 ($7.10 in chips) 
Seat 5: BlackWinegum ($6.63 in chips) 
Seat 6: sc2005 ($5 in chips) 
Seat 7: Mazley17 ($5.33 in chips) 
Seat 8: SzNorbert12 ($6.54 in chips) 
Seat 9: kamp804 ($0.78 in chips) 
aleo43: posts small blind $0.02
konan_sf08: posts big blind $0.05
*** HOLE CARDS ***
Dealt to Dorex2007 [4h Js]
BlackWinegum: folds 
sc2005: folds 
Mazley17: raises $0.10 to $0.15
SzNorbert12: folds 
kamp804: folds 
DaggasLa: folds 
Dorex2007: folds 
aleo43: folds 
konan_sf08: folds 
Uncalled bet ($0.10) returned to Mazley17
Mazley17 collected $0.12 from pot
Mazley17: doesn't show hand 
*** SUMMARY ***
Total pot $0.12 | Rake $0 
Seat 1: DaggasLa folded before Flop (didn't bet)
Seat 2: Dorex2007 (button) folded before Flop (didn't bet)
Seat 3: aleo43 (small blind) folded before Flop
Seat 4: konan_sf08 (big blind) folded before Flop
Seat 5: BlackWinegum folded before Flop (didn't bet)
Seat 6: sc2005 folded before Flop (didn't bet)
Seat 7: Mazley17 collected ($0.12)
Seat 8: SzNorbert12 folded before Flop (didn't bet)
Seat 9: kamp804 folded before Flop (didn't bet)



PokerStars Hand #238627224075:  Hold'em No Limit ($0.02/$0.05 USD) - 2022/09/14 12:20:57 PT [2022/09/14 15:20:57 ET]
Table 'Periphas III' 9-max Seat #3 is the button
Seat 1: DaggasLa ($7.19 in chips) 
Seat 2: Dorex2007 ($5.12 in chips) 
Seat 3: aleo43 ($5.32 in chips) 
Seat 4: konan_sf08 ($7.05 in chips) 
Seat 5: BlackWinegum ($6.63 in chips) 
Seat 6: sc2005 ($5 in chips) 
Seat 7: Mazley17 ($5.40 in chips) 
Seat 8: SzNorbert12 ($6.54 in chips) 
Seat 9: kamp804 ($0.78 in chips) 
konan_sf08: posts small blind $0.02
BlackWinegum: posts big blind $0.05
*** HOLE CARDS ***
Dealt to Dorex2007 [8d 2s]
sc2005: folds 
Mazley17: folds 
SzNorbert12: folds 
kamp804: folds 
DaggasLa: raises $0.12 to $0.17
Dorex2007: folds 
aleo43: folds 
konan_sf08: calls $0.15
BlackWinegum: folds 
*** FLOP *** [4s 4d Js]
konan_sf08: bets $0.10
DaggasLa: raises $0.25 to $0.35
konan_sf08: calls $0.25
*** TURN *** [4s 4d Js] [2c]
konan_sf08: checks 
DaggasLa: bets $0.85
konan_sf08: folds 
Uncalled bet ($0.85) returned to DaggasLa
DaggasLa collected $1.03 from pot
DaggasLa: doesn't show hand 
*** SUMMARY ***
Total pot $1.09 | Rake $0.06 
Board [4s 4d Js 2c]
Seat 1: DaggasLa collected ($1.03)
Seat 2: Dorex2007 folded before Flop (didn't bet)
Seat 3: aleo43 (button) folded before Flop (didn't bet)
Seat 4: konan_sf08 (small blind) folded on the Turn
Seat 5: BlackWinegum (big blind) folded before Flop
Seat 6: sc2005 folded before Flop (didn't bet)
Seat 7: Mazley17 folded before Flop (didn't bet)
Seat 8: SzNorbert12 folded before Flop (didn't bet)
Seat 9: kamp804 folded before Flop (didn't bet)



PokerStars Hand #238627246331:  Hold'em No Limit ($0.02/$0.05 USD) - 2022/09/14 12:21:53 PT [2022/09/14 15:21:53 ET]
Table 'Periphas III' 9-max Seat #4 is the button
Seat 1: DaggasLa ($7.70 in chips) 
Seat 2: Dorex2007 ($5.12 in chips) 
Seat 3: aleo43 ($5.32 in chips) 
Seat 4: konan_sf08 ($6.53 in chips) 
Seat 5: BlackWinegum ($6.58 in chips) 
Seat 6: sc2005 ($5 in chips) 
Seat 7: Mazley17 ($5.40 in chips) 
Seat 8: SzNorbert12 ($6.54 in chips) 
Seat 9: kamp804 ($0.78 in chips) 
BlackWinegum: posts small blind $0.02
sc2005: posts big blind $0.05
*** HOLE CARDS ***
Dealt to Dorex2007 [6d Jd]
Mazley17: folds 
SzNorbert12: folds 
kamp804: folds 
DaggasLa: folds 
Dorex2007: folds 
aleo43: folds 
konan_sf08: calls $0.05
BlackWinegum: folds 
sc2005: checks 
*** FLOP *** [8s 6c 2c]
sc2005: checks 
konan_sf08: bets $0.05
sc2005: calls $0.05
*** TURN *** [8s 6c 2c] [8h]
sc2005: bets $0.15
konan_sf08: folds 
Uncalled bet ($0.15) returned to sc2005
sc2005 collected $0.21 from pot
sc2005: doesn't show hand 
*** SUMMARY ***
Total pot $0.22 | Rake $0.01 
Board [8s 6c 2c 8h]
Seat 1: DaggasLa folded before Flop (didn't bet)
Seat 2: Dorex2007 folded before Flop (didn't bet)
Seat 3: aleo43 folded before Flop (didn't bet)
Seat 4: konan_sf08 (button) folded on the Turn
Seat 5: BlackWinegum (small blind) folded before Flop
Seat 6: sc2005 (big blind) collected ($0.21)
Seat 7: Mazley17 folded before Flop (didn't bet)
Seat 8: SzNorbert12 folded before Flop (didn't bet)
Seat 9: kamp804 folded before Flop (didn't bet)



PokerStars Hand #238627265009:  Hold'em No Limit ($0.02/$0.05 USD) - 2022/09/14 12:22:40 PT [2022/09/14 15:22:40 ET]
Table 'Periphas III' 9-max Seat #5 is the button
Seat 1: DaggasLa ($7.70 in chips) 
Seat 2: Dorex2007 ($5.12 in chips) 
Seat 3: aleo43 ($5.32 in chips) 
Seat 4: konan_sf08 ($6.43 in chips) 
Seat 5: BlackWinegum ($6.56 in chips) 
Seat 6: sc2005 ($5.11 in chips) 
Seat 7: Mazley17 ($5.40 in chips) 
Seat 8: SzNorbert12 ($6.54 in chips) 
Seat 9: kamp804 ($0.78 in chips) 
sc2005: posts small blind $0.02
Mazley17: posts big blind $0.05
*** HOLE CARDS ***
Dealt to Dorex2007 [7d Tc]
SzNorbert12: folds 
kamp804: folds 
DaggasLa: folds 
Dorex2007: folds 
aleo43: calls $0.05
konan_sf08: calls $0.05
BlackWinegum: folds 
sc2005: calls $0.03
Mazley17: checks 
*** FLOP *** [2h 4d Th]
sc2005: checks 
Mazley17: checks 
aleo43: bets $0.05
konan_sf08: calls $0.05
sc2005: folds 
Mazley17: calls $0.05
*** TURN *** [2h 4d Th] [Ts]
Mazley17: checks 
aleo43: bets $0.17
konan_sf08: folds 
Mazley17: folds 
Uncalled bet ($0.17) returned to aleo43
aleo43 collected $0.34 from pot
aleo43: doesn't show hand 
*** SUMMARY ***
Total pot $0.35 | Rake $0.01 
Board [2h 4d Th Ts]
Seat 1: DaggasLa folded before Flop (didn't bet)
Seat 2: Dorex2007 folded before Flop (didn't bet)
Seat 3: aleo43 collected ($0.34)
Seat 4: konan_sf08 folded on the Turn
Seat 5: BlackWinegum (button) folded before Flop (didn't bet)
Seat 6: sc2005 (small blind) folded on the Flop
Seat 7: Mazley17 (big blind) folded on the Turn
Seat 8: SzNorbert12 folded before Flop (didn't bet)
Seat 9: kamp804 folded before Flop (didn't bet)



PokerStars Hand #238627289380:  Hold'em No Limit ($0.02/$0.05 USD) - 2022/09/14 12:23:41 PT [2022/09/14 15:23:41 ET]
Table 'Periphas III' 9-max Seat #6 is the button
Seat 1: DaggasLa ($7.70 in chips) 
Seat 2: Dorex2007 ($5.12 in chips) 
Seat 3: aleo43 ($5.56 in chips) 
Seat 4: konan_sf08 ($6.33 in chips) 
Seat 5: BlackWinegum ($6.56 in chips) 
Seat 6: sc2005 ($5.06 in chips) 
Seat 7: Mazley17 ($5.30 in chips) 
Seat 8: SzNorbert12 ($6.54 in chips) 
Seat 9: kamp804 ($0.78 in chips) 
Mazley17: posts small blind $0.02
SzNorbert12: posts big blind $0.05
*** HOLE CARDS ***
Dealt to Dorex2007 [Ac Jd]
kamp804: folds 
DaggasLa: folds 
Dorex2007: raises $0.05 to $0.10
aleo43: folds 
konan_sf08: raises $0.15 to $0.25
BlackWinegum: folds 
sc2005: folds 
Mazley17: calls $0.23
SzNorbert12: folds 
Dorex2007: calls $0.15
*** FLOP *** [Ks Tc 6d]
Mazley17: checks 
Dorex2007: checks 
konan_sf08: bets $0.20
Mazley17: calls $0.20
Dorex2007: calls $0.20
*** TURN *** [Ks Tc 6d] [6h]
Mazley17: checks 
Dorex2007: checks 
konan_sf08: checks 
*** RIVER *** [Ks Tc 6d 6h] [3h]
Mazley17: checks 
Dorex2007: bets $0.67
konan_sf08: folds 
Mazley17: folds 
Uncalled bet ($0.67) returned to Dorex2007
Dorex2007 collected $1.34 from pot
Dorex2007: doesn't show hand 
*** SUMMARY ***
Total pot $1.40 | Rake $0.06 
Board [Ks Tc 6d 6h 3h]
Seat 1: DaggasLa folded before Flop (didn't bet)
Seat 2: Dorex2007 collected ($1.34)
Seat 3: aleo43 folded before Flop (didn't bet)
Seat 4: konan_sf08 folded on the River
Seat 5: BlackWinegum folded before Flop (didn't bet)
Seat 6: sc2005 (button) folded before Flop (didn't bet)
Seat 7: Mazley17 (small blind) folded on the River
Seat 8: SzNorbert12 (big blind) folded before Flop
Seat 9: kamp804 folded before Flop (didn't bet)



PokerStars Hand #238627316782:  Hold'em No Limit ($0.02/$0.05 USD) - 2022/09/14 12:24:50 PT [2022/09/14 15:24:50 ET]
Table 'Periphas III' 9-max Seat #7 is the button
Seat 1: DaggasLa ($7.70 in chips) 
Seat 2: Dorex2007 ($6.01 in chips) 
Seat 3: aleo43 ($5.56 in chips) 
Seat 4: konan_sf08 ($5.88 in chips) 
Seat 5: BlackWinegum ($6.56 in chips) 
Seat 6: sc2005 ($5.06 in chips) 
Seat 7: Mazley17 ($4.85 in chips) 
Seat 8: SzNorbert12 ($6.49 in chips) 
Seat 9: kamp804 ($0.78 in chips) 
SzNorbert12: posts small blind $0.02
kamp804: posts big blind $0.05
*** HOLE CARDS ***
Dealt to Dorex2007 [3h Js]
DaggasLa: folds 
Dorex2007: folds 
aleo43: folds 
konan_sf08: raises $0.05 to $0.10
BlackWinegum: folds 
sc2005: folds 
Mazley17: raises $0.27 to $0.37
SzNorbert12: folds 
kamp804: folds 
konan_sf08: folds 
Uncalled bet ($0.27) returned to Mazley17
Mazley17 collected $0.27 from pot
Mazley17: doesn't show hand 
*** SUMMARY ***
Total pot $0.27 | Rake $0 
Seat 1: DaggasLa folded before Flop (didn't bet)
Seat 2: Dorex2007 folded before Flop (didn't bet)
Seat 3: aleo43 folded before Flop (didn't bet)
Seat 4: konan_sf08 folded before Flop
Seat 5: BlackWinegum folded before Flop (didn't bet)
Seat 6: sc2005 folded before Flop (didn't bet)
Seat 7: Mazley17 (button) collected ($0.27)
Seat 8: SzNorbert12 (small blind) folded before Flop
Seat 9: kamp804 (big blind) folded before Flop



PokerStars Hand #238627324540:  Hold'em No Limit ($0.02/$0.05 USD) - 2022/09/14 12:25:09 PT [2022/09/14 15:25:09 ET]
Table 'Periphas III' 9-max Seat #8 is the button
Seat 1: DaggasLa ($7.70 in chips) 
Seat 2: Dorex2007 ($6.01 in chips) 
Seat 3: aleo43 ($5.56 in chips) 
Seat 4: konan_sf08 ($5.78 in chips) 
Seat 5: BlackWinegum ($6.56 in chips) 
Seat 6: sc2005 ($5.06 in chips) 
Seat 7: Mazley17 ($5.02 in chips) 
Seat 8: SzNorbert12 ($6.47 in chips) 
Seat 9: kamp804 ($0.73 in chips) 
kamp804: posts small blind $0.02
DaggasLa: posts big blind $0.05
*** HOLE CARDS ***
Dealt to Dorex2007 [Qh Ad]
Dorex2007: raises $0.10 to $0.15
aleo43: folds 
konan_sf08: folds 
BlackWinegum: folds 
sc2005: calls $0.15
Mazley17: folds 
SzNorbert12: folds 
kamp804: folds 
DaggasLa: calls $0.10
*** FLOP *** [2s Th 8s]
DaggasLa: bets $0.22
Dorex2007: folds 
sc2005: folds 
Uncalled bet ($0.22) returned to DaggasLa
DaggasLa collected $0.45 from pot
DaggasLa: doesn't show hand 
*** SUMMARY ***
Total pot $0.47 | Rake $0.02 
Board [2s Th 8s]
Seat 1: DaggasLa (big blind) collected ($0.45)
Seat 2: Dorex2007 folded on the Flop
Seat 3: aleo43 folded before Flop (didn't bet)
Seat 4: konan_sf08 folded before Flop (didn't bet)
Seat 5: BlackWinegum folded before Flop (didn't bet)
Seat 6: sc2005 folded on the Flop
Seat 7: Mazley17 folded before Flop (didn't bet)
Seat 8: SzNorbert12 (button) folded before Flop (didn't bet)
Seat 9: kamp804 (small blind) folded before Flop



PokerStars Hand #238627336396:  Hold'em No Limit ($0.02/$0.05 USD) - 2022/09/14 12:25:39 PT [2022/09/14 15:25:39 ET]
Table 'Periphas III' 9-max Seat #9 is the button
Seat 1: DaggasLa ($8 in chips) 
Seat 2: Dorex2007 ($5.86 in chips) 
Seat 3: aleo43 ($5.56 in chips) 
Seat 4: konan_sf08 ($5.78 in chips) 
Seat 5: BlackWinegum ($6.56 in chips) 
Seat 6: sc2005 ($5 in chips) 
Seat 7: Mazley17 ($5.02 in chips) 
Seat 8: SzNorbert12 ($6.47 in chips) 
Seat 9: kamp804 ($0.71 in chips) 
DaggasLa: posts small blind $0.02
Dorex2007: posts big blind $0.05
*** HOLE CARDS ***
Dealt to Dorex2007 [Kh 5d]
aleo43: calls $0.05
konan_sf08: calls $0.05
BlackWinegum: folds 
sc2005: folds 
Mazley17: folds 
SzNorbert12: raises $0.20 to $0.25
kamp804: folds 
DaggasLa: folds 
Dorex2007: folds 
aleo43: folds 
konan_sf08: calls $0.20
*** FLOP *** [4d 5c 8c]
konan_sf08: checks 
SzNorbert12: bets $0.35
konan_sf08: calls $0.35
*** TURN *** [4d 5c 8c] [3c]
konan_sf08: checks 
SzNorbert12: checks 
*** RIVER *** [4d 5c 8c 3c] [As]
konan_sf08: bets $1.27
SzNorbert12: folds 
Uncalled bet ($1.27) returned to konan_sf08
konan_sf08 collected $1.27 from pot
*** SUMMARY ***
Total pot $1.32 | Rake $0.05 
Board [4d 5c 8c 3c As]
Seat 1: DaggasLa (small blind) folded before Flop
Seat 2: Dorex2007 (big blind) folded before Flop
Seat 3: aleo43 folded before Flop
Seat 4: konan_sf08 collected ($1.27)
Seat 5: BlackWinegum folded before Flop (didn't bet)
Seat 6: sc2005 folded before Flop (didn't bet)
Seat 7: Mazley17 folded before Flop (didn't bet)
Seat 8: SzNorbert12 folded on the River
Seat 9: kamp804 (button) folded before Flop (didn't bet)



PokerStars Hand #238627360460:  Hold'em No Limit ($0.02/$0.05 USD) - 2022/09/14 12:26:40 PT [2022/09/14 15:26:40 ET]
Table 'Periphas III' 9-max Seat #1 is the button
Seat 1: DaggasLa ($7.98 in chips) 
Seat 2: Dorex2007 ($5.81 in chips) 
Seat 3: aleo43 ($5.51 in chips) 
Seat 4: konan_sf08 ($6.45 in chips) 
Seat 5: BlackWinegum ($6.56 in chips) 
Seat 6: sc2005 ($5 in chips) 
Seat 7: Mazley17 ($5.02 in chips) 
Seat 8: SzNorbert12 ($5.87 in chips) 
Seat 9: kamp804 ($0.71 in chips) 
Dorex2007: posts small blind $0.02
aleo43: posts big blind $0.05
*** HOLE CARDS ***
Dealt to Dorex2007 [Ks 8d]
konan_sf08: folds 
BlackWinegum: folds 
sc2005: folds 
Mazley17: folds 
SzNorbert12: folds 
kamp804: calls $0.05
DaggasLa: folds 
Dorex2007: folds 
aleo43: checks 
*** FLOP *** [Qc 9d 3h]
aleo43: checks 
kamp804: checks 
*** TURN *** [Qc 9d 3h] [Jd]
aleo43: checks 
kamp804: bets $0.05
aleo43: folds 
Uncalled bet ($0.05) returned to kamp804
kamp804 collected $0.12 from pot
*** SUMMARY ***
Total pot $0.12 | Rake $0 
Board [Qc 9d 3h Jd]
Seat 1: DaggasLa (button) folded before Flop (didn't bet)
Seat 2: Dorex2007 (small blind) folded before Flop
Seat 3: aleo43 (big blind) folded on the Turn
Seat 4: konan_sf08 folded before Flop (didn't bet)
Seat 5: BlackWinegum folded before Flop (didn't bet)
Seat 6: sc2005 folded before Flop (didn't bet)
Seat 7: Mazley17 folded before Flop (didn't bet)
Seat 8: SzNorbert12 folded before Flop (didn't bet)
Seat 9: kamp804 collected ($0.12)



PokerStars Hand #238627379103:  Hold'em No Limit ($0.02/$0.05 USD) - 2022/09/14 12:27:26 PT [2022/09/14 15:27:26 ET]
Table 'Periphas III' 9-max Seat #2 is the button
Seat 1: DaggasLa ($7.98 in chips) 
Seat 2: Dorex2007 ($5.79 in chips) 
Seat 3: aleo43 ($5.46 in chips) 
Seat 4: konan_sf08 ($6.45 in chips) 
Seat 5: BlackWinegum ($6.56 in chips) 
Seat 6: sc2005 ($5 in chips) 
Seat 7: Mazley17 ($5.02 in chips) 
Seat 8: SzNorbert12 ($5.87 in chips) 
Seat 9: kamp804 ($0.78 in chips) 
aleo43: posts small blind $0.02
konan_sf08: posts big blind $0.05
*** HOLE CARDS ***
Dealt to Dorex2007 [7d Ac]
BlackWinegum: folds 
sc2005: folds 
Mazley17: folds 
SzNorbert12: folds 
kamp804: calls $0.05
DaggasLa: folds 
Dorex2007: folds 
aleo43: folds 
konan_sf08: checks 
*** FLOP *** [Ah 2s 7h]
konan_sf08: checks 
kamp804: checks 
*** TURN *** [Ah 2s 7h] [Ad]
konan_sf08: checks 
kamp804: bets $0.05
konan_sf08: folds 
Uncalled bet ($0.05) returned to kamp804
kamp804 collected $0.12 from pot
*** SUMMARY ***
Total pot $0.12 | Rake $0 
Board [Ah 2s 7h Ad]
Seat 1: DaggasLa folded before Flop (didn't bet)
Seat 2: Dorex2007 (button) folded before Flop (didn't bet)
Seat 3: aleo43 (small blind) folded before Flop
Seat 4: konan_sf08 (big blind) folded on the Turn
Seat 5: BlackWinegum folded before Flop (didn't bet)
Seat 6: sc2005 folded before Flop (didn't bet)
Seat 7: Mazley17 folded before Flop (didn't bet)
Seat 8: SzNorbert12 folded before Flop (didn't bet)
Seat 9: kamp804 collected ($0.12)



PokerStars Hand #238627388607:  Hold'em No Limit ($0.02/$0.05 USD) - 2022/09/14 12:27:50 PT [2022/09/14 15:27:50 ET]
Table 'Periphas III' 9-max Seat #3 is the button
Seat 1: DaggasLa ($7.98 in chips) 
Seat 2: Dorex2007 ($5.79 in chips) 
Seat 3: aleo43 ($5.44 in chips) 
Seat 4: konan_sf08 ($6.40 in chips) 
Seat 5: BlackWinegum ($6.56 in chips) 
Seat 6: sc2005 ($5 in chips) 
Seat 7: Mazley17 ($5.02 in chips) 
Seat 8: SzNorbert12 ($5.87 in chips) 
Seat 9: kamp804 ($0.85 in chips) 
konan_sf08: posts small blind $0.02
BlackWinegum: posts big blind $0.05
*** HOLE CARDS ***
Dealt to Dorex2007 [Ac Kh]
sc2005: folds 
Mazley17: folds 
SzNorbert12: folds 
kamp804: calls $0.05
DaggasLa: raises $0.17 to $0.22
Dorex2007: raises $0.17 to $0.39
aleo43: folds 
konan_sf08: folds 
BlackWinegum: folds 
kamp804: folds 
DaggasLa: calls $0.17
*** FLOP *** [6s Ts 6h]
DaggasLa: checks 
Dorex2007: checks 
*** TURN *** [6s Ts 6h] [2d]
DaggasLa: bets $0.75
Dorex2007: folds 
Uncalled bet ($0.75) returned to DaggasLa
DaggasLa collected $0.85 from pot
DaggasLa: doesn't show hand 
*** SUMMARY ***
Total pot $0.90 | Rake $0.05 
Board [6s Ts 6h 2d]
Seat 1: DaggasLa collected ($0.85)
Seat 2: Dorex2007 folded on the Turn
Seat 3: aleo43 (button) folded before Flop (didn't bet)
Seat 4: konan_sf08 (small blind) folded before Flop
Seat 5: BlackWinegum (big blind) folded before Flop
Seat 6: sc2005 folded before Flop (didn't bet)
Seat 7: Mazley17 folded before Flop (didn't bet)
Seat 8: SzNorbert12 folded before Flop (didn't bet)
Seat 9: kamp804 folded before Flop



PokerStars Hand #238627417746:  Hold'em No Limit ($0.02/$0.05 USD) - 2022/09/14 12:29:03 PT [2022/09/14 15:29:03 ET]
Table 'Periphas III' 9-max Seat #4 is the button
Seat 1: DaggasLa ($8.44 in chips) 
Seat 2: Dorex2007 ($5.40 in chips) 
Seat 3: aleo43 ($5.44 in chips) 
Seat 4: konan_sf08 ($6.38 in chips) 
Seat 5: BlackWinegum ($6.51 in chips) 
Seat 6: sc2005 ($5 in chips) 
Seat 7: Mazley17 ($5.02 in chips) 
Seat 8: SzNorbert12 ($5.87 in chips) 
Seat 9: kamp804 ($0.80 in chips) 
BlackWinegum: posts small blind $0.02
sc2005: posts big blind $0.05
*** HOLE CARDS ***
Dealt to Dorex2007 [2d 5d]
Mazley17: folds 
SzNorbert12: folds 
kamp804: folds 
DaggasLa: folds 
Dorex2007: folds 
aleo43: folds 
konan_sf08: folds 
BlackWinegum: folds 
Uncalled bet ($0.03) returned to sc2005
sc2005 collected $0.04 from pot
sc2005: doesn't show hand 
*** SUMMARY ***
Total pot $0.04 | Rake $0 
Seat 1: DaggasLa folded before Flop (didn't bet)
Seat 2: Dorex2007 folded before Flop (didn't bet)
Seat 3: aleo43 folded before Flop (didn't bet)
Seat 4: konan_sf08 (button) folded before Flop (didn't bet)
Seat 5: BlackWinegum (small blind) folded before Flop
Seat 6: sc2005 (big blind) collected ($0.04)
Seat 7: Mazley17 folded before Flop (didn't bet)
Seat 8: SzNorbert12 folded before Flop (didn't bet)
Seat 9: kamp804 folded before Flop (didn't bet)



PokerStars Hand #238627423963:  Hold'em No Limit ($0.02/$0.05 USD) - 2022/09/14 12:29:19 PT [2022/09/14 15:29:19 ET]
Table 'Periphas III' 9-max Seat #5 is the button
Seat 1: DaggasLa ($8.44 in chips) 
Seat 2: Dorex2007 ($5.40 in chips) 
Seat 3: aleo43 ($5.44 in chips) 
Seat 4: konan_sf08 ($6.38 in chips) 
Seat 5: BlackWinegum ($6.49 in chips) 
Seat 6: sc2005 ($5.02 in chips) 
Seat 7: Mazley17 ($5.02 in chips) 
Seat 8: SzNorbert12 ($5.87 in chips) 
Seat 9: kamp804 ($0.80 in chips) 
sc2005: posts small blind $0.02
Mazley17: posts big blind $0.05
*** HOLE CARDS ***
Dealt to Dorex2007 [Qd 4s]
SzNorbert12: folds 
kamp804: folds 
DaggasLa: folds 
Dorex2007: folds 
aleo43: folds 
konan_sf08: folds 
BlackWinegum: raises $0.10 to $0.15
sc2005: folds 
Mazley17: folds 
Uncalled bet ($0.10) returned to BlackWinegum
BlackWinegum collected $0.12 from pot
BlackWinegum: doesn't show hand 
*** SUMMARY ***
Total pot $0.12 | Rake $0 
Seat 1: DaggasLa folded before Flop (didn't bet)
Seat 2: Dorex2007 folded before Flop (didn't bet)
Seat 3: aleo43 folded before Flop (didn't bet)
Seat 4: konan_sf08 folded before Flop (didn't bet)
Seat 5: BlackWinegum (button) collected ($0.12)
Seat 6: sc2005 (small blind) folded before Flop
Seat 7: Mazley17 (big blind) folded before Flop
Seat 8: SzNorbert12 folded before Flop (didn't bet)
Seat 9: kamp804 folded before Flop (didn't bet)



PokerStars Hand #238627436574:  Hold'em No Limit ($0.02/$0.05 USD) - 2022/09/14 12:29:51 PT [2022/09/14 15:29:51 ET]
Table 'Periphas III' 9-max Seat #6 is the button
Seat 1: DaggasLa ($8.44 in chips) 
Seat 2: Dorex2007 ($5.40 in chips) 
Seat 3: aleo43 ($5.44 in chips) 
Seat 4: konan_sf08 ($6.38 in chips) 
Seat 5: BlackWinegum ($6.56 in chips) 
Seat 6: sc2005 ($5 in chips) 
Seat 7: Mazley17 ($4.97 in chips) 
Seat 8: SzNorbert12 ($5.87 in chips) 
Seat 9: kamp804 ($0.80 in chips) 
Mazley17: posts small blind $0.02
SzNorbert12: posts big blind $0.05
*** HOLE CARDS ***
Dealt to Dorex2007 [9h Ks]
kamp804: folds 
DaggasLa: folds 
Dorex2007: folds 
aleo43: folds 
konan_sf08: folds 
BlackWinegum: folds 
sc2005: raises $0.10 to $0.15
Mazley17: folds 
SzNorbert12: folds 
Uncalled bet ($0.10) returned to sc2005
sc2005 collected $0.12 from pot
sc2005: doesn't show hand 
*** SUMMARY ***
Total pot $0.12 | Rake $0 
Seat 1: DaggasLa folded before Flop (didn't bet)
Seat 2: Dorex2007 folded before Flop (didn't bet)
Seat 3: aleo43 folded before Flop (didn't bet)
Seat 4: konan_sf08 folded before Flop (didn't bet)
Seat 5: BlackWinegum folded before Flop (didn't bet)
Seat 6: sc2005 (button) collected ($0.12)
Seat 7: Mazley17 (small blind) folded before Flop
Seat 8: SzNorbert12 (big blind) folded before Flop
Seat 9: kamp804 folded before Flop (didn't bet)



PokerStars Hand #238627444453:  Hold'em No Limit ($0.02/$0.05 USD) - 2022/09/14 12:30:11 PT [2022/09/14 15:30:11 ET]
Table 'Periphas III' 9-max Seat #7 is the button
Seat 1: DaggasLa ($8.44 in chips) 
Seat 2: Dorex2007 ($5.40 in chips) 
Seat 3: aleo43 ($5.44 in chips) 
Seat 4: konan_sf08 ($6.38 in chips) 
Seat 5: BlackWinegum ($6.56 in chips) 
Seat 6: sc2005 ($5.07 in chips) 
Seat 7: Mazley17 ($4.95 in chips) 
Seat 8: SzNorbert12 ($5.82 in chips) 
Seat 9: kamp804 ($0.80 in chips) 
SzNorbert12: posts small blind $0.02
kamp804: posts big blind $0.05
*** HOLE CARDS ***
Dealt to Dorex2007 [As Ac]
DaggasLa: folds 
Dorex2007: raises $0.10 to $0.15
aleo43: folds 
konan_sf08: folds 
DaggasLa leaves the table
BlackWinegum: folds 
sc2005: folds 
Mazley17: folds 
SzNorbert12: calls $0.13
kamp804: folds 
*** FLOP *** [7d Td 3h]
SzNorbert12: checks 
Andresinho46 joins the table at seat #1 
Dorex2007: bets $0.34
SzNorbert12: folds 
Uncalled bet ($0.34) returned to Dorex2007
Dorex2007 collected $0.34 from pot
Dorex2007: doesn't show hand 
*** SUMMARY ***
Total pot $0.35 | Rake $0.01 
Board [7d Td 3h]
Seat 1: DaggasLa folded before Flop (didn't bet)
Seat 2: Dorex2007 collected ($0.34)
Seat 3: aleo43 folded before Flop (didn't bet)
Seat 4: konan_sf08 folded before Flop (didn't bet)
Seat 5: BlackWinegum folded before Flop (didn't bet)
Seat 6: sc2005 folded before Flop (didn't bet)
Seat 7: Mazley17 (button) folded before Flop (didn't bet)
Seat 8: SzNorbert12 (small blind) folded on the Flop
Seat 9: kamp804 (big blind) folded before Flop



PokerStars Hand #238627455113:  Hold'em No Limit ($0.02/$0.05 USD) - 2022/09/14 12:30:38 PT [2022/09/14 15:30:38 ET]
Table 'Periphas III' 9-max Seat #8 is the button
Seat 1: Andresinho46 ($5 in chips) 
Seat 2: Dorex2007 ($5.59 in chips) 
Seat 3: aleo43 ($5.44 in chips) 
Seat 4: konan_sf08 ($6.38 in chips) 
Seat 5: BlackWinegum ($6.56 in chips) 
Seat 6: sc2005 ($5.07 in chips) 
Seat 7: Mazley17 ($4.95 in chips) 
Seat 8: SzNorbert12 ($5.67 in chips) 
Seat 9: kamp804 ($0.75 in chips) 
kamp804: posts small blind $0.02
Andresinho46: posts big blind $0.05
*** HOLE CARDS ***
Dealt to Dorex2007 [Qd Ks]
Dorex2007: calls $0.05
aleo43: folds 
konan_sf08: raises $0.15 to $0.20
BlackWinegum: folds 
sc2005: calls $0.20
Mazley17: folds 
SzNorbert12: calls $0.20
kamp804: calls $0.18
Andresinho46: folds 
Dorex2007: calls $0.15
*** FLOP *** [Td 6d Ts]
kamp804: bets $0.55 and is all-in
Dorex2007: folds 
konan_sf08: folds 
sc2005: folds 
SzNorbert12: folds 
Uncalled bet ($0.55) returned to kamp804
kamp804 collected $1.01 from pot
*** SUMMARY ***
Total pot $1.05 | Rake $0.04 
Board [Td 6d Ts]
Seat 1: Andresinho46 (big blind) folded before Flop
Seat 2: Dorex2007 folded on the Flop
Seat 3: aleo43 folded before Flop (didn't bet)
Seat 4: konan_sf08 folded on the Flop
Seat 5: BlackWinegum folded before Flop (didn't bet)
Seat 6: sc2005 folded on the Flop
Seat 7: Mazley17 folded before Flop (didn't bet)
Seat 8: SzNorbert12 (button) folded on the Flop
Seat 9: kamp804 (small blind) collected ($1.01)



PokerStars Hand #238627474944:  Hold'em No Limit ($0.02/$0.05 USD) - 2022/09/14 12:31:28 PT [2022/09/14 15:31:28 ET]
Table 'Periphas III' 9-max Seat #9 is the button
Seat 1: Andresinho46 ($5 in chips) 
Seat 2: Dorex2007 ($5.39 in chips) 
Seat 3: aleo43 ($5.44 in chips) 
Seat 4: konan_sf08 ($6.18 in chips) 
Seat 5: BlackWinegum ($6.56 in chips) 
Seat 6: sc2005 ($5 in chips) 
Seat 7: Mazley17 ($4.95 in chips) 
Seat 8: SzNorbert12 ($5.47 in chips) 
Seat 9: kamp804 ($1.56 in chips) 
Andresinho46: posts small blind $0.02
Dorex2007: posts big blind $0.05
*** HOLE CARDS ***
Dealt to Dorex2007 [Ks 6s]
aleo43: folds 
konan_sf08: raises $0.10 to $0.15
BlackWinegum: folds 
sc2005: folds 
Mazley17: folds 
SzNorbert12: folds 
kamp804: folds 
Andresinho46: folds 
Dorex2007: folds 
Uncalled bet ($0.10) returned to konan_sf08
konan_sf08 collected $0.12 from pot
konan_sf08: doesn't show hand 
*** SUMMARY ***
Total pot $0.12 | Rake $0 
Seat 1: Andresinho46 (small blind) folded before Flop
Seat 2: Dorex2007 (big blind) folded before Flop
Seat 3: aleo43 folded before Flop (didn't bet)
Seat 4: konan_sf08 collected ($0.12)
Seat 5: BlackWinegum folded before Flop (didn't bet)
Seat 6: sc2005 folded before Flop (didn't bet)
Seat 7: Mazley17 folded before Flop (didn't bet)
Seat 8: SzNorbert12 folded before Flop (didn't bet)
Seat 9: kamp804 (button) folded before Flop (didn't bet)



PokerStars Hand #238627482478:  Hold'em No Limit ($0.02/$0.05 USD) - 2022/09/14 12:31:47 PT [2022/09/14 15:31:47 ET]
Table 'Periphas III' 9-max Seat #1 is the button
Seat 1: Andresinho46 ($5 in chips) 
Seat 2: Dorex2007 ($5.34 in chips) 
Seat 3: aleo43 ($5.44 in chips) 
Seat 4: konan_sf08 ($6.25 in chips) 
Seat 5: BlackWinegum ($6.56 in chips) 
Seat 6: sc2005 ($5 in chips) 
Seat 7: Mazley17 ($4.95 in chips) 
Seat 8: SzNorbert12 ($5.47 in chips) 
Seat 9: kamp804 ($1.56 in chips) 
Dorex2007: posts small blind $0.02
aleo43: posts big blind $0.05
*** HOLE CARDS ***
Dealt to Dorex2007 [2s Ah]
konan_sf08: folds 
BlackWinegum: folds 
sc2005: folds 
Mazley17: folds 
SzNorbert12: folds 
kamp804: folds 
Andresinho46: folds 
Dorex2007: folds 
Uncalled bet ($0.03) returned to aleo43
aleo43 collected $0.04 from pot
*** SUMMARY ***
Total pot $0.04 | Rake $0 
Seat 1: Andresinho46 (button) folded before Flop (didn't bet)
Seat 2: Dorex2007 (small blind) folded before Flop
Seat 3: aleo43 (big blind) collected ($0.04)
Seat 4: konan_sf08 folded before Flop (didn't bet)
Seat 5: BlackWinegum folded before Flop (didn't bet)
Seat 6: sc2005 folded before Flop (didn't bet)
Seat 7: Mazley17 folded before Flop (didn't bet)
Seat 8: SzNorbert12 folded before Flop (didn't bet)
Seat 9: kamp804 folded before Flop (didn't bet)



PokerStars Hand #238627489849:  Hold'em No Limit ($0.02/$0.05 USD) - 2022/09/14 12:32:05 PT [2022/09/14 15:32:05 ET]
Table 'Periphas III' 9-max Seat #2 is the button
Seat 1: Andresinho46 ($5 in chips) 
Seat 2: Dorex2007 ($5.32 in chips) 
Seat 3: aleo43 ($5.46 in chips) 
Seat 4: konan_sf08 ($6.25 in chips) 
Seat 5: BlackWinegum ($6.56 in chips) 
Seat 6: sc2005 ($5 in chips) 
Seat 7: Mazley17 ($4.95 in chips) 
Seat 8: SzNorbert12 ($5.47 in chips) 
Seat 9: kamp804 ($1.56 in chips) 
aleo43: posts small blind $0.02
konan_sf08: posts big blind $0.05
*** HOLE CARDS ***
Dealt to Dorex2007 [Th Jh]
BlackWinegum: folds 
sc2005: folds 
Mazley17: raises $0.15 to $0.20
SzNorbert12: folds 
kamp804: folds 
Andresinho46: folds 
Dorex2007: calls $0.20
aleo43: folds 
konan_sf08: folds 
*** FLOP *** [4d 5d 7d]
Mazley17: bets $0.15
Dorex2007: folds 
Uncalled bet ($0.15) returned to Mazley17
Mazley17 collected $0.45 from pot
Mazley17: doesn't show hand 
*** SUMMARY ***
Total pot $0.47 | Rake $0.02 
Board [4d 5d 7d]
Seat 1: Andresinho46 folded before Flop (didn't bet)
Seat 2: Dorex2007 (button) folded on the Flop
Seat 3: aleo43 (small blind) folded before Flop
Seat 4: konan_sf08 (big blind) folded before Flop
Seat 5: BlackWinegum folded before Flop (didn't bet)
Seat 6: sc2005 folded before Flop (didn't bet)
Seat 7: Mazley17 collected ($0.45)
Seat 8: SzNorbert12 folded before Flop (didn't bet)
Seat 9: kamp804 folded before Flop (didn't bet)



PokerStars Hand #238627500583:  Hold'em No Limit ($0.02/$0.05 USD) - 2022/09/14 12:32:32 PT [2022/09/14 15:32:32 ET]
Table 'Periphas III' 9-max Seat #3 is the button
Seat 1: Andresinho46 ($5 in chips) 
Seat 2: Dorex2007 ($5.12 in chips) 
Seat 3: aleo43 ($5.44 in chips) 
Seat 4: konan_sf08 ($6.20 in chips) 
Seat 5: BlackWinegum ($6.56 in chips) 
Seat 6: sc2005 ($5 in chips) 
Seat 7: Mazley17 ($5.20 in chips) 
Seat 8: SzNorbert12 ($5.47 in chips) 
Seat 9: kamp804 ($1.56 in chips) 
konan_sf08: posts small blind $0.02
BlackWinegum: posts big blind $0.05
*** HOLE CARDS ***
Dealt to Dorex2007 [Kd 8s]
sc2005: folds 
Mazley17: folds 
SzNorbert12: folds 
kamp804: folds 
Andresinho46: raises $0.07 to $0.12
Dorex2007: folds 
aleo43: calls $0.12
konan_sf08: folds 
BlackWinegum: folds 
*** FLOP *** [5c 6d 7d]
Andresinho46: checks 
aleo43: checks 
*** TURN *** [5c 6d 7d] [7s]
Andresinho46: checks 
aleo43: bets $0.05
Andresinho46: calls $0.05
*** RIVER *** [5c 6d 7d 7s] [3c]
Andresinho46: checks 
aleo43: bets $0.05
Andresinho46: calls $0.05
*** SHOW DOWN ***
aleo43: shows [As Ac] (two pair, Aces and Sevens)
Andresinho46: mucks hand 
aleo43 collected $0.49 from pot
*** SUMMARY ***
Total pot $0.51 | Rake $0.02 
Board [5c 6d 7d 7s 3c]
Seat 1: Andresinho46 mucked [Qh Kh]
Seat 2: Dorex2007 folded before Flop (didn't bet)
Seat 3: aleo43 (button) showed [As Ac] and won ($0.49) with two pair, Aces and Sevens
Seat 4: konan_sf08 (small blind) folded before Flop
Seat 5: BlackWinegum (big blind) folded before Flop
Seat 6: sc2005 folded before Flop (didn't bet)
Seat 7: Mazley17 folded before Flop (didn't bet)
Seat 8: SzNorbert12 folded before Flop (didn't bet)
Seat 9: kamp804 folded before Flop (didn't bet)



PokerStars Hand #238627515541:  Hold'em No Limit ($0.02/$0.05 USD) - 2022/09/14 12:33:10 PT [2022/09/14 15:33:10 ET]
Table 'Periphas III' 9-max Seat #4 is the button
Seat 1: Andresinho46 ($5 in chips) 
Seat 2: Dorex2007 ($5.12 in chips) 
Seat 3: aleo43 ($5.71 in chips) 
Seat 4: konan_sf08 ($6.18 in chips) 
Seat 5: BlackWinegum ($6.51 in chips) 
Seat 6: sc2005 ($5 in chips) 
Seat 7: Mazley17 ($5.20 in chips) 
Seat 8: SzNorbert12 ($5.47 in chips) 
Seat 9: kamp804 ($1.56 in chips) 
BlackWinegum: posts small blind $0.02
sc2005: posts big blind $0.05
*** HOLE CARDS ***
Dealt to Dorex2007 [Jd Kd]
Mazley17: raises $0.10 to $0.15
SzNorbert12: folds 
kamp804: calls $0.15
Andresinho46: folds 
Dorex2007: calls $0.15
aleo43: folds 
konan_sf08: folds 
BlackWinegum: folds 
sc2005: folds 
*** FLOP *** [9h 6h 8s]
Mazley17: checks 
kamp804: bets $0.15
Dorex2007: folds 
Mazley17: calls $0.15
*** TURN *** [9h 6h 8s] [4c]
Mazley17: checks 
kamp804: bets $0.25
Mazley17: folds 
Uncalled bet ($0.25) returned to kamp804
kamp804 collected $0.79 from pot
*** SUMMARY ***
Total pot $0.82 | Rake $0.03 
Board [9h 6h 8s 4c]
Seat 1: Andresinho46 folded before Flop (didn't bet)
Seat 2: Dorex2007 folded on the Flop
Seat 3: aleo43 folded before Flop (didn't bet)
Seat 4: konan_sf08 (button) folded before Flop (didn't bet)
Seat 5: BlackWinegum (small blind) folded before Flop
Seat 6: sc2005 (big blind) folded before Flop
Seat 7: Mazley17 folded on the Turn
Seat 8: SzNorbert12 folded before Flop (didn't bet)
Seat 9: kamp804 collected ($0.79)



PokerStars Hand #238627537827:  Hold'em No Limit ($0.02/$0.05 USD) - 2022/09/14 12:34:05 PT [2022/09/14 15:34:05 ET]
Table 'Periphas III' 9-max Seat #5 is the button
Seat 1: Andresinho46 ($5 in chips) 
Seat 2: Dorex2007 ($5 in chips) 
Seat 3: aleo43 ($5.71 in chips) 
Seat 4: konan_sf08 ($6.18 in chips) 
Seat 5: BlackWinegum ($6.49 in chips) 
Seat 6: sc2005 ($5 in chips) 
Seat 7: Mazley17 ($4.90 in chips) 
Seat 8: SzNorbert12 ($5.47 in chips) 
Seat 9: kamp804 ($2.05 in chips) 
sc2005: posts small blind $0.02
Mazley17: posts big blind $0.05
*** HOLE CARDS ***
Dealt to Dorex2007 [Js 6h]
SzNorbert12: folds 
kamp804: folds 
Andresinho46: folds 
Dorex2007: folds 
aleo43: folds 
konan_sf08: raises $0.10 to $0.15
BlackWinegum: folds 
sc2005: folds 
Mazley17: folds 
Uncalled bet ($0.10) returned to konan_sf08
konan_sf08 collected $0.12 from pot
konan_sf08: doesn't show hand 
*** SUMMARY ***
Total pot $0.12 | Rake $0 
Seat 1: Andresinho46 folded before Flop (didn't bet)
Seat 2: Dorex2007 folded before Flop (didn't bet)
Seat 3: aleo43 folded before Flop (didn't bet)
Seat 4: konan_sf08 collected ($0.12)
Seat 5: BlackWinegum (button) folded before Flop (didn't bet)
Seat 6: sc2005 (small blind) folded before Flop
Seat 7: Mazley17 (big blind) folded before Flop
Seat 8: SzNorbert12 folded before Flop (didn't bet)
Seat 9: kamp804 folded before Flop (didn't bet)



PokerStars Hand #238627544924:  Hold'em No Limit ($0.02/$0.05 USD) - 2022/09/14 12:34:23 PT [2022/09/14 15:34:23 ET]
Table 'Periphas III' 9-max Seat #6 is the button
Seat 1: Andresinho46 ($5 in chips) 
Seat 2: Dorex2007 ($5 in chips) 
Seat 3: aleo43 ($5.71 in chips) 
Seat 4: konan_sf08 ($6.25 in chips) 
Seat 5: BlackWinegum ($6.49 in chips) 
Seat 6: sc2005 ($5 in chips) 
Seat 7: Mazley17 ($4.85 in chips) 
Seat 8: SzNorbert12 ($5.47 in chips) 
Seat 9: kamp804 ($2.05 in chips) 
Mazley17: posts small blind $0.02
SzNorbert12: posts big blind $0.05
*** HOLE CARDS ***
Dealt to Dorex2007 [Qs 3h]
kamp804: folds 
Andresinho46: folds 
Dorex2007: folds 
aleo43: calls $0.05
konan_sf08: folds 
BlackWinegum: folds 
sc2005: folds 
Mazley17: folds 
SzNorbert12: checks 
*** FLOP *** [Ah 4s Jh]
SzNorbert12: checks 
aleo43: bets $0.05
SzNorbert12: folds 
Uncalled bet ($0.05) returned to aleo43
aleo43 collected $0.12 from pot
aleo43: doesn't show hand 
*** SUMMARY ***
Total pot $0.12 | Rake $0 
Board [Ah 4s Jh]
Seat 1: Andresinho46 folded before Flop (didn't bet)
Seat 2: Dorex2007 folded before Flop (didn't bet)
Seat 3: aleo43 collected ($0.12)
Seat 4: konan_sf08 folded before Flop (didn't bet)
Seat 5: BlackWinegum folded before Flop (didn't bet)
Seat 6: sc2005 (button) folded before Flop (didn't bet)
Seat 7: Mazley17 (small blind) folded before Flop
Seat 8: SzNorbert12 (big blind) folded on the Flop
Seat 9: kamp804 folded before Flop (didn't bet)



PokerStars Hand #238627559461:  Hold'em No Limit ($0.02/$0.05 USD) - 2022/09/14 12:34:59 PT [2022/09/14 15:34:59 ET]
Table 'Periphas III' 9-max Seat #7 is the button
Seat 1: Andresinho46 ($5 in chips) 
Seat 2: Dorex2007 ($5 in chips) 
Seat 3: aleo43 ($5.78 in chips) 
Seat 4: konan_sf08 ($6.25 in chips) 
Seat 5: BlackWinegum ($6.49 in chips) 
Seat 6: sc2005 ($5 in chips) 
Seat 7: Mazley17 ($4.83 in chips) 
Seat 8: SzNorbert12 ($5.42 in chips) 
Seat 9: kamp804 ($2.05 in chips) 
SzNorbert12: posts small blind $0.02
kamp804: posts big blind $0.05
*** HOLE CARDS ***
Dealt to Dorex2007 [3h Td]
Andresinho46: folds 
Dorex2007: folds 
aleo43: folds 
konan_sf08: calls $0.05
BlackWinegum: folds 
sc2005: folds 
Mazley17: calls $0.05
SzNorbert12: folds 
kamp804: checks 
*** FLOP *** [Qh 7c 6d]
kamp804: checks 
konan_sf08: bets $0.08
Mazley17: folds 
kamp804: calls $0.08
*** TURN *** [Qh 7c 6d] [Ac]
kamp804: checks 
konan_sf08: checks 
*** RIVER *** [Qh 7c 6d Ac] [4s]
kamp804: bets $0.32
konan_sf08: folds 
Uncalled bet ($0.32) returned to kamp804
kamp804 collected $0.32 from pot
*** SUMMARY ***
Total pot $0.33 | Rake $0.01 
Board [Qh 7c 6d Ac 4s]
Seat 1: Andresinho46 folded before Flop (didn't bet)
Seat 2: Dorex2007 folded before Flop (didn't bet)
Seat 3: aleo43 folded before Flop (didn't bet)
Seat 4: konan_sf08 folded on the River
Seat 5: BlackWinegum folded before Flop (didn't bet)
Seat 6: sc2005 folded before Flop (didn't bet)
Seat 7: Mazley17 (button) folded on the Flop
Seat 8: SzNorbert12 (small blind) folded before Flop
Seat 9: kamp804 (big blind) collected ($0.32)



PokerStars Hand #238627575597:  Hold'em No Limit ($0.02/$0.05 USD) - 2022/09/14 12:35:40 PT [2022/09/14 15:35:40 ET]
Table 'Periphas III' 9-max Seat #8 is the button
Seat 1: Andresinho46 ($5 in chips) 
Seat 2: Dorex2007 ($5 in chips) 
Seat 3: aleo43 ($5.78 in chips) 
Seat 4: konan_sf08 ($6.12 in chips) 
Seat 5: BlackWinegum ($6.49 in chips) 
Seat 6: sc2005 ($5 in chips) 
Seat 7: Mazley17 ($4.78 in chips) 
Seat 8: SzNorbert12 ($5.40 in chips) 
Seat 9: kamp804 ($2.24 in chips) 
kamp804: posts small blind $0.02
Andresinho46: posts big blind $0.05
*** HOLE CARDS ***
Dealt to Dorex2007 [Ad Ts]
Dorex2007: folds 
aleo43: calls $0.05
konan_sf08: folds 
BlackWinegum: folds 
sc2005: folds 
Mazley17: folds 
SzNorbert12: folds 
kamp804: folds 
Andresinho46: checks 
*** FLOP *** [2c Jc Jh]
Andresinho46: checks 
aleo43: bets $0.05
Andresinho46: folds 
Uncalled bet ($0.05) returned to aleo43
aleo43 collected $0.12 from pot
aleo43: doesn't show hand 
*** SUMMARY ***
Total pot $0.12 | Rake $0 
Board [2c Jc Jh]
Seat 1: Andresinho46 (big blind) folded on the Flop
Seat 2: Dorex2007 folded before Flop (didn't bet)
Seat 3: aleo43 collected ($0.12)
Seat 4: konan_sf08 folded before Flop (didn't bet)
Seat 5: BlackWinegum folded before Flop (didn't bet)
Seat 6: sc2005 folded before Flop (didn't bet)
Seat 7: Mazley17 folded before Flop (didn't bet)
Seat 8: SzNorbert12 (button) folded before Flop (didn't bet)
Seat 9: kamp804 (small blind) folded before Flop



PokerStars Hand #238627588098:  Hold'em No Limit ($0.02/$0.05 USD) - 2022/09/14 12:36:11 PT [2022/09/14 15:36:11 ET]
Table 'Periphas III' 9-max Seat #9 is the button
Seat 1: Andresinho46 ($5 in chips) 
Seat 2: Dorex2007 ($5 in chips) 
Seat 3: aleo43 ($5.85 in chips) 
Seat 4: konan_sf08 ($6.12 in chips) 
Seat 5: BlackWinegum ($6.49 in chips) 
Seat 6: sc2005 ($5 in chips) 
Seat 7: Mazley17 ($5 in chips) 
Seat 8: SzNorbert12 ($5.40 in chips) 
Seat 9: kamp804 ($2.22 in chips) 
Andresinho46: posts small blind $0.02
Dorex2007: posts big blind $0.05
*** HOLE CARDS ***
Dealt to Dorex2007 [Js 3d]
aleo43: folds 
konan_sf08: folds 
BlackWinegum: raises $0.10 to $0.15
sc2005: folds 
Mazley17: folds 
SzNorbert12: folds 
kamp804: folds 
Andresinho46: folds 
Dorex2007: folds 
Uncalled bet ($0.10) returned to BlackWinegum
BlackWinegum collected $0.12 from pot
BlackWinegum: doesn't show hand 
*** SUMMARY ***
Total pot $0.12 | Rake $0 
Seat 1: Andresinho46 (small blind) folded before Flop
Seat 2: Dorex2007 (big blind) folded before Flop
Seat 3: aleo43 folded before Flop (didn't bet)
Seat 4: konan_sf08 folded before Flop (didn't bet)
Seat 5: BlackWinegum collected ($0.12)
Seat 6: sc2005 folded before Flop (didn't bet)
Seat 7: Mazley17 folded before Flop (didn't bet)
Seat 8: SzNorbert12 folded before Flop (didn't bet)
Seat 9: kamp804 (button) folded before Flop (didn't bet)



PokerStars Hand #238627593816:  Hold'em No Limit ($0.02/$0.05 USD) - 2022/09/14 12:36:25 PT [2022/09/14 15:36:25 ET]
Table 'Periphas III' 9-max Seat #1 is the button
Seat 1: Andresinho46 ($5 in chips) 
Seat 2: Dorex2007 ($5 in chips) 
Seat 3: aleo43 ($5.85 in chips) 
Seat 4: konan_sf08 ($6.12 in chips) 
Seat 5: BlackWinegum ($6.56 in chips) 
Seat 6: sc2005 ($5 in chips) 
Seat 7: Mazley17 ($5 in chips) 
Seat 8: SzNorbert12 ($5.40 in chips) 
Seat 9: kamp804 ($2.22 in chips) 
Dorex2007: posts small blind $0.02
aleo43: posts big blind $0.05
*** HOLE CARDS ***
Dealt to Dorex2007 [2h Jd]
konan_sf08: calls $0.05
BlackWinegum: folds 
sc2005: raises $0.25 to $0.30
Mazley17: folds 
SzNorbert12: folds 
kamp804: folds 
Andresinho46: folds 
Dorex2007: folds 
aleo43: folds 
konan_sf08: calls $0.25
*** FLOP *** [Ac Qs 5h]
konan_sf08: checks 
sc2005: bets $0.20
konan_sf08: calls $0.20
*** TURN *** [Ac Qs 5h] [9d]
konan_sf08: checks 
sc2005: bets $0.80
konan_sf08: folds 
Uncalled bet ($0.80) returned to sc2005
sc2005 collected $1.03 from pot
sc2005: doesn't show hand 
*** SUMMARY ***
Total pot $1.07 | Rake $0.04 
Board [Ac Qs 5h 9d]
Seat 1: Andresinho46 (button) folded before Flop (didn't bet)
Seat 2: Dorex2007 (small blind) folded before Flop
Seat 3: aleo43 (big blind) folded before Flop
Seat 4: konan_sf08 folded on the Turn
Seat 5: BlackWinegum folded before Flop (didn't bet)
Seat 6: sc2005 collected ($1.03)
Seat 7: Mazley17 folded before Flop (didn't bet)
Seat 8: SzNorbert12 folded before Flop (didn't bet)
Seat 9: kamp804 folded before Flop (didn't bet)



PokerStars Hand #238627616624:  Hold'em No Limit ($0.02/$0.05 USD) - 2022/09/14 12:37:22 PT [2022/09/14 15:37:22 ET]
Table 'Periphas III' 9-max Seat #2 is the button
Seat 1: Andresinho46 ($5 in chips) 
Seat 2: Dorex2007 ($5 in chips) 
Seat 3: aleo43 ($5.80 in chips) 
Seat 4: konan_sf08 ($5.62 in chips) 
Seat 5: BlackWinegum ($6.56 in chips) 
Seat 6: sc2005 ($5.53 in chips) 
Seat 7: Mazley17 ($5 in chips) 
Seat 8: SzNorbert12 ($5.40 in chips) 
Seat 9: kamp804 ($2.22 in chips) 
aleo43: posts small blind $0.02
konan_sf08: posts big blind $0.05
*** HOLE CARDS ***
Dealt to Dorex2007 [Kh Th]
BlackWinegum: folds 
sc2005: folds 
Mazley17: raises $0.10 to $0.15
SzNorbert12: folds 
kamp804: calls $0.15
Andresinho46: folds 
Dorex2007: calls $0.15
aleo43: folds 
konan_sf08: calls $0.10
*** FLOP *** [3d Js 7s]
konan_sf08: checks 
Mazley17: checks 
kamp804: checks 
Dorex2007: checks 
*** TURN *** [3d Js 7s] [8d]
konan_sf08: bets $0.05
Mazley17: calls $0.05
kamp804: calls $0.05
Dorex2007: calls $0.05
*** RIVER *** [3d Js 7s 8d] [4s]
konan_sf08: checks 
Mazley17: bets $0.15
kamp804: folds 
Dorex2007: folds 
konan_sf08: folds 
Uncalled bet ($0.15) returned to Mazley17
Mazley17 collected $0.79 from pot
Mazley17: doesn't show hand 
*** SUMMARY ***
Total pot $0.82 | Rake $0.03 
Board [3d Js 7s 8d 4s]
Seat 1: Andresinho46 folded before Flop (didn't bet)
Seat 2: Dorex2007 (button) folded on the River
Seat 3: aleo43 (small blind) folded before Flop
Seat 4: konan_sf08 (big blind) folded on the River
Seat 5: BlackWinegum folded before Flop (didn't bet)
Seat 6: sc2005 folded before Flop (didn't bet)
Seat 7: Mazley17 collected ($0.79)
Seat 8: SzNorbert12 folded before Flop (didn't bet)
Seat 9: kamp804 folded on the River



PokerStars Hand #238627643228:  Hold'em No Limit ($0.02/$0.05 USD) - 2022/09/14 12:38:29 PT [2022/09/14 15:38:29 ET]
Table 'Periphas III' 9-max Seat #3 is the button
Seat 1: Andresinho46 ($5 in chips) 
Seat 2: Dorex2007 ($5 in chips) 
Seat 3: aleo43 ($5.78 in chips) 
Seat 4: konan_sf08 ($5.42 in chips) 
Seat 5: BlackWinegum ($6.56 in chips) 
Seat 6: sc2005 ($5.53 in chips) 
Seat 7: Mazley17 ($5.59 in chips) 
Seat 8: SzNorbert12 ($5.40 in chips) 
Seat 9: kamp804 ($2.02 in chips) 
konan_sf08: posts small blind $0.02
BlackWinegum: posts big blind $0.05
*** HOLE CARDS ***
Dealt to Dorex2007 [9c 4c]
sc2005: folds 
Mazley17: folds 
SzNorbert12: folds 
kamp804: folds 
Andresinho46: folds 
Dorex2007: folds 
aleo43: folds 
konan_sf08: folds 
Uncalled bet ($0.03) returned to BlackWinegum
BlackWinegum collected $0.04 from pot
BlackWinegum: doesn't show hand 
*** SUMMARY ***
Total pot $0.04 | Rake $0 
Seat 1: Andresinho46 folded before Flop (didn't bet)
Seat 2: Dorex2007 folded before Flop (didn't bet)
Seat 3: aleo43 (button) folded before Flop (didn't bet)
Seat 4: konan_sf08 (small blind) folded before Flop
Seat 5: BlackWinegum (big blind) collected ($0.04)
Seat 6: sc2005 folded before Flop (didn't bet)
Seat 7: Mazley17 folded before Flop (didn't bet)
Seat 8: SzNorbert12 folded before Flop (didn't bet)
Seat 9: kamp804 folded before Flop (didn't bet)



PokerStars Hand #238627650064:  Hold'em No Limit ($0.02/$0.05 USD) - 2022/09/14 12:38:45 PT [2022/09/14 15:38:45 ET]
Table 'Periphas III' 9-max Seat #4 is the button
Seat 1: Andresinho46 ($5 in chips) 
Seat 2: Dorex2007 ($5 in chips) 
Seat 3: aleo43 ($5.78 in chips) 
Seat 4: konan_sf08 ($5.40 in chips) 
Seat 5: BlackWinegum ($6.58 in chips) 
Seat 6: sc2005 ($5.53 in chips) 
Seat 7: Mazley17 ($5.59 in chips) 
Seat 8: SzNorbert12 ($5.40 in chips) 
Seat 9: kamp804 ($2.02 in chips) 
BlackWinegum: posts small blind $0.02
sc2005: posts big blind $0.05
*** HOLE CARDS ***
Dealt to Dorex2007 [4h 3h]
Mazley17: folds 
SzNorbert12: folds 
kamp804: folds 
Andresinho46: raises $0.07 to $0.12
Dorex2007: folds 
aleo43: folds 
konan_sf08: folds 
BlackWinegum has timed out
BlackWinegum: folds 
sc2005: calls $0.07
*** FLOP *** [Ah Ks 8s]
sc2005: checks 
Andresinho46: bets $0.08
sc2005: folds 
Uncalled bet ($0.08) returned to Andresinho46
Andresinho46 collected $0.25 from pot
Andresinho46: doesn't show hand 
*** SUMMARY ***
Total pot $0.26 | Rake $0.01 
Board [Ah Ks 8s]
Seat 1: Andresinho46 collected ($0.25)
Seat 2: Dorex2007 folded before Flop (didn't bet)
Seat 3: aleo43 folded before Flop (didn't bet)
Seat 4: konan_sf08 (button) folded before Flop (didn't bet)
Seat 5: BlackWinegum (small blind) folded before Flop
Seat 6: sc2005 (big blind) folded on the Flop
Seat 7: Mazley17 folded before Flop (didn't bet)
Seat 8: SzNorbert12 folded before Flop (didn't bet)
Seat 9: kamp804 folded before Flop (didn't bet)



PokerStars Hand #238627680860:  Hold'em No Limit ($0.02/$0.05 USD) - 2022/09/14 12:40:02 PT [2022/09/14 15:40:02 ET]
Table 'Periphas III' 9-max Seat #6 is the button
Seat 1: Andresinho46 ($5.13 in chips) 
Seat 2: Dorex2007 ($5 in chips) 
Seat 3: aleo43 ($5.78 in chips) 
Seat 4: konan_sf08 ($5.40 in chips) 
Seat 6: sc2005 ($5.41 in chips) 
Seat 7: Mazley17 ($5.59 in chips) 
Seat 8: SzNorbert12 ($5.40 in chips) 
Seat 9: kamp804 ($2.02 in chips) 
Mazley17: posts small blind $0.02
SzNorbert12: posts big blind $0.05
*** HOLE CARDS ***
Dealt to Dorex2007 [Ts 7d]
kamp804: folds 
Andresinho46: folds 
Dorex2007: folds 
aleo43: folds 
konan_sf08: folds 
sc2005: folds 
Mazley17: raises $0.10 to $0.15
SzNorbert12: folds 
Uncalled bet ($0.10) returned to Mazley17
Mazley17 collected $0.10 from pot
Mazley17: doesn't show hand 
*** SUMMARY ***
Total pot $0.10 | Rake $0 
Seat 1: Andresinho46 folded before Flop (didn't bet)
Seat 2: Dorex2007 folded before Flop (didn't bet)
Seat 3: aleo43 folded before Flop (didn't bet)
Seat 4: konan_sf08 folded before Flop (didn't bet)
Seat 6: sc2005 (button) folded before Flop (didn't bet)
Seat 7: Mazley17 (small blind) collected ($0.10)
Seat 8: SzNorbert12 (big blind) folded before Flop
Seat 9: kamp804 folded before Flop (didn't bet)



PokerStars Hand #238627688649:  Hold'em No Limit ($0.02/$0.05 USD) - 2022/09/14 12:40:22 PT [2022/09/14 15:40:22 ET]
Table 'Periphas III' 9-max Seat #7 is the button
Seat 1: Andresinho46 ($5.13 in chips) 
Seat 2: Dorex2007 ($5 in chips) 
Seat 3: aleo43 ($5.78 in chips) 
Seat 4: konan_sf08 ($5.40 in chips) 
Seat 6: sc2005 ($5.41 in chips) 
Seat 7: Mazley17 ($5.64 in chips) 
Seat 8: SzNorbert12 ($5.35 in chips) 
Seat 9: kamp804 ($2.02 in chips) 
SzNorbert12: posts small blind $0.02
kamp804: posts big blind $0.05
*** HOLE CARDS ***
Dealt to Dorex2007 [9c Tc]
Andresinho46: folds 
Dorex2007: folds 
aleo43: calls $0.05
konan_sf08: folds 
sc2005: folds 
Mazley17: folds 
SzNorbert12: folds 
kamp804: checks 
*** FLOP *** [4h Kh 3d]
kamp804: checks 
aleo43: bets $0.05
kamp804: calls $0.05
*** TURN *** [4h Kh 3d] [5d]
kamp804: checks 
BlackWinegum leaves the table
aleo43: bets $0.10
kamp804: folds 
Uncalled bet ($0.10) returned to aleo43
aleo43 collected $0.21 from pot
aleo43: doesn't show hand 
*** SUMMARY ***
Total pot $0.22 | Rake $0.01 
Board [4h Kh 3d 5d]
Seat 1: Andresinho46 folded before Flop (didn't bet)
Seat 2: Dorex2007 folded before Flop (didn't bet)
Seat 3: aleo43 collected ($0.21)
Seat 4: konan_sf08 folded before Flop (didn't bet)
Seat 6: sc2005 folded before Flop (didn't bet)
Seat 7: Mazley17 (button) folded before Flop (didn't bet)
Seat 8: SzNorbert12 (small blind) folded before Flop
Seat 9: kamp804 (big blind) folded on the Turn



PokerStars Hand #238627708127:  Hold'em No Limit ($0.02/$0.05 USD) - 2022/09/14 12:41:10 PT [2022/09/14 15:41:10 ET]
Table 'Periphas III' 9-max Seat #8 is the button
Seat 1: Andresinho46 ($5.13 in chips) 
Seat 2: Dorex2007 ($5 in chips) 
Seat 3: aleo43 ($5.89 in chips) 
Seat 4: konan_sf08 ($5.40 in chips) 
Seat 6: sc2005 ($5.41 in chips) 
Seat 7: Mazley17 ($5.64 in chips) 
Seat 8: SzNorbert12 ($5.33 in chips) 
Seat 9: kamp804 ($1.92 in chips) 
kamp804: posts small blind $0.02
Andresinho46: posts big blind $0.05
*** HOLE CARDS ***
Dealt to Dorex2007 [5d Qs]
Dorex2007: folds 
aleo43: folds 
konan_sf08: raises $0.05 to $0.10
sc2005: calls $0.10
Mazley17: folds 
SzNorbert12: calls $0.10
kamp804: calls $0.08
Andresinho46: folds 
*** FLOP *** [9c Qc 8s]
kamp804: bets $0.10
cion04 joins the table at seat #5 
konan_sf08: folds 
sc2005: calls $0.10
SzNorbert12: calls $0.10
*** TURN *** [9c Qc 8s] [5h]
kamp804: checks 
sc2005: checks 
SzNorbert12: checks 
*** RIVER *** [9c Qc 8s 5h] [Tc]
kamp804: bets $0.72
sc2005: calls $0.72
SzNorbert12: calls $0.72
*** SHOW DOWN ***
kamp804: shows [Ts Th] (three of a kind, Tens)
sc2005: shows [Jc Ks] (a straight, Nine to King)
SzNorbert12: mucks hand 
sc2005 collected $2.79 from pot
*** SUMMARY ***
Total pot $2.91 | Rake $0.12 
Board [9c Qc 8s 5h Tc]
Seat 1: Andresinho46 (big blind) folded before Flop
Seat 2: Dorex2007 folded before Flop (didn't bet)
Seat 3: aleo43 folded before Flop (didn't bet)
Seat 4: konan_sf08 folded on the Flop
Seat 6: sc2005 showed [Jc Ks] and won ($2.79) with a straight, Nine to King
Seat 7: Mazley17 folded before Flop (didn't bet)
Seat 8: SzNorbert12 (button) mucked [Ac Js]
Seat 9: kamp804 (small blind) showed [Ts Th] and lost with three of a kind, Tens



PokerStars Hand #238627728691:  Hold'em No Limit ($0.02/$0.05 USD) - 2022/09/14 12:42:02 PT [2022/09/14 15:42:02 ET]
Table 'Periphas III' 9-max Seat #9 is the button
Seat 1: Andresinho46 ($5.08 in chips) 
Seat 2: Dorex2007 ($5 in chips) 
Seat 3: aleo43 ($5.89 in chips) 
Seat 4: konan_sf08 ($5.30 in chips) 
Seat 6: sc2005 ($7.28 in chips) 
Seat 7: Mazley17 ($5.64 in chips) 
Seat 8: SzNorbert12 ($5 in chips) 
Seat 9: kamp804 ($1 in chips) 
Andresinho46: posts small blind $0.02
Dorex2007: posts big blind $0.05
cion04: sits out 
*** HOLE CARDS ***
Dealt to Dorex2007 [7c Jd]
aleo43: folds 
konan_sf08: raises $0.10 to $0.15
sc2005: folds 
sc2005 leaves the table
Mazley17: folds 
SzNorbert12: folds 
kamp804: folds 
Andresinho46: folds 
Mikazzi1 joins the table at seat #6 
Dorex2007: folds 
Uncalled bet ($0.10) returned to konan_sf08
konan_sf08 collected $0.12 from pot
konan_sf08: doesn't show hand 
*** SUMMARY ***
Total pot $0.12 | Rake $0 
Seat 1: Andresinho46 (small blind) folded before Flop
Seat 2: Dorex2007 (big blind) folded before Flop
Seat 3: aleo43 folded before Flop (didn't bet)
Seat 4: konan_sf08 collected ($0.12)
Seat 6: sc2005 folded before Flop (didn't bet)
Seat 7: Mazley17 folded before Flop (didn't bet)
Seat 8: SzNorbert12 folded before Flop (didn't bet)
Seat 9: kamp804 (button) folded before Flop (didn't bet)



PokerStars Hand #238627734871:  Hold'em No Limit ($0.02/$0.05 USD) - 2022/09/14 12:42:17 PT [2022/09/14 15:42:17 ET]
Table 'Periphas III' 9-max Seat #1 is the button
Seat 1: Andresinho46 ($5.06 in chips) 
Seat 2: Dorex2007 ($5 in chips) 
Seat 3: aleo43 ($5.89 in chips) 
Seat 4: konan_sf08 ($5.37 in chips) 
Seat 7: Mazley17 ($5.64 in chips) 
Seat 8: SzNorbert12 ($5 in chips) 
Seat 9: kamp804 ($1 in chips) 
Dorex2007: posts small blind $0.02
aleo43: posts big blind $0.05
cion04: sits out 
Mikazzi1: sits out 
*** HOLE CARDS ***
Dealt to Dorex2007 [Kc 3s]
konan_sf08: folds 
Mazley17: folds 
SzNorbert12: folds 
kamp804: folds 
Andresinho46: folds 
Dorex2007: folds 
Uncalled bet ($0.03) returned to aleo43
aleo43 collected $0.04 from pot
*** SUMMARY ***
Total pot $0.04 | Rake $0 
Seat 1: Andresinho46 (button) folded before Flop (didn't bet)
Seat 2: Dorex2007 (small blind) folded before Flop
Seat 3: aleo43 (big blind) collected ($0.04)
Seat 4: konan_sf08 folded before Flop (didn't bet)
Seat 7: Mazley17 folded before Flop (didn't bet)
Seat 8: SzNorbert12 folded before Flop (didn't bet)
Seat 9: kamp804 folded before Flop (didn't bet)



PokerStars Hand #238627740588:  Hold'em No Limit ($0.02/$0.05 USD) - 2022/09/14 12:42:31 PT [2022/09/14 15:42:31 ET]
Table 'Periphas III' 9-max Seat #2 is the button
Seat 1: Andresinho46 ($5.06 in chips) 
Seat 2: Dorex2007 ($5 in chips) 
Seat 3: aleo43 ($5.91 in chips) 
Seat 4: konan_sf08 ($5.37 in chips) 
Seat 7: Mazley17 ($5.64 in chips) 
Seat 8: SzNorbert12 ($5 in chips) 
Seat 9: kamp804 ($1 in chips) 
aleo43: posts small blind $0.02
konan_sf08: posts big blind $0.05
cion04: sits out 
Mikazzi1: sits out 
*** HOLE CARDS ***
Dealt to Dorex2007 [Ah 5d]
Mazley17: folds 
SzNorbert12: folds 
kamp804: folds 
Andresinho46: folds 
Dorex2007: folds 
aleo43: calls $0.03
konan_sf08: raises $0.10 to $0.15
aleo43: folds 
Uncalled bet ($0.10) returned to konan_sf08
konan_sf08 collected $0.10 from pot
konan_sf08: doesn't show hand 
*** SUMMARY ***
Total pot $0.10 | Rake $0 
Seat 1: Andresinho46 folded before Flop (didn't bet)
Seat 2: Dorex2007 (button) folded before Flop (didn't bet)
Seat 3: aleo43 (small blind) folded before Flop
Seat 4: konan_sf08 (big blind) collected ($0.10)
Seat 7: Mazley17 folded before Flop (didn't bet)
Seat 8: SzNorbert12 folded before Flop (didn't bet)
Seat 9: kamp804 folded before Flop (didn't bet)



PokerStars Hand #238627754166:  Hold'em No Limit ($0.02/$0.05 USD) - 2022/09/14 12:43:05 PT [2022/09/14 15:43:05 ET]
Table 'Periphas III' 9-max Seat #3 is the button
Seat 1: Andresinho46 ($5.06 in chips) 
Seat 2: Dorex2007 ($5 in chips) 
Seat 3: aleo43 ($5.86 in chips) 
Seat 4: konan_sf08 ($5.42 in chips) 
Seat 5: cion04 ($2 in chips) 
Seat 7: Mazley17 ($5.64 in chips) 
Seat 8: SzNorbert12 ($5 in chips) 
Seat 9: kamp804 ($1 in chips) 
konan_sf08: posts small blind $0.02
cion04: posts big blind $0.05
Mikazzi1: sits out 
*** HOLE CARDS ***
Dealt to Dorex2007 [2h 8d]
Mazley17: folds 
SzNorbert12: folds 
kamp804: folds 
Andresinho46: folds 
Dorex2007: folds 
aleo43: calls $0.05
konan_sf08: calls $0.03
cion04: checks 
*** FLOP *** [Qs Kh Qd]
konan_sf08: checks 
cion04: checks 
aleo43: bets $0.14
konan_sf08: folds 
cion04: folds 
Uncalled bet ($0.14) returned to aleo43
aleo43 collected $0.14 from pot
*** SUMMARY ***
Total pot $0.15 | Rake $0.01 
Board [Qs Kh Qd]
Seat 1: Andresinho46 folded before Flop (didn't bet)
Seat 2: Dorex2007 folded before Flop (didn't bet)
Seat 3: aleo43 (button) collected ($0.14)
Seat 4: konan_sf08 (small blind) folded on the Flop
Seat 5: cion04 (big blind) folded on the Flop
Seat 7: Mazley17 folded before Flop (didn't bet)
Seat 8: SzNorbert12 folded before Flop (didn't bet)
Seat 9: kamp804 folded before Flop (didn't bet)



PokerStars Hand #238627765893:  Hold'em No Limit ($0.02/$0.05 USD) - 2022/09/14 12:43:34 PT [2022/09/14 15:43:34 ET]
Table 'Periphas III' 9-max Seat #4 is the button
Seat 1: Andresinho46 ($5.06 in chips) 
Seat 2: Dorex2007 ($5 in chips) 
Seat 3: aleo43 ($5.95 in chips) 
Seat 4: konan_sf08 ($5.37 in chips) 
Seat 5: cion04 ($1.95 in chips) 
Seat 6: Mikazzi1 ($3.26 in chips) 
Seat 7: Mazley17 ($5.64 in chips) 
Seat 8: SzNorbert12 ($5 in chips) 
Seat 9: kamp804 ($1 in chips) 
cion04: posts small blind $0.02
Mikazzi1: posts big blind $0.05
*** HOLE CARDS ***
Dealt to Dorex2007 [Ks 6h]
Mazley17: raises $0.10 to $0.15
SzNorbert12: folds 
kamp804: folds 
Andresinho46 has timed out
Andresinho46: folds 
Dorex2007: folds 
aleo43: folds 
aleo43 leaves the table
konan_sf08: folds 
cion04: folds 
Mikazzi1: folds 
Uncalled bet ($0.10) returned to Mazley17
Mazley17 collected $0.12 from pot
Mazley17: doesn't show hand 
*** SUMMARY ***
Total pot $0.12 | Rake $0 
Seat 1: Andresinho46 folded before Flop (didn't bet)
Seat 2: Dorex2007 folded before Flop (didn't bet)
Seat 3: aleo43 folded before Flop (didn't bet)
Seat 4: konan_sf08 (button) folded before Flop (didn't bet)
Seat 5: cion04 (small blind) folded before Flop
Seat 6: Mikazzi1 (big blind) folded before Flop
Seat 7: Mazley17 collected ($0.12)
Seat 8: SzNorbert12 folded before Flop (didn't bet)
Seat 9: kamp804 folded before Flop (didn't bet)



PokerStars Hand #238627788524:  Hold'em No Limit ($0.02/$0.05 USD) - 2022/09/14 12:44:31 PT [2022/09/14 15:44:31 ET]
Table 'Periphas III' 9-max Seat #5 is the button
Seat 2: Dorex2007 ($5 in chips) 
Seat 4: konan_sf08 ($5.37 in chips) 
Seat 5: cion04 ($1.93 in chips) 
Seat 6: Mikazzi1 ($3.21 in chips) 
Seat 7: Mazley17 ($5.71 in chips) 
Seat 8: SzNorbert12 ($5 in chips) 
Seat 9: kamp804 ($1 in chips) 
Mikazzi1: posts small blind $0.02
Mazley17: posts big blind $0.05
*** HOLE CARDS ***
Dealt to Dorex2007 [9d As]
SzNorbert12: raises $0.10 to $0.15
kamp804: folds 
Dorex2007: folds 
konan_sf08: folds 
cion04: folds 
Mikazzi1: folds 
Mazley17: folds 
Uncalled bet ($0.10) returned to SzNorbert12
SzNorbert12 collected $0.12 from pot
SzNorbert12: doesn't show hand 
*** SUMMARY ***
Total pot $0.12 | Rake $0 
Seat 2: Dorex2007 folded before Flop (didn't bet)
Seat 4: konan_sf08 folded before Flop (didn't bet)
Seat 5: cion04 (button) folded before Flop (didn't bet)
Seat 6: Mikazzi1 (small blind) folded before Flop
Seat 7: Mazley17 (big blind) folded before Flop
Seat 8: SzNorbert12 collected ($0.12)
Seat 9: kamp804 folded before Flop (didn't bet)



PokerStars Hand #238627794338:  Hold'em No Limit ($0.02/$0.05 USD) - 2022/09/14 12:44:46 PT [2022/09/14 15:44:46 ET]
Table 'Periphas III' 9-max Seat #6 is the button
Seat 2: Dorex2007 ($5 in chips) 
Seat 4: konan_sf08 ($5.37 in chips) 
Seat 5: cion04 ($1.93 in chips) 
Seat 6: Mikazzi1 ($3.19 in chips) 
Seat 7: Mazley17 ($5.66 in chips) 
Seat 8: SzNorbert12 ($5.07 in chips) 
Seat 9: kamp804 ($1 in chips) 
Mazley17: posts small blind $0.02
SzNorbert12: posts big blind $0.05
*** HOLE CARDS ***
Dealt to Dorex2007 [Th Kh]
kamp804: folds 
Dorex2007: raises $0.05 to $0.10
konan_sf08: calls $0.10
cion04: folds 
Mikazzi1: raises $0.10 to $0.20
Mazley17: folds 
SzNorbert12: folds 
Dorex2007: calls $0.10
konan_sf08: calls $0.10
*** FLOP *** [4d 2d 9c]
Dorex2007: checks 
konan_sf08: bets $0.10
Mikazzi1: calls $0.10
Dorex2007: calls $0.10
*** TURN *** [4d 2d 9c] [Ks]
Dorex2007: checks 
konan_sf08: bets $0.93
Mikazzi1: folds 
Dorex2007: calls $0.93
*** RIVER *** [4d 2d 9c Ks] [5c]
Dorex2007: bets $1.35
konan_sf08: calls $1.35
*** SHOW DOWN ***
Dorex2007: shows [Th Kh] (a pair of Kings)
konan_sf08: shows [2c Kc] (two pair, Kings and Deuces)
konan_sf08 collected $5.30 from pot
*** SUMMARY ***
Total pot $5.53 | Rake $0.23 
Board [4d 2d 9c Ks 5c]
Seat 2: Dorex2007 showed [Th Kh] and lost with a pair of Kings
Seat 4: konan_sf08 showed [2c Kc] and won ($5.30) with two pair, Kings and Deuces
Seat 5: cion04 folded before Flop (didn't bet)
Seat 6: Mikazzi1 (button) folded on the Turn
Seat 7: Mazley17 (small blind) folded before Flop
Seat 8: SzNorbert12 (big blind) folded before Flop
Seat 9: kamp804 folded before Flop (didn't bet)



PokerStars Hand #238627818082:  Hold'em No Limit ($0.02/$0.05 USD) - 2022/09/14 12:45:46 PT [2022/09/14 15:45:46 ET]
Table 'Periphas III' 9-max Seat #7 is the button
Seat 1: Andresinho46 ($5.06 in chips) 
Seat 2: Dorex2007 ($5 in chips) 
Seat 4: konan_sf08 ($8.09 in chips) 
Seat 5: cion04 ($1.93 in chips) 
Seat 6: Mikazzi1 ($2.89 in chips) 
Seat 7: Mazley17 ($5.64 in chips) 
Seat 8: SzNorbert12 ($5.02 in chips) 
Seat 9: kamp804 ($1 in chips) 
SzNorbert12: posts small blind $0.02
kamp804: posts big blind $0.05
*** HOLE CARDS ***
Dealt to Dorex2007 [Jh 7d]
Andresinho46: folds 
ilovemikehawk joins the table at seat #3 
Dorex2007: folds 
konan_sf08: folds 
cion04: raises $0.25 to $0.30
Mikazzi1: folds 
Mazley17: folds 
SzNorbert12: folds 
kamp804: folds 
Uncalled bet ($0.25) returned to cion04
cion04 collected $0.12 from pot
cion04: doesn't show hand 
*** SUMMARY ***
Total pot $0.12 | Rake $0 
Seat 1: Andresinho46 folded before Flop (didn't bet)
Seat 2: Dorex2007 folded before Flop (didn't bet)
Seat 4: konan_sf08 folded before Flop (didn't bet)
Seat 5: cion04 collected ($0.12)
Seat 6: Mikazzi1 folded before Flop (didn't bet)
Seat 7: Mazley17 (button) folded before Flop (didn't bet)
Seat 8: SzNorbert12 (small blind) folded before Flop
Seat 9: kamp804 (big blind) folded before Flop



