PokerStars Hand #237109751041:  Hold'em No Limit ($0.01/$0.02 USD) - 2022/07/01 22:35:30 PT [2022/07/02 1:35:30 ET]
Table 'Nocturna II' 9-max Seat #4 is the button
Seat 1: TFolde ($2.04 in chips) 
Seat 2: JLarco1986 ($1.97 in chips) 
Seat 3: Dorex2007 ($2 in chips) 
Seat 4: leohuck25 ($0.98 in chips) 
Seat 5: mastersg7 ($1.62 in chips) 
Seat 6: docthedoc66 ($2 in chips) 
Seat 9: fregel05 ($1.99 in chips) 
mastersg7: posts small blind $0.01
docthedoc66: posts big blind $0.02
0RB BR0: sits out 
Dorex2007: posts big blind $0.02
*** HOLE CARDS ***
Dealt to Dorex2007 [6c 8s]
fregel05: folds 
TFolde: calls $0.02
JLarco1986: folds 
Dorex2007: checks 
leohuck25: calls $0.02
mastersg7: calls $0.01
docthedoc66: checks 
*** FLOP *** [Ah 9c Ts]
aecatec joins the table at seat #7 
mastersg7: checks 
docthedoc66: checks 
TFolde: checks 
Dorex2007: checks 
leohuck25: checks 
*** TURN *** [Ah 9c Ts] [8h]
mastersg7: checks 
docthedoc66: checks 
TFolde: checks 
Dorex2007: bets $0.05
leohuck25: calls $0.05
mastersg7: folds 
docthedoc66: folds 
TFolde: raises $0.07 to $0.12
Dorex2007: folds 
leohuck25: calls $0.07
*** RIVER *** [Ah 9c Ts 8h] [Kd]
TFolde: bets $0.20
leohuck25: folds 
Uncalled bet ($0.20) returned to TFolde
TFolde collected $0.38 from pot
*** SUMMARY ***
Total pot $0.39 | Rake $0.01 
Board [Ah 9c Ts 8h Kd]
Seat 1: TFolde collected ($0.38)
Seat 2: JLarco1986 folded before Flop (didn't bet)
Seat 3: Dorex2007 folded on the Turn
Seat 4: leohuck25 (button) folded on the River
Seat 5: mastersg7 (small blind) folded on the Turn
Seat 6: docthedoc66 (big blind) folded on the Turn
Seat 9: fregel05 folded before Flop (didn't bet)



PokerStars Hand #237109760078:  Hold'em No Limit ($0.01/$0.02 USD) - 2022/07/01 22:36:43 PT [2022/07/02 1:36:43 ET]
Table 'Nocturna II' 9-max Seat #5 is the button
Seat 1: TFolde ($2.28 in chips) 
Seat 2: JLarco1986 ($1.97 in chips) 
Seat 3: Dorex2007 ($2 in chips) 
Seat 4: leohuck25 ($0.84 in chips) 
Seat 5: mastersg7 ($1.60 in chips) 
Seat 6: docthedoc66 ($2 in chips) 
Seat 7: aecatec ($2 in chips) 
Seat 9: fregel05 ($1.99 in chips) 
docthedoc66: posts small blind $0.01
aecatec: posts big blind $0.02
0RB BR0: sits out 
*** HOLE CARDS ***
Dealt to Dorex2007 [Qs Ac]
fregel05: folds 
TFolde: folds 
JLarco1986: folds 
Dorex2007: raises $0.04 to $0.06
leohuck25: calls $0.06
mastersg7: folds 
docthedoc66: calls $0.05
aecatec: folds 
*** FLOP *** [2h 5c Jc]
docthedoc66: checks 
Dorex2007: checks 
leohuck25: checks 
*** TURN *** [2h 5c Jc] [5h]
docthedoc66: bets $0.09
Dorex2007: folds 
leohuck25: calls $0.09
*** RIVER *** [2h 5c Jc 5h] [Js]
docthedoc66: bets $0.18
leohuck25: folds 
Uncalled bet ($0.18) returned to docthedoc66
docthedoc66 collected $0.37 from pot
*** SUMMARY ***
Total pot $0.38 | Rake $0.01 
Board [2h 5c Jc 5h Js]
Seat 1: TFolde folded before Flop (didn't bet)
Seat 2: JLarco1986 folded before Flop (didn't bet)
Seat 3: Dorex2007 folded on the Turn
Seat 4: leohuck25 folded on the River
Seat 5: mastersg7 (button) folded before Flop (didn't bet)
Seat 6: docthedoc66 (small blind) collected ($0.37)
Seat 7: aecatec (big blind) folded before Flop
Seat 9: fregel05 folded before Flop (didn't bet)



PokerStars Hand #237109766296:  Hold'em No Limit ($0.01/$0.02 USD) - 2022/07/01 22:37:34 PT [2022/07/02 1:37:34 ET]
Table 'Nocturna II' 9-max Seat #6 is the button
Seat 1: TFolde ($2.28 in chips) 
Seat 2: JLarco1986 ($1.97 in chips) 
Seat 3: Dorex2007 ($2 in chips) 
Seat 4: leohuck25 ($0.69 in chips) 
Seat 5: mastersg7 ($1.60 in chips) 
Seat 6: docthedoc66 ($2.22 in chips) 
Seat 7: aecatec ($2 in chips) 
Seat 8: 0RB BR0 ($0.87 in chips) 
Seat 9: fregel05 ($1.99 in chips) 
aecatec: posts small blind $0.01
0RB BR0: posts big blind $0.02
*** HOLE CARDS ***
Dealt to Dorex2007 [4s Ks]
fregel05: folds 
TFolde: folds 
JLarco1986: folds 
Dorex2007: folds 
leohuck25: folds 
mastersg7: raises $0.02 to $0.04
docthedoc66: folds 
aecatec: folds 
0RB BR0: calls $0.02
*** FLOP *** [7h 5s Ad]
0RB BR0: checks 
mastersg7: checks 
*** TURN *** [7h 5s Ad] [Kh]
0RB BR0: bets $0.04
mastersg7: calls $0.04
*** RIVER *** [7h 5s Ad Kh] [8c]
0RB BR0: bets $0.08
mastersg7: raises $0.12 to $0.20
0RB BR0: calls $0.12
*** SHOW DOWN ***
mastersg7: shows [As Ah] (three of a kind, Aces)
0RB BR0: mucks hand 
mastersg7 collected $0.55 from pot
*** SUMMARY ***
Total pot $0.57 | Rake $0.02 
Board [7h 5s Ad Kh 8c]
Seat 1: TFolde folded before Flop (didn't bet)
Seat 2: JLarco1986 folded before Flop (didn't bet)
Seat 3: Dorex2007 folded before Flop (didn't bet)
Seat 4: leohuck25 folded before Flop (didn't bet)
Seat 5: mastersg7 showed [As Ah] and won ($0.55) with three of a kind, Aces
Seat 6: docthedoc66 (button) folded before Flop (didn't bet)
Seat 7: aecatec (small blind) folded before Flop
Seat 8: 0RB BR0 (big blind) mucked [Ac 2d]
Seat 9: fregel05 folded before Flop (didn't bet)



PokerStars Hand #237109783466:  Hold'em No Limit ($0.01/$0.02 USD) - 2022/07/01 22:38:35 PT [2022/07/02 1:38:35 ET]
Table 'Nocturna II' 9-max Seat #7 is the button
Seat 1: TFolde ($2.28 in chips) 
Seat 2: JLarco1986 ($1.97 in chips) 
Seat 3: Dorex2007 ($2 in chips) 
Seat 4: leohuck25 ($0.69 in chips) 
Seat 5: mastersg7 ($1.87 in chips) 
Seat 6: docthedoc66 ($2.22 in chips) 
Seat 7: aecatec ($2 in chips) 
Seat 8: 0RB BR0 ($0.59 in chips) 
Seat 9: fregel05 ($1.99 in chips) 
0RB BR0: posts small blind $0.01
fregel05: posts big blind $0.02
*** HOLE CARDS ***
Dealt to Dorex2007 [5d 9c]
TFolde: folds 
JLarco1986: calls $0.02
Dorex2007: folds 
leohuck25: folds 
mastersg7: folds 
docthedoc66: folds 
aecatec: raises $0.06 to $0.08
0RB BR0: folds 
fregel05: calls $0.06
JLarco1986: folds 
*** FLOP *** [6d Ac Ad]
fregel05: checks 
aecatec: bets $0.14
fregel05: folds 
Uncalled bet ($0.14) returned to aecatec
aecatec collected $0.18 from pot
*** SUMMARY ***
Total pot $0.19 | Rake $0.01 
Board [6d Ac Ad]
Seat 1: TFolde folded before Flop (didn't bet)
Seat 2: JLarco1986 folded before Flop
Seat 3: Dorex2007 folded before Flop (didn't bet)
Seat 4: leohuck25 folded before Flop (didn't bet)
Seat 5: mastersg7 folded before Flop (didn't bet)
Seat 6: docthedoc66 folded before Flop (didn't bet)
Seat 7: aecatec (button) collected ($0.18)
Seat 8: 0RB BR0 (small blind) folded before Flop
Seat 9: fregel05 (big blind) folded on the Flop



PokerStars Hand #237109787420:  Hold'em No Limit ($0.01/$0.02 USD) - 2022/07/01 22:39:06 PT [2022/07/02 1:39:06 ET]
Table 'Nocturna II' 9-max Seat #8 is the button
Seat 1: TFolde ($2.28 in chips) 
Seat 2: JLarco1986 ($1.95 in chips) 
Seat 3: Dorex2007 ($2 in chips) 
Seat 4: leohuck25 ($0.69 in chips) 
Seat 5: mastersg7 ($1.87 in chips) 
Seat 6: docthedoc66 ($2.22 in chips) 
Seat 7: aecatec ($2.10 in chips) 
Seat 8: 0RB BR0 ($0.58 in chips) 
Seat 9: fregel05 ($1.91 in chips) 
fregel05: posts small blind $0.01
TFolde: posts big blind $0.02
*** HOLE CARDS ***
Dealt to Dorex2007 [Ah 8d]
JLarco1986: folds 
Dorex2007: folds 
leohuck25: folds 
mastersg7: folds 
docthedoc66: folds 
aecatec: folds 
0RB BR0: folds 
fregel05: raises $0.04 to $0.06
TFolde: folds 
Uncalled bet ($0.04) returned to fregel05
fregel05 collected $0.04 from pot
*** SUMMARY ***
Total pot $0.04 | Rake $0 
Seat 1: TFolde (big blind) folded before Flop
Seat 2: JLarco1986 folded before Flop (didn't bet)
Seat 3: Dorex2007 folded before Flop (didn't bet)
Seat 4: leohuck25 folded before Flop (didn't bet)
Seat 5: mastersg7 folded before Flop (didn't bet)
Seat 6: docthedoc66 folded before Flop (didn't bet)
Seat 7: aecatec folded before Flop (didn't bet)
Seat 8: 0RB BR0 (button) folded before Flop (didn't bet)
Seat 9: fregel05 (small blind) collected ($0.04)



PokerStars Hand #237109789941:  Hold'em No Limit ($0.01/$0.02 USD) - 2022/07/01 22:39:27 PT [2022/07/02 1:39:27 ET]
Table 'Nocturna II' 9-max Seat #9 is the button
Seat 1: TFolde ($2.26 in chips) 
Seat 2: JLarco1986 ($1.95 in chips) 
Seat 3: Dorex2007 ($2 in chips) 
Seat 4: leohuck25 ($0.69 in chips) 
Seat 5: mastersg7 ($1.87 in chips) 
Seat 6: docthedoc66 ($2.22 in chips) 
Seat 7: aecatec ($2.10 in chips) 
Seat 8: 0RB BR0 ($0.58 in chips) 
Seat 9: fregel05 ($1.93 in chips) 
TFolde: posts small blind $0.01
JLarco1986: posts big blind $0.02
*** HOLE CARDS ***
Dealt to Dorex2007 [7d 5h]
Dorex2007: folds 
leohuck25: folds 
mastersg7: folds 
docthedoc66: folds 
aecatec: folds 
0RB BR0: calls $0.02
fregel05: calls $0.02
TFolde: folds 
JLarco1986: checks 
*** FLOP *** [9d 7h Ah]
JLarco1986: checks 
0RB BR0: checks 
fregel05: checks 
*** TURN *** [9d 7h Ah] [8h]
JLarco1986: checks 
0RB BR0: bets $0.04
fregel05: folds 
JLarco1986: folds 
Uncalled bet ($0.04) returned to 0RB BR0
0RB BR0 collected $0.07 from pot
*** SUMMARY ***
Total pot $0.07 | Rake $0 
Board [9d 7h Ah 8h]
Seat 1: TFolde (small blind) folded before Flop
Seat 2: JLarco1986 (big blind) folded on the Turn
Seat 3: Dorex2007 folded before Flop (didn't bet)
Seat 4: leohuck25 folded before Flop (didn't bet)
Seat 5: mastersg7 folded before Flop (didn't bet)
Seat 6: docthedoc66 folded before Flop (didn't bet)
Seat 7: aecatec folded before Flop (didn't bet)
Seat 8: 0RB BR0 collected ($0.07)
Seat 9: fregel05 (button) folded on the Turn



PokerStars Hand #237109793676:  Hold'em No Limit ($0.01/$0.02 USD) - 2022/07/01 22:39:58 PT [2022/07/02 1:39:58 ET]
Table 'Nocturna II' 9-max Seat #1 is the button
Seat 1: TFolde ($2.25 in chips) 
Seat 2: JLarco1986 ($1.93 in chips) 
Seat 3: Dorex2007 ($2 in chips) 
Seat 4: leohuck25 ($0.69 in chips) 
Seat 5: mastersg7 ($1.87 in chips) 
Seat 6: docthedoc66 ($2.22 in chips) 
Seat 7: aecatec ($2.10 in chips) 
Seat 8: 0RB BR0 ($0.63 in chips) 
Seat 9: fregel05 ($1.91 in chips) 
JLarco1986: posts small blind $0.01
Dorex2007: posts big blind $0.02
*** HOLE CARDS ***
Dealt to Dorex2007 [Ks 7c]
leohuck25: folds 
mastersg7: folds 
docthedoc66: folds 
aecatec: folds 
0RB BR0: folds 
fregel05: folds 
TFolde: folds 
JLarco1986: calls $0.01
Dorex2007: checks 
*** FLOP *** [Jh Qh Ac]
JLarco1986: checks 
Dorex2007: checks 
*** TURN *** [Jh Qh Ac] [5s]
JLarco1986: checks 
Dorex2007: checks 
*** RIVER *** [Jh Qh Ac 5s] [9h]
JLarco1986: checks 
Dorex2007: checks 
*** SHOW DOWN ***
JLarco1986: shows [6h Th] (a flush, Queen high)
Dorex2007: mucks hand 
JLarco1986 collected $0.04 from pot
*** SUMMARY ***
Total pot $0.04 | Rake $0 
Board [Jh Qh Ac 5s 9h]
Seat 1: TFolde (button) folded before Flop (didn't bet)
Seat 2: JLarco1986 (small blind) showed [6h Th] and won ($0.04) with a flush, Queen high
Seat 3: Dorex2007 (big blind) mucked [Ks 7c]
Seat 4: leohuck25 folded before Flop (didn't bet)
Seat 5: mastersg7 folded before Flop (didn't bet)
Seat 6: docthedoc66 folded before Flop (didn't bet)
Seat 7: aecatec folded before Flop (didn't bet)
Seat 8: 0RB BR0 folded before Flop (didn't bet)
Seat 9: fregel05 folded before Flop (didn't bet)



PokerStars Hand #237109798531:  Hold'em No Limit ($0.01/$0.02 USD) - 2022/07/01 22:40:38 PT [2022/07/02 1:40:38 ET]
Table 'Nocturna II' 9-max Seat #2 is the button
Seat 1: TFolde ($2.25 in chips) 
Seat 2: JLarco1986 ($1.95 in chips) 
Seat 3: Dorex2007 ($2 in chips) 
Seat 4: leohuck25 ($0.69 in chips) 
Seat 5: mastersg7 ($1.87 in chips) 
Seat 6: docthedoc66 ($2.22 in chips) 
Seat 7: aecatec ($2.10 in chips) 
Seat 8: 0RB BR0 ($0.63 in chips) 
Seat 9: fregel05 ($1.91 in chips) 
Dorex2007: posts small blind $0.01
leohuck25: posts big blind $0.02
*** HOLE CARDS ***
Dealt to Dorex2007 [Th 6c]
mastersg7: folds 
docthedoc66: folds 
aecatec: folds 
0RB BR0: folds 
fregel05: folds 
TFolde: raises $0.04 to $0.06
JLarco1986: folds 
Dorex2007: folds 
leohuck25: raises $0.10 to $0.16
TFolde: folds 
Uncalled bet ($0.10) returned to leohuck25
leohuck25 collected $0.13 from pot
*** SUMMARY ***
Total pot $0.13 | Rake $0 
Seat 1: TFolde folded before Flop
Seat 2: JLarco1986 (button) folded before Flop (didn't bet)
Seat 3: Dorex2007 (small blind) folded before Flop
Seat 4: leohuck25 (big blind) collected ($0.13)
Seat 5: mastersg7 folded before Flop (didn't bet)
Seat 6: docthedoc66 folded before Flop (didn't bet)
Seat 7: aecatec folded before Flop (didn't bet)
Seat 8: 0RB BR0 folded before Flop (didn't bet)
Seat 9: fregel05 folded before Flop (didn't bet)



PokerStars Hand #237109803277:  Hold'em No Limit ($0.01/$0.02 USD) - 2022/07/01 22:41:18 PT [2022/07/02 1:41:18 ET]
Table 'Nocturna II' 9-max Seat #3 is the button
Seat 1: TFolde ($2.19 in chips) 
Seat 2: JLarco1986 ($1.95 in chips) 
Seat 3: Dorex2007 ($2 in chips) 
Seat 4: leohuck25 ($0.76 in chips) 
Seat 5: mastersg7 ($1.87 in chips) 
Seat 6: docthedoc66 ($2.22 in chips) 
Seat 7: aecatec ($2.10 in chips) 
Seat 8: 0RB BR0 ($0.63 in chips) 
Seat 9: fregel05 ($1.91 in chips) 
leohuck25: posts small blind $0.01
mastersg7: posts big blind $0.02
*** HOLE CARDS ***
Dealt to Dorex2007 [4h 2h]
docthedoc66: folds 
aecatec: folds 
0RB BR0: calls $0.02
fregel05: folds 
TFolde: folds 
JLarco1986: folds 
Dorex2007: folds 
leohuck25: calls $0.01
mastersg7: checks 
*** FLOP *** [8c As Jc]
leohuck25: checks 
mastersg7: bets $0.03
0RB BR0: folds 
leohuck25: folds 
Uncalled bet ($0.03) returned to mastersg7
mastersg7 collected $0.06 from pot
*** SUMMARY ***
Total pot $0.06 | Rake $0 
Board [8c As Jc]
Seat 1: TFolde folded before Flop (didn't bet)
Seat 2: JLarco1986 folded before Flop (didn't bet)
Seat 3: Dorex2007 (button) folded before Flop (didn't bet)
Seat 4: leohuck25 (small blind) folded on the Flop
Seat 5: mastersg7 (big blind) collected ($0.06)
Seat 6: docthedoc66 folded before Flop (didn't bet)
Seat 7: aecatec folded before Flop (didn't bet)
Seat 8: 0RB BR0 folded on the Flop
Seat 9: fregel05 folded before Flop (didn't bet)



PokerStars Hand #237109807338:  Hold'em No Limit ($0.01/$0.02 USD) - 2022/07/01 22:41:52 PT [2022/07/02 1:41:52 ET]
Table 'Nocturna II' 9-max Seat #4 is the button
Seat 1: TFolde ($2.19 in chips) 
Seat 2: JLarco1986 ($1.95 in chips) 
Seat 3: Dorex2007 ($2 in chips) 
Seat 4: leohuck25 ($0.74 in chips) 
Seat 5: mastersg7 ($1.91 in chips) 
Seat 6: docthedoc66 ($2.22 in chips) 
Seat 7: aecatec ($2.10 in chips) 
Seat 8: 0RB BR0 ($0.61 in chips) 
Seat 9: fregel05 ($1.91 in chips) 
mastersg7: posts small blind $0.01
docthedoc66: posts big blind $0.02
*** HOLE CARDS ***
Dealt to Dorex2007 [Td Th]
aecatec: folds 
0RB BR0: folds 
fregel05: folds 
TFolde: folds 
JLarco1986: calls $0.02
Dorex2007: calls $0.02
leohuck25: folds 
mastersg7: calls $0.01
docthedoc66: checks 
*** FLOP *** [3d 8h 5c]
mastersg7: checks 
docthedoc66: checks 
JLarco1986: checks 
Dorex2007: bets $0.08
mastersg7: folds 
docthedoc66: folds 
JLarco1986: folds 
Uncalled bet ($0.08) returned to Dorex2007
Dorex2007 collected $0.08 from pot
*** SUMMARY ***
Total pot $0.08 | Rake $0 
Board [3d 8h 5c]
Seat 1: TFolde folded before Flop (didn't bet)
Seat 2: JLarco1986 folded on the Flop
Seat 3: Dorex2007 collected ($0.08)
Seat 4: leohuck25 (button) folded before Flop (didn't bet)
Seat 5: mastersg7 (small blind) folded on the Flop
Seat 6: docthedoc66 (big blind) folded on the Flop
Seat 7: aecatec folded before Flop (didn't bet)
Seat 8: 0RB BR0 folded before Flop (didn't bet)
Seat 9: fregel05 folded before Flop (didn't bet)



PokerStars Hand #237109812425:  Hold'em No Limit ($0.01/$0.02 USD) - 2022/07/01 22:42:34 PT [2022/07/02 1:42:34 ET]
Table 'Nocturna II' 9-max Seat #5 is the button
Seat 1: TFolde ($2.19 in chips) 
Seat 2: JLarco1986 ($1.93 in chips) 
Seat 3: Dorex2007 ($2.06 in chips) 
Seat 4: leohuck25 ($0.74 in chips) 
Seat 5: mastersg7 ($1.89 in chips) 
Seat 6: docthedoc66 ($2.20 in chips) 
Seat 7: aecatec ($2.10 in chips) 
Seat 8: 0RB BR0 ($0.61 in chips) 
Seat 9: fregel05 ($1.91 in chips) 
docthedoc66: posts small blind $0.01
aecatec: posts big blind $0.02
*** HOLE CARDS ***
Dealt to Dorex2007 [5c Qh]
0RB BR0: folds 
fregel05: folds 
TFolde: folds 
JLarco1986: calls $0.02
Dorex2007: folds 
leohuck25: folds 
mastersg7: folds 
docthedoc66: calls $0.01
aecatec: checks 
*** FLOP *** [7c 8c Th]
docthedoc66: checks 
aecatec: checks 
JLarco1986: checks 
*** TURN *** [7c 8c Th] [5d]
docthedoc66: checks 
aecatec: checks 
JLarco1986: checks 
*** RIVER *** [7c 8c Th 5d] [4c]
docthedoc66: checks 
aecatec: checks 
JLarco1986: bets $0.16
docthedoc66: calls $0.16
aecatec: folds 
*** SHOW DOWN ***
JLarco1986: shows [Kc Qc] (a flush, King high)
docthedoc66: mucks hand 
JLarco1986 collected $0.37 from pot
*** SUMMARY ***
Total pot $0.38 | Rake $0.01 
Board [7c 8c Th 5d 4c]
Seat 1: TFolde folded before Flop (didn't bet)
Seat 2: JLarco1986 showed [Kc Qc] and won ($0.37) with a flush, King high
Seat 3: Dorex2007 folded before Flop (didn't bet)
Seat 4: leohuck25 folded before Flop (didn't bet)
Seat 5: mastersg7 (button) folded before Flop (didn't bet)
Seat 6: docthedoc66 (small blind) mucked [5h 6h]
Seat 7: aecatec (big blind) folded on the River
Seat 8: 0RB BR0 folded before Flop (didn't bet)
Seat 9: fregel05 folded before Flop (didn't bet)



PokerStars Hand #237109819088:  Hold'em No Limit ($0.01/$0.02 USD) - 2022/07/01 22:43:29 PT [2022/07/02 1:43:29 ET]
Table 'Nocturna II' 9-max Seat #6 is the button
Seat 1: TFolde ($2.19 in chips) 
Seat 2: JLarco1986 ($2.12 in chips) 
Seat 3: Dorex2007 ($2.06 in chips) 
Seat 4: leohuck25 ($0.74 in chips) 
Seat 5: mastersg7 ($1.89 in chips) 
Seat 6: docthedoc66 ($2.02 in chips) 
Seat 7: aecatec ($2.08 in chips) 
Seat 8: 0RB BR0 ($0.61 in chips) 
Seat 9: fregel05 ($1.91 in chips) 
aecatec: posts small blind $0.01
0RB BR0: posts big blind $0.02
*** HOLE CARDS ***
Dealt to Dorex2007 [Jh 8h]
fregel05: folds 
TFolde: folds 
JLarco1986: folds 
Dorex2007: folds 
leohuck25: raises $0.02 to $0.04
mastersg7: folds 
docthedoc66: folds 
aecatec: folds 
0RB BR0: folds 
Uncalled bet ($0.02) returned to leohuck25
leohuck25 collected $0.05 from pot
*** SUMMARY ***
Total pot $0.05 | Rake $0 
Seat 1: TFolde folded before Flop (didn't bet)
Seat 2: JLarco1986 folded before Flop (didn't bet)
Seat 3: Dorex2007 folded before Flop (didn't bet)
Seat 4: leohuck25 collected ($0.05)
Seat 5: mastersg7 folded before Flop (didn't bet)
Seat 6: docthedoc66 (button) folded before Flop (didn't bet)
Seat 7: aecatec (small blind) folded before Flop
Seat 8: 0RB BR0 (big blind) folded before Flop
Seat 9: fregel05 folded before Flop (didn't bet)



PokerStars Hand #237109821899:  Hold'em No Limit ($0.01/$0.02 USD) - 2022/07/01 22:43:52 PT [2022/07/02 1:43:52 ET]
Table 'Nocturna II' 9-max Seat #7 is the button
Seat 1: TFolde ($2.19 in chips) 
Seat 2: JLarco1986 ($2.12 in chips) 
Seat 3: Dorex2007 ($2.06 in chips) 
Seat 4: leohuck25 ($0.77 in chips) 
Seat 5: mastersg7 ($1.89 in chips) 
Seat 6: docthedoc66 ($2.02 in chips) 
Seat 7: aecatec ($2.07 in chips) 
Seat 8: 0RB BR0 ($0.59 in chips) 
Seat 9: fregel05 ($1.91 in chips) 
0RB BR0: posts small blind $0.01
fregel05: posts big blind $0.02
*** HOLE CARDS ***
Dealt to Dorex2007 [2h 5s]
TFolde: folds 
JLarco1986: calls $0.02
Dorex2007: folds 
leohuck25: raises $0.02 to $0.04
mastersg7: folds 
docthedoc66: folds 
aecatec: folds 
0RB BR0: calls $0.03
fregel05: folds 
JLarco1986: calls $0.02
*** FLOP *** [6d 7c 5d]
0RB BR0: checks 
JLarco1986: checks 
leohuck25: bets $0.04
0RB BR0: folds 
JLarco1986: calls $0.04
*** TURN *** [6d 7c 5d] [5c]
JLarco1986: checks 
leohuck25: checks 
*** RIVER *** [6d 7c 5d 5c] [Jh]
JLarco1986: checks 
leohuck25: checks 
*** SHOW DOWN ***
JLarco1986: shows [Qd 9d] (a pair of Fives)
leohuck25: shows [Td Kh] (a pair of Fives - King kicker)
leohuck25 collected $0.21 from pot
*** SUMMARY ***
Total pot $0.22 | Rake $0.01 
Board [6d 7c 5d 5c Jh]
Seat 1: TFolde folded before Flop (didn't bet)
Seat 2: JLarco1986 showed [Qd 9d] and lost with a pair of Fives
Seat 3: Dorex2007 folded before Flop (didn't bet)
Seat 4: leohuck25 showed [Td Kh] and won ($0.21) with a pair of Fives
Seat 5: mastersg7 folded before Flop (didn't bet)
Seat 6: docthedoc66 folded before Flop (didn't bet)
Seat 7: aecatec (button) folded before Flop (didn't bet)
Seat 8: 0RB BR0 (small blind) folded on the Flop
Seat 9: fregel05 (big blind) folded before Flop



PokerStars Hand #237109826354:  Hold'em No Limit ($0.01/$0.02 USD) - 2022/07/01 22:44:29 PT [2022/07/02 1:44:29 ET]
Table 'Nocturna II' 9-max Seat #8 is the button
Seat 1: TFolde ($2.19 in chips) 
Seat 2: JLarco1986 ($2.04 in chips) 
Seat 3: Dorex2007 ($2.06 in chips) 
Seat 4: leohuck25 ($0.90 in chips) 
Seat 5: mastersg7 ($1.89 in chips) 
Seat 6: docthedoc66 ($2.02 in chips) 
Seat 7: aecatec ($2.07 in chips) 
Seat 8: 0RB BR0 ($0.55 in chips) 
Seat 9: fregel05 ($1.89 in chips) 
fregel05: posts small blind $0.01
TFolde: posts big blind $0.02
*** HOLE CARDS ***
Dealt to Dorex2007 [6c Qd]
JLarco1986: folds 
Dorex2007: folds 
leohuck25: folds 
mastersg7: folds 
docthedoc66: folds 
aecatec: raises $0.06 to $0.08
0RB BR0: folds 
fregel05: folds 
TFolde: folds 
Uncalled bet ($0.06) returned to aecatec
aecatec collected $0.05 from pot
*** SUMMARY ***
Total pot $0.05 | Rake $0 
Seat 1: TFolde (big blind) folded before Flop
Seat 2: JLarco1986 folded before Flop (didn't bet)
Seat 3: Dorex2007 folded before Flop (didn't bet)
Seat 4: leohuck25 folded before Flop (didn't bet)
Seat 5: mastersg7 folded before Flop (didn't bet)
Seat 6: docthedoc66 folded before Flop (didn't bet)
Seat 7: aecatec collected ($0.05)
Seat 8: 0RB BR0 (button) folded before Flop (didn't bet)
Seat 9: fregel05 (small blind) folded before Flop



PokerStars Hand #237109829009:  Hold'em No Limit ($0.01/$0.02 USD) - 2022/07/01 22:44:51 PT [2022/07/02 1:44:51 ET]
Table 'Nocturna II' 9-max Seat #9 is the button
Seat 1: TFolde ($2.17 in chips) 
Seat 2: JLarco1986 ($2.04 in chips) 
Seat 3: Dorex2007 ($2.06 in chips) 
Seat 4: leohuck25 ($0.90 in chips) 
Seat 5: mastersg7 ($1.89 in chips) 
Seat 6: docthedoc66 ($2.02 in chips) 
Seat 7: aecatec ($2.10 in chips) 
Seat 8: 0RB BR0 ($0.55 in chips) 
Seat 9: fregel05 ($1.88 in chips) 
TFolde: posts small blind $0.01
JLarco1986: posts big blind $0.02
*** HOLE CARDS ***
Dealt to Dorex2007 [7d 6c]
Dorex2007: folds 
leohuck25: raises $0.02 to $0.04
mastersg7: folds 
docthedoc66: folds 
aecatec: folds 
0RB BR0: folds 
fregel05: folds 
TFolde: calls $0.03
JLarco1986: calls $0.02
*** FLOP *** [4d 8h Kd]
TFolde: checks 
JLarco1986: checks 
leohuck25: bets $0.04
TFolde: folds 
JLarco1986: calls $0.04
*** TURN *** [4d 8h Kd] [7h]
JLarco1986: checks 
leohuck25: bets $0.10
JLarco1986: folds 
Uncalled bet ($0.10) returned to leohuck25
leohuck25 collected $0.19 from pot
*** SUMMARY ***
Total pot $0.20 | Rake $0.01 
Board [4d 8h Kd 7h]
Seat 1: TFolde (small blind) folded on the Flop
Seat 2: JLarco1986 (big blind) folded on the Turn
Seat 3: Dorex2007 folded before Flop (didn't bet)
Seat 4: leohuck25 collected ($0.19)
Seat 5: mastersg7 folded before Flop (didn't bet)
Seat 6: docthedoc66 folded before Flop (didn't bet)
Seat 7: aecatec folded before Flop (didn't bet)
Seat 8: 0RB BR0 folded before Flop (didn't bet)
Seat 9: fregel05 (button) folded before Flop (didn't bet)



PokerStars Hand #237109836345:  Hold'em No Limit ($0.01/$0.02 USD) - 2022/07/01 22:45:51 PT [2022/07/02 1:45:51 ET]
Table 'Nocturna II' 9-max Seat #1 is the button
Seat 1: TFolde ($2.13 in chips) 
Seat 3: Dorex2007 ($2.06 in chips) 
Seat 4: leohuck25 ($1.01 in chips) 
Seat 5: mastersg7 ($1.89 in chips) 
Seat 6: docthedoc66 ($2.02 in chips) 
Seat 7: aecatec ($2.10 in chips) 
Seat 8: 0RB BR0 ($0.55 in chips) 
Seat 9: fregel05 ($1.88 in chips) 
Dorex2007: posts small blind $0.01
leohuck25: posts big blind $0.02
*** HOLE CARDS ***
Dealt to Dorex2007 [Ks 3d]
mastersg7: folds 
docthedoc66: folds 
aecatec: folds 
0RB BR0: folds 
fregel05: folds 
TFolde: folds 
Dorex2007: folds 
Uncalled bet ($0.01) returned to leohuck25
leohuck25 collected $0.02 from pot
*** SUMMARY ***
Total pot $0.02 | Rake $0 
Seat 1: TFolde (button) folded before Flop (didn't bet)
Seat 3: Dorex2007 (small blind) folded before Flop
Seat 4: leohuck25 (big blind) collected ($0.02)
Seat 5: mastersg7 folded before Flop (didn't bet)
Seat 6: docthedoc66 folded before Flop (didn't bet)
Seat 7: aecatec folded before Flop (didn't bet)
Seat 8: 0RB BR0 folded before Flop (didn't bet)
Seat 9: fregel05 folded before Flop (didn't bet)



PokerStars Hand #237109838271:  Hold'em No Limit ($0.01/$0.02 USD) - 2022/07/01 22:46:07 PT [2022/07/02 1:46:07 ET]
Table 'Nocturna II' 9-max Seat #3 is the button
Seat 1: TFolde ($2.13 in chips) 
Seat 3: Dorex2007 ($2.05 in chips) 
Seat 4: leohuck25 ($1.02 in chips) 
Seat 5: mastersg7 ($1.89 in chips) 
Seat 6: docthedoc66 ($2.02 in chips) 
Seat 8: 0RB BR0 ($0.55 in chips) 
Seat 9: fregel05 ($1.88 in chips) 
leohuck25: posts small blind $0.01
mastersg7: posts big blind $0.02
*** HOLE CARDS ***
Dealt to Dorex2007 [Jh Tc]
docthedoc66: folds 
0RB BR0: folds 
fregel05: folds 
TFolde: folds 
Dorex2007: calls $0.02
leohuck25: calls $0.01
mastersg7: checks 
*** FLOP *** [2h 5s Js]
leohuck25: bets $0.02
mastersg7: folds 
Dorex2007: calls $0.02
*** TURN *** [2h 5s Js] [7c]
leohuck25: bets $0.02
Dorex2007: calls $0.02
*** RIVER *** [2h 5s Js 7c] [Qs]
leohuck25: bets $0.02
Dorex2007: calls $0.02
*** SHOW DOWN ***
leohuck25: shows [9h Jd] (a pair of Jacks)
Dorex2007: shows [Jh Tc] (a pair of Jacks - Queen+Ten kicker)
Dorex2007 collected $0.17 from pot
*** SUMMARY ***
Total pot $0.18 | Rake $0.01 
Board [2h 5s Js 7c Qs]
Seat 1: TFolde folded before Flop (didn't bet)
Seat 3: Dorex2007 (button) showed [Jh Tc] and won ($0.17) with a pair of Jacks
Seat 4: leohuck25 (small blind) showed [9h Jd] and lost with a pair of Jacks
Seat 5: mastersg7 (big blind) folded on the Flop
Seat 6: docthedoc66 folded before Flop (didn't bet)
Seat 8: 0RB BR0 folded before Flop (didn't bet)
Seat 9: fregel05 folded before Flop (didn't bet)



PokerStars Hand #237109842767:  Hold'em No Limit ($0.01/$0.02 USD) - 2022/07/01 22:46:43 PT [2022/07/02 1:46:43 ET]
Table 'Nocturna II' 9-max Seat #4 is the button
Seat 1: TFolde ($2.13 in chips) 
Seat 3: Dorex2007 ($2.14 in chips) 
Seat 4: leohuck25 ($0.94 in chips) 
Seat 5: mastersg7 ($1.87 in chips) 
Seat 6: docthedoc66 ($2.02 in chips) 
Seat 7: aecatec ($2.10 in chips) 
Seat 8: 0RB BR0 ($0.55 in chips) 
Seat 9: fregel05 ($1.88 in chips) 
mastersg7: posts small blind $0.01
docthedoc66: posts big blind $0.02
*** HOLE CARDS ***
Dealt to Dorex2007 [Qs 5d]
aecatec: folds 
0RB BR0: raises $0.02 to $0.04
fregel05: folds 
TFolde: folds 
Dorex2007: folds 
leohuck25: calls $0.04
mastersg7: folds 
docthedoc66: folds 
*** FLOP *** [As 7d Qd]
0RB BR0: checks 
leohuck25: checks 
*** TURN *** [As 7d Qd] [5h]
0RB BR0: bets $0.02
leohuck25: folds 
Uncalled bet ($0.02) returned to 0RB BR0
0RB BR0 collected $0.11 from pot
*** SUMMARY ***
Total pot $0.11 | Rake $0 
Board [As 7d Qd 5h]
Seat 1: TFolde folded before Flop (didn't bet)
Seat 3: Dorex2007 folded before Flop (didn't bet)
Seat 4: leohuck25 (button) folded on the Turn
Seat 5: mastersg7 (small blind) folded before Flop
Seat 6: docthedoc66 (big blind) folded before Flop
Seat 7: aecatec folded before Flop (didn't bet)
Seat 8: 0RB BR0 collected ($0.11)
Seat 9: fregel05 folded before Flop (didn't bet)



PokerStars Hand #237109846047:  Hold'em No Limit ($0.01/$0.02 USD) - 2022/07/01 22:47:11 PT [2022/07/02 1:47:11 ET]
Table 'Nocturna II' 9-max Seat #5 is the button
Seat 1: TFolde ($2.13 in chips) 
Seat 3: Dorex2007 ($2.14 in chips) 
Seat 4: leohuck25 ($0.90 in chips) 
Seat 5: mastersg7 ($1.86 in chips) 
Seat 6: docthedoc66 ($2 in chips) 
Seat 7: aecatec ($2.10 in chips) 
Seat 8: 0RB BR0 ($0.62 in chips) 
Seat 9: fregel05 ($1.88 in chips) 
docthedoc66: posts small blind $0.01
aecatec: posts big blind $0.02
*** HOLE CARDS ***
Dealt to Dorex2007 [Kc 3h]
0RB BR0: raises $0.02 to $0.04
fregel05: folds 
TFolde: folds 
Dorex2007: folds 
leohuck25: folds 
mastersg7: folds 
docthedoc66: folds 
aecatec: raises $0.04 to $0.08
0RB BR0: calls $0.04
*** FLOP *** [6d 9c Qh]
aecatec: bets $0.12
0RB BR0: folds 
Uncalled bet ($0.12) returned to aecatec
aecatec collected $0.16 from pot
*** SUMMARY ***
Total pot $0.17 | Rake $0.01 
Board [6d 9c Qh]
Seat 1: TFolde folded before Flop (didn't bet)
Seat 3: Dorex2007 folded before Flop (didn't bet)
Seat 4: leohuck25 folded before Flop (didn't bet)
Seat 5: mastersg7 (button) folded before Flop (didn't bet)
Seat 6: docthedoc66 (small blind) folded before Flop
Seat 7: aecatec (big blind) collected ($0.16)
Seat 8: 0RB BR0 folded on the Flop
Seat 9: fregel05 folded before Flop (didn't bet)



PokerStars Hand #237109849343:  Hold'em No Limit ($0.01/$0.02 USD) - 2022/07/01 22:47:38 PT [2022/07/02 1:47:38 ET]
Table 'Nocturna II' 9-max Seat #6 is the button
Seat 1: TFolde ($2.13 in chips) 
Seat 3: Dorex2007 ($2.14 in chips) 
Seat 4: leohuck25 ($0.90 in chips) 
Seat 5: mastersg7 ($1.86 in chips) 
Seat 6: docthedoc66 ($2 in chips) 
Seat 7: aecatec ($2.18 in chips) 
Seat 8: 0RB BR0 ($0.54 in chips) 
Seat 9: fregel05 ($1.88 in chips) 
aecatec: posts small blind $0.01
0RB BR0: posts big blind $0.02
*** HOLE CARDS ***
Dealt to Dorex2007 [2h Ah]
fregel05: folds 
TFolde: calls $0.02
Dorex2007: folds 
leohuck25: folds 
mastersg7: folds 
docthedoc66: folds 
aecatec: calls $0.01
0RB BR0: checks 
*** FLOP *** [5h 6c Qc]
aecatec: checks 
0RB BR0: checks 
TFolde: checks 
*** TURN *** [5h 6c Qc] [Ks]
aecatec: checks 
0RB BR0: checks 
TFolde: checks 
*** RIVER *** [5h 6c Qc Ks] [2s]
aecatec: checks 
0RB BR0: checks 
TFolde: checks 
*** SHOW DOWN ***
aecatec: shows [7c 9c] (high card King)
0RB BR0: shows [9h Ts] (high card King - Queen+Ten kicker)
TFolde: mucks hand 
0RB BR0 collected $0.06 from pot
*** SUMMARY ***
Total pot $0.06 | Rake $0 
Board [5h 6c Qc Ks 2s]
Seat 1: TFolde mucked [8d 7d]
Seat 3: Dorex2007 folded before Flop (didn't bet)
Seat 4: leohuck25 folded before Flop (didn't bet)
Seat 5: mastersg7 folded before Flop (didn't bet)
Seat 6: docthedoc66 (button) folded before Flop (didn't bet)
Seat 7: aecatec (small blind) showed [7c 9c] and lost with high card King
Seat 8: 0RB BR0 (big blind) showed [9h Ts] and won ($0.06) with high card King
Seat 9: fregel05 folded before Flop (didn't bet)



PokerStars Hand #237109855233:  Hold'em No Limit ($0.01/$0.02 USD) - 2022/07/01 22:48:28 PT [2022/07/02 1:48:28 ET]
Table 'Nocturna II' 9-max Seat #7 is the button
Seat 1: TFolde ($2.11 in chips) 
Seat 3: Dorex2007 ($2.14 in chips) 
Seat 4: leohuck25 ($0.90 in chips) 
Seat 5: mastersg7 ($1.86 in chips) 
Seat 6: docthedoc66 ($2 in chips) 
Seat 7: aecatec ($2.16 in chips) 
Seat 8: 0RB BR0 ($0.58 in chips) 
Seat 9: fregel05 ($1.88 in chips) 
0RB BR0: posts small blind $0.01
fregel05: posts big blind $0.02
*** HOLE CARDS ***
Dealt to Dorex2007 [Js 9h]
TFolde: folds 
Dorex2007: folds 
leohuck25: calls $0.02
mastersg7: folds 
docthedoc66: folds 
aecatec: folds 
0RB BR0: calls $0.01
fregel05: checks 
*** FLOP *** [2s 6h Qc]
0RB BR0: checks 
fregel05: checks 
leohuck25: bets $0.02
0RB BR0: calls $0.02
fregel05: folds 
*** TURN *** [2s 6h Qc] [8c]
0RB BR0: bets $0.05
leohuck25: raises $0.05 to $0.10
0RB BR0: calls $0.05
*** RIVER *** [2s 6h Qc 8c] [8d]
0RB BR0: checks 
leohuck25: bets $0.12
0RB BR0: folds 
Uncalled bet ($0.12) returned to leohuck25
leohuck25 collected $0.29 from pot
*** SUMMARY ***
Total pot $0.30 | Rake $0.01 
Board [2s 6h Qc 8c 8d]
Seat 1: TFolde folded before Flop (didn't bet)
Seat 3: Dorex2007 folded before Flop (didn't bet)
Seat 4: leohuck25 collected ($0.29)
Seat 5: mastersg7 folded before Flop (didn't bet)
Seat 6: docthedoc66 folded before Flop (didn't bet)
Seat 7: aecatec (button) folded before Flop (didn't bet)
Seat 8: 0RB BR0 (small blind) folded on the River
Seat 9: fregel05 (big blind) folded on the Flop



PokerStars Hand #237109867147:  Hold'em No Limit ($0.01/$0.02 USD) - 2022/07/01 22:49:30 PT [2022/07/02 1:49:30 ET]
Table 'Nocturna II' 9-max Seat #8 is the button
Seat 1: TFolde ($2.11 in chips) 
Seat 3: Dorex2007 ($2.14 in chips) 
Seat 4: leohuck25 ($1.05 in chips) 
Seat 5: mastersg7 ($1.86 in chips) 
Seat 6: docthedoc66 ($2 in chips) 
Seat 7: aecatec ($2.16 in chips) 
Seat 8: 0RB BR0 ($0.44 in chips) 
Seat 9: fregel05 ($1.86 in chips) 
fregel05: posts small blind $0.01
TFolde: posts big blind $0.02
*** HOLE CARDS ***
Dealt to Dorex2007 [Kc 8s]
Dorex2007: folds 
leohuck25: folds 
mastersg7: raises $0.04 to $0.06
docthedoc66: folds 
aecatec: folds 
0RB BR0: folds 
fregel05: folds 
TFolde: folds 
Uncalled bet ($0.04) returned to mastersg7
mastersg7 collected $0.05 from pot
*** SUMMARY ***
Total pot $0.05 | Rake $0 
Seat 1: TFolde (big blind) folded before Flop
Seat 3: Dorex2007 folded before Flop (didn't bet)
Seat 4: leohuck25 folded before Flop (didn't bet)
Seat 5: mastersg7 collected ($0.05)
Seat 6: docthedoc66 folded before Flop (didn't bet)
Seat 7: aecatec folded before Flop (didn't bet)
Seat 8: 0RB BR0 (button) folded before Flop (didn't bet)
Seat 9: fregel05 (small blind) folded before Flop



PokerStars Hand #237109869512:  Hold'em No Limit ($0.01/$0.02 USD) - 2022/07/01 22:49:50 PT [2022/07/02 1:49:50 ET]
Table 'Nocturna II' 9-max Seat #9 is the button
Seat 1: TFolde ($2.09 in chips) 
Seat 3: Dorex2007 ($2.14 in chips) 
Seat 4: leohuck25 ($1.05 in chips) 
Seat 5: mastersg7 ($1.89 in chips) 
Seat 6: docthedoc66 ($2 in chips) 
Seat 7: aecatec ($2.16 in chips) 
Seat 8: 0RB BR0 ($0.44 in chips) 
Seat 9: fregel05 ($1.85 in chips) 
TFolde: posts small blind $0.01
Dorex2007: posts big blind $0.02
*** HOLE CARDS ***
Dealt to Dorex2007 [Ts 3h]
leohuck25: folds 
mastersg7: raises $0.04 to $0.06
docthedoc66: folds 
aecatec: folds 
0RB BR0: folds 
fregel05: folds 
TFolde: folds 
Dorex2007: folds 
Uncalled bet ($0.04) returned to mastersg7
mastersg7 collected $0.05 from pot
*** SUMMARY ***
Total pot $0.05 | Rake $0 
Seat 1: TFolde (small blind) folded before Flop
Seat 3: Dorex2007 (big blind) folded before Flop
Seat 4: leohuck25 folded before Flop (didn't bet)
Seat 5: mastersg7 collected ($0.05)
Seat 6: docthedoc66 folded before Flop (didn't bet)
Seat 7: aecatec folded before Flop (didn't bet)
Seat 8: 0RB BR0 folded before Flop (didn't bet)
Seat 9: fregel05 (button) folded before Flop (didn't bet)



PokerStars Hand #237109871774:  Hold'em No Limit ($0.01/$0.02 USD) - 2022/07/01 22:50:08 PT [2022/07/02 1:50:08 ET]
Table 'Nocturna II' 9-max Seat #1 is the button
Seat 1: TFolde ($2.08 in chips) 
Seat 3: Dorex2007 ($2.12 in chips) 
Seat 4: leohuck25 ($1.05 in chips) 
Seat 5: mastersg7 ($1.92 in chips) 
Seat 6: docthedoc66 ($2 in chips) 
Seat 7: aecatec ($2.16 in chips) 
Seat 8: 0RB BR0 ($0.44 in chips) 
Seat 9: fregel05 ($1.85 in chips) 
Dorex2007: posts small blind $0.01
leohuck25: posts big blind $0.02
*** HOLE CARDS ***
Dealt to Dorex2007 [3h Js]
mastersg7: folds 
docthedoc66: calls $0.02
aecatec: folds 
0RB BR0: folds 
fregel05: folds 
TFolde: folds 
Dorex2007: folds 
leohuck25: checks 
*** FLOP *** [7d 7c 7h]
leohuck25: checks 
docthedoc66: checks 
*** TURN *** [7d 7c 7h] [As]
leohuck25: checks 
docthedoc66: checks 
*** RIVER *** [7d 7c 7h As] [6s]
leohuck25: checks 
docthedoc66: checks 
*** SHOW DOWN ***
leohuck25: shows [9h 6h] (a full house, Sevens full of Sixes)
docthedoc66: mucks hand 
leohuck25 collected $0.05 from pot
*** SUMMARY ***
Total pot $0.05 | Rake $0 
Board [7d 7c 7h As 6s]
Seat 1: TFolde (button) folded before Flop (didn't bet)
Seat 3: Dorex2007 (small blind) folded before Flop
Seat 4: leohuck25 (big blind) showed [9h 6h] and won ($0.05) with a full house, Sevens full of Sixes
Seat 5: mastersg7 folded before Flop (didn't bet)
Seat 6: docthedoc66 mucked [9c Tc]
Seat 7: aecatec folded before Flop (didn't bet)
Seat 8: 0RB BR0 folded before Flop (didn't bet)
Seat 9: fregel05 folded before Flop (didn't bet)



PokerStars Hand #237109875896:  Hold'em No Limit ($0.01/$0.02 USD) - 2022/07/01 22:50:43 PT [2022/07/02 1:50:43 ET]
Table 'Nocturna II' 9-max Seat #3 is the button
Seat 1: TFolde ($2.08 in chips) 
Seat 3: Dorex2007 ($2.11 in chips) 
Seat 4: leohuck25 ($1.08 in chips) 
Seat 5: mastersg7 ($1.92 in chips) 
Seat 6: docthedoc66 ($2 in chips) 
Seat 7: aecatec ($2.16 in chips) 
Seat 8: 0RB BR0 ($0.44 in chips) 
Seat 9: fregel05 ($1.85 in chips) 
leohuck25: posts small blind $0.01
mastersg7: posts big blind $0.02
*** HOLE CARDS ***
Dealt to Dorex2007 [2c 9h]
docthedoc66: folds 
aecatec: calls $0.02
0RB BR0: folds 
fregel05: folds 
TFolde: folds 
Dorex2007: folds 
leohuck25: calls $0.01
mastersg7: raises $0.04 to $0.06
aecatec: calls $0.04
leohuck25: calls $0.04
*** FLOP *** [5d 2d Qh]
leohuck25: checks 
mastersg7: bets $0.08
aecatec: calls $0.08
leohuck25: calls $0.08
*** TURN *** [5d 2d Qh] [Qd]
leohuck25: checks 
mastersg7: checks 
aecatec: checks 
*** RIVER *** [5d 2d Qh Qd] [2s]
leohuck25: bets $0.02
mastersg7: raises $0.02 to $0.04
aecatec: raises $0.26 to $0.30
leohuck25: raises $0.26 to $0.56
mastersg7: folds 
aecatec: calls $0.26
*** SHOW DOWN ***
leohuck25: shows [9c Qs] (a full house, Queens full of Deuces)
aecatec: mucks hand 
leohuck25 collected $1.52 from pot
*** SUMMARY ***
Total pot $1.58 | Rake $0.06 
Board [5d 2d Qh Qd 2s]
Seat 1: TFolde folded before Flop (didn't bet)
Seat 3: Dorex2007 (button) folded before Flop (didn't bet)
Seat 4: leohuck25 (small blind) showed [9c Qs] and won ($1.52) with a full house, Queens full of Deuces
Seat 5: mastersg7 (big blind) folded on the River
Seat 6: docthedoc66 folded before Flop (didn't bet)
Seat 7: aecatec mucked [6d 7d]
Seat 8: 0RB BR0 folded before Flop (didn't bet)
Seat 9: fregel05 folded before Flop (didn't bet)



PokerStars Hand #237109887659:  Hold'em No Limit ($0.01/$0.02 USD) - 2022/07/01 22:52:20 PT [2022/07/02 1:52:20 ET]
Table 'Nocturna II' 9-max Seat #4 is the button
Seat 1: TFolde ($2.08 in chips) 
Seat 2: JLarco1986 ($1.96 in chips) 
Seat 3: Dorex2007 ($2.11 in chips) 
Seat 4: leohuck25 ($1.90 in chips) 
Seat 5: mastersg7 ($1.74 in chips) 
Seat 6: docthedoc66 ($2 in chips) 
Seat 7: aecatec ($2 in chips) 
Seat 8: 0RB BR0 ($0.44 in chips) 
Seat 9: fregel05 ($1.85 in chips) 
mastersg7: posts small blind $0.01
docthedoc66: posts big blind $0.02
JLarco1986: posts small & big blinds $0.03
*** HOLE CARDS ***
Dealt to Dorex2007 [9h Ts]
aecatec: folds 
0RB BR0: folds 
fregel05: calls $0.02
TFolde: folds 
JLarco1986: checks 
Dorex2007: folds 
leohuck25: folds 
mastersg7: folds 
docthedoc66: checks 
*** FLOP *** [6s Ks Ad]
docthedoc66: checks 
fregel05: checks 
JLarco1986: checks 
*** TURN *** [6s Ks Ad] [9c]
docthedoc66: checks 
fregel05: checks 
JLarco1986: checks 
*** RIVER *** [6s Ks Ad 9c] [Kh]
docthedoc66: checks 
fregel05: checks 
JLarco1986: checks 
*** SHOW DOWN ***
docthedoc66: shows [Qd 4d] (a pair of Kings)
fregel05: shows [8c 8s] (two pair, Kings and Eights)
JLarco1986: mucks hand 
fregel05 collected $0.08 from pot
*** SUMMARY ***
Total pot $0.08 | Rake $0 
Board [6s Ks Ad 9c Kh]
Seat 1: TFolde folded before Flop (didn't bet)
Seat 2: JLarco1986 mucked [Jd 7s]
Seat 3: Dorex2007 folded before Flop (didn't bet)
Seat 4: leohuck25 (button) folded before Flop (didn't bet)
Seat 5: mastersg7 (small blind) folded before Flop
Seat 6: docthedoc66 (big blind) showed [Qd 4d] and lost with a pair of Kings
Seat 7: aecatec folded before Flop (didn't bet)
Seat 8: 0RB BR0 folded before Flop (didn't bet)
Seat 9: fregel05 showed [8c 8s] and won ($0.08) with two pair, Kings and Eights



PokerStars Hand #237109892264:  Hold'em No Limit ($0.01/$0.02 USD) - 2022/07/01 22:52:59 PT [2022/07/02 1:52:59 ET]
Table 'Nocturna II' 9-max Seat #5 is the button
Seat 1: TFolde ($2.08 in chips) 
Seat 2: JLarco1986 ($1.93 in chips) 
Seat 3: Dorex2007 ($2.11 in chips) 
Seat 4: leohuck25 ($1.90 in chips) 
Seat 5: mastersg7 ($1.73 in chips) 
Seat 6: docthedoc66 ($2 in chips) 
Seat 7: aecatec ($2 in chips) 
Seat 8: 0RB BR0 ($0.44 in chips) 
Seat 9: fregel05 ($1.91 in chips) 
docthedoc66: posts small blind $0.01
aecatec: posts big blind $0.02
*** HOLE CARDS ***
Dealt to Dorex2007 [Qh 7c]
0RB BR0: folds 
fregel05: raises $0.04 to $0.06
TFolde: folds 
JLarco1986: folds 
Dorex2007: folds 
leohuck25: folds 
mastersg7: folds 
docthedoc66: folds 
aecatec: folds 
Uncalled bet ($0.04) returned to fregel05
fregel05 collected $0.05 from pot
*** SUMMARY ***
Total pot $0.05 | Rake $0 
Seat 1: TFolde folded before Flop (didn't bet)
Seat 2: JLarco1986 folded before Flop (didn't bet)
Seat 3: Dorex2007 folded before Flop (didn't bet)
Seat 4: leohuck25 folded before Flop (didn't bet)
Seat 5: mastersg7 (button) folded before Flop (didn't bet)
Seat 6: docthedoc66 (small blind) folded before Flop
Seat 7: aecatec (big blind) folded before Flop
Seat 8: 0RB BR0 folded before Flop (didn't bet)
Seat 9: fregel05 collected ($0.05)



PokerStars Hand #237109894100:  Hold'em No Limit ($0.01/$0.02 USD) - 2022/07/01 22:53:15 PT [2022/07/02 1:53:15 ET]
Table 'Nocturna II' 9-max Seat #6 is the button
Seat 1: TFolde ($2.08 in chips) 
Seat 2: JLarco1986 ($1.93 in chips) 
Seat 3: Dorex2007 ($2.11 in chips) 
Seat 4: leohuck25 ($1.90 in chips) 
Seat 5: mastersg7 ($1.73 in chips) 
Seat 6: docthedoc66 ($2 in chips) 
Seat 7: aecatec ($2 in chips) 
Seat 8: 0RB BR0 ($0.44 in chips) 
Seat 9: fregel05 ($1.94 in chips) 
aecatec: posts small blind $0.01
0RB BR0: posts big blind $0.02
*** HOLE CARDS ***
Dealt to Dorex2007 [7d 4d]
fregel05: folds 
TFolde: folds 
JLarco1986: calls $0.02
Dorex2007: folds 
leohuck25: folds 
mastersg7: calls $0.02
docthedoc66: folds 
aecatec: folds 
0RB BR0: checks 
*** FLOP *** [Ad Ah Qd]
0RB BR0: checks 
JLarco1986: checks 
mastersg7: checks 
*** TURN *** [Ad Ah Qd] [9h]
0RB BR0: checks 
JLarco1986: checks 
mastersg7: checks 
*** RIVER *** [Ad Ah Qd 9h] [3d]
0RB BR0: checks 
JLarco1986: checks 
mastersg7: checks 
*** SHOW DOWN ***
0RB BR0: shows [Jh 4s] (a pair of Aces)
JLarco1986: mucks hand 
mastersg7: shows [4h 3h] (two pair, Aces and Threes)
mastersg7 collected $0.07 from pot
*** SUMMARY ***
Total pot $0.07 | Rake $0 
Board [Ad Ah Qd 9h 3d]
Seat 1: TFolde folded before Flop (didn't bet)
Seat 2: JLarco1986 mucked [8h 6h]
Seat 3: Dorex2007 folded before Flop (didn't bet)
Seat 4: leohuck25 folded before Flop (didn't bet)
Seat 5: mastersg7 showed [4h 3h] and won ($0.07) with two pair, Aces and Threes
Seat 6: docthedoc66 (button) folded before Flop (didn't bet)
Seat 7: aecatec (small blind) folded before Flop
Seat 8: 0RB BR0 (big blind) showed [Jh 4s] and lost with a pair of Aces
Seat 9: fregel05 folded before Flop (didn't bet)



PokerStars Hand #237109898679:  Hold'em No Limit ($0.01/$0.02 USD) - 2022/07/01 22:53:54 PT [2022/07/02 1:53:54 ET]
Table 'Nocturna II' 9-max Seat #7 is the button
Seat 1: TFolde ($2.08 in chips) 
Seat 2: JLarco1986 ($1.91 in chips) 
Seat 3: Dorex2007 ($2.11 in chips) 
Seat 4: leohuck25 ($1.90 in chips) 
Seat 5: mastersg7 ($1.78 in chips) 
Seat 6: docthedoc66 ($2 in chips) 
Seat 7: aecatec ($2 in chips) 
Seat 8: 0RB BR0 ($0.42 in chips) 
Seat 9: fregel05 ($1.94 in chips) 
0RB BR0: posts small blind $0.01
fregel05: posts big blind $0.02
*** HOLE CARDS ***
Dealt to Dorex2007 [Ts As]
TFolde: folds 
JLarco1986: folds 
Dorex2007: calls $0.02
leohuck25: folds 
mastersg7: raises $0.04 to $0.06
docthedoc66: calls $0.06
aecatec: folds 
0RB BR0: folds 
fregel05: folds 
Dorex2007: calls $0.04
*** FLOP *** [Ac 7d Qc]
Dorex2007: bets $0.13
mastersg7: calls $0.13
docthedoc66: folds 
*** TURN *** [Ac 7d Qc] [3d]
Dorex2007: bets $0.22
mastersg7: folds 
Uncalled bet ($0.22) returned to Dorex2007
Dorex2007 collected $0.45 from pot
*** SUMMARY ***
Total pot $0.47 | Rake $0.02 
Board [Ac 7d Qc 3d]
Seat 1: TFolde folded before Flop (didn't bet)
Seat 2: JLarco1986 folded before Flop (didn't bet)
Seat 3: Dorex2007 collected ($0.45)
Seat 4: leohuck25 folded before Flop (didn't bet)
Seat 5: mastersg7 folded on the Turn
Seat 6: docthedoc66 folded on the Flop
Seat 7: aecatec (button) folded before Flop (didn't bet)
Seat 8: 0RB BR0 (small blind) folded before Flop
Seat 9: fregel05 (big blind) folded before Flop



PokerStars Hand #237109906263:  Hold'em No Limit ($0.01/$0.02 USD) - 2022/07/01 22:54:58 PT [2022/07/02 1:54:58 ET]
Table 'Nocturna II' 9-max Seat #8 is the button
Seat 1: TFolde ($2.08 in chips) 
Seat 2: JLarco1986 ($1.91 in chips) 
Seat 3: Dorex2007 ($2.37 in chips) 
Seat 4: leohuck25 ($1.90 in chips) 
Seat 5: mastersg7 ($1.59 in chips) 
Seat 6: docthedoc66 ($2 in chips) 
Seat 7: aecatec ($2 in chips) 
Seat 8: 0RB BR0 ($0.41 in chips) 
Seat 9: fregel05 ($1.92 in chips) 
fregel05: posts small blind $0.01
TFolde: posts big blind $0.02
*** HOLE CARDS ***
Dealt to Dorex2007 [9c 8c]
JLarco1986: folds 
Dorex2007: folds 
leohuck25: folds 
mastersg7: folds 
docthedoc66: folds 
aecatec: raises $0.06 to $0.08
0RB BR0: raises $0.33 to $0.41 and is all-in
fregel05: folds 
TFolde: folds 
aecatec: calls $0.33
*** FLOP *** [3d 4d Qc]
*** TURN *** [3d 4d Qc] [3s]
*** RIVER *** [3d 4d Qc 3s] [8s]
*** SHOW DOWN ***
aecatec: shows [Kh Ad] (a pair of Threes)
0RB BR0: shows [Kd As] (a pair of Threes)
aecatec collected $0.41 from pot
0RB BR0 collected $0.41 from pot
*** SUMMARY ***
Total pot $0.85 | Rake $0.03 
Board [3d 4d Qc 3s 8s]
Seat 1: TFolde (big blind) folded before Flop
Seat 2: JLarco1986 folded before Flop (didn't bet)
Seat 3: Dorex2007 folded before Flop (didn't bet)
Seat 4: leohuck25 folded before Flop (didn't bet)
Seat 5: mastersg7 folded before Flop (didn't bet)
Seat 6: docthedoc66 folded before Flop (didn't bet)
Seat 7: aecatec showed [Kh Ad] and won ($0.41) with a pair of Threes
Seat 8: 0RB BR0 (button) showed [Kd As] and won ($0.41) with a pair of Threes
Seat 9: fregel05 (small blind) folded before Flop



PokerStars Hand #237109909994:  Hold'em No Limit ($0.01/$0.02 USD) - 2022/07/01 22:55:32 PT [2022/07/02 1:55:32 ET]
Table 'Nocturna II' 9-max Seat #9 is the button
Seat 1: TFolde ($2.06 in chips) 
Seat 2: JLarco1986 ($1.91 in chips) 
Seat 3: Dorex2007 ($2.37 in chips) 
Seat 4: leohuck25 ($1.90 in chips) 
Seat 5: mastersg7 ($1.59 in chips) 
Seat 6: docthedoc66 ($2 in chips) 
Seat 7: aecatec ($2 in chips) 
Seat 8: 0RB BR0 ($0.41 in chips) 
Seat 9: fregel05 ($1.91 in chips) 
TFolde: posts small blind $0.01
JLarco1986: posts big blind $0.02
*** HOLE CARDS ***
Dealt to Dorex2007 [2c 3h]
Dorex2007: folds 
leohuck25: calls $0.02
mastersg7: folds 
docthedoc66: calls $0.02
aecatec: folds 
0RB BR0: folds 
fregel05: folds 
TFolde: folds 
JLarco1986: checks 
*** FLOP *** [9c 7h 8d]
JLarco1986: checks 
leohuck25: checks 
docthedoc66: bets $0.03
JLarco1986: folds 
leohuck25: calls $0.03
*** TURN *** [9c 7h 8d] [Qs]
leohuck25: checks 
docthedoc66: bets $0.06
leohuck25: folds 
Uncalled bet ($0.06) returned to docthedoc66
docthedoc66 collected $0.13 from pot
*** SUMMARY ***
Total pot $0.13 | Rake $0 
Board [9c 7h 8d Qs]
Seat 1: TFolde (small blind) folded before Flop
Seat 2: JLarco1986 (big blind) folded on the Flop
Seat 3: Dorex2007 folded before Flop (didn't bet)
Seat 4: leohuck25 folded on the Turn
Seat 5: mastersg7 folded before Flop (didn't bet)
Seat 6: docthedoc66 collected ($0.13)
Seat 7: aecatec folded before Flop (didn't bet)
Seat 8: 0RB BR0 folded before Flop (didn't bet)
Seat 9: fregel05 (button) folded before Flop (didn't bet)



PokerStars Hand #237109914171:  Hold'em No Limit ($0.01/$0.02 USD) - 2022/07/01 22:56:13 PT [2022/07/02 1:56:13 ET]
Table 'Nocturna II' 9-max Seat #1 is the button
Seat 1: TFolde ($2.05 in chips) 
Seat 2: JLarco1986 ($1.89 in chips) 
Seat 3: Dorex2007 ($2.37 in chips) 
Seat 4: leohuck25 ($1.85 in chips) 
Seat 5: mastersg7 ($1.59 in chips) 
Seat 6: docthedoc66 ($2.08 in chips) 
Seat 7: aecatec ($2 in chips) 
Seat 8: 0RB BR0 ($0.41 in chips) 
Seat 9: fregel05 ($1.91 in chips) 
JLarco1986: posts small blind $0.01
Dorex2007: posts big blind $0.02
*** HOLE CARDS ***
Dealt to Dorex2007 [Kh 5s]
leohuck25: raises $0.02 to $0.04
mastersg7: folds 
docthedoc66: folds 
aecatec: folds 
0RB BR0: folds 
fregel05: folds 
TFolde: folds 
JLarco1986: folds 
Dorex2007: folds 
Uncalled bet ($0.02) returned to leohuck25
leohuck25 collected $0.05 from pot
*** SUMMARY ***
Total pot $0.05 | Rake $0 
Seat 1: TFolde (button) folded before Flop (didn't bet)
Seat 2: JLarco1986 (small blind) folded before Flop
Seat 3: Dorex2007 (big blind) folded before Flop
Seat 4: leohuck25 collected ($0.05)
Seat 5: mastersg7 folded before Flop (didn't bet)
Seat 6: docthedoc66 folded before Flop (didn't bet)
Seat 7: aecatec folded before Flop (didn't bet)
Seat 8: 0RB BR0 folded before Flop (didn't bet)
Seat 9: fregel05 folded before Flop (didn't bet)



PokerStars Hand #237109915952:  Hold'em No Limit ($0.01/$0.02 USD) - 2022/07/01 22:56:30 PT [2022/07/02 1:56:30 ET]
Table 'Nocturna II' 9-max Seat #2 is the button
Seat 1: TFolde ($2.05 in chips) 
Seat 2: JLarco1986 ($1.88 in chips) 
Seat 3: Dorex2007 ($2.35 in chips) 
Seat 4: leohuck25 ($1.88 in chips) 
Seat 5: mastersg7 ($1.59 in chips) 
Seat 6: docthedoc66 ($2.08 in chips) 
Seat 7: aecatec ($2 in chips) 
Seat 8: 0RB BR0 ($0.41 in chips) 
Seat 9: fregel05 ($1.91 in chips) 
Dorex2007: posts small blind $0.01
leohuck25: posts big blind $0.02
*** HOLE CARDS ***
Dealt to Dorex2007 [4c 7s]
mastersg7: folds 
docthedoc66: calls $0.02
aecatec: folds 
0RB BR0: folds 
fregel05: folds 
TFolde: calls $0.02
JLarco1986: calls $0.02
Dorex2007: folds 
leohuck25: checks 
*** FLOP *** [3h Th 5s]
leohuck25: checks 
docthedoc66: checks 
TFolde: checks 
JLarco1986: checks 
*** TURN *** [3h Th 5s] [8h]
leohuck25: checks 
docthedoc66: checks 
TFolde: checks 
JLarco1986: checks 
*** RIVER *** [3h Th 5s 8h] [2c]
leohuck25: checks 
docthedoc66: checks 
TFolde: checks 
JLarco1986: checks 
*** SHOW DOWN ***
leohuck25: shows [8s Js] (a pair of Eights)
docthedoc66: mucks hand 
TFolde: mucks hand 
JLarco1986: mucks hand 
leohuck25 collected $0.09 from pot
*** SUMMARY ***
Total pot $0.09 | Rake $0 
Board [3h Th 5s 8h 2c]
Seat 1: TFolde mucked [Kc Ad]
Seat 2: JLarco1986 (button) mucked [7h As]
Seat 3: Dorex2007 (small blind) folded before Flop
Seat 4: leohuck25 (big blind) showed [8s Js] and won ($0.09) with a pair of Eights
Seat 5: mastersg7 folded before Flop (didn't bet)
Seat 6: docthedoc66 mucked [Kd Jd]
Seat 7: aecatec folded before Flop (didn't bet)
Seat 8: 0RB BR0 folded before Flop (didn't bet)
Seat 9: fregel05 folded before Flop (didn't bet)



PokerStars Hand #237109920909:  Hold'em No Limit ($0.01/$0.02 USD) - 2022/07/01 22:57:18 PT [2022/07/02 1:57:18 ET]
Table 'Nocturna II' 9-max Seat #3 is the button
Seat 1: TFolde ($2.03 in chips) 
Seat 2: JLarco1986 ($1.86 in chips) 
Seat 3: Dorex2007 ($2.34 in chips) 
Seat 4: leohuck25 ($1.95 in chips) 
Seat 5: mastersg7 ($1.59 in chips) 
Seat 6: docthedoc66 ($2.06 in chips) 
Seat 7: aecatec ($2 in chips) 
Seat 8: 0RB BR0 ($0.41 in chips) 
Seat 9: fregel05 ($1.91 in chips) 
leohuck25: posts small blind $0.01
mastersg7: posts big blind $0.02
*** HOLE CARDS ***
Dealt to Dorex2007 [Qd Js]
docthedoc66: folds 
aecatec: folds 
0RB BR0: folds 
fregel05: folds 
TFolde: folds 
JLarco1986: folds 
Dorex2007: calls $0.02
leohuck25: raises $0.02 to $0.04
mastersg7: folds 
Dorex2007: calls $0.02
*** FLOP *** [4c 4s Qh]
leohuck25: checks 
Dorex2007: bets $0.07
leohuck25: folds 
Uncalled bet ($0.07) returned to Dorex2007
Dorex2007 collected $0.10 from pot
*** SUMMARY ***
Total pot $0.10 | Rake $0 
Board [4c 4s Qh]
Seat 1: TFolde folded before Flop (didn't bet)
Seat 2: JLarco1986 folded before Flop (didn't bet)
Seat 3: Dorex2007 (button) collected ($0.10)
Seat 4: leohuck25 (small blind) folded on the Flop
Seat 5: mastersg7 (big blind) folded before Flop
Seat 6: docthedoc66 folded before Flop (didn't bet)
Seat 7: aecatec folded before Flop (didn't bet)
Seat 8: 0RB BR0 folded before Flop (didn't bet)
Seat 9: fregel05 folded before Flop (didn't bet)



PokerStars Hand #237109924432:  Hold'em No Limit ($0.01/$0.02 USD) - 2022/07/01 22:57:51 PT [2022/07/02 1:57:51 ET]
Table 'Nocturna II' 9-max Seat #4 is the button
Seat 1: TFolde ($2.03 in chips) 
Seat 2: JLarco1986 ($1.86 in chips) 
Seat 3: Dorex2007 ($2.40 in chips) 
Seat 4: leohuck25 ($1.91 in chips) 
Seat 5: mastersg7 ($1.57 in chips) 
Seat 6: docthedoc66 ($2.06 in chips) 
Seat 7: aecatec ($2 in chips) 
Seat 8: 0RB BR0 ($0.41 in chips) 
Seat 9: fregel05 ($1.91 in chips) 
mastersg7: posts small blind $0.01
docthedoc66: posts big blind $0.02
*** HOLE CARDS ***
Dealt to Dorex2007 [7s 3c]
aecatec: folds 
0RB BR0: folds 
fregel05: raises $0.04 to $0.06
TFolde: folds 
JLarco1986: folds 
Dorex2007: folds 
leohuck25: folds 
mastersg7: folds 
docthedoc66: folds 
Uncalled bet ($0.04) returned to fregel05
fregel05 collected $0.05 from pot
*** SUMMARY ***
Total pot $0.05 | Rake $0 
Seat 1: TFolde folded before Flop (didn't bet)
Seat 2: JLarco1986 folded before Flop (didn't bet)
Seat 3: Dorex2007 folded before Flop (didn't bet)
Seat 4: leohuck25 (button) folded before Flop (didn't bet)
Seat 5: mastersg7 (small blind) folded before Flop
Seat 6: docthedoc66 (big blind) folded before Flop
Seat 7: aecatec folded before Flop (didn't bet)
Seat 8: 0RB BR0 folded before Flop (didn't bet)
Seat 9: fregel05 collected ($0.05)



PokerStars Hand #237109926035:  Hold'em No Limit ($0.01/$0.02 USD) - 2022/07/01 22:58:07 PT [2022/07/02 1:58:07 ET]
Table 'Nocturna II' 9-max Seat #5 is the button
Seat 1: TFolde ($2.03 in chips) 
Seat 2: JLarco1986 ($1.86 in chips) 
Seat 3: Dorex2007 ($2.40 in chips) 
Seat 4: leohuck25 ($1.91 in chips) 
Seat 5: mastersg7 ($1.56 in chips) 
Seat 6: docthedoc66 ($2.04 in chips) 
Seat 7: aecatec ($2 in chips) 
Seat 8: 0RB BR0 ($0.41 in chips) 
Seat 9: fregel05 ($1.94 in chips) 
docthedoc66: posts small blind $0.01
aecatec: posts big blind $0.02
*** HOLE CARDS ***
Dealt to Dorex2007 [4h 4s]
0RB BR0: raises $0.02 to $0.04
fregel05: folds 
TFolde: folds 
JLarco1986: folds 
Dorex2007: calls $0.04
leohuck25: raises $0.02 to $0.06
mastersg7: folds 
docthedoc66: folds 
aecatec: folds 
0RB BR0: calls $0.02
Dorex2007: calls $0.02
*** FLOP *** [9c 2c Tc]
0RB BR0: checks 
Dorex2007: checks 
leohuck25: bets $0.08
0RB BR0: folds 
Dorex2007: folds 
Uncalled bet ($0.08) returned to leohuck25
leohuck25 collected $0.20 from pot
*** SUMMARY ***
Total pot $0.21 | Rake $0.01 
Board [9c 2c Tc]
Seat 1: TFolde folded before Flop (didn't bet)
Seat 2: JLarco1986 folded before Flop (didn't bet)
Seat 3: Dorex2007 folded on the Flop
Seat 4: leohuck25 collected ($0.20)
Seat 5: mastersg7 (button) folded before Flop (didn't bet)
Seat 6: docthedoc66 (small blind) folded before Flop
Seat 7: aecatec (big blind) folded before Flop
Seat 8: 0RB BR0 folded on the Flop
Seat 9: fregel05 folded before Flop (didn't bet)



PokerStars Hand #237109929582:  Hold'em No Limit ($0.01/$0.02 USD) - 2022/07/01 22:58:40 PT [2022/07/02 1:58:40 ET]
Table 'Nocturna II' 9-max Seat #6 is the button
Seat 1: TFolde ($2.03 in chips) 
Seat 2: JLarco1986 ($1.86 in chips) 
Seat 3: Dorex2007 ($2.34 in chips) 
Seat 4: leohuck25 ($2.05 in chips) 
Seat 5: mastersg7 ($1.56 in chips) 
Seat 6: docthedoc66 ($2.03 in chips) 
Seat 7: aecatec ($2 in chips) 
Seat 8: 0RB BR0 ($0.35 in chips) 
Seat 9: fregel05 ($1.94 in chips) 
aecatec: posts small blind $0.01
0RB BR0: posts big blind $0.02
*** HOLE CARDS ***
Dealt to Dorex2007 [Kd 4h]
fregel05: folds 
TFolde: folds 
JLarco1986: folds 
Dorex2007: folds 
leohuck25: calls $0.02
mastersg7: calls $0.02
docthedoc66: folds 
aecatec: calls $0.01
0RB BR0: raises $0.04 to $0.06
leohuck25: calls $0.04
mastersg7: calls $0.04
aecatec: calls $0.04
*** FLOP *** [Qc 5h 3d]
aecatec: checks 
0RB BR0: checks 
leohuck25: checks 
mastersg7: checks 
*** TURN *** [Qc 5h 3d] [Kc]
aecatec: checks 
0RB BR0: bets $0.09
leohuck25: folds 
mastersg7: folds 
aecatec: folds 
Uncalled bet ($0.09) returned to 0RB BR0
0RB BR0 collected $0.23 from pot
*** SUMMARY ***
Total pot $0.24 | Rake $0.01 
Board [Qc 5h 3d Kc]
Seat 1: TFolde folded before Flop (didn't bet)
Seat 2: JLarco1986 folded before Flop (didn't bet)
Seat 3: Dorex2007 folded before Flop (didn't bet)
Seat 4: leohuck25 folded on the Turn
Seat 5: mastersg7 folded on the Turn
Seat 6: docthedoc66 (button) folded before Flop (didn't bet)
Seat 7: aecatec (small blind) folded on the Turn
Seat 8: 0RB BR0 (big blind) collected ($0.23)
Seat 9: fregel05 folded before Flop (didn't bet)



PokerStars Hand #237109936059:  Hold'em No Limit ($0.01/$0.02 USD) - 2022/07/01 22:59:43 PT [2022/07/02 1:59:43 ET]
Table 'Nocturna II' 9-max Seat #7 is the button
Seat 1: TFolde ($2.03 in chips) 
Seat 2: JLarco1986 ($1.86 in chips) 
Seat 3: Dorex2007 ($2.34 in chips) 
Seat 4: leohuck25 ($1.99 in chips) 
Seat 5: mastersg7 ($1.50 in chips) 
Seat 6: docthedoc66 ($2.03 in chips) 
Seat 7: aecatec ($2 in chips) 
Seat 8: 0RB BR0 ($0.52 in chips) 
Seat 9: fregel05 ($1.94 in chips) 
0RB BR0: posts small blind $0.01
fregel05: posts big blind $0.02
*** HOLE CARDS ***
Dealt to Dorex2007 [7s 6h]
TFolde: folds 
JLarco1986: folds 
Dorex2007: folds 
leohuck25: folds 
mastersg7: folds 
docthedoc66: raises $0.04 to $0.06
aecatec: folds 
0RB BR0: calls $0.05
fregel05: calls $0.04
*** FLOP *** [2d 8d Jd]
0RB BR0: checks 
fregel05: checks 
docthedoc66: bets $0.08
0RB BR0: folds 
fregel05: calls $0.08
*** TURN *** [2d 8d Jd] [Kh]
fregel05: checks 
docthedoc66: checks 
*** RIVER *** [2d 8d Jd Kh] [6d]
fregel05: checks 
docthedoc66: checks 
*** SHOW DOWN ***
fregel05: shows [9s Ts] (high card King)
docthedoc66: shows [Jc As] (a pair of Jacks)
docthedoc66 collected $0.33 from pot
*** SUMMARY ***
Total pot $0.34 | Rake $0.01 
Board [2d 8d Jd Kh 6d]
Seat 1: TFolde folded before Flop (didn't bet)
Seat 2: JLarco1986 folded before Flop (didn't bet)
Seat 3: Dorex2007 folded before Flop (didn't bet)
Seat 4: leohuck25 folded before Flop (didn't bet)
Seat 5: mastersg7 folded before Flop (didn't bet)
Seat 6: docthedoc66 showed [Jc As] and won ($0.33) with a pair of Jacks
Seat 7: aecatec (button) folded before Flop (didn't bet)
Seat 8: 0RB BR0 (small blind) folded on the Flop
Seat 9: fregel05 (big blind) showed [9s Ts] and lost with high card King



PokerStars Hand #237109939906:  Hold'em No Limit ($0.01/$0.02 USD) - 2022/07/01 23:00:20 PT [2022/07/02 2:00:20 ET]
Table 'Nocturna II' 9-max Seat #8 is the button
Seat 1: TFolde ($2.03 in chips) 
Seat 2: JLarco1986 ($1.86 in chips) 
Seat 3: Dorex2007 ($2.34 in chips) 
Seat 4: leohuck25 ($1.99 in chips) 
Seat 5: mastersg7 ($1.50 in chips) 
Seat 6: docthedoc66 ($2.22 in chips) 
Seat 7: aecatec ($2 in chips) 
Seat 8: 0RB BR0 ($0.46 in chips) 
Seat 9: fregel05 ($1.80 in chips) 
fregel05: posts small blind $0.01
TFolde: posts big blind $0.02
*** HOLE CARDS ***
Dealt to Dorex2007 [2d 2h]
JLarco1986: folds 
Dorex2007: folds 
leohuck25: raises $0.02 to $0.04
mastersg7: folds 
docthedoc66: folds 
aecatec: folds 
0RB BR0: folds 
fregel05: folds 
TFolde: calls $0.02
*** FLOP *** [7s Td Th]
TFolde: checks 
leohuck25: checks 
*** TURN *** [7s Td Th] [Tc]
TFolde: checks 
leohuck25: checks 
*** RIVER *** [7s Td Th Tc] [2c]
TFolde: checks 
leohuck25: checks 
*** SHOW DOWN ***
TFolde: shows [8s Ks] (three of a kind, Tens)
leohuck25: mucks hand 
TFolde collected $0.09 from pot
*** SUMMARY ***
Total pot $0.09 | Rake $0 
Board [7s Td Th Tc 2c]
Seat 1: TFolde (big blind) showed [8s Ks] and won ($0.09) with three of a kind, Tens
Seat 2: JLarco1986 folded before Flop (didn't bet)
Seat 3: Dorex2007 folded before Flop (didn't bet)
Seat 4: leohuck25 mucked [Qs Js]
Seat 5: mastersg7 folded before Flop (didn't bet)
Seat 6: docthedoc66 folded before Flop (didn't bet)
Seat 7: aecatec folded before Flop (didn't bet)
Seat 8: 0RB BR0 (button) folded before Flop (didn't bet)
Seat 9: fregel05 (small blind) folded before Flop



PokerStars Hand #237109943684:  Hold'em No Limit ($0.01/$0.02 USD) - 2022/07/01 23:00:54 PT [2022/07/02 2:00:54 ET]
Table 'Nocturna II' 9-max Seat #9 is the button
Seat 1: TFolde ($2.08 in chips) 
Seat 2: JLarco1986 ($1.86 in chips) 
Seat 3: Dorex2007 ($2.34 in chips) 
Seat 4: leohuck25 ($1.95 in chips) 
Seat 5: mastersg7 ($1.50 in chips) 
Seat 6: docthedoc66 ($2.22 in chips) 
Seat 7: aecatec ($2 in chips) 
Seat 8: 0RB BR0 ($0.46 in chips) 
Seat 9: fregel05 ($1.79 in chips) 
TFolde: posts small blind $0.01
JLarco1986: posts big blind $0.02
*** HOLE CARDS ***
Dealt to Dorex2007 [Jd 6s]
Dorex2007: folds 
leohuck25: calls $0.02
mastersg7: folds 
docthedoc66: folds 
aecatec: folds 
0RB BR0: calls $0.02
fregel05: folds 
TFolde: calls $0.01
JLarco1986: checks 
*** FLOP *** [7d 7s Td]
TFolde: checks 
JLarco1986: checks 
leohuck25: bets $0.04
0RB BR0: calls $0.04
TFolde: folds 
JLarco1986: calls $0.04
*** TURN *** [7d 7s Td] [6d]
JLarco1986: checks 
leohuck25: checks 
0RB BR0: checks 
*** RIVER *** [7d 7s Td 6d] [4h]
JLarco1986: bets $0.26
leohuck25: folds 
0RB BR0: folds 
Uncalled bet ($0.26) returned to JLarco1986
JLarco1986 collected $0.19 from pot
*** SUMMARY ***
Total pot $0.20 | Rake $0.01 
Board [7d 7s Td 6d 4h]
Seat 1: TFolde (small blind) folded on the Flop
Seat 2: JLarco1986 (big blind) collected ($0.19)
Seat 3: Dorex2007 folded before Flop (didn't bet)
Seat 4: leohuck25 folded on the River
Seat 5: mastersg7 folded before Flop (didn't bet)
Seat 6: docthedoc66 folded before Flop (didn't bet)
Seat 7: aecatec folded before Flop (didn't bet)
Seat 8: 0RB BR0 folded on the River
Seat 9: fregel05 (button) folded before Flop (didn't bet)



PokerStars Hand #237109948987:  Hold'em No Limit ($0.01/$0.02 USD) - 2022/07/01 23:01:41 PT [2022/07/02 2:01:41 ET]
Table 'Nocturna II' 9-max Seat #1 is the button
Seat 1: TFolde ($2.06 in chips) 
Seat 2: JLarco1986 ($1.99 in chips) 
Seat 3: Dorex2007 ($2.34 in chips) 
Seat 4: leohuck25 ($1.89 in chips) 
Seat 5: mastersg7 ($1.50 in chips) 
Seat 6: docthedoc66 ($2.22 in chips) 
Seat 7: aecatec ($2 in chips) 
Seat 8: 0RB BR0 ($0.40 in chips) 
Seat 9: fregel05 ($1.79 in chips) 
JLarco1986: posts small blind $0.01
Dorex2007: posts big blind $0.02
*** HOLE CARDS ***
Dealt to Dorex2007 [Kh Kc]
leohuck25: calls $0.02
mastersg7: folds 
docthedoc66: folds 
aecatec: folds 
0RB BR0: calls $0.02
fregel05: calls $0.02
TFolde: folds 
JLarco1986: calls $0.01
Dorex2007: raises $0.10 to $0.12
leohuck25: calls $0.10
0RB BR0: folds 
fregel05: calls $0.10
JLarco1986: calls $0.10
*** FLOP *** [5h 8s Td]
JLarco1986: checks 
Dorex2007: bets $2.22 and is all-in
leohuck25: folds 
fregel05: folds 
JLarco1986: folds 
Uncalled bet ($2.22) returned to Dorex2007
Dorex2007 collected $0.48 from pot
*** SUMMARY ***
Total pot $0.50 | Rake $0.02 
Board [5h 8s Td]
Seat 1: TFolde (button) folded before Flop (didn't bet)
Seat 2: JLarco1986 (small blind) folded on the Flop
Seat 3: Dorex2007 (big blind) collected ($0.48)
Seat 4: leohuck25 folded on the Flop
Seat 5: mastersg7 folded before Flop (didn't bet)
Seat 6: docthedoc66 folded before Flop (didn't bet)
Seat 7: aecatec folded before Flop (didn't bet)
Seat 8: 0RB BR0 folded before Flop
Seat 9: fregel05 folded on the Flop



PokerStars Hand #237109953915:  Hold'em No Limit ($0.01/$0.02 USD) - 2022/07/01 23:02:23 PT [2022/07/02 2:02:23 ET]
Table 'Nocturna II' 9-max Seat #2 is the button
Seat 1: TFolde ($2.06 in chips) 
Seat 2: JLarco1986 ($1.87 in chips) 
Seat 3: Dorex2007 ($2.70 in chips) 
Seat 4: leohuck25 ($1.77 in chips) 
Seat 5: mastersg7 ($1.50 in chips) 
Seat 6: docthedoc66 ($2.22 in chips) 
Seat 7: aecatec ($2 in chips) 
Seat 8: 0RB BR0 ($0.38 in chips) 
Seat 9: fregel05 ($1.88 in chips) 
Dorex2007: posts small blind $0.01
leohuck25: posts big blind $0.02
*** HOLE CARDS ***
Dealt to Dorex2007 [8h 6d]
mastersg7: folds 
docthedoc66: folds 
aecatec: raises $0.06 to $0.08
0RB BR0: folds 
fregel05: folds 
TFolde: folds 
JLarco1986: folds 
Dorex2007: folds 
leohuck25: calls $0.06
*** FLOP *** [9h 3s 2c]
leohuck25: checks 
aecatec: bets $0.12
leohuck25: calls $0.12
*** TURN *** [9h 3s 2c] [5h]
leohuck25: checks 
aecatec: bets $0.30
leohuck25: calls $0.30
*** RIVER *** [9h 3s 2c 5h] [7d]
leohuck25: checks 
aecatec: checks 
*** SHOW DOWN ***
leohuck25: shows [Kc 9s] (a pair of Nines)
aecatec: mucks hand 
leohuck25 collected $0.97 from pot
*** SUMMARY ***
Total pot $1.01 | Rake $0.04 
Board [9h 3s 2c 5h 7d]
Seat 1: TFolde folded before Flop (didn't bet)
Seat 2: JLarco1986 (button) folded before Flop (didn't bet)
Seat 3: Dorex2007 (small blind) folded before Flop
Seat 4: leohuck25 (big blind) showed [Kc 9s] and won ($0.97) with a pair of Nines
Seat 5: mastersg7 folded before Flop (didn't bet)
Seat 6: docthedoc66 folded before Flop (didn't bet)
Seat 7: aecatec mucked [4d 4s]
Seat 8: 0RB BR0 folded before Flop (didn't bet)
Seat 9: fregel05 folded before Flop (didn't bet)



PokerStars Hand #237109959375:  Hold'em No Limit ($0.01/$0.02 USD) - 2022/07/01 23:03:10 PT [2022/07/02 2:03:10 ET]
Table 'Nocturna II' 9-max Seat #3 is the button
Seat 1: TFolde ($2.06 in chips) 
Seat 2: JLarco1986 ($1.87 in chips) 
Seat 3: Dorex2007 ($2.69 in chips) 
Seat 4: leohuck25 ($2.24 in chips) 
Seat 5: mastersg7 ($1.50 in chips) 
Seat 6: docthedoc66 ($2.22 in chips) 
Seat 7: aecatec ($2 in chips) 
Seat 8: 0RB BR0 ($0.38 in chips) 
Seat 9: fregel05 ($1.88 in chips) 
leohuck25: posts small blind $0.01
mastersg7: posts big blind $0.02
*** HOLE CARDS ***
Dealt to Dorex2007 [Kd 3d]
docthedoc66: folds 
aecatec: folds 
0RB BR0: folds 
fregel05: folds 
TFolde: calls $0.02
JLarco1986: calls $0.02
Dorex2007: calls $0.02
leohuck25: calls $0.01
mastersg7: checks 
*** FLOP *** [Ks 9s Ac]
leohuck25: checks 
mastersg7: checks 
TFolde: checks 
JLarco1986: checks 
Dorex2007: checks 
*** TURN *** [Ks 9s Ac] [5s]
leohuck25: checks 
mastersg7: bets $0.05
TFolde: folds 
JLarco1986: folds 
Dorex2007: folds 
leohuck25: calls $0.05
*** RIVER *** [Ks 9s Ac 5s] [9h]
leohuck25: checks 
mastersg7: bets $0.09
leohuck25: folds 
Uncalled bet ($0.09) returned to mastersg7
mastersg7 collected $0.19 from pot
*** SUMMARY ***
Total pot $0.20 | Rake $0.01 
Board [Ks 9s Ac 5s 9h]
Seat 1: TFolde folded on the Turn
Seat 2: JLarco1986 folded on the Turn
Seat 3: Dorex2007 (button) folded on the Turn
Seat 4: leohuck25 (small blind) folded on the River
Seat 5: mastersg7 (big blind) collected ($0.19)
Seat 6: docthedoc66 folded before Flop (didn't bet)
Seat 7: aecatec folded before Flop (didn't bet)
Seat 8: 0RB BR0 folded before Flop (didn't bet)
Seat 9: fregel05 folded before Flop (didn't bet)



PokerStars Hand #237109969078:  Hold'em No Limit ($0.01/$0.02 USD) - 2022/07/01 23:04:30 PT [2022/07/02 2:04:30 ET]
Table 'Nocturna II' 9-max Seat #4 is the button
Seat 1: TFolde ($2.04 in chips) 
Seat 2: JLarco1986 ($1.85 in chips) 
Seat 3: Dorex2007 ($2.67 in chips) 
Seat 4: leohuck25 ($2.17 in chips) 
Seat 5: mastersg7 ($1.62 in chips) 
Seat 6: docthedoc66 ($2.22 in chips) 
Seat 7: aecatec ($2 in chips) 
Seat 8: 0RB BR0 ($0.38 in chips) 
Seat 9: fregel05 ($2 in chips) 
mastersg7: posts small blind $0.01
docthedoc66: posts big blind $0.02
*** HOLE CARDS ***
Dealt to Dorex2007 [Kh 3h]
aecatec: folds 
0RB BR0: raises $0.02 to $0.04
fregel05: folds 
TFolde: calls $0.04
JLarco1986: folds 
Dorex2007: folds 
leohuck25: calls $0.04
mastersg7: folds 
docthedoc66: calls $0.02
*** FLOP *** [5s 7d 8s]
docthedoc66: checks 
0RB BR0: checks 
TFolde: checks 
leohuck25: bets $0.06
docthedoc66: folds 
0RB BR0: raises $0.28 to $0.34 and is all-in
TFolde: folds 
leohuck25: calls $0.28
*** TURN *** [5s 7d 8s] [7c]
*** RIVER *** [5s 7d 8s 7c] [Ac]
*** SHOW DOWN ***
0RB BR0: shows [Ks As] (two pair, Aces and Sevens)
leohuck25: shows [8c Jc] (two pair, Eights and Sevens)
0RB BR0 collected $0.82 from pot
*** SUMMARY ***
Total pot $0.85 | Rake $0.03 
Board [5s 7d 8s 7c Ac]
Seat 1: TFolde folded on the Flop
Seat 2: JLarco1986 folded before Flop (didn't bet)
Seat 3: Dorex2007 folded before Flop (didn't bet)
Seat 4: leohuck25 (button) showed [8c Jc] and lost with two pair, Eights and Sevens
Seat 5: mastersg7 (small blind) folded before Flop
Seat 6: docthedoc66 (big blind) folded on the Flop
Seat 7: aecatec folded before Flop (didn't bet)
Seat 8: 0RB BR0 showed [Ks As] and won ($0.82) with two pair, Aces and Sevens
Seat 9: fregel05 folded before Flop (didn't bet)



PokerStars Hand #237109976355:  Hold'em No Limit ($0.01/$0.02 USD) - 2022/07/01 23:05:31 PT [2022/07/02 2:05:31 ET]
Table 'Nocturna II' 9-max Seat #5 is the button
Seat 1: TFolde ($2 in chips) 
Seat 2: JLarco1986 ($1.85 in chips) 
Seat 3: Dorex2007 ($2.67 in chips) 
Seat 4: leohuck25 ($1.79 in chips) 
Seat 5: mastersg7 ($1.61 in chips) 
Seat 6: docthedoc66 ($2.18 in chips) 
Seat 7: aecatec ($2 in chips) 
Seat 8: 0RB BR0 ($0.82 in chips) 
Seat 9: fregel05 ($2 in chips) 
docthedoc66: posts small blind $0.01
aecatec: posts big blind $0.02
*** HOLE CARDS ***
Dealt to Dorex2007 [Js Kd]
0RB BR0: folds 
fregel05: folds 
TFolde: folds 
JLarco1986: folds 
Dorex2007: raises $0.02 to $0.04
leohuck25: folds 
mastersg7: folds 
docthedoc66: calls $0.03
aecatec: calls $0.02
*** FLOP *** [Ad Tc 6c]
docthedoc66: checks 
aecatec: checks 
Dorex2007: checks 
*** TURN *** [Ad Tc 6c] [5h]
docthedoc66: bets $0.06
aecatec: calls $0.06
Dorex2007: folds 
*** RIVER *** [Ad Tc 6c 5h] [Ks]
docthedoc66: checks 
aecatec: checks 
*** SHOW DOWN ***
docthedoc66: shows [Ac 9c] (a pair of Aces)
aecatec: mucks hand 
docthedoc66 collected $0.23 from pot
*** SUMMARY ***
Total pot $0.24 | Rake $0.01 
Board [Ad Tc 6c 5h Ks]
Seat 1: TFolde folded before Flop (didn't bet)
Seat 2: JLarco1986 folded before Flop (didn't bet)
Seat 3: Dorex2007 folded on the Turn
Seat 4: leohuck25 folded before Flop (didn't bet)
Seat 5: mastersg7 (button) folded before Flop (didn't bet)
Seat 6: docthedoc66 (small blind) showed [Ac 9c] and won ($0.23) with a pair of Aces
Seat 7: aecatec (big blind) mucked [8d Ts]
Seat 8: 0RB BR0 folded before Flop (didn't bet)
Seat 9: fregel05 folded before Flop (didn't bet)



PokerStars Hand #237109981867:  Hold'em No Limit ($0.01/$0.02 USD) - 2022/07/01 23:06:18 PT [2022/07/02 2:06:18 ET]
Table 'Nocturna II' 9-max Seat #6 is the button
Seat 1: TFolde ($2 in chips) 
Seat 2: JLarco1986 ($1.85 in chips) 
Seat 3: Dorex2007 ($2.63 in chips) 
Seat 4: leohuck25 ($1.79 in chips) 
Seat 5: mastersg7 ($1.61 in chips) 
Seat 6: docthedoc66 ($2.31 in chips) 
Seat 7: aecatec ($2 in chips) 
Seat 8: 0RB BR0 ($0.82 in chips) 
Seat 9: fregel05 ($2 in chips) 
aecatec: posts small blind $0.01
0RB BR0: posts big blind $0.02
*** HOLE CARDS ***
Dealt to Dorex2007 [5c 2h]
fregel05: folds 
TFolde: folds 
JLarco1986: folds 
Dorex2007: folds 
leohuck25: folds 
mastersg7: folds 
docthedoc66: raises $0.04 to $0.06
aecatec: folds 
0RB BR0: folds 
Uncalled bet ($0.04) returned to docthedoc66
docthedoc66 collected $0.05 from pot
*** SUMMARY ***
Total pot $0.05 | Rake $0 
Seat 1: TFolde folded before Flop (didn't bet)
Seat 2: JLarco1986 folded before Flop (didn't bet)
Seat 3: Dorex2007 folded before Flop (didn't bet)
Seat 4: leohuck25 folded before Flop (didn't bet)
Seat 5: mastersg7 folded before Flop (didn't bet)
Seat 6: docthedoc66 (button) collected ($0.05)
Seat 7: aecatec (small blind) folded before Flop
Seat 8: 0RB BR0 (big blind) folded before Flop
Seat 9: fregel05 folded before Flop (didn't bet)



PokerStars Hand #237109985367:  Hold'em No Limit ($0.01/$0.02 USD) - 2022/07/01 23:06:48 PT [2022/07/02 2:06:48 ET]
Table 'Nocturna II' 9-max Seat #7 is the button
Seat 1: TFolde ($2 in chips) 
Seat 2: JLarco1986 ($1.85 in chips) 
Seat 3: Dorex2007 ($2.63 in chips) 
Seat 4: leohuck25 ($1.79 in chips) 
Seat 5: mastersg7 ($1.61 in chips) 
Seat 6: docthedoc66 ($2.34 in chips) 
Seat 7: aecatec ($2 in chips) 
Seat 8: 0RB BR0 ($0.80 in chips) 
Seat 9: fregel05 ($2 in chips) 
0RB BR0: posts small blind $0.01
fregel05: posts big blind $0.02
*** HOLE CARDS ***
Dealt to Dorex2007 [Qh Jh]
TFolde: folds 
JLarco1986: folds 
Dorex2007: calls $0.02
leohuck25: folds 
mastersg7: folds 
docthedoc66: calls $0.02
aecatec: folds 
0RB BR0: calls $0.01
fregel05: checks 
*** FLOP *** [Ts Qd 5c]
0RB BR0: checks 
fregel05: checks 
Dorex2007: bets $0.05
docthedoc66: folds 
0RB BR0: folds 
fregel05: folds 
Uncalled bet ($0.05) returned to Dorex2007
Dorex2007 collected $0.08 from pot
*** SUMMARY ***
Total pot $0.08 | Rake $0 
Board [Ts Qd 5c]
Seat 1: TFolde folded before Flop (didn't bet)
Seat 2: JLarco1986 folded before Flop (didn't bet)
Seat 3: Dorex2007 collected ($0.08)
Seat 4: leohuck25 folded before Flop (didn't bet)
Seat 5: mastersg7 folded before Flop (didn't bet)
Seat 6: docthedoc66 folded on the Flop
Seat 7: aecatec (button) folded before Flop (didn't bet)
Seat 8: 0RB BR0 (small blind) folded on the Flop
Seat 9: fregel05 (big blind) folded on the Flop



PokerStars Hand #237109989784:  Hold'em No Limit ($0.01/$0.02 USD) - 2022/07/01 23:07:26 PT [2022/07/02 2:07:26 ET]
Table 'Nocturna II' 9-max Seat #8 is the button
Seat 1: TFolde ($2 in chips) 
Seat 2: JLarco1986 ($1.85 in chips) 
Seat 3: Dorex2007 ($2.69 in chips) 
Seat 4: leohuck25 ($1.79 in chips) 
Seat 5: mastersg7 ($1.61 in chips) 
Seat 6: docthedoc66 ($2.32 in chips) 
Seat 7: aecatec ($2 in chips) 
Seat 8: 0RB BR0 ($0.78 in chips) 
Seat 9: fregel05 ($1.98 in chips) 
fregel05: posts small blind $0.01
TFolde: posts big blind $0.02
*** HOLE CARDS ***
Dealt to Dorex2007 [2h 6c]
JLarco1986 has timed out
JLarco1986: folds 
Dorex2007: folds 
leohuck25: calls $0.02
mastersg7: folds 
docthedoc66: folds 
aecatec: folds 
0RB BR0: calls $0.02
fregel05: folds 
TFolde: checks 
*** FLOP *** [6h Js Qd]
TFolde: checks 
leohuck25: checks 
0RB BR0: checks 
*** TURN *** [6h Js Qd] [8c]
TFolde: checks 
leohuck25: checks 
0RB BR0: bets $0.02
TFolde: calls $0.02
leohuck25: calls $0.02
*** RIVER *** [6h Js Qd 8c] [4c]
TFolde: bets $0.06
leohuck25: folds 
0RB BR0: folds 
Uncalled bet ($0.06) returned to TFolde
TFolde collected $0.13 from pot
*** SUMMARY ***
Total pot $0.13 | Rake $0 
Board [6h Js Qd 8c 4c]
Seat 1: TFolde (big blind) collected ($0.13)
Seat 2: JLarco1986 folded before Flop (didn't bet)
Seat 3: Dorex2007 folded before Flop (didn't bet)
Seat 4: leohuck25 folded on the River
Seat 5: mastersg7 folded before Flop (didn't bet)
Seat 6: docthedoc66 folded before Flop (didn't bet)
Seat 7: aecatec folded before Flop (didn't bet)
Seat 8: 0RB BR0 (button) folded on the River
Seat 9: fregel05 (small blind) folded before Flop



PokerStars Hand #237109996872:  Hold'em No Limit ($0.01/$0.02 USD) - 2022/07/01 23:08:27 PT [2022/07/02 2:08:27 ET]
Table 'Nocturna II' 9-max Seat #9 is the button
Seat 1: TFolde ($2.09 in chips) 
Seat 3: Dorex2007 ($2.69 in chips) 
Seat 4: leohuck25 ($1.75 in chips) 
Seat 5: mastersg7 ($1.61 in chips) 
Seat 6: docthedoc66 ($2.32 in chips) 
Seat 7: aecatec ($2 in chips) 
Seat 8: 0RB BR0 ($0.74 in chips) 
Seat 9: fregel05 ($1.97 in chips) 
TFolde: posts small blind $0.01
Dorex2007: posts big blind $0.02
*** HOLE CARDS ***
Dealt to Dorex2007 [7d 6s]
leohuck25: raises $0.02 to $0.04
mastersg7: folds 
docthedoc66: folds 
aecatec: folds 
0RB BR0: folds 
fregel05: calls $0.04
TFolde: folds 
Dorex2007: folds 
*** FLOP *** [7c 8h Jd]
leohuck25: bets $0.02
fregel05: calls $0.02
*** TURN *** [7c 8h Jd] [Jc]
leohuck25: checks 
fregel05: bets $0.14
leohuck25: folds 
Uncalled bet ($0.14) returned to fregel05
fregel05 collected $0.14 from pot
*** SUMMARY ***
Total pot $0.15 | Rake $0.01 
Board [7c 8h Jd Jc]
Seat 1: TFolde (small blind) folded before Flop
Seat 3: Dorex2007 (big blind) folded before Flop
Seat 4: leohuck25 folded on the Turn
Seat 5: mastersg7 folded before Flop (didn't bet)
Seat 6: docthedoc66 folded before Flop (didn't bet)
Seat 7: aecatec folded before Flop (didn't bet)
Seat 8: 0RB BR0 folded before Flop (didn't bet)
Seat 9: fregel05 (button) collected ($0.14)



PokerStars Hand #237110003200:  Hold'em No Limit ($0.01/$0.02 USD) - 2022/07/01 23:09:22 PT [2022/07/02 2:09:22 ET]
Table 'Nocturna II' 9-max Seat #1 is the button
Seat 1: TFolde ($2.08 in chips) 
Seat 3: Dorex2007 ($2.67 in chips) 
Seat 4: leohuck25 ($1.69 in chips) 
Seat 5: mastersg7 ($1.61 in chips) 
Seat 6: docthedoc66 ($2.32 in chips) 
Seat 7: aecatec ($2 in chips) 
Seat 8: 0RB BR0 ($0.74 in chips) 
Seat 9: fregel05 ($2.05 in chips) 
Dorex2007: posts small blind $0.01
leohuck25: posts big blind $0.02
*** HOLE CARDS ***
Dealt to Dorex2007 [6s 8h]
mastersg7: folds 
docthedoc66: folds 
aecatec: folds 
0RB BR0: folds 
fregel05: folds 
TFolde: folds 
Dorex2007: folds 
Uncalled bet ($0.01) returned to leohuck25
leohuck25 collected $0.02 from pot
*** SUMMARY ***
Total pot $0.02 | Rake $0 
Seat 1: TFolde (button) folded before Flop (didn't bet)
Seat 3: Dorex2007 (small blind) folded before Flop
Seat 4: leohuck25 (big blind) collected ($0.02)
Seat 5: mastersg7 folded before Flop (didn't bet)
Seat 6: docthedoc66 folded before Flop (didn't bet)
Seat 7: aecatec folded before Flop (didn't bet)
Seat 8: 0RB BR0 folded before Flop (didn't bet)
Seat 9: fregel05 folded before Flop (didn't bet)



PokerStars Hand #237110004865:  Hold'em No Limit ($0.01/$0.02 USD) - 2022/07/01 23:09:36 PT [2022/07/02 2:09:36 ET]
Table 'Nocturna II' 9-max Seat #3 is the button
Seat 1: TFolde ($2.08 in chips) 
Seat 3: Dorex2007 ($2.66 in chips) 
Seat 4: leohuck25 ($1.70 in chips) 
Seat 5: mastersg7 ($1.61 in chips) 
Seat 6: docthedoc66 ($2.32 in chips) 
Seat 7: aecatec ($2 in chips) 
Seat 8: 0RB BR0 ($0.74 in chips) 
Seat 9: fregel05 ($2.05 in chips) 
leohuck25: posts small blind $0.01
mastersg7: posts big blind $0.02
*** HOLE CARDS ***
Dealt to Dorex2007 [8d Tc]
docthedoc66: calls $0.02
aecatec: folds 
0RB BR0: folds 
fregel05: folds 
TFolde: folds 
Dorex2007: folds 
leohuck25: calls $0.01
mastersg7: checks 
*** FLOP *** [7c 7s Qs]
leohuck25: checks 
mastersg7: checks 
docthedoc66: checks 
*** TURN *** [7c 7s Qs] [6d]
leohuck25: checks 
mastersg7: bets $0.03
docthedoc66: folds 
leohuck25: calls $0.03
*** RIVER *** [7c 7s Qs 6d] [Qc]
leohuck25: checks 
mastersg7: bets $0.06
leohuck25: calls $0.06
*** SHOW DOWN ***
mastersg7: shows [3d 5h] (two pair, Queens and Sevens)
leohuck25: shows [9s 5c] (two pair, Queens and Sevens - Nine kicker)
leohuck25 collected $0.23 from pot
*** SUMMARY ***
Total pot $0.24 | Rake $0.01 
Board [7c 7s Qs 6d Qc]
Seat 1: TFolde folded before Flop (didn't bet)
Seat 3: Dorex2007 (button) folded before Flop (didn't bet)
Seat 4: leohuck25 (small blind) showed [9s 5c] and won ($0.23) with two pair, Queens and Sevens
Seat 5: mastersg7 (big blind) showed [3d 5h] and lost with two pair, Queens and Sevens
Seat 6: docthedoc66 folded on the Turn
Seat 7: aecatec folded before Flop (didn't bet)
Seat 8: 0RB BR0 folded before Flop (didn't bet)
Seat 9: fregel05 folded before Flop (didn't bet)



PokerStars Hand #237110011207:  Hold'em No Limit ($0.01/$0.02 USD) - 2022/07/01 23:10:32 PT [2022/07/02 2:10:32 ET]
Table 'Nocturna II' 9-max Seat #4 is the button
Seat 1: TFolde ($2.08 in chips) 
Seat 3: Dorex2007 ($2.66 in chips) 
Seat 4: leohuck25 ($1.82 in chips) 
Seat 5: mastersg7 ($1.50 in chips) 
Seat 6: docthedoc66 ($2.30 in chips) 
Seat 7: aecatec ($2 in chips) 
Seat 8: 0RB BR0 ($0.74 in chips) 
Seat 9: fregel05 ($2.05 in chips) 
mastersg7: posts small blind $0.01
docthedoc66: posts big blind $0.02
*** HOLE CARDS ***
Dealt to Dorex2007 [5h Qh]
aecatec: folds 
0RB BR0: folds 
fregel05: raises $0.04 to $0.06
TFolde: folds 
Dorex2007: folds 
leohuck25: calls $0.06
mastersg7: folds 
docthedoc66: folds 
*** FLOP *** [Td 3d 7d]
fregel05: checks 
leohuck25: checks 
*** TURN *** [Td 3d 7d] [Tc]
fregel05: bets $0.08
leohuck25: calls $0.08
*** RIVER *** [Td 3d 7d Tc] [8s]
fregel05: checks 
leohuck25: bets $0.06
fregel05: calls $0.06
*** SHOW DOWN ***
leohuck25: shows [Jc 9h] (a straight, Seven to Jack)
fregel05: mucks hand 
leohuck25 collected $0.41 from pot
*** SUMMARY ***
Total pot $0.43 | Rake $0.02 
Board [Td 3d 7d Tc 8s]
Seat 1: TFolde folded before Flop (didn't bet)
Seat 3: Dorex2007 folded before Flop (didn't bet)
Seat 4: leohuck25 (button) showed [Jc 9h] and won ($0.41) with a straight, Seven to Jack
Seat 5: mastersg7 (small blind) folded before Flop
Seat 6: docthedoc66 (big blind) folded before Flop
Seat 7: aecatec folded before Flop (didn't bet)
Seat 8: 0RB BR0 folded before Flop (didn't bet)
Seat 9: fregel05 mucked [Ah Kc]



PokerStars Hand #237110016253:  Hold'em No Limit ($0.01/$0.02 USD) - 2022/07/01 23:11:15 PT [2022/07/02 2:11:15 ET]
Table 'Nocturna II' 9-max Seat #5 is the button
Seat 1: TFolde ($2.08 in chips) 
Seat 2: JLarco1986 ($1.85 in chips) 
Seat 3: Dorex2007 ($2.66 in chips) 
Seat 4: leohuck25 ($2.03 in chips) 
Seat 5: mastersg7 ($1.49 in chips) 
Seat 6: docthedoc66 ($2.28 in chips) 
Seat 7: aecatec ($2 in chips) 
Seat 8: 0RB BR0 ($0.74 in chips) 
Seat 9: fregel05 ($1.85 in chips) 
docthedoc66: posts small blind $0.01
aecatec: posts big blind $0.02
JLarco1986: posts small & big blinds $0.03
*** HOLE CARDS ***
Dealt to Dorex2007 [8s Kc]
0RB BR0: calls $0.02
fregel05: folds 
TFolde: folds 
JLarco1986: checks 
Dorex2007: folds 
leohuck25: calls $0.02
mastersg7: folds 
docthedoc66: calls $0.01
aecatec: checks 
*** FLOP *** [2s 4c Kd]
docthedoc66: checks 
aecatec: checks 
0RB BR0: checks 
JLarco1986: checks 
leohuck25: checks 
*** TURN *** [2s 4c Kd] [8c]
docthedoc66: checks 
aecatec: checks 
0RB BR0: checks 
JLarco1986: checks 
leohuck25: checks 
*** RIVER *** [2s 4c Kd 8c] [Tc]
docthedoc66: checks 
aecatec: checks 
0RB BR0: checks 
JLarco1986: checks 
leohuck25: checks 
*** SHOW DOWN ***
docthedoc66: shows [Qh Jd] (high card King)
aecatec: shows [5d 2c] (a pair of Deuces)
0RB BR0: shows [Ts 7c] (a pair of Tens)
JLarco1986: mucks hand 
leohuck25: mucks hand 
0RB BR0 collected $0.11 from pot
*** SUMMARY ***
Total pot $0.11 | Rake $0 
Board [2s 4c Kd 8c Tc]
Seat 1: TFolde folded before Flop (didn't bet)
Seat 2: JLarco1986 mucked [Ac 3d]
Seat 3: Dorex2007 folded before Flop (didn't bet)
Seat 4: leohuck25 mucked [Js 9h]
Seat 5: mastersg7 (button) folded before Flop (didn't bet)
Seat 6: docthedoc66 (small blind) showed [Qh Jd] and lost with high card King
Seat 7: aecatec (big blind) showed [5d 2c] and lost with a pair of Deuces
Seat 8: 0RB BR0 showed [Ts 7c] and won ($0.11) with a pair of Tens
Seat 9: fregel05 folded before Flop (didn't bet)



PokerStars Hand #237110023725:  Hold'em No Limit ($0.01/$0.02 USD) - 2022/07/01 23:12:21 PT [2022/07/02 2:12:21 ET]
Table 'Nocturna II' 9-max Seat #6 is the button
Seat 1: TFolde ($2.08 in chips) 
Seat 2: JLarco1986 ($1.82 in chips) 
Seat 3: Dorex2007 ($2.66 in chips) 
Seat 4: leohuck25 ($2.01 in chips) 
Seat 5: mastersg7 ($1.49 in chips) 
Seat 6: docthedoc66 ($2.26 in chips) 
Seat 7: aecatec ($2 in chips) 
Seat 8: 0RB BR0 ($0.83 in chips) 
Seat 9: fregel05 ($1.85 in chips) 
aecatec: posts small blind $0.01
0RB BR0: posts big blind $0.02
*** HOLE CARDS ***
Dealt to Dorex2007 [6d 5c]
fregel05: folds 
TFolde: folds 
JLarco1986: folds 
Dorex2007: folds 
leohuck25: calls $0.02
mastersg7: folds 
docthedoc66: raises $0.06 to $0.08
aecatec: folds 
0RB BR0: folds 
leohuck25: calls $0.06
*** FLOP *** [Js Th 4s]
leohuck25: checks 
docthedoc66: checks 
*** TURN *** [Js Th 4s] [8c]
leohuck25: checks 
docthedoc66: checks 
*** RIVER *** [Js Th 4s 8c] [8h]
leohuck25: checks 
docthedoc66: checks 
*** SHOW DOWN ***
leohuck25: shows [9d Tc] (two pair, Tens and Eights)
docthedoc66: mucks hand 
leohuck25 collected $0.18 from pot
*** SUMMARY ***
Total pot $0.19 | Rake $0.01 
Board [Js Th 4s 8c 8h]
Seat 1: TFolde folded before Flop (didn't bet)
Seat 2: JLarco1986 folded before Flop (didn't bet)
Seat 3: Dorex2007 folded before Flop (didn't bet)
Seat 4: leohuck25 showed [9d Tc] and won ($0.18) with two pair, Tens and Eights
Seat 5: mastersg7 folded before Flop (didn't bet)
Seat 6: docthedoc66 (button) mucked [As Kc]
Seat 7: aecatec (small blind) folded before Flop
Seat 8: 0RB BR0 (big blind) folded before Flop
Seat 9: fregel05 folded before Flop (didn't bet)



PokerStars Hand #237110029426:  Hold'em No Limit ($0.01/$0.02 USD) - 2022/07/01 23:13:09 PT [2022/07/02 2:13:09 ET]
Table 'Nocturna II' 9-max Seat #7 is the button
Seat 1: TFolde ($2.08 in chips) 
Seat 2: JLarco1986 ($1.82 in chips) 
Seat 3: Dorex2007 ($2.66 in chips) 
Seat 4: leohuck25 ($2.11 in chips) 
Seat 5: mastersg7 ($1.49 in chips) 
Seat 6: docthedoc66 ($2.18 in chips) 
Seat 7: aecatec ($2 in chips) 
Seat 8: 0RB BR0 ($0.81 in chips) 
Seat 9: fregel05 ($1.85 in chips) 
0RB BR0: posts small blind $0.01
fregel05: posts big blind $0.02
*** HOLE CARDS ***
Dealt to Dorex2007 [9h 5s]
TFolde: calls $0.02
JLarco1986: folds 
Dorex2007: folds 
leohuck25: folds 
mastersg7: calls $0.02
docthedoc66: folds 
aecatec: raises $0.06 to $0.08
0RB BR0: calls $0.07
fregel05: folds 
TFolde: folds 
mastersg7: calls $0.06
*** FLOP *** [9c Ah 8s]
0RB BR0: checks 
mastersg7: checks 
aecatec: checks 
*** TURN *** [9c Ah 8s] [7d]
0RB BR0: bets $0.11
mastersg7: raises $0.11 to $0.22
aecatec: folds 
0RB BR0: calls $0.11
*** RIVER *** [9c Ah 8s 7d] [Kd]
0RB BR0: bets $0.02
mastersg7: raises $1.17 to $1.19 and is all-in
0RB BR0: folds 
Uncalled bet ($1.17) returned to mastersg7
mastersg7 collected $0.73 from pot
*** SUMMARY ***
Total pot $0.76 | Rake $0.03 
Board [9c Ah 8s 7d Kd]
Seat 1: TFolde folded before Flop
Seat 2: JLarco1986 folded before Flop (didn't bet)
Seat 3: Dorex2007 folded before Flop (didn't bet)
Seat 4: leohuck25 folded before Flop (didn't bet)
Seat 5: mastersg7 collected ($0.73)
Seat 6: docthedoc66 folded before Flop (didn't bet)
Seat 7: aecatec (button) folded on the Turn
Seat 8: 0RB BR0 (small blind) folded on the River
Seat 9: fregel05 (big blind) folded before Flop



PokerStars Hand #237110039589:  Hold'em No Limit ($0.01/$0.02 USD) - 2022/07/01 23:14:38 PT [2022/07/02 2:14:38 ET]
Table 'Nocturna II' 9-max Seat #8 is the button
Seat 1: TFolde ($2.06 in chips) 
Seat 2: JLarco1986 ($1.82 in chips) 
Seat 3: Dorex2007 ($2.66 in chips) 
Seat 4: leohuck25 ($2.11 in chips) 
Seat 5: mastersg7 ($1.90 in chips) 
Seat 6: docthedoc66 ($2.18 in chips) 
Seat 7: aecatec ($2 in chips) 
Seat 8: 0RB BR0 ($0.49 in chips) 
Seat 9: fregel05 ($1.83 in chips) 
fregel05: posts small blind $0.01
TFolde: posts big blind $0.02
*** HOLE CARDS ***
Dealt to Dorex2007 [Qs 2s]
JLarco1986: folds 
Dorex2007: folds 
leohuck25: calls $0.02
mastersg7: folds 
docthedoc66: folds 
aecatec: folds 
0RB BR0: calls $0.02
fregel05: raises $0.08 to $0.10
TFolde: calls $0.08
leohuck25: calls $0.08
0RB BR0: folds 
*** FLOP *** [Ah 4h 7h]
fregel05: bets $0.31
TFolde: calls $0.31
leohuck25: folds 
*** TURN *** [Ah 4h 7h] [Ad]
fregel05: bets $1.42 and is all-in
TFolde: calls $1.42
*** RIVER *** [Ah 4h 7h Ad] [5s]
*** SHOW DOWN ***
fregel05: shows [Qd Ac] (three of a kind, Aces)
TFolde: shows [Th Qh] (a flush, Ace high)
TFolde collected $3.62 from pot
*** SUMMARY ***
Total pot $3.78 | Rake $0.16 
Board [Ah 4h 7h Ad 5s]
Seat 1: TFolde (big blind) showed [Th Qh] and won ($3.62) with a flush, Ace high
Seat 2: JLarco1986 folded before Flop (didn't bet)
Seat 3: Dorex2007 folded before Flop (didn't bet)
Seat 4: leohuck25 folded on the Flop
Seat 5: mastersg7 folded before Flop (didn't bet)
Seat 6: docthedoc66 folded before Flop (didn't bet)
Seat 7: aecatec folded before Flop (didn't bet)
Seat 8: 0RB BR0 (button) folded before Flop
Seat 9: fregel05 (small blind) showed [Qd Ac] and lost with three of a kind, Aces



PokerStars Hand #237110045976:  Hold'em No Limit ($0.01/$0.02 USD) - 2022/07/01 23:15:32 PT [2022/07/02 2:15:32 ET]
Table 'Nocturna II' 9-max Seat #9 is the button
Seat 1: TFolde ($3.85 in chips) 
Seat 2: JLarco1986 ($1.82 in chips) 
Seat 3: Dorex2007 ($2.66 in chips) 
Seat 4: leohuck25 ($2.01 in chips) 
Seat 5: mastersg7 ($1.90 in chips) 
Seat 6: docthedoc66 ($2.18 in chips) 
Seat 7: aecatec ($2 in chips) 
Seat 8: 0RB BR0 ($0.47 in chips) 
Seat 9: fregel05 ($2 in chips) 
TFolde: posts small blind $0.01
JLarco1986: posts big blind $0.02
*** HOLE CARDS ***
Dealt to Dorex2007 [8s Ah]
Dorex2007 has timed out
Dorex2007: folds 
leohuck25: calls $0.02
mastersg7: calls $0.02
docthedoc66: folds 
aecatec: raises $0.08 to $0.10
0RB BR0: folds 
fregel05: raises $0.27 to $0.37
TFolde: folds 
JLarco1986: folds 
leohuck25: calls $0.35
mastersg7: folds 
aecatec: folds 
*** FLOP *** [6h 5h 4h]
leohuck25: checks 
fregel05: bets $1.63 and is all-in
leohuck25: folds 
Uncalled bet ($1.63) returned to fregel05
fregel05 collected $0.85 from pot
*** SUMMARY ***
Total pot $0.89 | Rake $0.04 
Board [6h 5h 4h]
Seat 1: TFolde (small blind) folded before Flop
Seat 2: JLarco1986 (big blind) folded before Flop
Seat 3: Dorex2007 folded before Flop (didn't bet)
Seat 4: leohuck25 folded on the Flop
Seat 5: mastersg7 folded before Flop
Seat 6: docthedoc66 folded before Flop (didn't bet)
Seat 7: aecatec folded before Flop
Seat 8: 0RB BR0 folded before Flop (didn't bet)
Seat 9: fregel05 (button) collected ($0.85)



PokerStars Hand #237110052471:  Hold'em No Limit ($0.01/$0.02 USD) - 2022/07/01 23:16:30 PT [2022/07/02 2:16:30 ET]
Table 'Nocturna II' 9-max Seat #1 is the button
Seat 1: TFolde ($3.84 in chips) 
Seat 2: JLarco1986 ($1.80 in chips) 
Seat 3: Dorex2007 ($2.66 in chips) 
Seat 4: leohuck25 ($1.64 in chips) 
Seat 5: mastersg7 ($1.88 in chips) 
Seat 6: docthedoc66 ($2.18 in chips) 
Seat 7: aecatec ($2 in chips) 
Seat 8: 0RB BR0 ($0.47 in chips) 
JLarco1986: posts small blind $0.01
Dorex2007: posts big blind $0.02
*** HOLE CARDS ***
Dealt to Dorex2007 [Tc Ts]
fregel05 leaves the table
leohuck25: folds 
mastersg7: folds 
docthedoc66: folds 
aecatec: folds 
johnni748 joins the table at seat #9 
0RB BR0: calls $0.02
TFolde: folds 
JLarco1986: calls $0.01
Dorex2007: checks 
*** FLOP *** [4h 9c 8c]
JLarco1986: checks 
Dorex2007: checks 
0RB BR0: bets $0.02
JLarco1986: calls $0.02
Dorex2007: calls $0.02
*** TURN *** [4h 9c 8c] [8s]
JLarco1986: checks 
Dorex2007: checks 
0RB BR0: bets $0.04
JLarco1986: folds 
Dorex2007: calls $0.04
*** RIVER *** [4h 9c 8c 8s] [7c]
Dorex2007: bets $0.09
0RB BR0: raises $0.19 to $0.28
Dorex2007: folds 
Uncalled bet ($0.19) returned to 0RB BR0
0RB BR0 collected $0.37 from pot
*** SUMMARY ***
Total pot $0.38 | Rake $0.01 
Board [4h 9c 8c 8s 7c]
Seat 1: TFolde (button) folded before Flop (didn't bet)
Seat 2: JLarco1986 (small blind) folded on the Turn
Seat 3: Dorex2007 (big blind) folded on the River
Seat 4: leohuck25 folded before Flop (didn't bet)
Seat 5: mastersg7 folded before Flop (didn't bet)
Seat 6: docthedoc66 folded before Flop (didn't bet)
Seat 7: aecatec folded before Flop (didn't bet)
Seat 8: 0RB BR0 collected ($0.37)



PokerStars Hand #237110063842:  Hold'em No Limit ($0.01/$0.02 USD) - 2022/07/01 23:18:09 PT [2022/07/02 2:18:09 ET]
Table 'Nocturna II' 9-max Seat #2 is the button
Seat 1: TFolde ($3.84 in chips) 
Seat 2: JLarco1986 ($1.76 in chips) 
Seat 3: Dorex2007 ($2.49 in chips) 
Seat 4: leohuck25 ($1.64 in chips) 
Seat 5: mastersg7 ($1.88 in chips) 
Seat 6: docthedoc66 ($2.18 in chips) 
Seat 7: aecatec ($2 in chips) 
Seat 8: 0RB BR0 ($0.67 in chips) 
Seat 9: johnni748 ($2 in chips) 
Dorex2007: posts small blind $0.01
leohuck25: posts big blind $0.02
johnni748: posts big blind $0.02
*** HOLE CARDS ***
Dealt to Dorex2007 [5c 9d]
mastersg7: folds 
docthedoc66: folds 
aecatec: folds 
0RB BR0: folds 
johnni748: raises $0.05 to $0.07
TFolde: calls $0.07
JLarco1986: folds 
Dorex2007: folds 
leohuck25: calls $0.05
*** FLOP *** [5h 4d 2h]
leohuck25: checks 
johnni748: bets $0.21
TFolde: folds 
leohuck25: calls $0.21
*** TURN *** [5h 4d 2h] [Qs]
leohuck25: checks 
johnni748: bets $0.62
leohuck25: folds 
Uncalled bet ($0.62) returned to johnni748
johnni748 collected $0.62 from pot
*** SUMMARY ***
Total pot $0.64 | Rake $0.02 
Board [5h 4d 2h Qs]
Seat 1: TFolde folded on the Flop
Seat 2: JLarco1986 (button) folded before Flop (didn't bet)
Seat 3: Dorex2007 (small blind) folded before Flop
Seat 4: leohuck25 (big blind) folded on the Turn
Seat 5: mastersg7 folded before Flop (didn't bet)
Seat 6: docthedoc66 folded before Flop (didn't bet)
Seat 7: aecatec folded before Flop (didn't bet)
Seat 8: 0RB BR0 folded before Flop (didn't bet)
Seat 9: johnni748 collected ($0.62)



PokerStars Hand #237110069824:  Hold'em No Limit ($0.01/$0.02 USD) - 2022/07/01 23:19:01 PT [2022/07/02 2:19:01 ET]
Table 'Nocturna II' 9-max Seat #3 is the button
Seat 1: TFolde ($3.77 in chips) 
Seat 2: JLarco1986 ($1.76 in chips) 
Seat 3: Dorex2007 ($2.48 in chips) 
Seat 4: leohuck25 ($1.36 in chips) 
Seat 5: mastersg7 ($1.88 in chips) 
Seat 6: docthedoc66 ($2.18 in chips) 
Seat 7: aecatec ($2 in chips) 
Seat 8: 0RB BR0 ($0.67 in chips) 
Seat 9: johnni748 ($2.34 in chips) 
leohuck25: posts small blind $0.01
mastersg7: posts big blind $0.02
*** HOLE CARDS ***
Dealt to Dorex2007 [6s 8d]
docthedoc66: folds 
aecatec: folds 
0RB BR0: calls $0.02
johnni748: raises $0.07 to $0.09
TFolde: folds 
JLarco1986: folds 
Dorex2007: folds 
leohuck25: folds 
mastersg7: calls $0.07
0RB BR0: folds 
*** FLOP *** [6c Th Ah]
mastersg7: bets $0.10
johnni748: folds 
Uncalled bet ($0.10) returned to mastersg7
mastersg7 collected $0.20 from pot
*** SUMMARY ***
Total pot $0.21 | Rake $0.01 
Board [6c Th Ah]
Seat 1: TFolde folded before Flop (didn't bet)
Seat 2: JLarco1986 folded before Flop (didn't bet)
Seat 3: Dorex2007 (button) folded before Flop (didn't bet)
Seat 4: leohuck25 (small blind) folded before Flop
Seat 5: mastersg7 (big blind) collected ($0.20)
Seat 6: docthedoc66 folded before Flop (didn't bet)
Seat 7: aecatec folded before Flop (didn't bet)
Seat 8: 0RB BR0 folded before Flop
Seat 9: johnni748 folded on the Flop



PokerStars Hand #237110075012:  Hold'em No Limit ($0.01/$0.02 USD) - 2022/07/01 23:19:46 PT [2022/07/02 2:19:46 ET]
Table 'Nocturna II' 9-max Seat #4 is the button
Seat 1: TFolde ($3.77 in chips) 
Seat 2: JLarco1986 ($1.76 in chips) 
Seat 3: Dorex2007 ($2.48 in chips) 
Seat 4: leohuck25 ($1.35 in chips) 
Seat 5: mastersg7 ($1.99 in chips) 
Seat 6: docthedoc66 ($2.18 in chips) 
Seat 7: aecatec ($2 in chips) 
Seat 8: 0RB BR0 ($0.65 in chips) 
Seat 9: johnni748 ($2.25 in chips) 
mastersg7: posts small blind $0.01
docthedoc66: posts big blind $0.02
*** HOLE CARDS ***
Dealt to Dorex2007 [Td Qd]
aecatec: raises $0.06 to $0.08
0RB BR0: folds 
johnni748: calls $0.08
TFolde has timed out
TFolde: folds 
JLarco1986: folds 
Dorex2007: folds 
leohuck25: calls $0.08
mastersg7: folds 
docthedoc66: folds 
*** FLOP *** [8d 5c Ks]
aecatec: checks 
johnni748: bets $0.26
leohuck25: calls $0.26
aecatec: folds 
*** TURN *** [8d 5c Ks] [5d]
johnni748: bets $0.76
leohuck25: calls $0.76
*** RIVER *** [8d 5c Ks 5d] [6s]
johnni748: bets $1.11
leohuck25: calls $0.25 and is all-in
Uncalled bet ($0.86) returned to johnni748
*** SHOW DOWN ***
johnni748: shows [6c Kc] (two pair, Kings and Sixes)
leohuck25: shows [5s 5h] (four of a kind, Fives)
leohuck25 collected $2.71 from pot
*** SUMMARY ***
Total pot $2.81 | Rake $0.10 
Board [8d 5c Ks 5d 6s]
Seat 1: TFolde folded before Flop (didn't bet)
Seat 2: JLarco1986 folded before Flop (didn't bet)
Seat 3: Dorex2007 folded before Flop (didn't bet)
Seat 4: leohuck25 (button) showed [5s 5h] and won ($2.71) with four of a kind, Fives
Seat 5: mastersg7 (small blind) folded before Flop
Seat 6: docthedoc66 (big blind) folded before Flop
Seat 7: aecatec folded on the Flop
Seat 8: 0RB BR0 folded before Flop (didn't bet)
Seat 9: johnni748 showed [6c Kc] and lost with two pair, Kings and Sixes



PokerStars Hand #237110083318:  Hold'em No Limit ($0.01/$0.02 USD) - 2022/07/01 23:20:58 PT [2022/07/02 2:20:58 ET]
Table 'Nocturna II' 9-max Seat #5 is the button
Seat 1: TFolde ($3.77 in chips) 
Seat 2: JLarco1986 ($1.76 in chips) 
Seat 3: Dorex2007 ($2.48 in chips) 
Seat 4: leohuck25 ($2.71 in chips) 
Seat 5: mastersg7 ($1.98 in chips) 
Seat 6: docthedoc66 ($2.16 in chips) 
Seat 7: aecatec ($2 in chips) 
Seat 8: 0RB BR0 ($0.65 in chips) 
Seat 9: johnni748 ($0.90 in chips) 
docthedoc66: posts small blind $0.01
aecatec: posts big blind $0.02
*** HOLE CARDS ***
Dealt to Dorex2007 [8s 2s]
0RB BR0: calls $0.02
johnni748: raises $0.88 to $0.90 and is all-in
TFolde: folds 
JLarco1986: folds 
Dorex2007: folds 
leohuck25: folds 
mastersg7: folds 
docthedoc66: folds 
aecatec: folds 
0RB BR0: folds 
Uncalled bet ($0.88) returned to johnni748
johnni748 collected $0.07 from pot
*** SUMMARY ***
Total pot $0.07 | Rake $0 
Seat 1: TFolde folded before Flop (didn't bet)
Seat 2: JLarco1986 folded before Flop (didn't bet)
Seat 3: Dorex2007 folded before Flop (didn't bet)
Seat 4: leohuck25 folded before Flop (didn't bet)
Seat 5: mastersg7 (button) folded before Flop (didn't bet)
Seat 6: docthedoc66 (small blind) folded before Flop
Seat 7: aecatec (big blind) folded before Flop
Seat 8: 0RB BR0 folded before Flop
Seat 9: johnni748 collected ($0.07)



PokerStars Hand #237110086605:  Hold'em No Limit ($0.01/$0.02 USD) - 2022/07/01 23:21:26 PT [2022/07/02 2:21:26 ET]
Table 'Nocturna II' 9-max Seat #6 is the button
Seat 1: TFolde ($3.77 in chips) 
Seat 2: JLarco1986 ($1.76 in chips) 
Seat 3: Dorex2007 ($2.48 in chips) 
Seat 4: leohuck25 ($2.71 in chips) 
Seat 5: mastersg7 ($1.98 in chips) 
Seat 6: docthedoc66 ($2.15 in chips) 
Seat 7: aecatec ($2 in chips) 
Seat 8: 0RB BR0 ($0.63 in chips) 
Seat 9: johnni748 ($0.95 in chips) 
aecatec: posts small blind $0.01
0RB BR0: posts big blind $0.02
*** HOLE CARDS ***
Dealt to Dorex2007 [9h 4h]
johnni748: folds 
TFolde: calls $0.02
johnni748 leaves the table
JLarco1986: calls $0.02
Dorex2007: folds 
leohuck25: raises $0.02 to $0.04
mastersg7: folds 
docthedoc66: folds 
aecatec: folds 
0RB BR0: calls $0.02
TFolde: raises $0.06 to $0.10
JLarco1986: folds 
leohuck25: raises $0.10 to $0.20
0RB BR0: folds 
TFolde: raises $0.38 to $0.58
leohuck25: calls $0.38
*** FLOP *** [8s Qc Kd]
TFolde: bets $0.56
joacoaranda96 joins the table at seat #9 
leohuck25: calls $0.56
*** TURN *** [8s Qc Kd] [Qh]
TFolde: checks 
leohuck25: checks 
*** RIVER *** [8s Qc Kd Qh] [Qs]
TFolde: bets $0.50
leohuck25: calls $0.50
*** SHOW DOWN ***
TFolde: shows [Ks Kc] (a full house, Kings full of Queens)
leohuck25: mucks hand 
TFolde collected $3.20 from pot
*** SUMMARY ***
Total pot $3.35 | Rake $0.15 
Board [8s Qc Kd Qh Qs]
Seat 1: TFolde showed [Ks Kc] and won ($3.20) with a full house, Kings full of Queens
Seat 2: JLarco1986 folded before Flop
Seat 3: Dorex2007 folded before Flop (didn't bet)
Seat 4: leohuck25 mucked [As Js]
Seat 5: mastersg7 folded before Flop (didn't bet)
Seat 6: docthedoc66 (button) folded before Flop (didn't bet)
Seat 7: aecatec (small blind) folded before Flop
Seat 8: 0RB BR0 (big blind) folded before Flop
Seat 9: johnni748 folded before Flop (didn't bet)



PokerStars Hand #237110098671:  Hold'em No Limit ($0.01/$0.02 USD) - 2022/07/01 23:23:11 PT [2022/07/02 2:23:11 ET]
Table 'Nocturna II' 9-max Seat #7 is the button
Seat 1: TFolde ($5.33 in chips) 
Seat 2: JLarco1986 ($1.74 in chips) 
Seat 3: Dorex2007 ($2.48 in chips) 
Seat 4: leohuck25 ($1.07 in chips) 
Seat 5: mastersg7 ($1.98 in chips) 
Seat 6: docthedoc66 ($2.15 in chips) 
Seat 7: aecatec ($2 in chips) 
Seat 8: 0RB BR0 ($0.59 in chips) 
Seat 9: joacoaranda96 ($0.80 in chips) 
0RB BR0: posts small blind $0.01
joacoaranda96: posts big blind $0.02
*** HOLE CARDS ***
Dealt to Dorex2007 [8c Kd]
TFolde: folds 
JLarco1986: folds 
Dorex2007: folds 
leohuck25: calls $0.02
mastersg7: calls $0.02
docthedoc66: folds 
aecatec: raises $0.10 to $0.12
0RB BR0: folds 
joacoaranda96: folds 
leohuck25: calls $0.10
mastersg7: folds 
*** FLOP *** [6h 8h 2s]
leohuck25: checks 
aecatec: bets $0.20
leohuck25: folds 
Uncalled bet ($0.20) returned to aecatec
aecatec collected $0.28 from pot
*** SUMMARY ***
Total pot $0.29 | Rake $0.01 
Board [6h 8h 2s]
Seat 1: TFolde folded before Flop (didn't bet)
Seat 2: JLarco1986 folded before Flop (didn't bet)
Seat 3: Dorex2007 folded before Flop (didn't bet)
Seat 4: leohuck25 folded on the Flop
Seat 5: mastersg7 folded before Flop
Seat 6: docthedoc66 folded before Flop (didn't bet)
Seat 7: aecatec (button) collected ($0.28)
Seat 8: 0RB BR0 (small blind) folded before Flop
Seat 9: joacoaranda96 (big blind) folded before Flop



PokerStars Hand #237110104104:  Hold'em No Limit ($0.01/$0.02 USD) - 2022/07/01 23:23:58 PT [2022/07/02 2:23:58 ET]
Table 'Nocturna II' 9-max Seat #8 is the button
Seat 1: TFolde ($5.33 in chips) 
Seat 2: JLarco1986 ($1.74 in chips) 
Seat 3: Dorex2007 ($2.48 in chips) 
Seat 4: leohuck25 ($0.95 in chips) 
Seat 5: mastersg7 ($1.96 in chips) 
Seat 6: docthedoc66 ($2.15 in chips) 
Seat 7: aecatec ($2.16 in chips) 
Seat 8: 0RB BR0 ($0.58 in chips) 
Seat 9: joacoaranda96 ($0.78 in chips) 
joacoaranda96: posts small blind $0.01
TFolde: posts big blind $0.02
*** HOLE CARDS ***
Dealt to Dorex2007 [Ts 6h]
JLarco1986: calls $0.02
Dorex2007: folds 
leohuck25: calls $0.02
mastersg7 has timed out
mastersg7: folds 
docthedoc66: folds 
aecatec: folds 
0RB BR0: folds 
joacoaranda96: calls $0.01
TFolde: checks 
*** FLOP *** [Jc 7s 2c]
joacoaranda96: checks 
TFolde: checks 
JLarco1986: checks 
leohuck25: checks 
*** TURN *** [Jc 7s 2c] [Ah]
joacoaranda96: checks 
TFolde: checks 
JLarco1986: checks 
leohuck25: bets $0.08
joacoaranda96: folds 
TFolde: folds 
JLarco1986: folds 
Uncalled bet ($0.08) returned to leohuck25
leohuck25 collected $0.08 from pot
*** SUMMARY ***
Total pot $0.08 | Rake $0 
Board [Jc 7s 2c Ah]
Seat 1: TFolde (big blind) folded on the Turn
Seat 2: JLarco1986 folded on the Turn
Seat 3: Dorex2007 folded before Flop (didn't bet)
Seat 4: leohuck25 collected ($0.08)
Seat 5: mastersg7 folded before Flop (didn't bet)
Seat 6: docthedoc66 folded before Flop (didn't bet)
Seat 7: aecatec folded before Flop (didn't bet)
Seat 8: 0RB BR0 (button) folded before Flop (didn't bet)
Seat 9: joacoaranda96 (small blind) folded on the Turn



PokerStars Hand #237110110293:  Hold'em No Limit ($0.01/$0.02 USD) - 2022/07/01 23:24:52 PT [2022/07/02 2:24:52 ET]
Table 'Nocturna II' 9-max Seat #9 is the button
Seat 1: TFolde ($5.31 in chips) 
Seat 2: JLarco1986 ($1.72 in chips) 
Seat 3: Dorex2007 ($2.48 in chips) 
Seat 4: leohuck25 ($1.01 in chips) 
Seat 5: mastersg7 ($1.96 in chips) 
Seat 6: docthedoc66 ($2.15 in chips) 
Seat 7: aecatec ($2.16 in chips) 
Seat 8: 0RB BR0 ($0.58 in chips) 
Seat 9: joacoaranda96 ($0.76 in chips) 
TFolde: posts small blind $0.01
JLarco1986: posts big blind $0.02
*** HOLE CARDS ***
Dealt to Dorex2007 [6d 8d]
Dorex2007: folds 
leohuck25: calls $0.02
mastersg7: folds 
docthedoc66: folds 
aecatec: folds 
0RB BR0: folds 
joacoaranda96: calls $0.02
TFolde: folds 
JLarco1986: checks 
*** FLOP *** [Jc 4s Ts]
JLarco1986: checks 
leohuck25: checks 
joacoaranda96: checks 
*** TURN *** [Jc 4s Ts] [2s]
JLarco1986: checks 
leohuck25: checks 
joacoaranda96: checks 
*** RIVER *** [Jc 4s Ts 2s] [Ad]
JLarco1986: checks 
leohuck25: checks 
joacoaranda96: checks 
*** SHOW DOWN ***
JLarco1986: shows [9c 7d] (high card Ace)
leohuck25: shows [7c 7h] (a pair of Sevens)
joacoaranda96: mucks hand 
leohuck25 collected $0.07 from pot
*** SUMMARY ***
Total pot $0.07 | Rake $0 
Board [Jc 4s Ts 2s Ad]
Seat 1: TFolde (small blind) folded before Flop
Seat 2: JLarco1986 (big blind) showed [9c 7d] and lost with high card Ace
Seat 3: Dorex2007 folded before Flop (didn't bet)
Seat 4: leohuck25 showed [7c 7h] and won ($0.07) with a pair of Sevens
Seat 5: mastersg7 folded before Flop (didn't bet)
Seat 6: docthedoc66 folded before Flop (didn't bet)
Seat 7: aecatec folded before Flop (didn't bet)
Seat 8: 0RB BR0 folded before Flop (didn't bet)
Seat 9: joacoaranda96 (button) mucked [3s 3d]



PokerStars Hand #237110115043:  Hold'em No Limit ($0.01/$0.02 USD) - 2022/07/01 23:25:33 PT [2022/07/02 2:25:33 ET]
Table 'Nocturna II' 9-max Seat #1 is the button
Seat 1: TFolde ($5.30 in chips) 
Seat 2: JLarco1986 ($1.70 in chips) 
Seat 3: Dorex2007 ($2.48 in chips) 
Seat 4: leohuck25 ($1.06 in chips) 
Seat 5: mastersg7 ($1.96 in chips) 
Seat 6: docthedoc66 ($2.15 in chips) 
Seat 7: aecatec ($2.16 in chips) 
Seat 8: 0RB BR0 ($0.58 in chips) 
Seat 9: joacoaranda96 ($0.74 in chips) 
JLarco1986: posts small blind $0.01
Dorex2007: posts big blind $0.02
*** HOLE CARDS ***
Dealt to Dorex2007 [8h Ts]
leohuck25: folds 
mastersg7: folds 
docthedoc66: folds 
aecatec: raises $0.06 to $0.08
0RB BR0: folds 
joacoaranda96: folds 
TFolde: calls $0.08
JLarco1986: folds 
Dorex2007: folds 
*** FLOP *** [3h 4c 5d]
aecatec: bets $0.14
TFolde: calls $0.14
*** TURN *** [3h 4c 5d] [9d]
aecatec: bets $0.34
TFolde: calls $0.34
*** RIVER *** [3h 4c 5d 9d] [Jh]
aecatec: bets $1.60 and is all-in
TFolde: calls $1.60
*** SHOW DOWN ***
aecatec: shows [As Ad] (a pair of Aces)
TFolde: shows [6h 5h] (a pair of Fives)
aecatec collected $4.20 from pot
*** SUMMARY ***
Total pot $4.35 | Rake $0.15 
Board [3h 4c 5d 9d Jh]
Seat 1: TFolde (button) showed [6h 5h] and lost with a pair of Fives
Seat 2: JLarco1986 (small blind) folded before Flop
Seat 3: Dorex2007 (big blind) folded before Flop
Seat 4: leohuck25 folded before Flop (didn't bet)
Seat 5: mastersg7 folded before Flop (didn't bet)
Seat 6: docthedoc66 folded before Flop (didn't bet)
Seat 7: aecatec showed [As Ad] and won ($4.20) with a pair of Aces
Seat 8: 0RB BR0 folded before Flop (didn't bet)
Seat 9: joacoaranda96 folded before Flop (didn't bet)



PokerStars Hand #237110122070:  Hold'em No Limit ($0.01/$0.02 USD) - 2022/07/01 23:26:34 PT [2022/07/02 2:26:34 ET]
Table 'Nocturna II' 9-max Seat #2 is the button
Seat 1: TFolde ($3.14 in chips) 
Seat 2: JLarco1986 ($1.69 in chips) 
Seat 3: Dorex2007 ($2.46 in chips) 
Seat 4: leohuck25 ($1.06 in chips) 
Seat 5: mastersg7 ($1.96 in chips) 
Seat 6: docthedoc66 ($2.15 in chips) 
Seat 8: 0RB BR0 ($0.58 in chips) 
Seat 9: joacoaranda96 ($0.74 in chips) 
Dorex2007: posts small blind $0.01
leohuck25: posts big blind $0.02
*** HOLE CARDS ***
Dealt to Dorex2007 [6c Qc]
mastersg7: folds 
docthedoc66: folds 
0RB BR0: folds 
joacoaranda96: folds 
TFolde: folds 
JLarco1986: folds 
Dorex2007: folds 
Uncalled bet ($0.01) returned to leohuck25
leohuck25 collected $0.02 from pot
*** SUMMARY ***
Total pot $0.02 | Rake $0 
Seat 1: TFolde folded before Flop (didn't bet)
Seat 2: JLarco1986 (button) folded before Flop (didn't bet)
Seat 3: Dorex2007 (small blind) folded before Flop
Seat 4: leohuck25 (big blind) collected ($0.02)
Seat 5: mastersg7 folded before Flop (didn't bet)
Seat 6: docthedoc66 folded before Flop (didn't bet)
Seat 8: 0RB BR0 folded before Flop (didn't bet)
Seat 9: joacoaranda96 folded before Flop (didn't bet)



PokerStars Hand #237110123905:  Hold'em No Limit ($0.01/$0.02 USD) - 2022/07/01 23:26:50 PT [2022/07/02 2:26:50 ET]
Table 'Nocturna II' 9-max Seat #3 is the button
Seat 1: TFolde ($3.14 in chips) 
Seat 2: JLarco1986 ($1.69 in chips) 
Seat 3: Dorex2007 ($2.45 in chips) 
Seat 4: leohuck25 ($1.07 in chips) 
Seat 5: mastersg7 ($1.96 in chips) 
Seat 6: docthedoc66 ($2.15 in chips) 
Seat 8: 0RB BR0 ($0.58 in chips) 
Seat 9: joacoaranda96 ($0.74 in chips) 
leohuck25: posts small blind $0.01
mastersg7: posts big blind $0.02
*** HOLE CARDS ***
Dealt to Dorex2007 [Ad 2d]
docthedoc66: folds 
0RB BR0: folds 
joacoaranda96: folds 
TFolde: folds 
JLarco1986: folds 
Dorex2007: folds 
leohuck25: calls $0.01
mastersg7: checks 
*** FLOP *** [6h 5d 6d]
aecatec leaves the table
leohuck25: checks 
mastersg7: bets $0.04
leohuck25: folds 
Uncalled bet ($0.04) returned to mastersg7
deileon joins the table at seat #7 
mastersg7 collected $0.04 from pot
*** SUMMARY ***
Total pot $0.04 | Rake $0 
Board [6h 5d 6d]
Seat 1: TFolde folded before Flop (didn't bet)
Seat 2: JLarco1986 folded before Flop (didn't bet)
Seat 3: Dorex2007 (button) folded before Flop (didn't bet)
Seat 4: leohuck25 (small blind) folded on the Flop
Seat 5: mastersg7 (big blind) collected ($0.04)
Seat 6: docthedoc66 folded before Flop (didn't bet)
Seat 8: 0RB BR0 folded before Flop (didn't bet)
Seat 9: joacoaranda96 folded before Flop (didn't bet)



PokerStars Hand #237110127366:  Hold'em No Limit ($0.01/$0.02 USD) - 2022/07/01 23:27:20 PT [2022/07/02 2:27:20 ET]
Table 'Nocturna II' 9-max Seat #4 is the button
Seat 1: TFolde ($3.14 in chips) 
Seat 2: JLarco1986 ($1.69 in chips) 
Seat 3: Dorex2007 ($2.45 in chips) 
Seat 4: leohuck25 ($1.05 in chips) 
Seat 5: mastersg7 ($1.98 in chips) 
Seat 6: docthedoc66 ($2.15 in chips) 
Seat 8: 0RB BR0 ($0.58 in chips) 
Seat 9: joacoaranda96 ($0.74 in chips) 
mastersg7: posts small blind $0.01
docthedoc66: posts big blind $0.02
deileon: sits out 
*** HOLE CARDS ***
Dealt to Dorex2007 [3h 5d]
0RB BR0: raises $0.02 to $0.04
joacoaranda96: folds 
TFolde: calls $0.04
JLarco1986: folds 
Dorex2007: folds 
leohuck25: calls $0.04
mastersg7: folds 
docthedoc66: calls $0.02
*** FLOP *** [7s As 3d]
docthedoc66: checks 
0RB BR0: checks 
TFolde: checks 
leohuck25: bets $0.10
docthedoc66: folds 
0RB BR0: folds 
TFolde: folds 
Uncalled bet ($0.10) returned to leohuck25
leohuck25 collected $0.16 from pot
*** SUMMARY ***
Total pot $0.17 | Rake $0.01 
Board [7s As 3d]
Seat 1: TFolde folded on the Flop
Seat 2: JLarco1986 folded before Flop (didn't bet)
Seat 3: Dorex2007 folded before Flop (didn't bet)
Seat 4: leohuck25 (button) collected ($0.16)
Seat 5: mastersg7 (small blind) folded before Flop
Seat 6: docthedoc66 (big blind) folded on the Flop
Seat 8: 0RB BR0 folded on the Flop
Seat 9: joacoaranda96 folded before Flop (didn't bet)



PokerStars Hand #237110131526:  Hold'em No Limit ($0.01/$0.02 USD) - 2022/07/01 23:27:56 PT [2022/07/02 2:27:56 ET]
Table 'Nocturna II' 9-max Seat #5 is the button
Seat 1: TFolde ($3.10 in chips) 
Seat 2: JLarco1986 ($1.69 in chips) 
Seat 3: Dorex2007 ($2.45 in chips) 
Seat 4: leohuck25 ($1.17 in chips) 
Seat 5: mastersg7 ($1.97 in chips) 
Seat 6: docthedoc66 ($2.11 in chips) 
Seat 7: deileon ($1.60 in chips) 
Seat 8: 0RB BR0 ($0.54 in chips) 
Seat 9: joacoaranda96 ($0.74 in chips) 
docthedoc66: posts small blind $0.01
deileon: posts big blind $0.02
*** HOLE CARDS ***
Dealt to Dorex2007 [Jh Qd]
0RB BR0: folds 
joacoaranda96: folds 
TFolde: raises $0.04 to $0.06
JLarco1986: folds 
Dorex2007: calls $0.06
leohuck25: folds 
mastersg7: folds 
docthedoc66: folds 
deileon: folds 
*** FLOP *** [Qh Ts 9h]
TFolde: checks 
Dorex2007: bets $0.09
TFolde: folds 
Uncalled bet ($0.09) returned to Dorex2007
Dorex2007 collected $0.14 from pot
*** SUMMARY ***
Total pot $0.15 | Rake $0.01 
Board [Qh Ts 9h]
Seat 1: TFolde folded on the Flop
Seat 2: JLarco1986 folded before Flop (didn't bet)
Seat 3: Dorex2007 collected ($0.14)
Seat 4: leohuck25 folded before Flop (didn't bet)
Seat 5: mastersg7 (button) folded before Flop (didn't bet)
Seat 6: docthedoc66 (small blind) folded before Flop
Seat 7: deileon (big blind) folded before Flop
Seat 8: 0RB BR0 folded before Flop (didn't bet)
Seat 9: joacoaranda96 folded before Flop (didn't bet)



PokerStars Hand #237110134957:  Hold'em No Limit ($0.01/$0.02 USD) - 2022/07/01 23:28:26 PT [2022/07/02 2:28:26 ET]
Table 'Nocturna II' 9-max Seat #6 is the button
Seat 1: TFolde ($3.04 in chips) 
Seat 2: JLarco1986 ($1.69 in chips) 
Seat 3: Dorex2007 ($2.53 in chips) 
Seat 4: leohuck25 ($1.17 in chips) 
Seat 5: mastersg7 ($1.97 in chips) 
Seat 6: docthedoc66 ($2.10 in chips) 
Seat 7: deileon ($1.58 in chips) 
Seat 8: 0RB BR0 ($0.54 in chips) 
Seat 9: joacoaranda96 ($0.74 in chips) 
deileon: posts small blind $0.01
0RB BR0: posts big blind $0.02
*** HOLE CARDS ***
Dealt to Dorex2007 [Kc 4d]
joacoaranda96: folds 
TFolde: folds 
TFolde leaves the table
JLarco1986: calls $0.02
Dorex2007: folds 
leohuck25: calls $0.02
mastersg7: folds 
SSRxAK89 joins the table at seat #1 
docthedoc66: calls $0.02
deileon: folds 
0RB BR0: checks 
*** FLOP *** [Qh 4s Js]
0RB BR0: checks 
JLarco1986: checks 
leohuck25: checks 
docthedoc66: checks 
*** TURN *** [Qh 4s Js] [Ks]
0RB BR0: checks 
JLarco1986: checks 
leohuck25: checks 
docthedoc66: bets $0.09
0RB BR0: folds 
JLarco1986: folds 
leohuck25: folds 
Uncalled bet ($0.09) returned to docthedoc66
docthedoc66 collected $0.09 from pot
*** SUMMARY ***
Total pot $0.09 | Rake $0 
Board [Qh 4s Js Ks]
Seat 1: TFolde folded before Flop (didn't bet)
Seat 2: JLarco1986 folded on the Turn
Seat 3: Dorex2007 folded before Flop (didn't bet)
Seat 4: leohuck25 folded on the Turn
Seat 5: mastersg7 folded before Flop (didn't bet)
Seat 6: docthedoc66 (button) collected ($0.09)
Seat 7: deileon (small blind) folded before Flop
Seat 8: 0RB BR0 (big blind) folded on the Turn
Seat 9: joacoaranda96 folded before Flop (didn't bet)



PokerStars Hand #237110140157:  Hold'em No Limit ($0.01/$0.02 USD) - 2022/07/01 23:29:11 PT [2022/07/02 2:29:11 ET]
Table 'Nocturna II' 9-max Seat #7 is the button
Seat 2: JLarco1986 ($1.67 in chips) 
Seat 3: Dorex2007 ($2.53 in chips) 
Seat 4: leohuck25 ($1.15 in chips) 
Seat 5: mastersg7 ($1.97 in chips) 
Seat 6: docthedoc66 ($2.17 in chips) 
Seat 7: deileon ($1.57 in chips) 
Seat 8: 0RB BR0 ($0.52 in chips) 
Seat 9: joacoaranda96 ($0.74 in chips) 
0RB BR0: posts small blind $0.01
joacoaranda96: posts big blind $0.02
SSRxAK89: sits out 
*** HOLE CARDS ***
Dealt to Dorex2007 [Kc 6d]
JLarco1986: calls $0.02
Dorex2007: folds 
leohuck25: folds 
mastersg7: folds 
docthedoc66: folds 
deileon: folds 
0RB BR0: calls $0.01
joacoaranda96: checks 
*** FLOP *** [Ks 7h Qc]
0RB BR0: checks 
joacoaranda96: checks 
JLarco1986: checks 
*** TURN *** [Ks 7h Qc] [6h]
0RB BR0: bets $0.02
joacoaranda96: raises $0.04 to $0.06
JLarco1986: folds 
0RB BR0: folds 
Uncalled bet ($0.04) returned to joacoaranda96
joacoaranda96 collected $0.10 from pot
*** SUMMARY ***
Total pot $0.10 | Rake $0 
Board [Ks 7h Qc 6h]
Seat 2: JLarco1986 folded on the Turn
Seat 3: Dorex2007 folded before Flop (didn't bet)
Seat 4: leohuck25 folded before Flop (didn't bet)
Seat 5: mastersg7 folded before Flop (didn't bet)
Seat 6: docthedoc66 folded before Flop (didn't bet)
Seat 7: deileon (button) folded before Flop (didn't bet)
Seat 8: 0RB BR0 (small blind) folded on the Turn
Seat 9: joacoaranda96 (big blind) collected ($0.10)



PokerStars Hand #237110143739:  Hold'em No Limit ($0.01/$0.02 USD) - 2022/07/01 23:29:42 PT [2022/07/02 2:29:42 ET]
Table 'Nocturna II' 9-max Seat #8 is the button
Seat 1: SSRxAK89 ($1 in chips) 
Seat 2: JLarco1986 ($1.65 in chips) 
Seat 3: Dorex2007 ($2.53 in chips) 
Seat 4: leohuck25 ($1.15 in chips) 
Seat 5: mastersg7 ($1.97 in chips) 
Seat 6: docthedoc66 ($2.17 in chips) 
Seat 7: deileon ($1.57 in chips) 
Seat 8: 0RB BR0 ($0.48 in chips) 
Seat 9: joacoaranda96 ($0.80 in chips) 
joacoaranda96: posts small blind $0.01
SSRxAK89: posts big blind $0.02
*** HOLE CARDS ***
Dealt to Dorex2007 [4s 8s]
JLarco1986: calls $0.02
Dorex2007: folds 
leohuck25: folds 
mastersg7: raises $0.04 to $0.06
docthedoc66: folds 
deileon: folds 
0RB BR0: folds 
joacoaranda96: folds 
SSRxAK89: calls $0.04
JLarco1986: folds 
*** FLOP *** [5s Qc 4d]
SSRxAK89: checks 
mastersg7: checks 
*** TURN *** [5s Qc 4d] [Qs]
SSRxAK89: bets $0.07
mastersg7: raises $0.07 to $0.14
SSRxAK89: calls $0.07
*** RIVER *** [5s Qc 4d Qs] [Kc]
SSRxAK89: checks 
mastersg7: bets $0.10
SSRxAK89: folds 
Uncalled bet ($0.10) returned to mastersg7
mastersg7 collected $0.41 from pot
*** SUMMARY ***
Total pot $0.43 | Rake $0.02 
Board [5s Qc 4d Qs Kc]
Seat 1: SSRxAK89 (big blind) folded on the River
Seat 2: JLarco1986 folded before Flop
Seat 3: Dorex2007 folded before Flop (didn't bet)
Seat 4: leohuck25 folded before Flop (didn't bet)
Seat 5: mastersg7 collected ($0.41)
Seat 6: docthedoc66 folded before Flop (didn't bet)
Seat 7: deileon folded before Flop (didn't bet)
Seat 8: 0RB BR0 (button) folded before Flop (didn't bet)
Seat 9: joacoaranda96 (small blind) folded before Flop



PokerStars Hand #237110153439:  Hold'em No Limit ($0.01/$0.02 USD) - 2022/07/01 23:30:53 PT [2022/07/02 2:30:53 ET]
Table 'Nocturna II' 9-max Seat #9 is the button
Seat 1: SSRxAK89 ($1 in chips) 
Seat 2: JLarco1986 ($1.63 in chips) 
Seat 3: Dorex2007 ($2.53 in chips) 
Seat 4: leohuck25 ($1.15 in chips) 
Seat 5: mastersg7 ($2.18 in chips) 
Seat 6: docthedoc66 ($2.17 in chips) 
Seat 7: deileon ($1.57 in chips) 
Seat 8: 0RB BR0 ($0.48 in chips) 
Seat 9: joacoaranda96 ($0.79 in chips) 
SSRxAK89: posts small blind $0.01
JLarco1986: posts big blind $0.02
*** HOLE CARDS ***
Dealt to Dorex2007 [Jh 2s]
Dorex2007: folds 
leohuck25: folds 
mastersg7: folds 
docthedoc66: folds 
deileon: folds 
0RB BR0: folds 
joacoaranda96: folds 
SSRxAK89: raises $0.03 to $0.05
JLarco1986: folds 
Uncalled bet ($0.03) returned to SSRxAK89
SSRxAK89 collected $0.04 from pot
*** SUMMARY ***
Total pot $0.04 | Rake $0 
Seat 1: SSRxAK89 (small blind) collected ($0.04)
Seat 2: JLarco1986 (big blind) folded before Flop
Seat 3: Dorex2007 folded before Flop (didn't bet)
Seat 4: leohuck25 folded before Flop (didn't bet)
Seat 5: mastersg7 folded before Flop (didn't bet)
Seat 6: docthedoc66 folded before Flop (didn't bet)
Seat 7: deileon folded before Flop (didn't bet)
Seat 8: 0RB BR0 folded before Flop (didn't bet)
Seat 9: joacoaranda96 (button) folded before Flop (didn't bet)



PokerStars Hand #237110155670:  Hold'em No Limit ($0.01/$0.02 USD) - 2022/07/01 23:31:13 PT [2022/07/02 2:31:13 ET]
Table 'Nocturna II' 9-max Seat #1 is the button
Seat 1: SSRxAK89 ($1.02 in chips) 
Seat 2: JLarco1986 ($1.61 in chips) 
Seat 3: Dorex2007 ($2.53 in chips) 
Seat 4: leohuck25 ($1.15 in chips) 
Seat 5: mastersg7 ($2.18 in chips) 
Seat 6: docthedoc66 ($2.17 in chips) 
Seat 7: deileon ($1.57 in chips) 
Seat 8: 0RB BR0 ($0.48 in chips) 
Seat 9: joacoaranda96 ($0.79 in chips) 
JLarco1986: posts small blind $0.01
Dorex2007: posts big blind $0.02
*** HOLE CARDS ***
Dealt to Dorex2007 [Ts 7d]
leohuck25: raises $0.02 to $0.04
mastersg7: folds 
docthedoc66: folds 
deileon: folds 
0RB BR0: folds 
joacoaranda96: folds 
SSRxAK89: folds 
SSRxAK89 leaves the table
JLarco1986: folds 
Dorex2007: folds 
Uncalled bet ($0.02) returned to leohuck25
leohuck25 collected $0.05 from pot
*** SUMMARY ***
Total pot $0.05 | Rake $0 
Seat 1: SSRxAK89 (button) folded before Flop (didn't bet)
Seat 2: JLarco1986 (small blind) folded before Flop
Seat 3: Dorex2007 (big blind) folded before Flop
Seat 4: leohuck25 collected ($0.05)
Seat 5: mastersg7 folded before Flop (didn't bet)
Seat 6: docthedoc66 folded before Flop (didn't bet)
Seat 7: deileon folded before Flop (didn't bet)
Seat 8: 0RB BR0 folded before Flop (didn't bet)
Seat 9: joacoaranda96 folded before Flop (didn't bet)



PokerStars Hand #237110159036:  Hold'em No Limit ($0.01/$0.02 USD) - 2022/07/01 23:31:42 PT [2022/07/02 2:31:42 ET]
Table 'Nocturna II' 9-max Seat #2 is the button
Seat 2: JLarco1986 ($1.60 in chips) 
Seat 3: Dorex2007 ($2.51 in chips) 
Seat 4: leohuck25 ($1.18 in chips) 
Seat 5: mastersg7 ($2.18 in chips) 
Seat 6: docthedoc66 ($2.17 in chips) 
Seat 7: deileon ($1.57 in chips) 
Seat 8: 0RB BR0 ($0.48 in chips) 
Seat 9: joacoaranda96 ($0.79 in chips) 
Dorex2007: posts small blind $0.01
leohuck25: posts big blind $0.02
*** HOLE CARDS ***
Dealt to Dorex2007 [Qh Jc]
Il0vebear joins the table at seat #1 
mastersg7: folds 
docthedoc66: folds 
deileon: folds 
0RB BR0: folds 
joacoaranda96: folds 
JLarco1986: folds 
Dorex2007: raises $0.04 to $0.06
leohuck25: calls $0.04
*** FLOP *** [Jd Ts Kd]
Dorex2007: bets $0.08
leohuck25: folds 
Uncalled bet ($0.08) returned to Dorex2007
Dorex2007 collected $0.12 from pot
*** SUMMARY ***
Total pot $0.12 | Rake $0 
Board [Jd Ts Kd]
Seat 2: JLarco1986 (button) folded before Flop (didn't bet)
Seat 3: Dorex2007 (small blind) collected ($0.12)
Seat 4: leohuck25 (big blind) folded on the Flop
Seat 5: mastersg7 folded before Flop (didn't bet)
Seat 6: docthedoc66 folded before Flop (didn't bet)
Seat 7: deileon folded before Flop (didn't bet)
Seat 8: 0RB BR0 folded before Flop (didn't bet)
Seat 9: joacoaranda96 folded before Flop (didn't bet)



PokerStars Hand #237110162033:  Hold'em No Limit ($0.01/$0.02 USD) - 2022/07/01 23:32:09 PT [2022/07/02 2:32:09 ET]
Table 'Nocturna II' 9-max Seat #3 is the button
Seat 2: JLarco1986 ($1.60 in chips) 
Seat 3: Dorex2007 ($2.57 in chips) 
Seat 4: leohuck25 ($1.12 in chips) 
Seat 5: mastersg7 ($2.18 in chips) 
Seat 6: docthedoc66 ($2.17 in chips) 
Seat 7: deileon ($1.57 in chips) 
Seat 8: 0RB BR0 ($0.48 in chips) 
Seat 9: joacoaranda96 ($0.79 in chips) 
leohuck25: posts small blind $0.01
mastersg7: posts big blind $0.02
Il0vebear: sits out 
*** HOLE CARDS ***
Dealt to Dorex2007 [7c 2h]
docthedoc66: folds 
deileon: folds 
0RB BR0: folds 
joacoaranda96: folds 
JLarco1986: folds 
Dorex2007: folds 
leohuck25: calls $0.01
mastersg7: raises $0.04 to $0.06
leohuck25: calls $0.04
*** FLOP *** [2c Jd 8d]
leohuck25: checks 
mastersg7: bets $0.06
leohuck25: calls $0.06
*** TURN *** [2c Jd 8d] [Js]
leohuck25: checks 
mastersg7: checks 
*** RIVER *** [2c Jd 8d Js] [6s]
leohuck25: checks 
mastersg7: bets $0.11
leohuck25: calls $0.11
*** SHOW DOWN ***
mastersg7: shows [Qc Qd] (two pair, Queens and Jacks)
leohuck25: mucks hand 
mastersg7 collected $0.44 from pot
*** SUMMARY ***
Total pot $0.46 | Rake $0.02 
Board [2c Jd 8d Js 6s]
Seat 2: JLarco1986 folded before Flop (didn't bet)
Seat 3: Dorex2007 (button) folded before Flop (didn't bet)
Seat 4: leohuck25 (small blind) mucked [9d 8s]
Seat 5: mastersg7 (big blind) showed [Qc Qd] and won ($0.44) with two pair, Queens and Jacks
Seat 6: docthedoc66 folded before Flop (didn't bet)
Seat 7: deileon folded before Flop (didn't bet)
Seat 8: 0RB BR0 folded before Flop (didn't bet)
Seat 9: joacoaranda96 folded before Flop (didn't bet)



PokerStars Hand #237110169313:  Hold'em No Limit ($0.01/$0.02 USD) - 2022/07/01 23:33:13 PT [2022/07/02 2:33:13 ET]
Table 'Nocturna II' 9-max Seat #4 is the button
Seat 2: JLarco1986 ($1.60 in chips) 
Seat 3: Dorex2007 ($2.57 in chips) 
Seat 4: leohuck25 ($0.89 in chips) 
Seat 5: mastersg7 ($2.39 in chips) 
Seat 6: docthedoc66 ($2.17 in chips) 
Seat 7: deileon ($1.57 in chips) 
Seat 8: 0RB BR0 ($0.48 in chips) 
Seat 9: joacoaranda96 ($0.79 in chips) 
mastersg7: posts small blind $0.01
docthedoc66: posts big blind $0.02
Il0vebear: sits out 
*** HOLE CARDS ***
Dealt to Dorex2007 [Js Ac]
deileon: folds 
0RB BR0: folds 
joacoaranda96 has timed out
joacoaranda96: folds 
JLarco1986: calls $0.02
Dorex2007: calls $0.02
leohuck25: calls $0.02
mastersg7: calls $0.01
docthedoc66: checks 
*** FLOP *** [3d 7h 5c]
mastersg7: checks 
docthedoc66: checks 
JLarco1986: checks 
Dorex2007: checks 
leohuck25: bets $0.12
mastersg7: folds 
docthedoc66: folds 
JLarco1986: calls $0.12
Dorex2007: folds 
*** TURN *** [3d 7h 5c] [8c]
JLarco1986: checks 
leohuck25: checks 
*** RIVER *** [3d 7h 5c 8c] [Qc]
JLarco1986: bets $0.02
leohuck25: calls $0.02
*** SHOW DOWN ***
JLarco1986: shows [5s 5d] (three of a kind, Fives)
leohuck25: mucks hand 
JLarco1986 collected $0.37 from pot
*** SUMMARY ***
Total pot $0.38 | Rake $0.01 
Board [3d 7h 5c 8c Qc]
Seat 2: JLarco1986 showed [5s 5d] and won ($0.37) with three of a kind, Fives
Seat 3: Dorex2007 folded on the Flop
Seat 4: leohuck25 (button) mucked [As 4h]
Seat 5: mastersg7 (small blind) folded on the Flop
Seat 6: docthedoc66 (big blind) folded on the Flop
Seat 7: deileon folded before Flop (didn't bet)
Seat 8: 0RB BR0 folded before Flop (didn't bet)
Seat 9: joacoaranda96 folded before Flop (didn't bet)



PokerStars Hand #237110177375:  Hold'em No Limit ($0.01/$0.02 USD) - 2022/07/01 23:34:24 PT [2022/07/02 2:34:24 ET]
Table 'Nocturna II' 9-max Seat #5 is the button
Seat 2: JLarco1986 ($1.81 in chips) 
Seat 3: Dorex2007 ($2.55 in chips) 
Seat 4: leohuck25 ($0.73 in chips) 
Seat 5: mastersg7 ($2.37 in chips) 
Seat 6: docthedoc66 ($2.15 in chips) 
Seat 7: deileon ($1.57 in chips) 
Seat 8: 0RB BR0 ($0.48 in chips) 
Seat 9: joacoaranda96 ($0.79 in chips) 
docthedoc66: posts small blind $0.01
deileon: posts big blind $0.02
Il0vebear: sits out 
*** HOLE CARDS ***
Dealt to Dorex2007 [Kd As]
0RB BR0: folds 
joacoaranda96: folds 
JLarco1986: folds 
Dorex2007: raises $0.04 to $0.06
leohuck25: folds 
mastersg7: calls $0.06
docthedoc66: folds 
deileon: folds 
*** FLOP *** [9s Ad 6h]
Dorex2007: bets $0.07
mastersg7: calls $0.07
*** TURN *** [9s Ad 6h] [4s]
Dorex2007: bets $0.28
mastersg7: calls $0.28
*** RIVER *** [9s Ad 6h 4s] [Ts]
Dorex2007: bets $0.41
mastersg7: raises $1.55 to $1.96 and is all-in
Dorex2007: folds 
Uncalled bet ($1.55) returned to mastersg7
mastersg7 collected $1.61 from pot
*** SUMMARY ***
Total pot $1.67 | Rake $0.06 
Board [9s Ad 6h 4s Ts]
Seat 2: JLarco1986 folded before Flop (didn't bet)
Seat 3: Dorex2007 folded on the River
Seat 4: leohuck25 folded before Flop (didn't bet)
Seat 5: mastersg7 (button) collected ($1.61)
Seat 6: docthedoc66 (small blind) folded before Flop
Seat 7: deileon (big blind) folded before Flop
Seat 8: 0RB BR0 folded before Flop (didn't bet)
Seat 9: joacoaranda96 folded before Flop (didn't bet)



PokerStars Hand #237110185355:  Hold'em No Limit ($0.01/$0.02 USD) - 2022/07/01 23:35:33 PT [2022/07/02 2:35:33 ET]
Table 'Nocturna II' 9-max Seat #6 is the button
Seat 2: JLarco1986 ($1.81 in chips) 
Seat 3: Dorex2007 ($2 in chips) 
Seat 4: leohuck25 ($0.73 in chips) 
Seat 5: mastersg7 ($3.16 in chips) 
Seat 6: docthedoc66 ($2.14 in chips) 
Seat 7: deileon ($1.55 in chips) 
Seat 8: 0RB BR0 ($0.48 in chips) 
Seat 9: joacoaranda96 ($0.79 in chips) 
deileon: posts small blind $0.01
0RB BR0: posts big blind $0.02
Il0vebear: sits out 
*** HOLE CARDS ***
Dealt to Dorex2007 [Jd Qc]
joacoaranda96: folds 
JLarco1986: calls $0.02
Dorex2007: folds 
leohuck25: folds 
mastersg7: folds 
docthedoc66: folds 
deileon: folds 
0RB BR0: checks 
*** FLOP *** [Th 2h 7h]
0RB BR0: checks 
JLarco1986: checks 
*** TURN *** [Th 2h 7h] [3c]
0RB BR0: bets $0.02
JLarco1986: folds 
Uncalled bet ($0.02) returned to 0RB BR0
0RB BR0 collected $0.05 from pot
*** SUMMARY ***
Total pot $0.05 | Rake $0 
Board [Th 2h 7h 3c]
Seat 2: JLarco1986 folded on the Turn
Seat 3: Dorex2007 folded before Flop (didn't bet)
Seat 4: leohuck25 folded before Flop (didn't bet)
Seat 5: mastersg7 folded before Flop (didn't bet)
Seat 6: docthedoc66 (button) folded before Flop (didn't bet)
Seat 7: deileon (small blind) folded before Flop
Seat 8: 0RB BR0 (big blind) collected ($0.05)
Seat 9: joacoaranda96 folded before Flop (didn't bet)



