PokerStars Hand #238586690920:  Hold'em No Limit ($0.02/$0.05 USD) - 2022/09/12 12:55:44 PT [2022/09/12 15:55:44 ET]
Table 'Lehigh III' 9-max Seat #4 is the button
Seat 1: PIZZAVIK ($6.53 in chips) 
Seat 2: Helwii ($6.34 in chips) 
Seat 3: Apostol108 ($5.15 in chips) 
Seat 4: KAAS467 ($5.58 in chips) 
Seat 5: linoaspoker ($3.79 in chips) 
Seat 6: tomashovka55 ($5 in chips) 
Seat 7: M@verick21 ($6.32 in chips) 
Seat 8: Gfaster 10 ($11.26 in chips) 
Seat 9: Dorex2007 ($5 in chips) 
linoaspoker: posts small blind $0.02
tomashovka55: posts big blind $0.05
Dorex2007: posts big blind $0.05
*** HOLE CARDS ***
Dealt to Dorex2007 [3d 6s]
M@verick21: raises $0.17 to $0.22
Gfaster 10: folds 
Dorex2007: folds 
PIZZAVIK: folds 
Helwii: folds 
Apostol108: folds 
KAAS467: folds 
linoaspoker: folds 
tomashovka55: folds 
Uncalled bet ($0.17) returned to M@verick21
M@verick21 collected $0.17 from pot
*** SUMMARY ***
Total pot $0.17 | Rake $0 
Seat 1: PIZZAVIK folded before Flop (didn't bet)
Seat 2: Helwii folded before Flop (didn't bet)
Seat 3: Apostol108 folded before Flop (didn't bet)
Seat 4: KAAS467 (button) folded before Flop (didn't bet)
Seat 5: linoaspoker (small blind) folded before Flop
Seat 6: tomashovka55 (big blind) folded before Flop
Seat 7: M@verick21 collected ($0.17)
Seat 8: Gfaster 10 folded before Flop (didn't bet)
Seat 9: Dorex2007 folded before Flop (didn't bet)



PokerStars Hand #238586699714:  Hold'em No Limit ($0.02/$0.05 USD) - 2022/09/12 12:56:13 PT [2022/09/12 15:56:13 ET]
Table 'Lehigh III' 9-max Seat #5 is the button
Seat 1: PIZZAVIK ($6.53 in chips) 
Seat 2: Helwii ($6.34 in chips) 
Seat 3: Apostol108 ($5.15 in chips) 
Seat 4: KAAS467 ($5.58 in chips) 
Seat 5: linoaspoker ($3.77 in chips) 
Seat 6: tomashovka55 ($5 in chips) 
Seat 7: M@verick21 ($6.44 in chips) 
Seat 8: Gfaster 10 ($11.26 in chips) 
Seat 9: Dorex2007 ($5 in chips) 
tomashovka55: posts small blind $0.02
M@verick21: posts big blind $0.05
*** HOLE CARDS ***
Dealt to Dorex2007 [Td 2h]
Gfaster 10: folds 
Dorex2007: folds 
PIZZAVIK: folds 
Helwii: folds 
Apostol108: folds 
KAAS467: raises $0.10 to $0.15
linoaspoker: folds 
tomashovka55: folds 
M@verick21: folds 
Uncalled bet ($0.10) returned to KAAS467
KAAS467 collected $0.12 from pot
KAAS467: doesn't show hand 
*** SUMMARY ***
Total pot $0.12 | Rake $0 
Seat 1: PIZZAVIK folded before Flop (didn't bet)
Seat 2: Helwii folded before Flop (didn't bet)
Seat 3: Apostol108 folded before Flop (didn't bet)
Seat 4: KAAS467 collected ($0.12)
Seat 5: linoaspoker (button) folded before Flop (didn't bet)
Seat 6: tomashovka55 (small blind) folded before Flop
Seat 7: M@verick21 (big blind) folded before Flop
Seat 8: Gfaster 10 folded before Flop (didn't bet)
Seat 9: Dorex2007 folded before Flop (didn't bet)



PokerStars Hand #238586706627:  Hold'em No Limit ($0.02/$0.05 USD) - 2022/09/12 12:56:37 PT [2022/09/12 15:56:37 ET]
Table 'Lehigh III' 9-max Seat #6 is the button
Seat 1: PIZZAVIK ($6.53 in chips) 
Seat 2: Helwii ($6.34 in chips) 
Seat 3: Apostol108 ($5.15 in chips) 
Seat 4: KAAS467 ($5.65 in chips) 
Seat 5: linoaspoker ($3.77 in chips) 
Seat 6: tomashovka55 ($5 in chips) 
Seat 7: M@verick21 ($6.39 in chips) 
Seat 8: Gfaster 10 ($11.26 in chips) 
Seat 9: Dorex2007 ($5 in chips) 
M@verick21: posts small blind $0.02
Gfaster 10: posts big blind $0.05
*** HOLE CARDS ***
Dealt to Dorex2007 [5h 5s]
Dorex2007: calls $0.05
PIZZAVIK: folds 
Helwii: folds 
Apostol108: folds 
KAAS467: folds 
linoaspoker: folds 
tomashovka55: folds 
M@verick21: calls $0.03
Gfaster 10: raises $0.15 to $0.20
Dorex2007: folds 
M@verick21: folds 
Uncalled bet ($0.15) returned to Gfaster 10
Gfaster 10 collected $0.15 from pot
Gfaster 10: doesn't show hand 
*** SUMMARY ***
Total pot $0.15 | Rake $0 
Seat 1: PIZZAVIK folded before Flop (didn't bet)
Seat 2: Helwii folded before Flop (didn't bet)
Seat 3: Apostol108 folded before Flop (didn't bet)
Seat 4: KAAS467 folded before Flop (didn't bet)
Seat 5: linoaspoker folded before Flop (didn't bet)
Seat 6: tomashovka55 (button) folded before Flop (didn't bet)
Seat 7: M@verick21 (small blind) folded before Flop
Seat 8: Gfaster 10 (big blind) collected ($0.15)
Seat 9: Dorex2007 folded before Flop



PokerStars Hand #238586714042:  Hold'em No Limit ($0.02/$0.05 USD) - 2022/09/12 12:57:01 PT [2022/09/12 15:57:01 ET]
Table 'Lehigh III' 9-max Seat #7 is the button
Seat 1: PIZZAVIK ($6.53 in chips) 
Seat 2: Helwii ($6.34 in chips) 
Seat 3: Apostol108 ($5.15 in chips) 
Seat 4: KAAS467 ($5.65 in chips) 
Seat 5: linoaspoker ($3.77 in chips) 
Seat 6: tomashovka55 ($5 in chips) 
Seat 7: M@verick21 ($6.34 in chips) 
Seat 8: Gfaster 10 ($11.36 in chips) 
Seat 9: Dorex2007 ($5 in chips) 
Gfaster 10: posts small blind $0.02
Dorex2007: posts big blind $0.05
*** HOLE CARDS ***
Dealt to Dorex2007 [Ah 7d]
PIZZAVIK: folds 
Helwii: raises $0.07 to $0.12
Apostol108: folds 
KAAS467: folds 
linoaspoker: folds 
tomashovka55: folds 
M@verick21: folds 
Gfaster 10: folds 
Dorex2007: folds 
Uncalled bet ($0.07) returned to Helwii
Helwii collected $0.12 from pot
Helwii: doesn't show hand 
*** SUMMARY ***
Total pot $0.12 | Rake $0 
Seat 1: PIZZAVIK folded before Flop (didn't bet)
Seat 2: Helwii collected ($0.12)
Seat 3: Apostol108 folded before Flop (didn't bet)
Seat 4: KAAS467 folded before Flop (didn't bet)
Seat 5: linoaspoker folded before Flop (didn't bet)
Seat 6: tomashovka55 folded before Flop (didn't bet)
Seat 7: M@verick21 (button) folded before Flop (didn't bet)
Seat 8: Gfaster 10 (small blind) folded before Flop
Seat 9: Dorex2007 (big blind) folded before Flop



PokerStars Hand #238586721401:  Hold'em No Limit ($0.02/$0.05 USD) - 2022/09/12 12:57:26 PT [2022/09/12 15:57:26 ET]
Table 'Lehigh III' 9-max Seat #8 is the button
Seat 1: PIZZAVIK ($6.53 in chips) 
Seat 2: Helwii ($6.41 in chips) 
Seat 3: Apostol108 ($5.15 in chips) 
Seat 4: KAAS467 ($5.65 in chips) 
Seat 5: linoaspoker ($3.77 in chips) 
Seat 6: tomashovka55 ($5 in chips) 
Seat 7: M@verick21 ($6.34 in chips) 
Seat 8: Gfaster 10 ($11.34 in chips) 
Seat 9: Dorex2007 ($5 in chips) 
Dorex2007: posts small blind $0.02
PIZZAVIK: posts big blind $0.05
*** HOLE CARDS ***
Dealt to Dorex2007 [Tc 7d]
Helwii: folds 
Apostol108: folds 
KAAS467: folds 
linoaspoker: calls $0.05
tomashovka55: folds 
M@verick21: folds 
Gfaster 10: folds 
Dorex2007: folds 
PIZZAVIK: checks 
*** FLOP *** [Kd 3s Jh]
PIZZAVIK: checks 
linoaspoker: checks 
*** TURN *** [Kd 3s Jh] [2h]
PIZZAVIK: bets $0.10
linoaspoker: folds 
Uncalled bet ($0.10) returned to PIZZAVIK
PIZZAVIK collected $0.12 from pot
*** SUMMARY ***
Total pot $0.12 | Rake $0 
Board [Kd 3s Jh 2h]
Seat 1: PIZZAVIK (big blind) collected ($0.12)
Seat 2: Helwii folded before Flop (didn't bet)
Seat 3: Apostol108 folded before Flop (didn't bet)
Seat 4: KAAS467 folded before Flop (didn't bet)
Seat 5: linoaspoker folded on the Turn
Seat 6: tomashovka55 folded before Flop (didn't bet)
Seat 7: M@verick21 folded before Flop (didn't bet)
Seat 8: Gfaster 10 (button) folded before Flop (didn't bet)
Seat 9: Dorex2007 (small blind) folded before Flop



PokerStars Hand #238586735444:  Hold'em No Limit ($0.02/$0.05 USD) - 2022/09/12 12:58:12 PT [2022/09/12 15:58:12 ET]
Table 'Lehigh III' 9-max Seat #9 is the button
Seat 1: PIZZAVIK ($6.60 in chips) 
Seat 2: Helwii ($6.41 in chips) 
Seat 3: Apostol108 ($5.15 in chips) 
Seat 4: KAAS467 ($5.65 in chips) 
Seat 5: linoaspoker ($3.72 in chips) 
Seat 6: tomashovka55 ($5 in chips) 
Seat 7: M@verick21 ($6.34 in chips) 
Seat 8: Gfaster 10 ($11.34 in chips) 
Seat 9: Dorex2007 ($5 in chips) 
PIZZAVIK: posts small blind $0.02
Helwii: posts big blind $0.05
*** HOLE CARDS ***
Dealt to Dorex2007 [3s Ks]
Apostol108: folds 
KAAS467: folds 
linoaspoker: folds 
tomashovka55: folds 
M@verick21: folds 
Gfaster 10: raises $0.07 to $0.12
Dorex2007: folds 
PIZZAVIK: folds 
Helwii: folds 
Uncalled bet ($0.07) returned to Gfaster 10
Gfaster 10 collected $0.12 from pot
Gfaster 10: doesn't show hand 
*** SUMMARY ***
Total pot $0.12 | Rake $0 
Seat 1: PIZZAVIK (small blind) folded before Flop
Seat 2: Helwii (big blind) folded before Flop
Seat 3: Apostol108 folded before Flop (didn't bet)
Seat 4: KAAS467 folded before Flop (didn't bet)
Seat 5: linoaspoker folded before Flop (didn't bet)
Seat 6: tomashovka55 folded before Flop (didn't bet)
Seat 7: M@verick21 folded before Flop (didn't bet)
Seat 8: Gfaster 10 collected ($0.12)
Seat 9: Dorex2007 (button) folded before Flop (didn't bet)



PokerStars Hand #238586742141:  Hold'em No Limit ($0.02/$0.05 USD) - 2022/09/12 12:58:34 PT [2022/09/12 15:58:34 ET]
Table 'Lehigh III' 9-max Seat #1 is the button
Seat 1: PIZZAVIK ($6.58 in chips) 
Seat 2: Helwii ($6.36 in chips) 
Seat 3: Apostol108 ($5.15 in chips) 
Seat 4: KAAS467 ($5.65 in chips) 
Seat 5: linoaspoker ($3.72 in chips) 
Seat 6: tomashovka55 ($5 in chips) 
Seat 7: M@verick21 ($6.34 in chips) 
Seat 8: Gfaster 10 ($11.41 in chips) 
Seat 9: Dorex2007 ($5 in chips) 
Helwii: posts small blind $0.02
Apostol108: posts big blind $0.05
*** HOLE CARDS ***
Dealt to Dorex2007 [4c Ac]
KAAS467: folds 
linoaspoker: calls $0.05
tomashovka55: folds 
M@verick21: folds 
Gfaster 10: folds 
Dorex2007: folds 
PIZZAVIK: raises $0.20 to $0.25
Helwii: calls $0.23
Apostol108: folds 
linoaspoker: calls $0.20
*** FLOP *** [Th 7s Qh]
Helwii: checks 
linoaspoker: checks 
PIZZAVIK: bets $0.38
Helwii: folds 
linoaspoker: folds 
Uncalled bet ($0.38) returned to PIZZAVIK
PIZZAVIK collected $0.77 from pot
PIZZAVIK: doesn't show hand 
*** SUMMARY ***
Total pot $0.80 | Rake $0.03 
Board [Th 7s Qh]
Seat 1: PIZZAVIK (button) collected ($0.77)
Seat 2: Helwii (small blind) folded on the Flop
Seat 3: Apostol108 (big blind) folded before Flop
Seat 4: KAAS467 folded before Flop (didn't bet)
Seat 5: linoaspoker folded on the Flop
Seat 6: tomashovka55 folded before Flop (didn't bet)
Seat 7: M@verick21 folded before Flop (didn't bet)
Seat 8: Gfaster 10 folded before Flop (didn't bet)
Seat 9: Dorex2007 folded before Flop (didn't bet)



PokerStars Hand #238586756585:  Hold'em No Limit ($0.02/$0.05 USD) - 2022/09/12 12:59:22 PT [2022/09/12 15:59:22 ET]
Table 'Lehigh III' 9-max Seat #2 is the button
Seat 1: PIZZAVIK ($7.10 in chips) 
Seat 2: Helwii ($6.11 in chips) 
Seat 3: Apostol108 ($5.10 in chips) 
Seat 4: KAAS467 ($5.65 in chips) 
Seat 5: linoaspoker ($3.47 in chips) 
Seat 6: tomashovka55 ($5 in chips) 
Seat 7: M@verick21 ($6.34 in chips) 
Seat 8: Gfaster 10 ($11.41 in chips) 
Seat 9: Dorex2007 ($5 in chips) 
Apostol108: posts small blind $0.02
KAAS467: posts big blind $0.05
*** HOLE CARDS ***
Dealt to Dorex2007 [Ac Ks]
linoaspoker: folds 
tomashovka55: raises $0.07 to $0.12
M@verick21: calls $0.12
Gfaster 10: folds 
Dorex2007: calls $0.12
PIZZAVIK: folds 
Helwii: folds 
Apostol108: folds 
KAAS467: calls $0.07
*** FLOP *** [3c 5c Qs]
KAAS467: checks 
tomashovka55: checks 
M@verick21: checks 
Dorex2007: checks 
*** TURN *** [3c 5c Qs] [Qd]
KAAS467: checks 
tomashovka55: checks 
M@verick21: checks 
Dorex2007: checks 
*** RIVER *** [3c 5c Qs Qd] [8d]
KAAS467: checks 
tomashovka55: checks 
M@verick21: checks 
Dorex2007: checks 
*** SHOW DOWN ***
KAAS467: shows [9c Kc] (a pair of Queens)
tomashovka55: shows [2c 2s] (two pair, Queens and Deuces)
M@verick21: mucks hand 
Dorex2007: mucks hand 
tomashovka55 collected $0.48 from pot
*** SUMMARY ***
Total pot $0.50 | Rake $0.02 
Board [3c 5c Qs Qd 8d]
Seat 1: PIZZAVIK folded before Flop (didn't bet)
Seat 2: Helwii (button) folded before Flop (didn't bet)
Seat 3: Apostol108 (small blind) folded before Flop
Seat 4: KAAS467 (big blind) showed [9c Kc] and lost with a pair of Queens
Seat 5: linoaspoker folded before Flop (didn't bet)
Seat 6: tomashovka55 showed [2c 2s] and won ($0.48) with two pair, Queens and Deuces
Seat 7: M@verick21 mucked [Td Jd]
Seat 8: Gfaster 10 folded before Flop (didn't bet)
Seat 9: Dorex2007 mucked [Ac Ks]



PokerStars Hand #238586779875:  Hold'em No Limit ($0.02/$0.05 USD) - 2022/09/12 13:00:36 PT [2022/09/12 16:00:36 ET]
Table 'Lehigh III' 9-max Seat #3 is the button
Seat 1: PIZZAVIK ($7.10 in chips) 
Seat 2: Helwii ($6.11 in chips) 
Seat 3: Apostol108 ($5.08 in chips) 
Seat 4: KAAS467 ($5.53 in chips) 
Seat 5: linoaspoker ($3.47 in chips) 
Seat 6: tomashovka55 ($5.36 in chips) 
Seat 7: M@verick21 ($6.22 in chips) 
Seat 8: Gfaster 10 ($11.41 in chips) 
Seat 9: Dorex2007 ($5 in chips) 
KAAS467: posts small blind $0.02
linoaspoker: posts big blind $0.05
*** HOLE CARDS ***
Dealt to Dorex2007 [4h Ad]
tomashovka55: folds 
M@verick21: folds 
Gfaster 10: folds 
Dorex2007: folds 
PIZZAVIK: folds 
Helwii: raises $0.07 to $0.12
Apostol108: folds 
KAAS467: folds 
linoaspoker: folds 
Uncalled bet ($0.07) returned to Helwii
Helwii collected $0.12 from pot
Helwii: doesn't show hand 
*** SUMMARY ***
Total pot $0.12 | Rake $0 
Seat 1: PIZZAVIK folded before Flop (didn't bet)
Seat 2: Helwii collected ($0.12)
Seat 3: Apostol108 (button) folded before Flop (didn't bet)
Seat 4: KAAS467 (small blind) folded before Flop
Seat 5: linoaspoker (big blind) folded before Flop
Seat 6: tomashovka55 folded before Flop (didn't bet)
Seat 7: M@verick21 folded before Flop (didn't bet)
Seat 8: Gfaster 10 folded before Flop (didn't bet)
Seat 9: Dorex2007 folded before Flop (didn't bet)



PokerStars Hand #238586789601:  Hold'em No Limit ($0.02/$0.05 USD) - 2022/09/12 13:01:05 PT [2022/09/12 16:01:05 ET]
Table 'Lehigh III' 9-max Seat #4 is the button
Seat 1: PIZZAVIK ($7.10 in chips) 
Seat 2: Helwii ($6.18 in chips) 
Seat 3: Apostol108 ($5.08 in chips) 
Seat 4: KAAS467 ($5.51 in chips) 
Seat 5: linoaspoker ($3.42 in chips) 
Seat 6: tomashovka55 ($5.36 in chips) 
Seat 7: M@verick21 ($6.22 in chips) 
Seat 8: Gfaster 10 ($11.41 in chips) 
Seat 9: Dorex2007 ($5 in chips) 
linoaspoker: posts small blind $0.02
tomashovka55: posts big blind $0.05
*** HOLE CARDS ***
Dealt to Dorex2007 [Ts 8s]
M@verick21: folds 
Gfaster 10: folds 
Dorex2007: folds 
PIZZAVIK: calls $0.05
Helwii: folds 
Apostol108: folds 
KAAS467: folds 
linoaspoker: calls $0.03
tomashovka55: checks 
*** FLOP *** [6h 9h 9c]
linoaspoker: checks 
tomashovka55: checks 
PIZZAVIK: bets $0.10
linoaspoker: folds 
tomashovka55: folds 
Uncalled bet ($0.10) returned to PIZZAVIK
PIZZAVIK collected $0.14 from pot
PIZZAVIK: doesn't show hand 
*** SUMMARY ***
Total pot $0.15 | Rake $0.01 
Board [6h 9h 9c]
Seat 1: PIZZAVIK collected ($0.14)
Seat 2: Helwii folded before Flop (didn't bet)
Seat 3: Apostol108 folded before Flop (didn't bet)
Seat 4: KAAS467 (button) folded before Flop (didn't bet)
Seat 5: linoaspoker (small blind) folded on the Flop
Seat 6: tomashovka55 (big blind) folded on the Flop
Seat 7: M@verick21 folded before Flop (didn't bet)
Seat 8: Gfaster 10 folded before Flop (didn't bet)
Seat 9: Dorex2007 folded before Flop (didn't bet)



PokerStars Hand #238586807083:  Hold'em No Limit ($0.02/$0.05 USD) - 2022/09/12 13:01:51 PT [2022/09/12 16:01:51 ET]
Table 'Lehigh III' 9-max Seat #5 is the button
Seat 1: PIZZAVIK ($7.19 in chips) 
Seat 2: Helwii ($6.18 in chips) 
Seat 3: Apostol108 ($5.08 in chips) 
Seat 4: KAAS467 ($5.51 in chips) 
Seat 5: linoaspoker ($3.37 in chips) 
Seat 6: tomashovka55 ($5.31 in chips) 
Seat 7: M@verick21 ($6.22 in chips) 
Seat 8: Gfaster 10 ($11.41 in chips) 
Seat 9: Dorex2007 ($5 in chips) 
tomashovka55: posts small blind $0.02
M@verick21: posts big blind $0.05
*** HOLE CARDS ***
Dealt to Dorex2007 [7h 6d]
Gfaster 10: folds 
Dorex2007: folds 
PIZZAVIK: folds 
Helwii: raises $0.07 to $0.12
Apostol108: folds 
KAAS467: folds 
linoaspoker: folds 
tomashovka55: folds 
M@verick21: calls $0.07
*** FLOP *** [Ks 4d 3c]
M@verick21: checks 
Helwii: checks 
*** TURN *** [Ks 4d 3c] [5c]
M@verick21: checks 
Helwii: bets $0.09
M@verick21: calls $0.09
*** RIVER *** [Ks 4d 3c 5c] [Js]
M@verick21: checks 
Helwii: checks 
*** SHOW DOWN ***
M@verick21: shows [2d 2h] (a pair of Deuces)
Helwii: shows [6h 6s] (a pair of Sixes)
Helwii collected $0.42 from pot
*** SUMMARY ***
Total pot $0.44 | Rake $0.02 
Board [Ks 4d 3c 5c Js]
Seat 1: PIZZAVIK folded before Flop (didn't bet)
Seat 2: Helwii showed [6h 6s] and won ($0.42) with a pair of Sixes
Seat 3: Apostol108 folded before Flop (didn't bet)
Seat 4: KAAS467 folded before Flop (didn't bet)
Seat 5: linoaspoker (button) folded before Flop (didn't bet)
Seat 6: tomashovka55 (small blind) folded before Flop
Seat 7: M@verick21 (big blind) showed [2d 2h] and lost with a pair of Deuces
Seat 8: Gfaster 10 folded before Flop (didn't bet)
Seat 9: Dorex2007 folded before Flop (didn't bet)



PokerStars Hand #238586823099:  Hold'em No Limit ($0.02/$0.05 USD) - 2022/09/12 13:02:29 PT [2022/09/12 16:02:29 ET]
Table 'Lehigh III' 9-max Seat #6 is the button
Seat 1: PIZZAVIK ($7.19 in chips) 
Seat 2: Helwii ($6.39 in chips) 
Seat 3: Apostol108 ($5.08 in chips) 
Seat 4: KAAS467 ($5.51 in chips) 
Seat 5: linoaspoker ($3.37 in chips) 
Seat 6: tomashovka55 ($5.29 in chips) 
Seat 7: M@verick21 ($6.01 in chips) 
Seat 8: Gfaster 10 ($11.41 in chips) 
Seat 9: Dorex2007 ($5 in chips) 
M@verick21: posts small blind $0.02
Gfaster 10: posts big blind $0.05
*** HOLE CARDS ***
Dealt to Dorex2007 [5h Jd]
Dorex2007: folds 
PIZZAVIK: folds 
Helwii: folds 
Apostol108: folds 
KAAS467: raises $0.10 to $0.15
linoaspoker: folds 
tomashovka55: folds 
M@verick21: calls $0.13
Gfaster 10: folds 
*** FLOP *** [7d Qh 2s]
M@verick21: bets $0.34
KAAS467: folds 
Uncalled bet ($0.34) returned to M@verick21
M@verick21 collected $0.34 from pot
*** SUMMARY ***
Total pot $0.35 | Rake $0.01 
Board [7d Qh 2s]
Seat 1: PIZZAVIK folded before Flop (didn't bet)
Seat 2: Helwii folded before Flop (didn't bet)
Seat 3: Apostol108 folded before Flop (didn't bet)
Seat 4: KAAS467 folded on the Flop
Seat 5: linoaspoker folded before Flop (didn't bet)
Seat 6: tomashovka55 (button) folded before Flop (didn't bet)
Seat 7: M@verick21 (small blind) collected ($0.34)
Seat 8: Gfaster 10 (big blind) folded before Flop
Seat 9: Dorex2007 folded before Flop (didn't bet)



PokerStars Hand #238586841382:  Hold'em No Limit ($0.02/$0.05 USD) - 2022/09/12 13:03:09 PT [2022/09/12 16:03:09 ET]
Table 'Lehigh III' 9-max Seat #7 is the button
Seat 1: PIZZAVIK ($7.19 in chips) 
Seat 2: Helwii ($6.39 in chips) 
Seat 3: Apostol108 ($5.08 in chips) 
Seat 4: KAAS467 ($5.36 in chips) 
Seat 5: linoaspoker ($3.37 in chips) 
Seat 6: tomashovka55 ($5.29 in chips) 
Seat 7: M@verick21 ($6.20 in chips) 
Seat 8: Gfaster 10 ($11.36 in chips) 
Seat 9: Dorex2007 ($5 in chips) 
Gfaster 10: posts small blind $0.02
Dorex2007: posts big blind $0.05
*** HOLE CARDS ***
Dealt to Dorex2007 [4d 2c]
PIZZAVIK: folds 
Helwii: folds 
Apostol108: raises $0.10 to $0.15
KAAS467: folds 
linoaspoker: calls $0.15
tomashovka55: folds 
M@verick21: folds 
Gfaster 10: folds 
Dorex2007: folds 
*** FLOP *** [5d 8c 3d]
Apostol108: bets $0.16
linoaspoker: folds 
Uncalled bet ($0.16) returned to Apostol108
Apostol108 collected $0.35 from pot
Apostol108: doesn't show hand 
*** SUMMARY ***
Total pot $0.37 | Rake $0.02 
Board [5d 8c 3d]
Seat 1: PIZZAVIK folded before Flop (didn't bet)
Seat 2: Helwii folded before Flop (didn't bet)
Seat 3: Apostol108 collected ($0.35)
Seat 4: KAAS467 folded before Flop (didn't bet)
Seat 5: linoaspoker folded on the Flop
Seat 6: tomashovka55 folded before Flop (didn't bet)
Seat 7: M@verick21 (button) folded before Flop (didn't bet)
Seat 8: Gfaster 10 (small blind) folded before Flop
Seat 9: Dorex2007 (big blind) folded before Flop



PokerStars Hand #238586859446:  Hold'em No Limit ($0.02/$0.05 USD) - 2022/09/12 13:03:49 PT [2022/09/12 16:03:49 ET]
Table 'Lehigh III' 9-max Seat #8 is the button
Seat 1: PIZZAVIK ($7.19 in chips) 
Seat 2: Helwii ($6.39 in chips) 
Seat 3: Apostol108 ($5.28 in chips) 
Seat 4: KAAS467 ($5.36 in chips) 
Seat 5: linoaspoker ($3.22 in chips) 
Seat 6: tomashovka55 ($5.29 in chips) 
Seat 7: M@verick21 ($6.20 in chips) 
Seat 8: Gfaster 10 ($11.34 in chips) 
Seat 9: Dorex2007 ($5 in chips) 
Dorex2007: posts small blind $0.02
PIZZAVIK: posts big blind $0.05
*** HOLE CARDS ***
Dealt to Dorex2007 [Ac As]
Helwii: folds 
Apostol108: folds 
KAAS467: raises $0.10 to $0.15
linoaspoker: folds 
tomashovka55: folds 
M@verick21: folds 
Gfaster 10: folds 
Dorex2007: raises $0.15 to $0.30
PIZZAVIK: folds 
KAAS467: calls $0.15
*** FLOP *** [2s 3d Kh]
Dorex2007: bets $0.31
KAAS467: raises $0.62 to $0.93
Dorex2007: calls $0.62
*** TURN *** [2s 3d Kh] [8d]
Dorex2007: checks 
KAAS467: bets $1.20
Dorex2007: calls $1.20
*** RIVER *** [2s 3d Kh 8d] [8c]
Dorex2007: checks 
KAAS467: bets $2.35
Dorex2007: calls $2.35
*** SHOW DOWN ***
KAAS467: shows [Kc Ad] (two pair, Kings and Eights)
Dorex2007: shows [Ac As] (two pair, Aces and Eights)
Dorex2007 collected $9.21 from pot
*** SUMMARY ***
Total pot $9.61 | Rake $0.40 
Board [2s 3d Kh 8d 8c]
Seat 1: PIZZAVIK (big blind) folded before Flop
Seat 2: Helwii folded before Flop (didn't bet)
Seat 3: Apostol108 folded before Flop (didn't bet)
Seat 4: KAAS467 showed [Kc Ad] and lost with two pair, Kings and Eights
Seat 5: linoaspoker folded before Flop (didn't bet)
Seat 6: tomashovka55 folded before Flop (didn't bet)
Seat 7: M@verick21 folded before Flop (didn't bet)
Seat 8: Gfaster 10 (button) folded before Flop (didn't bet)
Seat 9: Dorex2007 (small blind) showed [Ac As] and won ($9.21) with two pair, Aces and Eights



PokerStars Hand #238586899516:  Hold'em No Limit ($0.02/$0.05 USD) - 2022/09/12 13:05:19 PT [2022/09/12 16:05:19 ET]
Table 'Lehigh III' 9-max Seat #9 is the button
Seat 1: PIZZAVIK ($7.14 in chips) 
Seat 2: Helwii ($6.39 in chips) 
Seat 3: Apostol108 ($5.28 in chips) 
Seat 4: KAAS467 ($0.58 in chips) 
Seat 5: linoaspoker ($3.22 in chips) 
Seat 6: tomashovka55 ($5.29 in chips) 
Seat 7: M@verick21 ($6.20 in chips) 
Seat 8: Gfaster 10 ($11.34 in chips) 
Seat 9: Dorex2007 ($9.43 in chips) 
PIZZAVIK: posts small blind $0.02
Helwii: posts big blind $0.05
*** HOLE CARDS ***
Dealt to Dorex2007 [2d Qc]
Apostol108: folds 
KAAS467: raises $0.53 to $0.58 and is all-in
linoaspoker: folds 
tomashovka55: folds 
M@verick21: folds 
Gfaster 10: calls $0.58
Dorex2007: folds 
PIZZAVIK: folds 
Helwii: folds 
*** FLOP *** [8h Ts Ah]
*** TURN *** [8h Ts Ah] [5s]
*** RIVER *** [8h Ts Ah 5s] [9s]
*** SHOW DOWN ***
KAAS467: shows [8d 8c] (three of a kind, Eights)
Gfaster 10: shows [Jc Jh] (a pair of Jacks)
KAAS467 collected $1.18 from pot
*** SUMMARY ***
Total pot $1.23 | Rake $0.05 
Board [8h Ts Ah 5s 9s]
Seat 1: PIZZAVIK (small blind) folded before Flop
Seat 2: Helwii (big blind) folded before Flop
Seat 3: Apostol108 folded before Flop (didn't bet)
Seat 4: KAAS467 showed [8d 8c] and won ($1.18) with three of a kind, Eights
Seat 5: linoaspoker folded before Flop (didn't bet)
Seat 6: tomashovka55 folded before Flop (didn't bet)
Seat 7: M@verick21 folded before Flop (didn't bet)
Seat 8: Gfaster 10 showed [Jc Jh] and lost with a pair of Jacks
Seat 9: Dorex2007 (button) folded before Flop (didn't bet)



PokerStars Hand #238586913200:  Hold'em No Limit ($0.02/$0.05 USD) - 2022/09/12 13:05:50 PT [2022/09/12 16:05:50 ET]
Table 'Lehigh III' 9-max Seat #1 is the button
Seat 1: PIZZAVIK ($7.12 in chips) 
Seat 2: Helwii ($6.34 in chips) 
Seat 3: Apostol108 ($5.28 in chips) 
Seat 4: KAAS467 ($1.18 in chips) 
Seat 5: linoaspoker ($3.22 in chips) 
Seat 6: tomashovka55 ($5.29 in chips) 
Seat 7: M@verick21 ($6.20 in chips) 
Seat 8: Gfaster 10 ($10.76 in chips) 
Seat 9: Dorex2007 ($9.43 in chips) 
Helwii: posts small blind $0.02
Apostol108: posts big blind $0.05
*** HOLE CARDS ***
Dealt to Dorex2007 [6s 7d]
KAAS467: folds 
linoaspoker: folds 
tomashovka55: folds 
M@verick21: folds 
Gfaster 10: folds 
Dorex2007: folds 
PIZZAVIK: raises $0.10 to $0.15
Helwii: calls $0.13
Apostol108: folds 
*** FLOP *** [Js 9s 2d]
Helwii: checks 
PIZZAVIK: bets $0.34
Helwii: folds 
Uncalled bet ($0.34) returned to PIZZAVIK
PIZZAVIK collected $0.34 from pot
PIZZAVIK: doesn't show hand 
*** SUMMARY ***
Total pot $0.35 | Rake $0.01 
Board [Js 9s 2d]
Seat 1: PIZZAVIK (button) collected ($0.34)
Seat 2: Helwii (small blind) folded on the Flop
Seat 3: Apostol108 (big blind) folded before Flop
Seat 4: KAAS467 folded before Flop (didn't bet)
Seat 5: linoaspoker folded before Flop (didn't bet)
Seat 6: tomashovka55 folded before Flop (didn't bet)
Seat 7: M@verick21 folded before Flop (didn't bet)
Seat 8: Gfaster 10 folded before Flop (didn't bet)
Seat 9: Dorex2007 folded before Flop (didn't bet)



PokerStars Hand #238586928602:  Hold'em No Limit ($0.02/$0.05 USD) - 2022/09/12 13:06:24 PT [2022/09/12 16:06:24 ET]
Table 'Lehigh III' 9-max Seat #2 is the button
Seat 1: PIZZAVIK ($7.31 in chips) 
Seat 2: Helwii ($6.19 in chips) 
Seat 3: Apostol108 ($5.23 in chips) 
Seat 4: KAAS467 ($1.18 in chips) 
Seat 5: linoaspoker ($3.22 in chips) 
Seat 6: tomashovka55 ($5.29 in chips) 
Seat 7: M@verick21 ($6.20 in chips) 
Seat 8: Gfaster 10 ($10.76 in chips) 
Seat 9: Dorex2007 ($9.43 in chips) 
Apostol108: posts small blind $0.02
KAAS467: posts big blind $0.05
*** HOLE CARDS ***
Dealt to Dorex2007 [7h 7d]
linoaspoker: calls $0.05
tomashovka55: raises $0.25 to $0.30
M@verick21: folds 
Gfaster 10: folds 
Dorex2007: calls $0.30
PIZZAVIK: calls $0.30
Helwii: folds 
Apostol108: folds 
KAAS467: folds 
linoaspoker: folds 
*** FLOP *** [9c 8h 2h]
tomashovka55: checks 
Dorex2007: checks 
PIZZAVIK: bets $0.50
tomashovka55: raises $1.21 to $1.71
Dorex2007: folds 
PIZZAVIK: folds 
Uncalled bet ($1.21) returned to tomashovka55
tomashovka55 collected $1.94 from pot
tomashovka55: doesn't show hand 
*** SUMMARY ***
Total pot $2.02 | Rake $0.08 
Board [9c 8h 2h]
Seat 1: PIZZAVIK folded on the Flop
Seat 2: Helwii (button) folded before Flop (didn't bet)
Seat 3: Apostol108 (small blind) folded before Flop
Seat 4: KAAS467 (big blind) folded before Flop
Seat 5: linoaspoker folded before Flop
Seat 6: tomashovka55 collected ($1.94)
Seat 7: M@verick21 folded before Flop (didn't bet)
Seat 8: Gfaster 10 folded before Flop (didn't bet)
Seat 9: Dorex2007 folded on the Flop



PokerStars Hand #238586951983:  Hold'em No Limit ($0.02/$0.05 USD) - 2022/09/12 13:07:16 PT [2022/09/12 16:07:16 ET]
Table 'Lehigh III' 9-max Seat #3 is the button
Seat 1: PIZZAVIK ($6.51 in chips) 
Seat 2: Helwii ($6.19 in chips) 
Seat 3: Apostol108 ($5.21 in chips) 
Seat 4: KAAS467 ($1.13 in chips) 
Seat 5: linoaspoker ($3.17 in chips) 
Seat 6: tomashovka55 ($6.43 in chips) 
Seat 7: M@verick21 ($6.20 in chips) 
Seat 8: Gfaster 10 ($10.76 in chips) 
Seat 9: Dorex2007 ($9.13 in chips) 
KAAS467: posts small blind $0.02
linoaspoker: posts big blind $0.05
*** HOLE CARDS ***
Dealt to Dorex2007 [5s 4d]
tomashovka55: folds 
M@verick21: folds 
Gfaster 10: folds 
Dorex2007: folds 
PIZZAVIK: calls $0.05
Helwii: folds 
Apostol108: folds 
KAAS467: folds 
linoaspoker: checks 
*** FLOP *** [9d Ah 6d]
linoaspoker: checks 
PIZZAVIK: bets $0.12
linoaspoker: folds 
Uncalled bet ($0.12) returned to PIZZAVIK
PIZZAVIK collected $0.12 from pot
PIZZAVIK: doesn't show hand 
*** SUMMARY ***
Total pot $0.12 | Rake $0 
Board [9d Ah 6d]
Seat 1: PIZZAVIK collected ($0.12)
Seat 2: Helwii folded before Flop (didn't bet)
Seat 3: Apostol108 (button) folded before Flop (didn't bet)
Seat 4: KAAS467 (small blind) folded before Flop
Seat 5: linoaspoker (big blind) folded on the Flop
Seat 6: tomashovka55 folded before Flop (didn't bet)
Seat 7: M@verick21 folded before Flop (didn't bet)
Seat 8: Gfaster 10 folded before Flop (didn't bet)
Seat 9: Dorex2007 folded before Flop (didn't bet)



PokerStars Hand #238586962574:  Hold'em No Limit ($0.02/$0.05 USD) - 2022/09/12 13:07:40 PT [2022/09/12 16:07:40 ET]
Table 'Lehigh III' 9-max Seat #4 is the button
Seat 1: PIZZAVIK ($6.58 in chips) 
Seat 2: Helwii ($6.19 in chips) 
Seat 3: Apostol108 ($5.21 in chips) 
Seat 4: KAAS467 ($1.11 in chips) 
Seat 5: linoaspoker ($3.12 in chips) 
Seat 6: tomashovka55 ($6.43 in chips) 
Seat 7: M@verick21 ($6.20 in chips) 
Seat 8: Gfaster 10 ($10.76 in chips) 
Seat 9: Dorex2007 ($9.13 in chips) 
linoaspoker: posts small blind $0.02
tomashovka55: posts big blind $0.05
*** HOLE CARDS ***
Dealt to Dorex2007 [5d Ad]
M@verick21 has timed out
M@verick21: folds 
Gfaster 10: folds 
Dorex2007: folds 
PIZZAVIK: folds 
Helwii: folds 
Apostol108: folds 
KAAS467: folds 
linoaspoker: calls $0.03
tomashovka55: checks 
*** FLOP *** [Kc 5h Ah]
linoaspoker: checks 
tomashovka55: checks 
*** TURN *** [Kc 5h Ah] [3h]
linoaspoker: checks 
tomashovka55: checks 
*** RIVER *** [Kc 5h Ah 3h] [7h]
linoaspoker: checks 
tomashovka55: checks 
*** SHOW DOWN ***
linoaspoker: shows [4c 5c] (a pair of Fives)
tomashovka55: mucks hand 
linoaspoker collected $0.10 from pot
*** SUMMARY ***
Total pot $0.10 | Rake $0 
Board [Kc 5h Ah 3h 7h]
Seat 1: PIZZAVIK folded before Flop (didn't bet)
Seat 2: Helwii folded before Flop (didn't bet)
Seat 3: Apostol108 folded before Flop (didn't bet)
Seat 4: KAAS467 (button) folded before Flop (didn't bet)
Seat 5: linoaspoker (small blind) showed [4c 5c] and won ($0.10) with a pair of Fives
Seat 6: tomashovka55 (big blind) mucked [Qc 4s]
Seat 7: M@verick21 folded before Flop (didn't bet)
Seat 8: Gfaster 10 folded before Flop (didn't bet)
Seat 9: Dorex2007 folded before Flop (didn't bet)



PokerStars Hand #238586984366:  Hold'em No Limit ($0.02/$0.05 USD) - 2022/09/12 13:08:29 PT [2022/09/12 16:08:29 ET]
Table 'Lehigh III' 9-max Seat #5 is the button
Seat 1: PIZZAVIK ($6.58 in chips) 
Seat 2: Helwii ($6.19 in chips) 
Seat 3: Apostol108 ($5.21 in chips) 
Seat 4: KAAS467 ($1.11 in chips) 
Seat 5: linoaspoker ($3.17 in chips) 
Seat 6: tomashovka55 ($6.38 in chips) 
Seat 7: M@verick21 ($6.20 in chips) 
Seat 8: Gfaster 10 ($10.76 in chips) 
Seat 9: Dorex2007 ($9.13 in chips) 
tomashovka55: posts small blind $0.02
M@verick21: posts big blind $0.05
*** HOLE CARDS ***
Dealt to Dorex2007 [3d 5h]
Gfaster 10: folds 
Dorex2007: folds 
PIZZAVIK: folds 
Helwii: folds 
Apostol108: folds 
KAAS467: raises $0.10 to $0.15
linoaspoker: folds 
tomashovka55: folds 
M@verick21: folds 
Uncalled bet ($0.10) returned to KAAS467
KAAS467 collected $0.12 from pot
KAAS467: doesn't show hand 
*** SUMMARY ***
Total pot $0.12 | Rake $0 
Seat 1: PIZZAVIK folded before Flop (didn't bet)
Seat 2: Helwii folded before Flop (didn't bet)
Seat 3: Apostol108 folded before Flop (didn't bet)
Seat 4: KAAS467 collected ($0.12)
Seat 5: linoaspoker (button) folded before Flop (didn't bet)
Seat 6: tomashovka55 (small blind) folded before Flop
Seat 7: M@verick21 (big blind) folded before Flop
Seat 8: Gfaster 10 folded before Flop (didn't bet)
Seat 9: Dorex2007 folded before Flop (didn't bet)



PokerStars Hand #238586997258:  Hold'em No Limit ($0.02/$0.05 USD) - 2022/09/12 13:08:58 PT [2022/09/12 16:08:58 ET]
Table 'Lehigh III' 9-max Seat #6 is the button
Seat 1: PIZZAVIK ($6.58 in chips) 
Seat 2: Helwii ($6.19 in chips) 
Seat 3: Apostol108 ($5.21 in chips) 
Seat 4: KAAS467 ($1.18 in chips) 
Seat 5: linoaspoker ($3.17 in chips) 
Seat 6: tomashovka55 ($6.36 in chips) 
Seat 7: M@verick21 ($6.15 in chips) 
Seat 8: Gfaster 10 ($10.76 in chips) 
Seat 9: Dorex2007 ($9.13 in chips) 
M@verick21: posts small blind $0.02
Gfaster 10: posts big blind $0.05
*** HOLE CARDS ***
Dealt to Dorex2007 [7h 3c]
Dorex2007: folds 
PIZZAVIK: calls $0.05
Helwii: folds 
Apostol108: folds 
KAAS467: folds 
linoaspoker: folds 
tomashovka55: calls $0.05
M@verick21: folds 
Gfaster 10: checks 
*** FLOP *** [Js Jd Jc]
Gfaster 10: checks 
PIZZAVIK: checks 
tomashovka55: checks 
*** TURN *** [Js Jd Jc] [Qh]
Gfaster 10: checks 
PIZZAVIK: bets $0.10
tomashovka55: folds 
Gfaster 10: folds 
Uncalled bet ($0.10) returned to PIZZAVIK
PIZZAVIK collected $0.16 from pot
*** SUMMARY ***
Total pot $0.17 | Rake $0.01 
Board [Js Jd Jc Qh]
Seat 1: PIZZAVIK collected ($0.16)
Seat 2: Helwii folded before Flop (didn't bet)
Seat 3: Apostol108 folded before Flop (didn't bet)
Seat 4: KAAS467 folded before Flop (didn't bet)
Seat 5: linoaspoker folded before Flop (didn't bet)
Seat 6: tomashovka55 (button) folded on the Turn
Seat 7: M@verick21 (small blind) folded before Flop
Seat 8: Gfaster 10 (big blind) folded on the Turn
Seat 9: Dorex2007 folded before Flop (didn't bet)



PokerStars Hand #238587014568:  Hold'em No Limit ($0.02/$0.05 USD) - 2022/09/12 13:09:37 PT [2022/09/12 16:09:37 ET]
Table 'Lehigh III' 9-max Seat #7 is the button
Seat 1: PIZZAVIK ($6.69 in chips) 
Seat 2: Helwii ($6.19 in chips) 
Seat 3: Apostol108 ($5.21 in chips) 
Seat 4: KAAS467 ($1.18 in chips) 
Seat 5: linoaspoker ($3.17 in chips) 
Seat 6: tomashovka55 ($6.31 in chips) 
Seat 7: M@verick21 ($6.13 in chips) 
Seat 8: Gfaster 10 ($10.71 in chips) 
Seat 9: Dorex2007 ($9.13 in chips) 
Gfaster 10: posts small blind $0.02
Dorex2007: posts big blind $0.05
*** HOLE CARDS ***
Dealt to Dorex2007 [9h 6d]
PIZZAVIK: folds 
Helwii: folds 
Apostol108: folds 
KAAS467: folds 
linoaspoker: calls $0.05
tomashovka55: folds 
M@verick21: folds 
Gfaster 10: raises $0.07 to $0.12
Dorex2007: folds 
linoaspoker: calls $0.07
*** FLOP *** [7c Qs 8d]
Gfaster 10: checks 
linoaspoker: bets $0.14
Gfaster 10: folds 
Uncalled bet ($0.14) returned to linoaspoker
linoaspoker collected $0.28 from pot
linoaspoker: doesn't show hand 
*** SUMMARY ***
Total pot $0.29 | Rake $0.01 
Board [7c Qs 8d]
Seat 1: PIZZAVIK folded before Flop (didn't bet)
Seat 2: Helwii folded before Flop (didn't bet)
Seat 3: Apostol108 folded before Flop (didn't bet)
Seat 4: KAAS467 folded before Flop (didn't bet)
Seat 5: linoaspoker collected ($0.28)
Seat 6: tomashovka55 folded before Flop (didn't bet)
Seat 7: M@verick21 (button) folded before Flop (didn't bet)
Seat 8: Gfaster 10 (small blind) folded on the Flop
Seat 9: Dorex2007 (big blind) folded before Flop



PokerStars Hand #238587030375:  Hold'em No Limit ($0.02/$0.05 USD) - 2022/09/12 13:10:13 PT [2022/09/12 16:10:13 ET]
Table 'Lehigh III' 9-max Seat #8 is the button
Seat 1: PIZZAVIK ($6.69 in chips) 
Seat 2: Helwii ($6.19 in chips) 
Seat 3: Apostol108 ($5.21 in chips) 
Seat 4: KAAS467 ($1.18 in chips) 
Seat 5: linoaspoker ($3.33 in chips) 
Seat 6: tomashovka55 ($6.31 in chips) 
Seat 7: M@verick21 ($6.13 in chips) 
Seat 8: Gfaster 10 ($10.59 in chips) 
Seat 9: Dorex2007 ($9.08 in chips) 
Dorex2007: posts small blind $0.02
PIZZAVIK: posts big blind $0.05
*** HOLE CARDS ***
Dealt to Dorex2007 [Tc 4h]
Helwii: folds 
Apostol108: raises $0.10 to $0.15
KAAS467: calls $0.15
linoaspoker: raises $0.52 to $0.67
tomashovka55: folds 
M@verick21: folds 
Gfaster 10: folds 
Dorex2007: folds 
PIZZAVIK: folds 
Apostol108: folds 
KAAS467: folds 
Uncalled bet ($0.52) returned to linoaspoker
linoaspoker collected $0.52 from pot
*** SUMMARY ***
Total pot $0.52 | Rake $0 
Seat 1: PIZZAVIK (big blind) folded before Flop
Seat 2: Helwii folded before Flop (didn't bet)
Seat 3: Apostol108 folded before Flop
Seat 4: KAAS467 folded before Flop
Seat 5: linoaspoker collected ($0.52)
Seat 6: tomashovka55 folded before Flop (didn't bet)
Seat 7: M@verick21 folded before Flop (didn't bet)
Seat 8: Gfaster 10 (button) folded before Flop (didn't bet)
Seat 9: Dorex2007 (small blind) folded before Flop



PokerStars Hand #238587048801:  Hold'em No Limit ($0.02/$0.05 USD) - 2022/09/12 13:10:54 PT [2022/09/12 16:10:54 ET]
Table 'Lehigh III' 9-max Seat #9 is the button
Seat 1: PIZZAVIK ($6.64 in chips) 
Seat 2: Helwii ($6.19 in chips) 
Seat 3: Apostol108 ($5.06 in chips) 
Seat 4: KAAS467 ($1.03 in chips) 
Seat 5: linoaspoker ($3.70 in chips) 
Seat 6: tomashovka55 ($6.31 in chips) 
Seat 7: M@verick21 ($6.13 in chips) 
Seat 8: Gfaster 10 ($10.59 in chips) 
Seat 9: Dorex2007 ($9.06 in chips) 
PIZZAVIK: posts small blind $0.02
Helwii: posts big blind $0.05
*** HOLE CARDS ***
Dealt to Dorex2007 [3h Kd]
Apostol108: folds 
KAAS467: folds 
linoaspoker: folds 
tomashovka55: folds 
M@verick21: folds 
Gfaster 10: folds 
Dorex2007: folds 
PIZZAVIK: calls $0.03
Helwii: checks 
*** FLOP *** [Js Jh 6d]
PIZZAVIK: checks 
Helwii: checks 
*** TURN *** [Js Jh 6d] [3d]
PIZZAVIK: bets $0.05
Helwii: calls $0.05
*** RIVER *** [Js Jh 6d 3d] [5s]
PIZZAVIK: bets $0.10
Helwii: folds 
Uncalled bet ($0.10) returned to PIZZAVIK
PIZZAVIK collected $0.19 from pot
PIZZAVIK: doesn't show hand 
*** SUMMARY ***
Total pot $0.20 | Rake $0.01 
Board [Js Jh 6d 3d 5s]
Seat 1: PIZZAVIK (small blind) collected ($0.19)
Seat 2: Helwii (big blind) folded on the River
Seat 3: Apostol108 folded before Flop (didn't bet)
Seat 4: KAAS467 folded before Flop (didn't bet)
Seat 5: linoaspoker folded before Flop (didn't bet)
Seat 6: tomashovka55 folded before Flop (didn't bet)
Seat 7: M@verick21 folded before Flop (didn't bet)
Seat 8: Gfaster 10 folded before Flop (didn't bet)
Seat 9: Dorex2007 (button) folded before Flop (didn't bet)



PokerStars Hand #238587073846:  Hold'em No Limit ($0.02/$0.05 USD) - 2022/09/12 13:11:51 PT [2022/09/12 16:11:51 ET]
Table 'Lehigh III' 9-max Seat #1 is the button
Seat 1: PIZZAVIK ($6.73 in chips) 
Seat 2: Helwii ($6.09 in chips) 
Seat 4: KAAS467 ($1.03 in chips) 
Seat 5: linoaspoker ($3.70 in chips) 
Seat 6: tomashovka55 ($6.31 in chips) 
Seat 7: M@verick21 ($6.13 in chips) 
Seat 8: Gfaster 10 ($10.59 in chips) 
Seat 9: Dorex2007 ($9.06 in chips) 
Helwii: posts small blind $0.02
Apostol108: is sitting out 
KAAS467: posts big blind $0.05
*** HOLE CARDS ***
Dealt to Dorex2007 [Th Jd]
linoaspoker: folds 
tomashovka55: folds 
M@verick21: calls $0.05
Gfaster 10: folds 
Dorex2007: folds 
PIZZAVIK: calls $0.05
Helwii: folds 
KAAS467: checks 
*** FLOP *** [Qs 2s 4c]
KAAS467: checks 
M@verick21: checks 
PIZZAVIK: bets $0.10
KAAS467: folds 
M@verick21: calls $0.10
*** TURN *** [Qs 2s 4c] [As]
M@verick21: checks 
PIZZAVIK: checks 
*** RIVER *** [Qs 2s 4c As] [Qd]
M@verick21: checks 
PIZZAVIK: bets $0.17
M@verick21: calls $0.17
*** SHOW DOWN ***
PIZZAVIK: shows [9c Kc] (a pair of Queens)
M@verick21: shows [5d Ad] (two pair, Aces and Queens)
M@verick21 collected $0.68 from pot
*** SUMMARY ***
Total pot $0.71 | Rake $0.03 
Board [Qs 2s 4c As Qd]
Seat 1: PIZZAVIK (button) showed [9c Kc] and lost with a pair of Queens
Seat 2: Helwii (small blind) folded before Flop
Seat 4: KAAS467 (big blind) folded on the Flop
Seat 5: linoaspoker folded before Flop (didn't bet)
Seat 6: tomashovka55 folded before Flop (didn't bet)
Seat 7: M@verick21 showed [5d Ad] and won ($0.68) with two pair, Aces and Queens
Seat 8: Gfaster 10 folded before Flop (didn't bet)
Seat 9: Dorex2007 folded before Flop (didn't bet)



PokerStars Hand #238587099023:  Hold'em No Limit ($0.02/$0.05 USD) - 2022/09/12 13:12:48 PT [2022/09/12 16:12:48 ET]
Table 'Lehigh III' 9-max Seat #2 is the button
Seat 1: PIZZAVIK ($6.41 in chips) 
Seat 2: Helwii ($6.07 in chips) 
Seat 4: KAAS467 ($0.98 in chips) 
Seat 5: linoaspoker ($3.70 in chips) 
Seat 6: tomashovka55 ($6.31 in chips) 
Seat 7: M@verick21 ($6.49 in chips) 
Seat 8: Gfaster 10 ($10.59 in chips) 
Seat 9: Dorex2007 ($9.06 in chips) 
KAAS467: posts small blind $0.02
linoaspoker: posts big blind $0.05
*** HOLE CARDS ***
Dealt to Dorex2007 [9c 4c]
tomashovka55: folds 
M@verick21: folds 
Gfaster 10: folds 
Dorex2007: folds 
PIZZAVIK: raises $0.10 to $0.15
Helwii: raises $0.30 to $0.45
KAAS467: raises $0.53 to $0.98 and is all-in
linoaspoker: folds 
PIZZAVIK: folds 
Helwii: folds 
Uncalled bet ($0.53) returned to KAAS467
KAAS467 collected $1.10 from pot
KAAS467: doesn't show hand 
*** SUMMARY ***
Total pot $1.10 | Rake $0 
Seat 1: PIZZAVIK folded before Flop
Seat 2: Helwii (button) folded before Flop
Seat 4: KAAS467 (small blind) collected ($1.10)
Seat 5: linoaspoker (big blind) folded before Flop
Seat 6: tomashovka55 folded before Flop (didn't bet)
Seat 7: M@verick21 folded before Flop (didn't bet)
Seat 8: Gfaster 10 folded before Flop (didn't bet)
Seat 9: Dorex2007 folded before Flop (didn't bet)



PokerStars Hand #238587113923:  Hold'em No Limit ($0.02/$0.05 USD) - 2022/09/12 13:13:22 PT [2022/09/12 16:13:22 ET]
Table 'Lehigh III' 9-max Seat #4 is the button
Seat 1: PIZZAVIK ($6.26 in chips) 
Seat 2: Helwii ($5.62 in chips) 
Seat 4: KAAS467 ($1.63 in chips) 
Seat 5: linoaspoker ($3.65 in chips) 
Seat 6: tomashovka55 ($6.31 in chips) 
Seat 7: M@verick21 ($6.49 in chips) 
Seat 8: Gfaster 10 ($10.59 in chips) 
Seat 9: Dorex2007 ($9.06 in chips) 
linoaspoker: posts small blind $0.02
tomashovka55: posts big blind $0.05
*** HOLE CARDS ***
Dealt to Dorex2007 [2s 3d]
M@verick21: folds 
Gfaster 10: folds 
Dorex2007: folds 
PIZZAVIK: raises $0.05 to $0.10
Helwii: folds 
KAAS467: raises $1.53 to $1.63 and is all-in
linoaspoker: calls $1.61
tomashovka55: folds 
PIZZAVIK: folds 
*** FLOP *** [6h Qh 7s]
*** TURN *** [6h Qh 7s] [8d]
*** RIVER *** [6h Qh 7s 8d] [6c]
*** SHOW DOWN ***
linoaspoker: shows [Jh Js] (two pair, Jacks and Sixes)
KAAS467: shows [Jd Jc] (two pair, Jacks and Sixes)
linoaspoker collected $1.64 from pot
KAAS467 collected $1.63 from pot
*** SUMMARY ***
Total pot $3.41 | Rake $0.14 
Board [6h Qh 7s 8d 6c]
Seat 1: PIZZAVIK folded before Flop
Seat 2: Helwii folded before Flop (didn't bet)
Seat 4: KAAS467 (button) showed [Jd Jc] and won ($1.63) with two pair, Jacks and Sixes
Seat 5: linoaspoker (small blind) showed [Jh Js] and won ($1.64) with two pair, Jacks and Sixes
Seat 6: tomashovka55 (big blind) folded before Flop
Seat 7: M@verick21 folded before Flop (didn't bet)
Seat 8: Gfaster 10 folded before Flop (didn't bet)
Seat 9: Dorex2007 folded before Flop (didn't bet)



PokerStars Hand #238587131987:  Hold'em No Limit ($0.02/$0.05 USD) - 2022/09/12 13:14:03 PT [2022/09/12 16:14:03 ET]
Table 'Lehigh III' 9-max Seat #5 is the button
Seat 1: PIZZAVIK ($6.16 in chips) 
Seat 2: Helwii ($5.62 in chips) 
Seat 4: KAAS467 ($1.63 in chips) 
Seat 5: linoaspoker ($3.66 in chips) 
Seat 6: tomashovka55 ($6.26 in chips) 
Seat 7: M@verick21 ($6.49 in chips) 
Seat 8: Gfaster 10 ($10.59 in chips) 
Seat 9: Dorex2007 ($9.06 in chips) 
tomashovka55: posts small blind $0.02
M@verick21: posts big blind $0.05
*** HOLE CARDS ***
Dealt to Dorex2007 [2c 7s]
Gfaster 10: folds 
Dorex2007: folds 
PIZZAVIK: folds 
Helwii: folds 
KAAS467: folds 
linoaspoker: raises $0.10 to $0.15
tomashovka55: calls $0.13
M@verick21: folds 
*** FLOP *** [6d 6h 9s]
tomashovka55: checks 
linoaspoker: bets $0.12
tomashovka55: calls $0.12
*** TURN *** [6d 6h 9s] [3c]
tomashovka55: checks 
linoaspoker: checks 
*** RIVER *** [6d 6h 9s 3c] [Ad]
tomashovka55: checks 
Apostol108 is disconnected 
linoaspoker: bets $0.30
tomashovka55: folds 
Uncalled bet ($0.30) returned to linoaspoker
linoaspoker collected $0.57 from pot
linoaspoker: doesn't show hand 
*** SUMMARY ***
Total pot $0.59 | Rake $0.02 
Board [6d 6h 9s 3c Ad]
Seat 1: PIZZAVIK folded before Flop (didn't bet)
Seat 2: Helwii folded before Flop (didn't bet)
Seat 4: KAAS467 folded before Flop (didn't bet)
Seat 5: linoaspoker (button) collected ($0.57)
Seat 6: tomashovka55 (small blind) folded on the River
Seat 7: M@verick21 (big blind) folded before Flop
Seat 8: Gfaster 10 folded before Flop (didn't bet)
Seat 9: Dorex2007 folded before Flop (didn't bet)



PokerStars Hand #238587161327:  Hold'em No Limit ($0.02/$0.05 USD) - 2022/09/12 13:15:09 PT [2022/09/12 16:15:09 ET]
Table 'Lehigh III' 9-max Seat #6 is the button
Seat 1: PIZZAVIK ($6.16 in chips) 
Seat 2: Helwii ($5.62 in chips) 
Seat 4: KAAS467 ($1.63 in chips) 
Seat 5: linoaspoker ($3.96 in chips) 
Seat 6: tomashovka55 ($5.99 in chips) 
Seat 7: M@verick21 ($6.44 in chips) 
Seat 8: Gfaster 10 ($10.59 in chips) 
Seat 9: Dorex2007 ($9.06 in chips) 
M@verick21: posts small blind $0.02
Gfaster 10: posts big blind $0.05
*** HOLE CARDS ***
Dealt to Dorex2007 [Qs Qd]
Dorex2007: raises $0.05 to $0.10
PIZZAVIK: folds 
Helwii: folds 
KAAS467: folds 
linoaspoker: calls $0.10
tomashovka55: calls $0.10
M@verick21: folds 
Gfaster 10: folds 
*** FLOP *** [Jh 7d Kd]
Dorex2007: checks 
linoaspoker: checks 
tomashovka55: bets $0.16
Dorex2007: folds 
linoaspoker: folds 
Uncalled bet ($0.16) returned to tomashovka55
tomashovka55 collected $0.35 from pot
tomashovka55: doesn't show hand 
*** SUMMARY ***
Total pot $0.37 | Rake $0.02 
Board [Jh 7d Kd]
Seat 1: PIZZAVIK folded before Flop (didn't bet)
Seat 2: Helwii folded before Flop (didn't bet)
Seat 4: KAAS467 folded before Flop (didn't bet)
Seat 5: linoaspoker folded on the Flop
Seat 6: tomashovka55 (button) collected ($0.35)
Seat 7: M@verick21 (small blind) folded before Flop
Seat 8: Gfaster 10 (big blind) folded before Flop
Seat 9: Dorex2007 folded on the Flop



PokerStars Hand #238587171838:  Hold'em No Limit ($0.02/$0.05 USD) - 2022/09/12 13:15:33 PT [2022/09/12 16:15:33 ET]
Table 'Lehigh III' 9-max Seat #7 is the button
Seat 1: PIZZAVIK ($6.16 in chips) 
Seat 2: Helwii ($5.62 in chips) 
Seat 4: KAAS467 ($1.63 in chips) 
Seat 5: linoaspoker ($3.86 in chips) 
Seat 6: tomashovka55 ($6.24 in chips) 
Seat 7: M@verick21 ($6.42 in chips) 
Seat 8: Gfaster 10 ($10.54 in chips) 
Seat 9: Dorex2007 ($8.96 in chips) 
Gfaster 10: posts small blind $0.02
Dorex2007: posts big blind $0.05
*** HOLE CARDS ***
Dealt to Dorex2007 [5c 3d]
PIZZAVIK has timed out
PIZZAVIK: folds 
Helwii: raises $0.07 to $0.12
KAAS467: folds 
linoaspoker: calls $0.12
tomashovka55: folds 
M@verick21: folds 
Gfaster 10: folds 
Dorex2007: folds 
*** FLOP *** [Td 7c Kd]
Helwii: bets $0.12
linoaspoker: raises $0.27 to $0.39
Helwii: folds 
Uncalled bet ($0.27) returned to linoaspoker
linoaspoker collected $0.53 from pot
*** SUMMARY ***
Total pot $0.55 | Rake $0.02 
Board [Td 7c Kd]
Seat 1: PIZZAVIK folded before Flop (didn't bet)
Seat 2: Helwii folded on the Flop
Seat 4: KAAS467 folded before Flop (didn't bet)
Seat 5: linoaspoker collected ($0.53)
Seat 6: tomashovka55 folded before Flop (didn't bet)
Seat 7: M@verick21 (button) folded before Flop (didn't bet)
Seat 8: Gfaster 10 (small blind) folded before Flop
Seat 9: Dorex2007 (big blind) folded before Flop



PokerStars Hand #238587191784:  Hold'em No Limit ($0.02/$0.05 USD) - 2022/09/12 13:16:17 PT [2022/09/12 16:16:17 ET]
Table 'Lehigh III' 9-max Seat #8 is the button
Seat 1: PIZZAVIK ($6.16 in chips) 
Seat 2: Helwii ($5.38 in chips) 
Seat 4: KAAS467 ($1.63 in chips) 
Seat 5: linoaspoker ($4.15 in chips) 
Seat 6: tomashovka55 ($6.24 in chips) 
Seat 7: M@verick21 ($6.42 in chips) 
Seat 8: Gfaster 10 ($10.52 in chips) 
Seat 9: Dorex2007 ($8.91 in chips) 
Dorex2007: posts small blind $0.02
PIZZAVIK: posts big blind $0.05
*** HOLE CARDS ***
Dealt to Dorex2007 [5h 9s]
Helwii: raises $0.07 to $0.12
KAAS467: folds 
linoaspoker: folds 
tomashovka55: folds 
M@verick21: folds 
Gfaster 10: folds 
Dorex2007: folds 
PIZZAVIK: folds 
Uncalled bet ($0.07) returned to Helwii
Helwii collected $0.12 from pot
Helwii: doesn't show hand 
*** SUMMARY ***
Total pot $0.12 | Rake $0 
Seat 1: PIZZAVIK (big blind) folded before Flop
Seat 2: Helwii collected ($0.12)
Seat 4: KAAS467 folded before Flop (didn't bet)
Seat 5: linoaspoker folded before Flop (didn't bet)
Seat 6: tomashovka55 folded before Flop (didn't bet)
Seat 7: M@verick21 folded before Flop (didn't bet)
Seat 8: Gfaster 10 (button) folded before Flop (didn't bet)
Seat 9: Dorex2007 (small blind) folded before Flop



PokerStars Hand #238587202259:  Hold'em No Limit ($0.02/$0.05 USD) - 2022/09/12 13:16:40 PT [2022/09/12 16:16:40 ET]
Table 'Lehigh III' 9-max Seat #9 is the button
Seat 1: PIZZAVIK ($6.11 in chips) 
Seat 2: Helwii ($5.45 in chips) 
Seat 4: KAAS467 ($1.63 in chips) 
Seat 5: linoaspoker ($4.15 in chips) 
Seat 6: tomashovka55 ($6.24 in chips) 
Seat 7: M@verick21 ($6.42 in chips) 
Seat 8: Gfaster 10 ($10.52 in chips) 
Seat 9: Dorex2007 ($8.89 in chips) 
PIZZAVIK: posts small blind $0.02
Helwii: posts big blind $0.05
*** HOLE CARDS ***
Dealt to Dorex2007 [Js 3d]
KAAS467: folds 
linoaspoker: folds 
tomashovka55: folds 
M@verick21: folds 
Gfaster 10: folds 
Dorex2007: folds 
PIZZAVIK: folds 
Uncalled bet ($0.03) returned to Helwii
Helwii collected $0.04 from pot
Helwii: doesn't show hand 
*** SUMMARY ***
Total pot $0.04 | Rake $0 
Seat 1: PIZZAVIK (small blind) folded before Flop
Seat 2: Helwii (big blind) collected ($0.04)
Seat 4: KAAS467 folded before Flop (didn't bet)
Seat 5: linoaspoker folded before Flop (didn't bet)
Seat 6: tomashovka55 folded before Flop (didn't bet)
Seat 7: M@verick21 folded before Flop (didn't bet)
Seat 8: Gfaster 10 folded before Flop (didn't bet)
Seat 9: Dorex2007 (button) folded before Flop (didn't bet)



PokerStars Hand #238587212654:  Hold'em No Limit ($0.02/$0.05 USD) - 2022/09/12 13:17:03 PT [2022/09/12 16:17:03 ET]
Table 'Lehigh III' 9-max Seat #1 is the button
Seat 1: PIZZAVIK ($6.09 in chips) 
Seat 2: Helwii ($5.47 in chips) 
Seat 4: KAAS467 ($1.63 in chips) 
Seat 5: linoaspoker ($4.15 in chips) 
Seat 6: tomashovka55 ($6.24 in chips) 
Seat 7: M@verick21 ($6.42 in chips) 
Seat 8: Gfaster 10 ($10.52 in chips) 
Seat 9: Dorex2007 ($8.89 in chips) 
Helwii: posts small blind $0.02
KAAS467: posts big blind $0.05
*** HOLE CARDS ***
Dealt to Dorex2007 [8d 5d]
linoaspoker: folds 
tomashovka55: folds 
M@verick21: raises $0.10 to $0.15
Gfaster 10: calls $0.15
Dorex2007: folds 
PIZZAVIK: folds 
Helwii: folds 
KAAS467: folds 
*** FLOP *** [8s 4c Kc]
M@verick21: checks 
Gfaster 10: bets $0.18
M@verick21: folds 
Uncalled bet ($0.18) returned to Gfaster 10
Gfaster 10 collected $0.35 from pot
Gfaster 10: doesn't show hand 
*** SUMMARY ***
Total pot $0.37 | Rake $0.02 
Board [8s 4c Kc]
Seat 1: PIZZAVIK (button) folded before Flop (didn't bet)
Seat 2: Helwii (small blind) folded before Flop
Seat 4: KAAS467 (big blind) folded before Flop
Seat 5: linoaspoker folded before Flop (didn't bet)
Seat 6: tomashovka55 folded before Flop (didn't bet)
Seat 7: M@verick21 folded on the Flop
Seat 8: Gfaster 10 collected ($0.35)
Seat 9: Dorex2007 folded before Flop (didn't bet)



PokerStars Hand #238587230069:  Hold'em No Limit ($0.02/$0.05 USD) - 2022/09/12 13:17:42 PT [2022/09/12 16:17:42 ET]
Table 'Lehigh III' 9-max Seat #2 is the button
Seat 1: PIZZAVIK ($6.09 in chips) 
Seat 2: Helwii ($5.45 in chips) 
Seat 4: KAAS467 ($1.58 in chips) 
Seat 5: linoaspoker ($4.15 in chips) 
Seat 6: tomashovka55 ($6.24 in chips) 
Seat 7: M@verick21 ($6.27 in chips) 
Seat 8: Gfaster 10 ($10.72 in chips) 
Seat 9: Dorex2007 ($8.89 in chips) 
KAAS467: posts small blind $0.02
linoaspoker: posts big blind $0.05
*** HOLE CARDS ***
Dealt to Dorex2007 [Kh 6d]
tomashovka55: folds 
M@verick21: folds 
Gfaster 10: raises $0.07 to $0.12
Dorex2007: folds 
PIZZAVIK has timed out
PIZZAVIK: folds 
Helwii: folds 
KAAS467: calls $0.10
tomashovka55 leaves the table
linoaspoker: calls $0.07
*** FLOP *** [Js 9h 4s]
KAAS467: checks 
linoaspoker: checks 
Gfaster 10: checks 
*** TURN *** [Js 9h 4s] [8d]
KAAS467: checks 
linoaspoker: checks 
Gfaster 10: checks 
*** RIVER *** [Js 9h 4s 8d] [Qd]
KAAS467: checks 
linoaspoker: checks 
Gfaster 10: checks 
*** SHOW DOWN ***
KAAS467: shows [3d 2d] (high card Queen)
linoaspoker: shows [8h Ac] (a pair of Eights)
Gfaster 10: mucks hand 
linoaspoker collected $0.35 from pot
*** SUMMARY ***
Total pot $0.36 | Rake $0.01 
Board [Js 9h 4s 8d Qd]
Seat 1: PIZZAVIK folded before Flop (didn't bet)
Seat 2: Helwii (button) folded before Flop (didn't bet)
Seat 4: KAAS467 (small blind) showed [3d 2d] and lost with high card Queen
Seat 5: linoaspoker (big blind) showed [8h Ac] and won ($0.35) with a pair of Eights
Seat 6: tomashovka55 folded before Flop (didn't bet)
Seat 7: M@verick21 folded before Flop (didn't bet)
Seat 8: Gfaster 10 mucked [7h 7s]
Seat 9: Dorex2007 folded before Flop (didn't bet)



PokerStars Hand #238587258341:  Hold'em No Limit ($0.02/$0.05 USD) - 2022/09/12 13:18:44 PT [2022/09/12 16:18:44 ET]
Table 'Lehigh III' 9-max Seat #4 is the button
Seat 1: PIZZAVIK ($6.09 in chips) 
Seat 2: Helwii ($5.45 in chips) 
Seat 4: KAAS467 ($1.46 in chips) 
Seat 5: linoaspoker ($4.38 in chips) 
Seat 7: M@verick21 ($6.27 in chips) 
Seat 8: Gfaster 10 ($10.60 in chips) 
Seat 9: Dorex2007 ($8.89 in chips) 
linoaspoker: posts small blind $0.02
M@verick21: posts big blind $0.05
*** HOLE CARDS ***
Dealt to Dorex2007 [Js Jd]
Gfaster 10: folds 
Dorex2007: raises $0.10 to $0.15
PIZZAVIK: calls $0.15
Helwii: folds 
KAAS467: folds 
linoaspoker: folds 
M@verick21: folds 
*** FLOP *** [Ks 4d Qd]
Dorex2007: checks 
PIZZAVIK: checks 
*** TURN *** [Ks 4d Qd] [Ad]
Dorex2007: bets $0.17
PIZZAVIK: folds 
Uncalled bet ($0.17) returned to Dorex2007
Dorex2007 collected $0.35 from pot
Dorex2007: doesn't show hand 
*** SUMMARY ***
Total pot $0.37 | Rake $0.02 
Board [Ks 4d Qd Ad]
Seat 1: PIZZAVIK folded on the Turn
Seat 2: Helwii folded before Flop (didn't bet)
Seat 4: KAAS467 (button) folded before Flop (didn't bet)
Seat 5: linoaspoker (small blind) folded before Flop
Seat 7: M@verick21 (big blind) folded before Flop
Seat 8: Gfaster 10 folded before Flop (didn't bet)
Seat 9: Dorex2007 collected ($0.35)



PokerStars Hand #238587282419:  Hold'em No Limit ($0.02/$0.05 USD) - 2022/09/12 13:19:37 PT [2022/09/12 16:19:37 ET]
Table 'Lehigh III' 9-max Seat #5 is the button
Seat 1: PIZZAVIK ($5.94 in chips) 
Seat 2: Helwii ($5.45 in chips) 
Seat 4: KAAS467 ($5 in chips) 
Seat 5: linoaspoker ($4.36 in chips) 
Seat 7: M@verick21 ($6.22 in chips) 
Seat 8: Gfaster 10 ($10.60 in chips) 
Seat 9: Dorex2007 ($9.09 in chips) 
M@verick21: posts small blind $0.02
Gfaster 10: posts big blind $0.05
*** HOLE CARDS ***
Dealt to Dorex2007 [5c 4d]
Dorex2007: folds 
PIZZAVIK: folds 
Helwii: folds 
KAAS467: raises $0.10 to $0.15
linoaspoker: calls $0.15
M@verick21: folds 
Gfaster 10: folds 
*** FLOP *** [Kh 9c Th]
joshlp221 joins the table at seat #6 
KAAS467: bets $0.23
linoaspoker: calls $0.23
*** TURN *** [Kh 9c Th] [7s]
KAAS467: bets $0.80
linoaspoker: folds 
Uncalled bet ($0.80) returned to KAAS467
KAAS467 collected $0.80 from pot
KAAS467: doesn't show hand 
*** SUMMARY ***
Total pot $0.83 | Rake $0.03 
Board [Kh 9c Th 7s]
Seat 1: PIZZAVIK folded before Flop (didn't bet)
Seat 2: Helwii folded before Flop (didn't bet)
Seat 4: KAAS467 collected ($0.80)
Seat 5: linoaspoker (button) folded on the Turn
Seat 7: M@verick21 (small blind) folded before Flop
Seat 8: Gfaster 10 (big blind) folded before Flop
Seat 9: Dorex2007 folded before Flop (didn't bet)



PokerStars Hand #238587299336:  Hold'em No Limit ($0.02/$0.05 USD) - 2022/09/12 13:20:14 PT [2022/09/12 16:20:14 ET]
Table 'Lehigh III' 9-max Seat #7 is the button
Seat 1: PIZZAVIK ($5.94 in chips) 
Seat 2: Helwii ($5.45 in chips) 
Seat 4: KAAS467 ($5.42 in chips) 
Seat 5: linoaspoker ($3.98 in chips) 
Seat 6: joshlp221 ($2.84 in chips) 
Seat 7: M@verick21 ($6.20 in chips) 
Seat 8: Gfaster 10 ($10.55 in chips) 
Seat 9: Dorex2007 ($9.09 in chips) 
Gfaster 10: posts small blind $0.02
Dorex2007: posts big blind $0.05
joshlp221: posts big blind $0.05
*** HOLE CARDS ***
Dealt to Dorex2007 [Ks Kd]
PIZZAVIK: folds 
Helwii: folds 
KAAS467: folds 
linoaspoker: calls $0.05
joshlp221: checks 
M@verick21: raises $0.10 to $0.15
Gfaster 10: folds 
Dorex2007: raises $0.42 to $0.57
linoaspoker: folds 
joshlp221: folds 
M@verick21: calls $0.42
*** FLOP *** [Ts Td As]
Dorex2007: checks 
M@verick21: checks 
*** TURN *** [Ts Td As] [4d]
Dorex2007: bets $0.20
M@verick21: calls $0.20
*** RIVER *** [Ts Td As 4d] [7c]
Dorex2007: checks 
M@verick21: checks 
*** SHOW DOWN ***
Dorex2007: shows [Ks Kd] (two pair, Kings and Tens)
M@verick21: mucks hand 
Dorex2007 collected $1.59 from pot
*** SUMMARY ***
Total pot $1.66 | Rake $0.07 
Board [Ts Td As 4d 7c]
Seat 1: PIZZAVIK folded before Flop (didn't bet)
Seat 2: Helwii folded before Flop (didn't bet)
Seat 4: KAAS467 folded before Flop (didn't bet)
Seat 5: linoaspoker folded before Flop
Seat 6: joshlp221 folded before Flop (didn't bet)
Seat 7: M@verick21 (button) mucked [9h 9s]
Seat 8: Gfaster 10 (small blind) folded before Flop
Seat 9: Dorex2007 (big blind) showed [Ks Kd] and won ($1.59) with two pair, Kings and Tens



PokerStars Hand #238587325003:  Hold'em No Limit ($0.02/$0.05 USD) - 2022/09/12 13:21:11 PT [2022/09/12 16:21:11 ET]
Table 'Lehigh III' 9-max Seat #8 is the button
Seat 1: PIZZAVIK ($5.94 in chips) 
Seat 2: Helwii ($5.45 in chips) 
Seat 4: KAAS467 ($5.42 in chips) 
Seat 5: linoaspoker ($3.93 in chips) 
Seat 6: joshlp221 ($2.79 in chips) 
Seat 7: M@verick21 ($5.43 in chips) 
Seat 8: Gfaster 10 ($10.53 in chips) 
Seat 9: Dorex2007 ($9.91 in chips) 
Dorex2007: posts small blind $0.02
PIZZAVIK: posts big blind $0.05
*** HOLE CARDS ***
Dealt to Dorex2007 [3c 6c]
Helwii: folds 
KAAS467: folds 
linoaspoker has timed out
linoaspoker: folds 
joshlp221: folds 
M@verick21: raises $0.10 to $0.15
Gfaster 10: folds 
Dorex2007: folds 
PIZZAVIK: folds 
Uncalled bet ($0.10) returned to M@verick21
M@verick21 collected $0.12 from pot
*** SUMMARY ***
Total pot $0.12 | Rake $0 
Seat 1: PIZZAVIK (big blind) folded before Flop
Seat 2: Helwii folded before Flop (didn't bet)
Seat 4: KAAS467 folded before Flop (didn't bet)
Seat 5: linoaspoker folded before Flop (didn't bet)
Seat 6: joshlp221 folded before Flop (didn't bet)
Seat 7: M@verick21 collected ($0.12)
Seat 8: Gfaster 10 (button) folded before Flop (didn't bet)
Seat 9: Dorex2007 (small blind) folded before Flop



PokerStars Hand #238587339445:  Hold'em No Limit ($0.02/$0.05 USD) - 2022/09/12 13:21:43 PT [2022/09/12 16:21:43 ET]
Table 'Lehigh III' 9-max Seat #9 is the button
Seat 1: PIZZAVIK ($5.89 in chips) 
Seat 2: Helwii ($5.45 in chips) 
Seat 4: KAAS467 ($5.42 in chips) 
Seat 5: linoaspoker ($3.93 in chips) 
Seat 6: joshlp221 ($2.79 in chips) 
Seat 7: M@verick21 ($5.50 in chips) 
Seat 8: Gfaster 10 ($10.53 in chips) 
Seat 9: Dorex2007 ($9.89 in chips) 
PIZZAVIK: posts small blind $0.02
Helwii: posts big blind $0.05
*** HOLE CARDS ***
Dealt to Dorex2007 [Js 8d]
KAAS467: raises $0.10 to $0.15
linoaspoker: raises $0.37 to $0.52
joshlp221: folds 
M@verick21: folds 
Gfaster 10: folds 
Dorex2007: folds 
PIZZAVIK: folds 
Helwii: folds 
KAAS467: folds 
Uncalled bet ($0.37) returned to linoaspoker
linoaspoker collected $0.37 from pot
linoaspoker: doesn't show hand 
*** SUMMARY ***
Total pot $0.37 | Rake $0 
Seat 1: PIZZAVIK (small blind) folded before Flop
Seat 2: Helwii (big blind) folded before Flop
Seat 4: KAAS467 folded before Flop
Seat 5: linoaspoker collected ($0.37)
Seat 6: joshlp221 folded before Flop (didn't bet)
Seat 7: M@verick21 folded before Flop (didn't bet)
Seat 8: Gfaster 10 folded before Flop (didn't bet)
Seat 9: Dorex2007 (button) folded before Flop (didn't bet)



PokerStars Hand #238587352356:  Hold'em No Limit ($0.02/$0.05 USD) - 2022/09/12 13:22:12 PT [2022/09/12 16:22:12 ET]
Table 'Lehigh III' 9-max Seat #1 is the button
Seat 1: PIZZAVIK ($5.87 in chips) 
Seat 2: Helwii ($5.40 in chips) 
Seat 4: KAAS467 ($5.27 in chips) 
Seat 5: linoaspoker ($4.15 in chips) 
Seat 6: joshlp221 ($2.79 in chips) 
Seat 7: M@verick21 ($5.50 in chips) 
Seat 8: Gfaster 10 ($10.53 in chips) 
Seat 9: Dorex2007 ($9.89 in chips) 
Helwii: posts small blind $0.02
KAAS467: posts big blind $0.05
*** HOLE CARDS ***
Dealt to Dorex2007 [Jc Qh]
linoaspoker: calls $0.05
joshlp221: raises $0.10 to $0.15
M@verick21: folds 
Gfaster 10: raises $0.42 to $0.57
Dorex2007: folds 
PIZZAVIK: folds 
Helwii: folds 
KAAS467: folds 
linoaspoker: folds 
joshlp221: folds 
Uncalled bet ($0.42) returned to Gfaster 10
Gfaster 10 collected $0.42 from pot
*** SUMMARY ***
Total pot $0.42 | Rake $0 
Seat 1: PIZZAVIK (button) folded before Flop (didn't bet)
Seat 2: Helwii (small blind) folded before Flop
Seat 4: KAAS467 (big blind) folded before Flop
Seat 5: linoaspoker folded before Flop
Seat 6: joshlp221 folded before Flop
Seat 7: M@verick21 folded before Flop (didn't bet)
Seat 8: Gfaster 10 collected ($0.42)
Seat 9: Dorex2007 folded before Flop (didn't bet)



PokerStars Hand #238587362806:  Hold'em No Limit ($0.02/$0.05 USD) - 2022/09/12 13:22:35 PT [2022/09/12 16:22:35 ET]
Table 'Lehigh III' 9-max Seat #2 is the button
Seat 1: PIZZAVIK ($5.87 in chips) 
Seat 2: Helwii ($5.38 in chips) 
Seat 4: KAAS467 ($5.22 in chips) 
Seat 5: linoaspoker ($4.10 in chips) 
Seat 6: joshlp221 ($2.64 in chips) 
Seat 7: M@verick21 ($5.50 in chips) 
Seat 8: Gfaster 10 ($10.80 in chips) 
Seat 9: Dorex2007 ($9.89 in chips) 
KAAS467: posts small blind $0.02
linoaspoker: posts big blind $0.05
*** HOLE CARDS ***
Dealt to Dorex2007 [Ac 9d]
joshlp221: folds 
M@verick21: folds 
Gfaster 10: folds 
Dorex2007: folds 
PIZZAVIK: raises $0.10 to $0.15
Helwii: calls $0.15
KAAS467: folds 
linoaspoker: folds 
*** FLOP *** [6h Tc 2h]
PIZZAVIK: bets $0.35
Helwii: folds 
Uncalled bet ($0.35) returned to PIZZAVIK
PIZZAVIK collected $0.35 from pot
PIZZAVIK: doesn't show hand 
*** SUMMARY ***
Total pot $0.37 | Rake $0.02 
Board [6h Tc 2h]
Seat 1: PIZZAVIK collected ($0.35)
Seat 2: Helwii (button) folded on the Flop
Seat 4: KAAS467 (small blind) folded before Flop
Seat 5: linoaspoker (big blind) folded before Flop
Seat 6: joshlp221 folded before Flop (didn't bet)
Seat 7: M@verick21 folded before Flop (didn't bet)
Seat 8: Gfaster 10 folded before Flop (didn't bet)
Seat 9: Dorex2007 folded before Flop (didn't bet)



PokerStars Hand #238587378368:  Hold'em No Limit ($0.02/$0.05 USD) - 2022/09/12 13:23:09 PT [2022/09/12 16:23:09 ET]
Table 'Lehigh III' 9-max Seat #4 is the button
Seat 1: PIZZAVIK ($6.07 in chips) 
Seat 2: Helwii ($5.23 in chips) 
Seat 4: KAAS467 ($5.20 in chips) 
Seat 5: linoaspoker ($4.05 in chips) 
Seat 6: joshlp221 ($2.64 in chips) 
Seat 7: M@verick21 ($5.50 in chips) 
Seat 8: Gfaster 10 ($10.80 in chips) 
Seat 9: Dorex2007 ($9.89 in chips) 
linoaspoker: posts small blind $0.02
joshlp221: posts big blind $0.05
*** HOLE CARDS ***
Dealt to Dorex2007 [4h 2d]
M@verick21: folds 
Gfaster 10: folds 
Dorex2007: folds 
PIZZAVIK has timed out
PIZZAVIK: folds 
Helwii: raises $0.07 to $0.12
KAAS467: folds 
linoaspoker: folds 
joshlp221: folds 
Uncalled bet ($0.07) returned to Helwii
Helwii collected $0.12 from pot
Helwii: doesn't show hand 
*** SUMMARY ***
Total pot $0.12 | Rake $0 
Seat 1: PIZZAVIK folded before Flop (didn't bet)
Seat 2: Helwii collected ($0.12)
Seat 4: KAAS467 (button) folded before Flop (didn't bet)
Seat 5: linoaspoker (small blind) folded before Flop
Seat 6: joshlp221 (big blind) folded before Flop
Seat 7: M@verick21 folded before Flop (didn't bet)
Seat 8: Gfaster 10 folded before Flop (didn't bet)
Seat 9: Dorex2007 folded before Flop (didn't bet)



PokerStars Hand #238587392061:  Hold'em No Limit ($0.02/$0.05 USD) - 2022/09/12 13:23:40 PT [2022/09/12 16:23:40 ET]
Table 'Lehigh III' 9-max Seat #5 is the button
Seat 2: Helwii ($5.30 in chips) 
Seat 4: KAAS467 ($5.20 in chips) 
Seat 5: linoaspoker ($4.03 in chips) 
Seat 6: joshlp221 ($2.59 in chips) 
Seat 7: M@verick21 ($5.50 in chips) 
Seat 8: Gfaster 10 ($10.80 in chips) 
Seat 9: Dorex2007 ($9.89 in chips) 
joshlp221: posts small blind $0.02
M@verick21: posts big blind $0.05
*** HOLE CARDS ***
Dealt to Dorex2007 [6h 7c]
Gfaster 10: raises $0.07 to $0.12
Dorex2007: folds 
Helwii: folds 
KAAS467: folds 
linoaspoker: folds 
joshlp221: folds 
M@verick21: folds 
Uncalled bet ($0.07) returned to Gfaster 10
Gfaster 10 collected $0.12 from pot
*** SUMMARY ***
Total pot $0.12 | Rake $0 
Seat 2: Helwii folded before Flop (didn't bet)
Seat 4: KAAS467 folded before Flop (didn't bet)
Seat 5: linoaspoker (button) folded before Flop (didn't bet)
Seat 6: joshlp221 (small blind) folded before Flop
Seat 7: M@verick21 (big blind) folded before Flop
Seat 8: Gfaster 10 collected ($0.12)
Seat 9: Dorex2007 folded before Flop (didn't bet)



PokerStars Hand #238587401289:  Hold'em No Limit ($0.02/$0.05 USD) - 2022/09/12 13:24:00 PT [2022/09/12 16:24:00 ET]
Table 'Lehigh III' 9-max Seat #6 is the button
Seat 1: PIZZAVIK ($6.07 in chips) 
Seat 2: Helwii ($5.30 in chips) 
Seat 4: KAAS467 ($5.20 in chips) 
Seat 5: linoaspoker ($4.03 in chips) 
Seat 6: joshlp221 ($2.57 in chips) 
Seat 7: M@verick21 ($5.45 in chips) 
Seat 8: Gfaster 10 ($10.87 in chips) 
Seat 9: Dorex2007 ($9.89 in chips) 
M@verick21: posts small blind $0.02
Gfaster 10: posts big blind $0.05
*** HOLE CARDS ***
Dealt to Dorex2007 [Ac Kd]
Dorex2007: raises $0.10 to $0.15
PIZZAVIK: folds 
Helwii: folds 
KAAS467: folds 
linoaspoker: calls $0.15
joshlp221: calls $0.15
M@verick21: folds 
Gfaster 10: folds 
*** FLOP *** [Jc 3s 7h]
Dorex2007: checks 
linoaspoker: checks 
joshlp221: checks 
*** TURN *** [Jc 3s 7h] [8h]
Dorex2007: bets $0.25
linoaspoker: folds 
joshlp221: calls $0.25
*** RIVER *** [Jc 3s 7h 8h] [9d]
Dorex2007: checks 
joshlp221: bets $0.49
Dorex2007: folds 
Uncalled bet ($0.49) returned to joshlp221
joshlp221 collected $0.98 from pot
*** SUMMARY ***
Total pot $1.02 | Rake $0.04 
Board [Jc 3s 7h 8h 9d]
Seat 1: PIZZAVIK folded before Flop (didn't bet)
Seat 2: Helwii folded before Flop (didn't bet)
Seat 4: KAAS467 folded before Flop (didn't bet)
Seat 5: linoaspoker folded on the Turn
Seat 6: joshlp221 (button) collected ($0.98)
Seat 7: M@verick21 (small blind) folded before Flop
Seat 8: Gfaster 10 (big blind) folded before Flop
Seat 9: Dorex2007 folded on the River



PokerStars Hand #238587426564:  Hold'em No Limit ($0.02/$0.05 USD) - 2022/09/12 13:24:56 PT [2022/09/12 16:24:56 ET]
Table 'Lehigh III' 9-max Seat #7 is the button
Seat 1: PIZZAVIK ($6.07 in chips) 
Seat 2: Helwii ($5.30 in chips) 
Seat 4: KAAS467 ($5.20 in chips) 
Seat 5: linoaspoker ($3.88 in chips) 
Seat 6: joshlp221 ($3.15 in chips) 
Seat 7: M@verick21 ($5.43 in chips) 
Seat 8: Gfaster 10 ($10.82 in chips) 
Seat 9: Dorex2007 ($9.49 in chips) 
Gfaster 10: posts small blind $0.02
Dorex2007: posts big blind $0.05
*** HOLE CARDS ***
Dealt to Dorex2007 [3s 4s]
Apostol108 leaves the table
PIZZAVIK: folds 
Helwii: folds 
KAAS467: folds 
linoaspoker: folds 
joshlp221: folds 
M@verick21: folds 
Gfaster 10: folds 
Uncalled bet ($0.03) returned to Dorex2007
Dorex2007 collected $0.04 from pot
Dorex2007: doesn't show hand 
*** SUMMARY ***
Total pot $0.04 | Rake $0 
Seat 1: PIZZAVIK folded before Flop (didn't bet)
Seat 2: Helwii folded before Flop (didn't bet)
Seat 4: KAAS467 folded before Flop (didn't bet)
Seat 5: linoaspoker folded before Flop (didn't bet)
Seat 6: joshlp221 folded before Flop (didn't bet)
Seat 7: M@verick21 (button) folded before Flop (didn't bet)
Seat 8: Gfaster 10 (small blind) folded before Flop
Seat 9: Dorex2007 (big blind) collected ($0.04)



PokerStars Hand #238587433060:  Hold'em No Limit ($0.02/$0.05 USD) - 2022/09/12 13:25:10 PT [2022/09/12 16:25:10 ET]
Table 'Lehigh III' 9-max Seat #8 is the button
Seat 1: PIZZAVIK ($6.07 in chips) 
Seat 2: Helwii ($5.30 in chips) 
Seat 4: KAAS467 ($5.20 in chips) 
Seat 5: linoaspoker ($3.88 in chips) 
Seat 6: joshlp221 ($3.15 in chips) 
Seat 7: M@verick21 ($5.43 in chips) 
Seat 8: Gfaster 10 ($10.80 in chips) 
Seat 9: Dorex2007 ($9.51 in chips) 
Dorex2007: posts small blind $0.02
PIZZAVIK: posts big blind $0.05
*** HOLE CARDS ***
Dealt to Dorex2007 [Th 8s]
Helwii: folds 
KAAS467: folds 
linoaspoker: calls $0.05
joshlp221: raises $0.10 to $0.15
M@verick21: folds 
Gfaster 10: folds 
Dorex2007: folds 
Gatto648 joins the table at seat #3 
PIZZAVIK: folds 
linoaspoker: calls $0.10
*** FLOP *** [Kd Qs 6s]
linoaspoker: checks 
joshlp221: bets $0.17
linoaspoker: calls $0.17
*** TURN *** [Kd Qs 6s] [2s]
linoaspoker: checks 
joshlp221: checks 
*** RIVER *** [Kd Qs 6s 2s] [Jh]
linoaspoker: checks 
joshlp221: bets $0.34
linoaspoker: raises $1.36 to $1.70
joshlp221: calls $1.36
*** SHOW DOWN ***
linoaspoker: shows [As 9s] (a flush, Ace high)
joshlp221: mucks hand 
linoaspoker collected $3.94 from pot
*** SUMMARY ***
Total pot $4.11 | Rake $0.17 
Board [Kd Qs 6s 2s Jh]
Seat 1: PIZZAVIK (big blind) folded before Flop
Seat 2: Helwii folded before Flop (didn't bet)
Seat 4: KAAS467 folded before Flop (didn't bet)
Seat 5: linoaspoker showed [As 9s] and won ($3.94) with a flush, Ace high
Seat 6: joshlp221 mucked [Qd Ks]
Seat 7: M@verick21 folded before Flop (didn't bet)
Seat 8: Gfaster 10 (button) folded before Flop (didn't bet)
Seat 9: Dorex2007 (small blind) folded before Flop



PokerStars Hand #238587457331:  Hold'em No Limit ($0.02/$0.05 USD) - 2022/09/12 13:26:04 PT [2022/09/12 16:26:04 ET]
Table 'Lehigh III' 9-max Seat #9 is the button
Seat 1: PIZZAVIK ($6.02 in chips) 
Seat 2: Helwii ($5.30 in chips) 
Seat 4: KAAS467 ($5.20 in chips) 
Seat 5: linoaspoker ($5.80 in chips) 
Seat 6: joshlp221 ($1.13 in chips) 
Seat 7: M@verick21 ($5.43 in chips) 
Seat 8: Gfaster 10 ($10.80 in chips) 
Seat 9: Dorex2007 ($9.49 in chips) 
PIZZAVIK: posts small blind $0.02
Helwii: posts big blind $0.05
Gatto648: sits out 
*** HOLE CARDS ***
Dealt to Dorex2007 [As 8c]
KAAS467: folds 
linoaspoker: folds 
joshlp221: raises $0.10 to $0.15
M@verick21: folds 
Gfaster 10: folds 
Dorex2007: folds 
PIZZAVIK: folds 
Helwii: folds 
Uncalled bet ($0.10) returned to joshlp221
joshlp221 collected $0.12 from pot
*** SUMMARY ***
Total pot $0.12 | Rake $0 
Seat 1: PIZZAVIK (small blind) folded before Flop
Seat 2: Helwii (big blind) folded before Flop
Seat 4: KAAS467 folded before Flop (didn't bet)
Seat 5: linoaspoker folded before Flop (didn't bet)
Seat 6: joshlp221 collected ($0.12)
Seat 7: M@verick21 folded before Flop (didn't bet)
Seat 8: Gfaster 10 folded before Flop (didn't bet)
Seat 9: Dorex2007 (button) folded before Flop (didn't bet)



PokerStars Hand #238587469450:  Hold'em No Limit ($0.02/$0.05 USD) - 2022/09/12 13:26:31 PT [2022/09/12 16:26:31 ET]
Table 'Lehigh III' 9-max Seat #1 is the button
Seat 1: PIZZAVIK ($6 in chips) 
Seat 2: Helwii ($5.25 in chips) 
Seat 3: Gatto648 ($5 in chips) 
Seat 4: KAAS467 ($5.20 in chips) 
Seat 5: linoaspoker ($5.80 in chips) 
Seat 6: joshlp221 ($1.20 in chips) 
Seat 7: M@verick21 ($5.43 in chips) 
Seat 8: Gfaster 10 ($10.80 in chips) 
Seat 9: Dorex2007 ($9.49 in chips) 
Helwii: posts small blind $0.02
Gatto648: posts big blind $0.05
*** HOLE CARDS ***
Dealt to Dorex2007 [2s 9c]
KAAS467: folds 
linoaspoker: folds 
joshlp221: raises $0.10 to $0.15
M@verick21: folds 
Gfaster 10: folds 
Dorex2007: folds 
PIZZAVIK: folds 
Helwii: folds 
Gatto648: folds 
Uncalled bet ($0.10) returned to joshlp221
joshlp221 collected $0.12 from pot
*** SUMMARY ***
Total pot $0.12 | Rake $0 
Seat 1: PIZZAVIK (button) folded before Flop (didn't bet)
Seat 2: Helwii (small blind) folded before Flop
Seat 3: Gatto648 (big blind) folded before Flop
Seat 4: KAAS467 folded before Flop (didn't bet)
Seat 5: linoaspoker folded before Flop (didn't bet)
Seat 6: joshlp221 collected ($0.12)
Seat 7: M@verick21 folded before Flop (didn't bet)
Seat 8: Gfaster 10 folded before Flop (didn't bet)
Seat 9: Dorex2007 folded before Flop (didn't bet)



PokerStars Hand #238587481291:  Hold'em No Limit ($0.02/$0.05 USD) - 2022/09/12 13:26:57 PT [2022/09/12 16:26:57 ET]
Table 'Lehigh III' 9-max Seat #2 is the button
Seat 1: PIZZAVIK ($6 in chips) 
Seat 2: Helwii ($5.23 in chips) 
Seat 3: Gatto648 ($4.95 in chips) 
Seat 4: KAAS467 ($5.20 in chips) 
Seat 5: linoaspoker ($5.80 in chips) 
Seat 6: joshlp221 ($1.27 in chips) 
Seat 7: M@verick21 ($5.43 in chips) 
Seat 8: Gfaster 10 ($10.80 in chips) 
Seat 9: Dorex2007 ($9.49 in chips) 
Gatto648: posts small blind $0.02
KAAS467: posts big blind $0.05
*** HOLE CARDS ***
Dealt to Dorex2007 [6s 4h]
linoaspoker: raises $0.10 to $0.15
joshlp221: folds 
M@verick21: folds 
Gfaster 10: folds 
Dorex2007: folds 
PIZZAVIK: raises $0.25 to $0.40
Helwii: folds 
Gatto648: folds 
KAAS467: folds 
linoaspoker: calls $0.25
*** FLOP *** [5s Ks 8c]
linoaspoker: checks 
PIZZAVIK: checks 
*** TURN *** [5s Ks 8c] [Jc]
linoaspoker: checks 
PIZZAVIK: checks 
*** RIVER *** [5s Ks 8c Jc] [7s]
linoaspoker: bets $0.30
PIZZAVIK: calls $0.30
*** SHOW DOWN ***
linoaspoker: shows [Qd Ac] (high card Ace)
PIZZAVIK: shows [Th Ts] (a pair of Tens)
PIZZAVIK collected $1.41 from pot
*** SUMMARY ***
Total pot $1.47 | Rake $0.06 
Board [5s Ks 8c Jc 7s]
Seat 1: PIZZAVIK showed [Th Ts] and won ($1.41) with a pair of Tens
Seat 2: Helwii (button) folded before Flop (didn't bet)
Seat 3: Gatto648 (small blind) folded before Flop
Seat 4: KAAS467 (big blind) folded before Flop
Seat 5: linoaspoker showed [Qd Ac] and lost with high card Ace
Seat 6: joshlp221 folded before Flop (didn't bet)
Seat 7: M@verick21 folded before Flop (didn't bet)
Seat 8: Gfaster 10 folded before Flop (didn't bet)
Seat 9: Dorex2007 folded before Flop (didn't bet)



PokerStars Hand #238587507755:  Hold'em No Limit ($0.02/$0.05 USD) - 2022/09/12 13:27:57 PT [2022/09/12 16:27:57 ET]
Table 'Lehigh III' 9-max Seat #3 is the button
Seat 1: PIZZAVIK ($6.71 in chips) 
Seat 2: Helwii ($5.23 in chips) 
Seat 3: Gatto648 ($4.93 in chips) 
Seat 4: KAAS467 ($5.15 in chips) 
Seat 5: linoaspoker ($5.10 in chips) 
Seat 6: joshlp221 ($1.27 in chips) 
Seat 7: M@verick21 ($5.43 in chips) 
Seat 8: Gfaster 10 ($10.80 in chips) 
Seat 9: Dorex2007 ($9.49 in chips) 
KAAS467: posts small blind $0.02
linoaspoker: posts big blind $0.05
*** HOLE CARDS ***
Dealt to Dorex2007 [Jc 5s]
joshlp221: folds 
M@verick21: folds 
Gfaster 10: folds 
Dorex2007: folds 
PIZZAVIK: folds 
Helwii: folds 
Gatto648: raises $0.10 to $0.15
KAAS467: folds 
linoaspoker: folds 
Uncalled bet ($0.10) returned to Gatto648
Gatto648 collected $0.12 from pot
*** SUMMARY ***
Total pot $0.12 | Rake $0 
Seat 1: PIZZAVIK folded before Flop (didn't bet)
Seat 2: Helwii folded before Flop (didn't bet)
Seat 3: Gatto648 (button) collected ($0.12)
Seat 4: KAAS467 (small blind) folded before Flop
Seat 5: linoaspoker (big blind) folded before Flop
Seat 6: joshlp221 folded before Flop (didn't bet)
Seat 7: M@verick21 folded before Flop (didn't bet)
Seat 8: Gfaster 10 folded before Flop (didn't bet)
Seat 9: Dorex2007 folded before Flop (didn't bet)



PokerStars Hand #238587516736:  Hold'em No Limit ($0.02/$0.05 USD) - 2022/09/12 13:28:17 PT [2022/09/12 16:28:17 ET]
Table 'Lehigh III' 9-max Seat #4 is the button
Seat 1: PIZZAVIK ($6.71 in chips) 
Seat 2: Helwii ($5.23 in chips) 
Seat 3: Gatto648 ($5 in chips) 
Seat 4: KAAS467 ($5.13 in chips) 
Seat 5: linoaspoker ($5.05 in chips) 
Seat 6: joshlp221 ($1.27 in chips) 
Seat 7: M@verick21 ($5.43 in chips) 
Seat 8: Gfaster 10 ($10.80 in chips) 
Seat 9: Dorex2007 ($9.49 in chips) 
linoaspoker: posts small blind $0.02
joshlp221: posts big blind $0.05
*** HOLE CARDS ***
Dealt to Dorex2007 [6c Jc]
M@verick21: calls $0.05
Gfaster 10: folds 
Dorex2007: folds 
PIZZAVIK: folds 
Helwii: raises $0.10 to $0.15
Gatto648: folds 
KAAS467: calls $0.15
linoaspoker: folds 
joshlp221: calls $0.10
M@verick21: calls $0.10
*** FLOP *** [Kh 5d Ks]
joshlp221: checks 
M@verick21: checks 
Helwii: checks 
KAAS467: checks 
*** TURN *** [Kh 5d Ks] [3c]
joshlp221: checks 
M@verick21: checks 
Helwii: bets $0.20
KAAS467: folds 
joshlp221: folds 
M@verick21: folds 
Uncalled bet ($0.20) returned to Helwii
Helwii collected $0.59 from pot
Helwii: doesn't show hand 
*** SUMMARY ***
Total pot $0.62 | Rake $0.03 
Board [Kh 5d Ks 3c]
Seat 1: PIZZAVIK folded before Flop (didn't bet)
Seat 2: Helwii collected ($0.59)
Seat 3: Gatto648 folded before Flop (didn't bet)
Seat 4: KAAS467 (button) folded on the Turn
Seat 5: linoaspoker (small blind) folded before Flop
Seat 6: joshlp221 (big blind) folded on the Turn
Seat 7: M@verick21 folded on the Turn
Seat 8: Gfaster 10 folded before Flop (didn't bet)
Seat 9: Dorex2007 folded before Flop (didn't bet)



PokerStars Hand #238587546863:  Hold'em No Limit ($0.02/$0.05 USD) - 2022/09/12 13:29:25 PT [2022/09/12 16:29:25 ET]
Table 'Lehigh III' 9-max Seat #5 is the button
Seat 1: PIZZAVIK ($6.71 in chips) 
Seat 2: Helwii ($5.67 in chips) 
Seat 3: Gatto648 ($5 in chips) 
Seat 4: KAAS467 ($4.98 in chips) 
Seat 5: linoaspoker ($5.03 in chips) 
Seat 6: joshlp221 ($1.12 in chips) 
Seat 7: M@verick21 ($5.28 in chips) 
Seat 8: Gfaster 10 ($10.80 in chips) 
Seat 9: Dorex2007 ($9.49 in chips) 
joshlp221: posts small blind $0.02
M@verick21: posts big blind $0.05
*** HOLE CARDS ***
Dealt to Dorex2007 [6c 7h]
Gfaster 10: folds 
Dorex2007: folds 
PIZZAVIK: folds 
Helwii: folds 
Gatto648: folds 
KAAS467: raises $0.10 to $0.15
linoaspoker: folds 
linoaspoker leaves the table
joshlp221: calls $0.13
M@verick21: folds 
*** FLOP *** [2s 9s 2c]
joshlp221: checks 
KAAS467: bets $0.17
joshlp221: calls $0.17
*** TURN *** [2s 9s 2c] [As]
joshlp221: checks 
KAAS467: bets $0.33
joshlp221: calls $0.33
*** RIVER *** [2s 9s 2c As] [8c]
joshlp221: checks 
KAAS467: bets $0.86
joshlp221: folds 
Uncalled bet ($0.86) returned to KAAS467
KAAS467 collected $1.29 from pot
KAAS467: doesn't show hand 
*** SUMMARY ***
Total pot $1.35 | Rake $0.06 
Board [2s 9s 2c As 8c]
Seat 1: PIZZAVIK folded before Flop (didn't bet)
Seat 2: Helwii folded before Flop (didn't bet)
Seat 3: Gatto648 folded before Flop (didn't bet)
Seat 4: KAAS467 collected ($1.29)
Seat 5: linoaspoker (button) folded before Flop (didn't bet)
Seat 6: joshlp221 (small blind) folded on the River
Seat 7: M@verick21 (big blind) folded before Flop
Seat 8: Gfaster 10 folded before Flop (didn't bet)
Seat 9: Dorex2007 folded before Flop (didn't bet)



PokerStars Hand #238587574471:  Hold'em No Limit ($0.02/$0.05 USD) - 2022/09/12 13:30:27 PT [2022/09/12 16:30:27 ET]
Table 'Lehigh III' 9-max Seat #6 is the button
Seat 1: PIZZAVIK ($6.71 in chips) 
Seat 2: Helwii ($5.67 in chips) 
Seat 3: Gatto648 ($5 in chips) 
Seat 4: KAAS467 ($5.62 in chips) 
Seat 6: joshlp221 ($0.47 in chips) 
Seat 7: M@verick21 ($5.23 in chips) 
Seat 9: Dorex2007 ($9.49 in chips) 
M@verick21: posts small blind $0.02
Gfaster 10 has timed out
Gfaster 10: is sitting out 
Dorex2007: posts big blind $0.05
*** HOLE CARDS ***
Dealt to Dorex2007 [Kh 6s]
PIZZAVIK: folds 
Helwii: raises $0.07 to $0.12
CreamySonic joins the table at seat #5 
Gatto648: folds 
KAAS467: folds 
joshlp221: raises $0.35 to $0.47 and is all-in
Gfaster 10 is disconnected 
M@verick21: folds 
Dorex2007: folds 
Helwii: folds 
Uncalled bet ($0.35) returned to joshlp221
joshlp221 collected $0.31 from pot
*** SUMMARY ***
Total pot $0.31 | Rake $0 
Seat 1: PIZZAVIK folded before Flop (didn't bet)
Seat 2: Helwii folded before Flop
Seat 3: Gatto648 folded before Flop (didn't bet)
Seat 4: KAAS467 folded before Flop (didn't bet)
Seat 6: joshlp221 (button) collected ($0.31)
Seat 7: M@verick21 (small blind) folded before Flop
Seat 9: Dorex2007 (big blind) folded before Flop



PokerStars Hand #238587592895:  Hold'em No Limit ($0.02/$0.05 USD) - 2022/09/12 13:31:08 PT [2022/09/12 16:31:08 ET]
Table 'Lehigh III' 9-max Seat #7 is the button
Seat 1: PIZZAVIK ($6.71 in chips) 
Seat 2: Helwii ($5.55 in chips) 
Seat 3: Gatto648 ($5 in chips) 
Seat 4: KAAS467 ($5.62 in chips) 
Seat 6: joshlp221 ($0.66 in chips) 
Seat 7: M@verick21 ($5.21 in chips) 
Seat 9: Dorex2007 ($9.44 in chips) 
Dorex2007: posts small blind $0.02
PIZZAVIK: posts big blind $0.05
CreamySonic: sits out 
*** HOLE CARDS ***
Dealt to Dorex2007 [2c 2s]
Helwii: folds 
Gatto648: raises $0.10 to $0.15
KAAS467: folds 
joshlp221: folds 
M@verick21 has timed out
M@verick21: folds 
Dorex2007: calls $0.13
PIZZAVIK: calls $0.10
*** FLOP *** [Ts 5c Ks]
Dorex2007: checks 
PIZZAVIK: bets $0.15
Gatto648: folds 
Dorex2007: folds 
Uncalled bet ($0.15) returned to PIZZAVIK
PIZZAVIK collected $0.43 from pot
*** SUMMARY ***
Total pot $0.45 | Rake $0.02 
Board [Ts 5c Ks]
Seat 1: PIZZAVIK (big blind) collected ($0.43)
Seat 2: Helwii folded before Flop (didn't bet)
Seat 3: Gatto648 folded on the Flop
Seat 4: KAAS467 folded before Flop (didn't bet)
Seat 6: joshlp221 folded before Flop (didn't bet)
Seat 7: M@verick21 (button) folded before Flop (didn't bet)
Seat 9: Dorex2007 (small blind) folded on the Flop



PokerStars Hand #238587622321:  Hold'em No Limit ($0.02/$0.05 USD) - 2022/09/12 13:32:13 PT [2022/09/12 16:32:13 ET]
Table 'Lehigh III' 9-max Seat #9 is the button
Seat 1: PIZZAVIK ($6.99 in chips) 
Seat 2: Helwii ($5.55 in chips) 
Seat 3: Gatto648 ($4.85 in chips) 
Seat 4: KAAS467 ($5.62 in chips) 
Seat 5: CreamySonic ($3.54 in chips) 
Seat 6: joshlp221 ($0.66 in chips) 
Seat 7: M@verick21 ($5.21 in chips) 
Seat 9: Dorex2007 ($9.29 in chips) 
PIZZAVIK: posts small blind $0.02
Helwii: posts big blind $0.05
CreamySonic: posts big blind $0.05
Gfaster 10: sits out 
*** HOLE CARDS ***
Dealt to Dorex2007 [7s Ah]
Gatto648: folds 
KAAS467: folds 
CreamySonic: checks 
joshlp221: folds 
M@verick21: calls $0.05
Dorex2007: folds 
PIZZAVIK: raises $0.20 to $0.25
Helwii: folds 
CreamySonic: folds 
M@verick21: calls $0.20
*** FLOP *** [3s Jc 4s]
PIZZAVIK: bets $0.58
M@verick21: folds 
Uncalled bet ($0.58) returned to PIZZAVIK
PIZZAVIK collected $0.58 from pot
PIZZAVIK: doesn't show hand 
*** SUMMARY ***
Total pot $0.60 | Rake $0.02 
Board [3s Jc 4s]
Seat 1: PIZZAVIK (small blind) collected ($0.58)
Seat 2: Helwii (big blind) folded before Flop
Seat 3: Gatto648 folded before Flop (didn't bet)
Seat 4: KAAS467 folded before Flop (didn't bet)
Seat 5: CreamySonic folded before Flop (didn't bet)
Seat 6: joshlp221 folded before Flop (didn't bet)
Seat 7: M@verick21 folded on the Flop
Seat 9: Dorex2007 (button) folded before Flop (didn't bet)



PokerStars Hand #238587643398:  Hold'em No Limit ($0.02/$0.05 USD) - 2022/09/12 13:33:00 PT [2022/09/12 16:33:00 ET]
Table 'Lehigh III' 9-max Seat #1 is the button
Seat 1: PIZZAVIK ($7.32 in chips) 
Seat 2: Helwii ($5.50 in chips) 
Seat 3: Gatto648 ($4.85 in chips) 
Seat 4: KAAS467 ($5.62 in chips) 
Seat 5: CreamySonic ($3.49 in chips) 
Seat 6: joshlp221 ($0.66 in chips) 
Seat 7: M@verick21 ($4.96 in chips) 
Seat 9: Dorex2007 ($9.29 in chips) 
Helwii: posts small blind $0.02
Gatto648: posts big blind $0.05
Gfaster 10: sits out 
*** HOLE CARDS ***
Dealt to Dorex2007 [6s 8d]
KAAS467: folds 
CreamySonic: folds 
joshlp221: folds 
M@verick21: folds 
Dorex2007: folds 
PIZZAVIK: folds 
Helwii: folds 
Uncalled bet ($0.03) returned to Gatto648
Gatto648 collected $0.04 from pot
*** SUMMARY ***
Total pot $0.04 | Rake $0 
Seat 1: PIZZAVIK (button) folded before Flop (didn't bet)
Seat 2: Helwii (small blind) folded before Flop
Seat 3: Gatto648 (big blind) collected ($0.04)
Seat 4: KAAS467 folded before Flop (didn't bet)
Seat 5: CreamySonic folded before Flop (didn't bet)
Seat 6: joshlp221 folded before Flop (didn't bet)
Seat 7: M@verick21 folded before Flop (didn't bet)
Seat 9: Dorex2007 folded before Flop (didn't bet)



PokerStars Hand #238587652917:  Hold'em No Limit ($0.02/$0.05 USD) - 2022/09/12 13:33:22 PT [2022/09/12 16:33:22 ET]
Table 'Lehigh III' 9-max Seat #2 is the button
Seat 1: PIZZAVIK ($7.32 in chips) 
Seat 2: Helwii ($5.48 in chips) 
Seat 3: Gatto648 ($4.87 in chips) 
Seat 4: KAAS467 ($5.62 in chips) 
Seat 5: CreamySonic ($3.49 in chips) 
Seat 6: joshlp221 ($0.66 in chips) 
Seat 7: M@verick21 ($4.96 in chips) 
Seat 9: Dorex2007 ($9.29 in chips) 
Gatto648: posts small blind $0.02
KAAS467: posts big blind $0.05
Gfaster 10: sits out 
*** HOLE CARDS ***
Dealt to Dorex2007 [6d 4h]
CreamySonic: folds 
joshlp221: calls $0.05
M@verick21: folds 
Dorex2007: folds 
PIZZAVIK: folds 
Helwii: folds 
Gatto648: calls $0.03
KAAS467: checks 
*** FLOP *** [5h 3d 3s]
Gatto648: checks 
KAAS467: bets $0.20
joshlp221: folds 
Gatto648: folds 
Uncalled bet ($0.20) returned to KAAS467
KAAS467 collected $0.14 from pot
KAAS467: doesn't show hand 
*** SUMMARY ***
Total pot $0.15 | Rake $0.01 
Board [5h 3d 3s]
Seat 1: PIZZAVIK folded before Flop (didn't bet)
Seat 2: Helwii (button) folded before Flop (didn't bet)
Seat 3: Gatto648 (small blind) folded on the Flop
Seat 4: KAAS467 (big blind) collected ($0.14)
Seat 5: CreamySonic folded before Flop (didn't bet)
Seat 6: joshlp221 folded on the Flop
Seat 7: M@verick21 folded before Flop (didn't bet)
Seat 9: Dorex2007 folded before Flop (didn't bet)



PokerStars Hand #238587669988:  Hold'em No Limit ($0.02/$0.05 USD) - 2022/09/12 13:34:00 PT [2022/09/12 16:34:00 ET]
Table 'Lehigh III' 9-max Seat #3 is the button
Seat 1: PIZZAVIK ($7.32 in chips) 
Seat 2: Helwii ($5.48 in chips) 
Seat 3: Gatto648 ($4.82 in chips) 
Seat 4: KAAS467 ($5.71 in chips) 
Seat 5: CreamySonic ($3.49 in chips) 
Seat 6: joshlp221 ($0.61 in chips) 
Seat 7: M@verick21 ($4.96 in chips) 
Seat 9: Dorex2007 ($9.29 in chips) 
KAAS467: posts small blind $0.02
CreamySonic: posts big blind $0.05
Gfaster 10: sits out 
*** HOLE CARDS ***
Dealt to Dorex2007 [6c 8s]
joshlp221: folds 
M@verick21: folds 
Dorex2007: folds 
PIZZAVIK: raises $0.10 to $0.15
Helwii: folds 
Gatto648: folds 
KAAS467: folds 
CreamySonic: calls $0.10
*** FLOP *** [5d 9c Kh]
CreamySonic: checks 
PIZZAVIK: bets $0.15
CreamySonic: calls $0.15
*** TURN *** [5d 9c Kh] [5h]
CreamySonic: checks 
PIZZAVIK: checks 
*** RIVER *** [5d 9c Kh 5h] [6d]
CreamySonic: bets $0.20
PIZZAVIK: folds 
Uncalled bet ($0.20) returned to CreamySonic
CreamySonic collected $0.59 from pot
*** SUMMARY ***
Total pot $0.62 | Rake $0.03 
Board [5d 9c Kh 5h 6d]
Seat 1: PIZZAVIK folded on the River
Seat 2: Helwii folded before Flop (didn't bet)
Seat 3: Gatto648 (button) folded before Flop (didn't bet)
Seat 4: KAAS467 (small blind) folded before Flop
Seat 5: CreamySonic (big blind) collected ($0.59)
Seat 6: joshlp221 folded before Flop (didn't bet)
Seat 7: M@verick21 folded before Flop (didn't bet)
Seat 9: Dorex2007 folded before Flop (didn't bet)



PokerStars Hand #238587705091:  Hold'em No Limit ($0.02/$0.05 USD) - 2022/09/12 13:35:19 PT [2022/09/12 16:35:19 ET]
Table 'Lehigh III' 9-max Seat #4 is the button
Seat 1: PIZZAVIK ($7.02 in chips) 
Seat 2: Helwii ($5.48 in chips) 
Seat 3: Gatto648 ($4.82 in chips) 
Seat 4: KAAS467 ($5.69 in chips) 
Seat 5: CreamySonic ($3.78 in chips) 
Seat 6: joshlp221 ($0.61 in chips) 
Seat 7: M@verick21 ($4.96 in chips) 
Seat 8: Gfaster 10 ($10.80 in chips) 
Seat 9: Dorex2007 ($9.29 in chips) 
CreamySonic: posts small blind $0.02
joshlp221: posts big blind $0.05
Gfaster 10: posts small & big blinds $0.07
*** HOLE CARDS ***
Dealt to Dorex2007 [As 4c]
M@verick21: folds 
Gfaster 10: checks 
Dorex2007: folds 
PIZZAVIK: folds 
Helwii: folds 
Gatto648: folds 
KAAS467: raises $0.10 to $0.15
CreamySonic: folds 
joshlp221: calls $0.10
Gfaster 10: folds 
*** FLOP *** [4s Td 2h]
joshlp221: checks 
KAAS467: bets $0.18
joshlp221: calls $0.18
*** TURN *** [4s Td 2h] [Ad]
joshlp221: checks 
KAAS467: bets $0.48
joshlp221: calls $0.28 and is all-in
Uncalled bet ($0.20) returned to KAAS467
*** RIVER *** [4s Td 2h Ad] [4h]
*** SHOW DOWN ***
joshlp221: shows [Jh Qc] (a pair of Fours)
KAAS467: shows [Ah Js] (two pair, Aces and Fours)
KAAS467 collected $1.26 from pot
*** SUMMARY ***
Total pot $1.31 | Rake $0.05 
Board [4s Td 2h Ad 4h]
Seat 1: PIZZAVIK folded before Flop (didn't bet)
Seat 2: Helwii folded before Flop (didn't bet)
Seat 3: Gatto648 folded before Flop (didn't bet)
Seat 4: KAAS467 (button) showed [Ah Js] and won ($1.26) with two pair, Aces and Fours
Seat 5: CreamySonic (small blind) folded before Flop
Seat 6: joshlp221 (big blind) showed [Jh Qc] and lost with a pair of Fours
Seat 7: M@verick21 folded before Flop (didn't bet)
Seat 8: Gfaster 10 folded before Flop (didn't bet)
Seat 9: Dorex2007 folded before Flop (didn't bet)



PokerStars Hand #238587731703:  Hold'em No Limit ($0.02/$0.05 USD) - 2022/09/12 13:36:19 PT [2022/09/12 16:36:19 ET]
Table 'Lehigh III' 9-max Seat #5 is the button
Seat 1: PIZZAVIK ($7.02 in chips) 
Seat 2: Helwii ($5.48 in chips) 
Seat 3: Gatto648 ($4.82 in chips) 
Seat 4: KAAS467 ($6.34 in chips) 
Seat 5: CreamySonic ($3.76 in chips) 
Seat 7: M@verick21 ($4.96 in chips) 
Seat 8: Gfaster 10 ($10.73 in chips) 
Seat 9: Dorex2007 ($9.29 in chips) 
M@verick21: posts small blind $0.02
Gfaster 10: posts big blind $0.05
*** HOLE CARDS ***
Dealt to Dorex2007 [7s 7h]
Dorex2007: folds 
PIZZAVIK: folds 
Helwii: folds 
Gatto648: folds 
KAAS467: folds 
CreamySonic: folds 
M@verick21: calls $0.03
joshlp221 leaves the table
Gfaster 10: checks 
*** FLOP *** [5c 8s Ac]
M@verick21: checks 
Gfaster 10: checks 
*** TURN *** [5c 8s Ac] [Qd]
M@verick21: checks 
Gfaster 10: checks 
*** RIVER *** [5c 8s Ac Qd] [9d]
HSK43 joins the table at seat #6 
M@verick21: checks 
Gfaster 10: bets $0.05
M@verick21: folds 
Uncalled bet ($0.05) returned to Gfaster 10
Gfaster 10 collected $0.10 from pot
Gfaster 10: doesn't show hand 
*** SUMMARY ***
Total pot $0.10 | Rake $0 
Board [5c 8s Ac Qd 9d]
Seat 1: PIZZAVIK folded before Flop (didn't bet)
Seat 2: Helwii folded before Flop (didn't bet)
Seat 3: Gatto648 folded before Flop (didn't bet)
Seat 4: KAAS467 folded before Flop (didn't bet)
Seat 5: CreamySonic (button) folded before Flop (didn't bet)
Seat 7: M@verick21 (small blind) folded on the River
Seat 8: Gfaster 10 (big blind) collected ($0.10)
Seat 9: Dorex2007 folded before Flop (didn't bet)



PokerStars Hand #238587746972:  Hold'em No Limit ($0.02/$0.05 USD) - 2022/09/12 13:36:54 PT [2022/09/12 16:36:54 ET]
Table 'Lehigh III' 9-max Seat #7 is the button
Seat 1: PIZZAVIK ($7.02 in chips) 
Seat 2: Helwii ($5.48 in chips) 
Seat 3: Gatto648 ($4.82 in chips) 
Seat 4: KAAS467 ($6.34 in chips) 
Seat 5: CreamySonic ($3.76 in chips) 
Seat 7: M@verick21 ($4.91 in chips) 
Seat 8: Gfaster 10 ($10.78 in chips) 
Seat 9: Dorex2007 ($9.29 in chips) 
Gfaster 10: posts small blind $0.02
Dorex2007: posts big blind $0.05
HSK43: sits out 
*** HOLE CARDS ***
Dealt to Dorex2007 [4c 8d]
PIZZAVIK: folds 
Helwii: folds 
Gatto648: raises $0.10 to $0.15
KAAS467: calls $0.15
CreamySonic: calls $0.15
M@verick21: folds 
Gfaster 10: folds 
Dorex2007: folds 
*** FLOP *** [3c 7d Jh]
Gatto648: checks 
KAAS467: checks 
CreamySonic: bets $0.30
Gatto648: calls $0.30
KAAS467: folds 
*** TURN *** [3c 7d Jh] [7h]
Gatto648: checks 
CreamySonic: bets $0.38
Gatto648: folds 
Uncalled bet ($0.38) returned to CreamySonic
CreamySonic collected $1.07 from pot
*** SUMMARY ***
Total pot $1.12 | Rake $0.05 
Board [3c 7d Jh 7h]
Seat 1: PIZZAVIK folded before Flop (didn't bet)
Seat 2: Helwii folded before Flop (didn't bet)
Seat 3: Gatto648 folded on the Turn
Seat 4: KAAS467 folded on the Flop
Seat 5: CreamySonic collected ($1.07)
Seat 7: M@verick21 (button) folded before Flop (didn't bet)
Seat 8: Gfaster 10 (small blind) folded before Flop
Seat 9: Dorex2007 (big blind) folded before Flop



PokerStars Hand #238587784106:  Hold'em No Limit ($0.02/$0.05 USD) - 2022/09/12 13:38:17 PT [2022/09/12 16:38:17 ET]
Table 'Lehigh III' 9-max Seat #8 is the button
Seat 1: PIZZAVIK ($7.02 in chips) 
Seat 2: Helwii ($5.48 in chips) 
Seat 3: Gatto648 ($4.37 in chips) 
Seat 4: KAAS467 ($6.19 in chips) 
Seat 5: CreamySonic ($4.38 in chips) 
Seat 7: M@verick21 ($4.91 in chips) 
Seat 8: Gfaster 10 ($10.76 in chips) 
Seat 9: Dorex2007 ($9.24 in chips) 
Dorex2007: posts small blind $0.02
PIZZAVIK: posts big blind $0.05
HSK43: sits out 
*** HOLE CARDS ***
Dealt to Dorex2007 [Js 6d]
Helwii: folds 
Gatto648: raises $0.10 to $0.15
KAAS467: folds 
CreamySonic: raises $0.15 to $0.30
M@verick21: folds 
Gfaster 10: folds 
Dorex2007: folds 
PIZZAVIK: calls $0.25
Gatto648: calls $0.15
*** FLOP *** [Ac Kc Qd]
PIZZAVIK: bets $0.44
Gatto648: folds 
CreamySonic: raises $0.44 to $0.88
PIZZAVIK: calls $0.44
*** TURN *** [Ac Kc Qd] [Kh]
PIZZAVIK: checks 
CreamySonic: bets $1
PIZZAVIK: calls $1
*** RIVER *** [Ac Kc Qd Kh] [Ts]
PIZZAVIK: checks 
CreamySonic: checks 
*** SHOW DOWN ***
PIZZAVIK: shows [As Tc] (two pair, Aces and Kings)
CreamySonic: shows [Qc Qs] (a full house, Queens full of Kings)
CreamySonic collected $4.49 from pot
*** SUMMARY ***
Total pot $4.68 | Rake $0.19 
Board [Ac Kc Qd Kh Ts]
Seat 1: PIZZAVIK (big blind) showed [As Tc] and lost with two pair, Aces and Kings
Seat 2: Helwii folded before Flop (didn't bet)
Seat 3: Gatto648 folded on the Flop
Seat 4: KAAS467 folded before Flop (didn't bet)
Seat 5: CreamySonic showed [Qc Qs] and won ($4.49) with a full house, Queens full of Kings
Seat 7: M@verick21 folded before Flop (didn't bet)
Seat 8: Gfaster 10 (button) folded before Flop (didn't bet)
Seat 9: Dorex2007 (small blind) folded before Flop



PokerStars Hand #238587821322:  Hold'em No Limit ($0.02/$0.05 USD) - 2022/09/12 13:39:42 PT [2022/09/12 16:39:42 ET]
Table 'Lehigh III' 9-max Seat #9 is the button
Seat 1: PIZZAVIK ($4.84 in chips) 
Seat 2: Helwii ($5.48 in chips) 
Seat 3: Gatto648 ($4.07 in chips) 
Seat 4: KAAS467 ($6.19 in chips) 
Seat 5: CreamySonic ($6.69 in chips) 
Seat 7: M@verick21 ($4.91 in chips) 
Seat 8: Gfaster 10 ($10.76 in chips) 
Seat 9: Dorex2007 ($9.22 in chips) 
PIZZAVIK: posts small blind $0.02
Helwii: posts big blind $0.05
HSK43: sits out 
*** HOLE CARDS ***
Dealt to Dorex2007 [3d Qd]
Gatto648: raises $0.10 to $0.15
KAAS467: folds 
CreamySonic: calls $0.15
M@verick21: folds 
Gfaster 10: folds 
Dorex2007: folds 
PIZZAVIK: folds 
Helwii: folds 
*** FLOP *** [7d 7c 7h]
Gatto648: checks 
CreamySonic: bets $0.17
Gatto648: calls $0.17
*** TURN *** [7d 7c 7h] [Td]
Gatto648: checks 
CreamySonic: checks 
*** RIVER *** [7d 7c 7h Td] [2s]
Gatto648: checks 
CreamySonic: checks 
*** SHOW DOWN ***
Gatto648: shows [9d 9c] (a full house, Sevens full of Nines)
CreamySonic: mucks hand 
Gatto648 collected $0.68 from pot
*** SUMMARY ***
Total pot $0.71 | Rake $0.03 
Board [7d 7c 7h Td 2s]
Seat 1: PIZZAVIK (small blind) folded before Flop
Seat 2: Helwii (big blind) folded before Flop
Seat 3: Gatto648 showed [9d 9c] and won ($0.68) with a full house, Sevens full of Nines
Seat 4: KAAS467 folded before Flop (didn't bet)
Seat 5: CreamySonic mucked [Qh Ac]
Seat 7: M@verick21 folded before Flop (didn't bet)
Seat 8: Gfaster 10 folded before Flop (didn't bet)
Seat 9: Dorex2007 (button) folded before Flop (didn't bet)



PokerStars Hand #238587845151:  Hold'em No Limit ($0.02/$0.05 USD) - 2022/09/12 13:40:37 PT [2022/09/12 16:40:37 ET]
Table 'Lehigh III' 9-max Seat #1 is the button
Seat 1: PIZZAVIK ($4.82 in chips) 
Seat 2: Helwii ($5.43 in chips) 
Seat 3: Gatto648 ($4.43 in chips) 
Seat 4: KAAS467 ($6.19 in chips) 
Seat 5: CreamySonic ($6.37 in chips) 
Seat 7: M@verick21 ($4.91 in chips) 
Seat 8: Gfaster 10 ($10.76 in chips) 
Seat 9: Dorex2007 ($9.22 in chips) 
Helwii: posts small blind $0.02
Gatto648: posts big blind $0.05
HSK43: sits out 
*** HOLE CARDS ***
Dealt to Dorex2007 [Js 9h]
KAAS467: folds 
CreamySonic: raises $0.05 to $0.10
M@verick21: folds 
Gfaster 10: folds 
Dorex2007: folds 
PIZZAVIK: calls $0.10
Helwii: calls $0.08
Gatto648: raises $0.30 to $0.40
CreamySonic: calls $0.30
PIZZAVIK: calls $0.30
Helwii: folds 
*** FLOP *** [9c Th 7s]
Gatto648: bets $0.88
CreamySonic: calls $0.88
PIZZAVIK: folds 
*** TURN *** [9c Th 7s] [7c]
Gatto648: bets $2.05
CreamySonic: raises $2.05 to $4.10
Gatto648: calls $1.10 and is all-in
Uncalled bet ($0.95) returned to CreamySonic
*** RIVER *** [9c Th 7s 7c] [Tc]
*** SHOW DOWN ***
Gatto648: shows [Ac Kd] (two pair, Tens and Sevens)
CreamySonic: shows [Jc Kc] (a flush, King high)
CreamySonic collected $8.97 from pot
*** SUMMARY ***
Total pot $9.36 | Rake $0.39 
Board [9c Th 7s 7c Tc]
Seat 1: PIZZAVIK (button) folded on the Flop
Seat 2: Helwii (small blind) folded before Flop
Seat 3: Gatto648 (big blind) showed [Ac Kd] and lost with two pair, Tens and Sevens
Seat 4: KAAS467 folded before Flop (didn't bet)
Seat 5: CreamySonic showed [Jc Kc] and won ($8.97) with a flush, King high
Seat 7: M@verick21 folded before Flop (didn't bet)
Seat 8: Gfaster 10 folded before Flop (didn't bet)
Seat 9: Dorex2007 folded before Flop (didn't bet)



PokerStars Hand #238587891055:  Hold'em No Limit ($0.02/$0.05 USD) - 2022/09/12 13:42:22 PT [2022/09/12 16:42:22 ET]
Table 'Lehigh III' 9-max Seat #2 is the button
Seat 1: PIZZAVIK ($4.42 in chips) 
Seat 2: Helwii ($5.33 in chips) 
Seat 4: KAAS467 ($6.19 in chips) 
Seat 5: CreamySonic ($10.91 in chips) 
Seat 7: M@verick21 ($4.91 in chips) 
Seat 8: Gfaster 10 ($10.76 in chips) 
Seat 9: Dorex2007 ($9.22 in chips) 
KAAS467: posts small blind $0.02
CreamySonic: posts big blind $0.05
HSK43: sits out 
*** HOLE CARDS ***
Dealt to Dorex2007 [7d Jc]
M@verick21: folds 
Gfaster 10: folds 
Dorex2007: folds 
PIZZAVIK: raises $0.10 to $0.15
Helwii: folds 
KAAS467: folds 
CreamySonic: calls $0.10
*** FLOP *** [Ts 9d Qd]
CreamySonic: bets $0.15
PIZZAVIK: calls $0.15
*** TURN *** [Ts 9d Qd] [9c]
CreamySonic: bets $0.29
PIZZAVIK: calls $0.29
*** RIVER *** [Ts 9d Qd 9c] [3c]
CreamySonic: checks 
PIZZAVIK: checks 
*** SHOW DOWN ***
CreamySonic: shows [8s Tc] (two pair, Tens and Nines)
PIZZAVIK: shows [Kh Th] (two pair, Tens and Nines - King kicker)
PIZZAVIK collected $1.15 from pot
*** SUMMARY ***
Total pot $1.20 | Rake $0.05 
Board [Ts 9d Qd 9c 3c]
Seat 1: PIZZAVIK showed [Kh Th] and won ($1.15) with two pair, Tens and Nines
Seat 2: Helwii (button) folded before Flop (didn't bet)
Seat 4: KAAS467 (small blind) folded before Flop
Seat 5: CreamySonic (big blind) showed [8s Tc] and lost with two pair, Tens and Nines
Seat 7: M@verick21 folded before Flop (didn't bet)
Seat 8: Gfaster 10 folded before Flop (didn't bet)
Seat 9: Dorex2007 folded before Flop (didn't bet)



PokerStars Hand #238587913234:  Hold'em No Limit ($0.02/$0.05 USD) - 2022/09/12 13:43:12 PT [2022/09/12 16:43:12 ET]
Table 'Lehigh III' 9-max Seat #4 is the button
Seat 1: PIZZAVIK ($4.98 in chips) 
Seat 2: Helwii ($5.33 in chips) 
Seat 3: Gatto648 ($4.97 in chips) 
Seat 4: KAAS467 ($6.17 in chips) 
Seat 5: CreamySonic ($10.32 in chips) 
Seat 6: HSK43 ($5 in chips) 
Seat 7: M@verick21 ($4.91 in chips) 
Seat 8: Gfaster 10 ($10.76 in chips) 
Seat 9: Dorex2007 ($9.22 in chips) 
CreamySonic: posts small blind $0.02
HSK43: posts big blind $0.05
Gatto648: posts small blind $0.02
*** HOLE CARDS ***
Dealt to Dorex2007 [4h 7d]
M@verick21: calls $0.05
Gfaster 10: folds 
Dorex2007: folds 
PIZZAVIK: folds 
Helwii: folds 
Gatto648: raises $0.10 to $0.15
KAAS467: folds 
CreamySonic: folds 
HSK43: folds 
M@verick21: raises $0.39 to $0.54
Gatto648: calls $0.39
*** FLOP *** [Ts 2c 3s]
M@verick21: bets $4.37 and is all-in
Gatto648: folds 
Uncalled bet ($4.37) returned to M@verick21
M@verick21 collected $1.12 from pot
*** SUMMARY ***
Total pot $1.17 | Rake $0.05 
Board [Ts 2c 3s]
Seat 1: PIZZAVIK folded before Flop (didn't bet)
Seat 2: Helwii folded before Flop (didn't bet)
Seat 3: Gatto648 folded on the Flop
Seat 4: KAAS467 (button) folded before Flop (didn't bet)
Seat 5: CreamySonic (small blind) folded before Flop
Seat 6: HSK43 (big blind) folded before Flop
Seat 7: M@verick21 collected ($1.12)
Seat 8: Gfaster 10 folded before Flop (didn't bet)
Seat 9: Dorex2007 folded before Flop (didn't bet)



PokerStars Hand #238587927611:  Hold'em No Limit ($0.02/$0.05 USD) - 2022/09/12 13:43:46 PT [2022/09/12 16:43:46 ET]
Table 'Lehigh III' 9-max Seat #5 is the button
Seat 1: PIZZAVIK ($4.98 in chips) 
Seat 2: Helwii ($5.33 in chips) 
Seat 3: Gatto648 ($4.41 in chips) 
Seat 4: KAAS467 ($6.17 in chips) 
Seat 5: CreamySonic ($10.30 in chips) 
Seat 6: HSK43 ($5 in chips) 
Seat 7: M@verick21 ($5.49 in chips) 
Seat 8: Gfaster 10 ($10.76 in chips) 
Seat 9: Dorex2007 ($9.22 in chips) 
HSK43: posts small blind $0.02
M@verick21: posts big blind $0.05
*** HOLE CARDS ***
Dealt to Dorex2007 [6d Jd]
Gfaster 10: folds 
Dorex2007: folds 
PIZZAVIK: raises $0.15 to $0.20
Helwii: folds 
Gatto648: folds 
KAAS467: folds 
CreamySonic: calls $0.20
HSK43: folds 
M@verick21: folds 
*** FLOP *** [3s 4d Ts]
PIZZAVIK: checks 
CreamySonic: checks 
*** TURN *** [3s 4d Ts] [3h]
PIZZAVIK: bets $0.22
CreamySonic: calls $0.22
*** RIVER *** [3s 4d Ts 3h] [9d]
PIZZAVIK: checks 
CreamySonic: checks 
*** SHOW DOWN ***
PIZZAVIK: shows [Kd As] (a pair of Threes)
CreamySonic: shows [Kh Ac] (a pair of Threes)
PIZZAVIK collected $0.44 from pot
CreamySonic collected $0.43 from pot
*** SUMMARY ***
Total pot $0.91 | Rake $0.04 
Board [3s 4d Ts 3h 9d]
Seat 1: PIZZAVIK showed [Kd As] and won ($0.44) with a pair of Threes
Seat 2: Helwii folded before Flop (didn't bet)
Seat 3: Gatto648 folded before Flop (didn't bet)
Seat 4: KAAS467 folded before Flop (didn't bet)
Seat 5: CreamySonic (button) showed [Kh Ac] and won ($0.43) with a pair of Threes
Seat 6: HSK43 (small blind) folded before Flop
Seat 7: M@verick21 (big blind) folded before Flop
Seat 8: Gfaster 10 folded before Flop (didn't bet)
Seat 9: Dorex2007 folded before Flop (didn't bet)



PokerStars Hand #238587947790:  Hold'em No Limit ($0.02/$0.05 USD) - 2022/09/12 13:44:33 PT [2022/09/12 16:44:33 ET]
Table 'Lehigh III' 9-max Seat #6 is the button
Seat 1: PIZZAVIK ($5 in chips) 
Seat 2: Helwii ($5.33 in chips) 
Seat 3: Gatto648 ($4.41 in chips) 
Seat 4: KAAS467 ($6.17 in chips) 
Seat 5: CreamySonic ($10.31 in chips) 
Seat 6: HSK43 ($5 in chips) 
Seat 7: M@verick21 ($5.44 in chips) 
Seat 8: Gfaster 10 ($10.76 in chips) 
Seat 9: Dorex2007 ($9.22 in chips) 
M@verick21: posts small blind $0.02
Gfaster 10: posts big blind $0.05
*** HOLE CARDS ***
Dealt to Dorex2007 [Td 5h]
Dorex2007: folds 
PIZZAVIK: folds 
Helwii: raises $0.07 to $0.12
Gatto648: folds 
KAAS467: folds 
CreamySonic: calls $0.12
HSK43: folds 
HSK43 leaves the table
M@verick21: calls $0.10
Gfaster 10: folds 
*** FLOP *** [Js 2d Ah]
M@verick21: checks 
Helwii: bets $0.13
CreamySonic: folds 
M@verick21: calls $0.13
*** TURN *** [Js 2d Ah] [9d]
M@verick21: checks 
Helwii: bets $0.45
M@verick21: folds 
Uncalled bet ($0.45) returned to Helwii
Helwii collected $0.64 from pot
Helwii: doesn't show hand 
*** SUMMARY ***
Total pot $0.67 | Rake $0.03 
Board [Js 2d Ah 9d]
Seat 1: PIZZAVIK folded before Flop (didn't bet)
Seat 2: Helwii collected ($0.64)
Seat 3: Gatto648 folded before Flop (didn't bet)
Seat 4: KAAS467 folded before Flop (didn't bet)
Seat 5: CreamySonic folded on the Flop
Seat 6: HSK43 (button) folded before Flop (didn't bet)
Seat 7: M@verick21 (small blind) folded on the Turn
Seat 8: Gfaster 10 (big blind) folded before Flop
Seat 9: Dorex2007 folded before Flop (didn't bet)



PokerStars Hand #238587975114:  Hold'em No Limit ($0.02/$0.05 USD) - 2022/09/12 13:45:35 PT [2022/09/12 16:45:35 ET]
Table 'Lehigh III' 9-max Seat #7 is the button
Seat 1: PIZZAVIK ($5 in chips) 
Seat 2: Helwii ($5.72 in chips) 
Seat 3: Gatto648 ($4.41 in chips) 
Seat 4: KAAS467 ($6.17 in chips) 
Seat 5: CreamySonic ($10.19 in chips) 
Seat 7: M@verick21 ($5.19 in chips) 
Seat 8: Gfaster 10 ($10.71 in chips) 
Seat 9: Dorex2007 ($9.22 in chips) 
Gfaster 10: posts small blind $0.02
Dorex2007: posts big blind $0.05
*** HOLE CARDS ***
Dealt to Dorex2007 [9s Th]
PIZZAVIK has timed out
PIZZAVIK: folds 
Helwii: folds 
Gatto648: folds 
Gatto648 leaves the table
KAAS467: folds 
CreamySonic: raises $0.10 to $0.15
M@verick21: folds 
Gfaster 10: calls $0.13
Dorex2007: folds 
*** FLOP *** [6h 2s 4s]
Gfaster 10: checks 
CreamySonic: bets $0.17
Gfaster 10: folds 
Uncalled bet ($0.17) returned to CreamySonic
CreamySonic collected $0.34 from pot
*** SUMMARY ***
Total pot $0.35 | Rake $0.01 
Board [6h 2s 4s]
Seat 1: PIZZAVIK folded before Flop (didn't bet)
Seat 2: Helwii folded before Flop (didn't bet)
Seat 3: Gatto648 folded before Flop (didn't bet)
Seat 4: KAAS467 folded before Flop (didn't bet)
Seat 5: CreamySonic collected ($0.34)
Seat 7: M@verick21 (button) folded before Flop (didn't bet)
Seat 8: Gfaster 10 (small blind) folded on the Flop
Seat 9: Dorex2007 (big blind) folded before Flop



PokerStars Hand #238587989105:  Hold'em No Limit ($0.02/$0.05 USD) - 2022/09/12 13:46:06 PT [2022/09/12 16:46:06 ET]
Table 'Lehigh III' 9-max Seat #8 is the button
Seat 1: PIZZAVIK ($5 in chips) 
Seat 2: Helwii ($5.72 in chips) 
Seat 4: KAAS467 ($6.17 in chips) 
Seat 5: CreamySonic ($10.38 in chips) 
Seat 7: M@verick21 ($5.19 in chips) 
Seat 8: Gfaster 10 ($10.56 in chips) 
Seat 9: Dorex2007 ($9.17 in chips) 
Dorex2007: posts small blind $0.02
PIZZAVIK: posts big blind $0.05
*** HOLE CARDS ***
Dealt to Dorex2007 [6s 7s]
Helwii: folds 
KAAS467: folds 
CreamySonic: folds 
M@verick21: folds 
Gfaster 10: folds 
Dorex2007: folds 
Uncalled bet ($0.03) returned to PIZZAVIK
PIZZAVIK collected $0.04 from pot
*** SUMMARY ***
Total pot $0.04 | Rake $0 
Seat 1: PIZZAVIK (big blind) collected ($0.04)
Seat 2: Helwii folded before Flop (didn't bet)
Seat 4: KAAS467 folded before Flop (didn't bet)
Seat 5: CreamySonic folded before Flop (didn't bet)
Seat 7: M@verick21 folded before Flop (didn't bet)
Seat 8: Gfaster 10 (button) folded before Flop (didn't bet)
Seat 9: Dorex2007 (small blind) folded before Flop



PokerStars Hand #238587998789:  Hold'em No Limit ($0.02/$0.05 USD) - 2022/09/12 13:46:28 PT [2022/09/12 16:46:28 ET]
Table 'Lehigh III' 9-max Seat #9 is the button
Seat 1: PIZZAVIK ($5.02 in chips) 
Seat 2: Helwii ($5.72 in chips) 
Seat 4: KAAS467 ($6.17 in chips) 
Seat 5: CreamySonic ($10.38 in chips) 
Seat 7: M@verick21 ($5.19 in chips) 
Seat 8: Gfaster 10 ($10.56 in chips) 
Seat 9: Dorex2007 ($9.15 in chips) 
PIZZAVIK: posts small blind $0.02
Helwii: posts big blind $0.05
*** HOLE CARDS ***
Dealt to Dorex2007 [5c Qs]
KAAS467: folds 
CreamySonic: folds 
M@verick21: folds 
Gfaster 10: folds 
Dorex2007: folds 
PIZZAVIK: folds 
Uncalled bet ($0.03) returned to Helwii
Helwii collected $0.04 from pot
Helwii: doesn't show hand 
*** SUMMARY ***
Total pot $0.04 | Rake $0 
Seat 1: PIZZAVIK (small blind) folded before Flop
Seat 2: Helwii (big blind) collected ($0.04)
Seat 4: KAAS467 folded before Flop (didn't bet)
Seat 5: CreamySonic folded before Flop (didn't bet)
Seat 7: M@verick21 folded before Flop (didn't bet)
Seat 8: Gfaster 10 folded before Flop (didn't bet)
Seat 9: Dorex2007 (button) folded before Flop (didn't bet)



PokerStars Hand #238588008034:  Hold'em No Limit ($0.02/$0.05 USD) - 2022/09/12 13:46:49 PT [2022/09/12 16:46:49 ET]
Table 'Lehigh III' 9-max Seat #1 is the button
Seat 1: PIZZAVIK ($5 in chips) 
Seat 2: Helwii ($5.74 in chips) 
Seat 4: KAAS467 ($6.17 in chips) 
Seat 5: CreamySonic ($10.38 in chips) 
Seat 7: M@verick21 ($5.19 in chips) 
Seat 8: Gfaster 10 ($10.56 in chips) 
Seat 9: Dorex2007 ($9.15 in chips) 
Helwii: posts small blind $0.02
KAAS467: posts big blind $0.05
*** HOLE CARDS ***
Dealt to Dorex2007 [4c 3s]
CreamySonic: folds 
M@verick21: folds 
Gfaster 10: folds 
Dorex2007: folds 
PIZZAVIK: folds 
Helwii: folds 
Uncalled bet ($0.03) returned to KAAS467
KAAS467 collected $0.04 from pot
KAAS467: doesn't show hand 
*** SUMMARY ***
Total pot $0.04 | Rake $0 
Seat 1: PIZZAVIK (button) folded before Flop (didn't bet)
Seat 2: Helwii (small blind) folded before Flop
Seat 4: KAAS467 (big blind) collected ($0.04)
Seat 5: CreamySonic folded before Flop (didn't bet)
Seat 7: M@verick21 folded before Flop (didn't bet)
Seat 8: Gfaster 10 folded before Flop (didn't bet)
Seat 9: Dorex2007 folded before Flop (didn't bet)



PokerStars Hand #238588012607:  Hold'em No Limit ($0.02/$0.05 USD) - 2022/09/12 13:46:59 PT [2022/09/12 16:46:59 ET]
Table 'Lehigh III' 9-max Seat #2 is the button
Seat 1: PIZZAVIK ($5 in chips) 
Seat 2: Helwii ($5.72 in chips) 
Seat 4: KAAS467 ($6.19 in chips) 
Seat 5: CreamySonic ($10.38 in chips) 
Seat 7: M@verick21 ($5.19 in chips) 
Seat 8: Gfaster 10 ($10.56 in chips) 
Seat 9: Dorex2007 ($9.15 in chips) 
KAAS467: posts small blind $0.02
CreamySonic: posts big blind $0.05
*** HOLE CARDS ***
Dealt to Dorex2007 [3h 4h]
M@verick21 has timed out
M@verick21: folds 
Gfaster 10: folds 
Dorex2007: folds 
PIZZAVIK: folds 
Helwii: raises $0.07 to $0.12
KAAS467: folds 
CreamySonic: calls $0.07
*** FLOP *** [Ah Ad 7d]
CreamySonic: bets $0.12
Helwii: calls $0.12
*** TURN *** [Ah Ad 7d] [Kd]
CreamySonic: bets $0.24
Helwii: calls $0.24
*** RIVER *** [Ah Ad 7d Kd] [3c]
CreamySonic: checks 
Helwii: checks 
*** SHOW DOWN ***
CreamySonic: shows [7c 4d] (two pair, Aces and Sevens)
Helwii: shows [Ac 4c] (three of a kind, Aces)
Helwii collected $0.94 from pot
*** SUMMARY ***
Total pot $0.98 | Rake $0.04 
Board [Ah Ad 7d Kd 3c]
Seat 1: PIZZAVIK folded before Flop (didn't bet)
Seat 2: Helwii (button) showed [Ac 4c] and won ($0.94) with three of a kind, Aces
Seat 4: KAAS467 (small blind) folded before Flop
Seat 5: CreamySonic (big blind) showed [7c 4d] and lost with two pair, Aces and Sevens
Seat 7: M@verick21 folded before Flop (didn't bet)
Seat 8: Gfaster 10 folded before Flop (didn't bet)
Seat 9: Dorex2007 folded before Flop (didn't bet)



PokerStars Hand #238588042612:  Hold'em No Limit ($0.02/$0.05 USD) - 2022/09/12 13:48:07 PT [2022/09/12 16:48:07 ET]
Table 'Lehigh III' 9-max Seat #4 is the button
Seat 1: PIZZAVIK ($5 in chips) 
Seat 2: Helwii ($6.18 in chips) 
Seat 4: KAAS467 ($6.17 in chips) 
Seat 5: CreamySonic ($9.90 in chips) 
Seat 8: Gfaster 10 ($10.56 in chips) 
Seat 9: Dorex2007 ($9.15 in chips) 
CreamySonic: posts small blind $0.02
M@verick21: is sitting out 
Gfaster 10: posts big blind $0.05
*** HOLE CARDS ***
Dealt to Dorex2007 [Jc 3d]
Dorex2007: folds 
PIZZAVIK: calls $0.05
Helwii: folds 
KAAS467: folds 
CreamySonic: calls $0.03
Gfaster 10: raises $0.15 to $0.20
Helwii leaves the table
PIZZAVIK: calls $0.15
M@verick21 leaves the table
CreamySonic: calls $0.15
*** FLOP *** [As 8d 8s]
CreamySonic: bets $0.29
Gfaster 10: calls $0.29
PIZZAVIK: folds 
*** TURN *** [As 8d 8s] [Kd]
CreamySonic: checks 
Gfaster 10: bets $0.57
CreamySonic: calls $0.57
*** RIVER *** [As 8d 8s Kd] [2d]
CreamySonic: checks 
Gfaster 10: checks 
*** SHOW DOWN ***
CreamySonic: shows [8c 7c] (three of a kind, Eights)
Gfaster 10: mucks hand 
CreamySonic collected $2.22 from pot
*** SUMMARY ***
Total pot $2.32 | Rake $0.10 
Board [As 8d 8s Kd 2d]
Seat 1: PIZZAVIK folded on the Flop
Seat 2: Helwii folded before Flop (didn't bet)
Seat 4: KAAS467 (button) folded before Flop (didn't bet)
Seat 5: CreamySonic (small blind) showed [8c 7c] and won ($2.22) with three of a kind, Eights
Seat 8: Gfaster 10 (big blind) mucked [Ac Kh]
Seat 9: Dorex2007 folded before Flop (didn't bet)



PokerStars Hand #238588069350:  Hold'em No Limit ($0.02/$0.05 USD) - 2022/09/12 13:49:09 PT [2022/09/12 16:49:09 ET]
Table 'Lehigh III' 9-max Seat #5 is the button
Seat 1: PIZZAVIK ($4.80 in chips) 
Seat 4: KAAS467 ($6.17 in chips) 
Seat 5: CreamySonic ($11.06 in chips) 
Seat 8: Gfaster 10 ($9.50 in chips) 
Seat 9: Dorex2007 ($9.15 in chips) 
Gfaster 10: posts small blind $0.02
Dorex2007: posts big blind $0.05
*** HOLE CARDS ***
Dealt to Dorex2007 [Js Td]
PIZZAVIK: folds 
KAAS467: folds 
CreamySonic: raises $0.05 to $0.10
Gfaster 10: folds 
Dorex2007: calls $0.05
*** FLOP *** [6d 4s Ah]
Dorex2007: checks 
CreamySonic: bets $0.10
Dorex2007: folds 
Uncalled bet ($0.10) returned to CreamySonic
CreamySonic collected $0.21 from pot
*** SUMMARY ***
Total pot $0.22 | Rake $0.01 
Board [6d 4s Ah]
Seat 1: PIZZAVIK folded before Flop (didn't bet)
Seat 4: KAAS467 folded before Flop (didn't bet)
Seat 5: CreamySonic (button) collected ($0.21)
Seat 8: Gfaster 10 (small blind) folded before Flop
Seat 9: Dorex2007 (big blind) folded on the Flop



PokerStars Hand #238588080807:  Hold'em No Limit ($0.02/$0.05 USD) - 2022/09/12 13:49:35 PT [2022/09/12 16:49:35 ET]
Table 'Lehigh III' 9-max Seat #8 is the button
Seat 1: PIZZAVIK ($4.80 in chips) 
Seat 4: KAAS467 ($6.17 in chips) 
Seat 5: CreamySonic ($11.17 in chips) 
Seat 8: Gfaster 10 ($9.48 in chips) 
Seat 9: Dorex2007 ($9.05 in chips) 
Dorex2007: posts small blind $0.02
PIZZAVIK: posts big blind $0.05
*** HOLE CARDS ***
Dealt to Dorex2007 [Jd 3c]
KAAS467: folds 
CreamySonic: folds 
Gfaster 10: folds 
Dorex2007: folds 
Uncalled bet ($0.03) returned to PIZZAVIK
PIZZAVIK collected $0.04 from pot
PIZZAVIK: doesn't show hand 
*** SUMMARY ***
Total pot $0.04 | Rake $0 
Seat 1: PIZZAVIK (big blind) collected ($0.04)
Seat 4: KAAS467 folded before Flop (didn't bet)
Seat 5: CreamySonic folded before Flop (didn't bet)
Seat 8: Gfaster 10 (button) folded before Flop (didn't bet)
Seat 9: Dorex2007 (small blind) folded before Flop



