PokerStars Hand #238318358323:  Hold'em No Limit ($0.02/$0.05 USD) - 2022/08/30 15:52:50 PT [2022/08/30 18:52:50 ET]
Table 'Leocadia' 9-max Seat #2 is the button
Seat 1: webby170 ($9.76 in chips) 
Seat 2: jolrt ($2.71 in chips) 
Seat 3: gmitoi ($10.91 in chips) 
Seat 4: abitah ($2.84 in chips) 
Seat 6: JayJayJohnson ($16.01 in chips) 
Seat 7: SMUTJAN72 ($4.38 in chips) 
Seat 8: papoelijah ($4.88 in chips) 
Seat 9: Dorex2007 ($5 in chips) 
gmitoi: posts small blind $0.02
abitah: posts big blind $0.05
Dorex2007: posts big blind $0.05
webby170: posts small blind $0.02
*** HOLE CARDS ***
Dealt to Dorex2007 [3s 6h]
JayJayJohnson: raises $0.10 to $0.15
SMUTJAN72: folds 
papoelijah: folds 
Dorex2007: folds 
webby170: folds 
jolrt: calls $0.15
gmitoi: calls $0.13
abitah: raises $0.45 to $0.60
JayJayJohnson: folds 
jolrt: folds 
gmitoi: folds 
Uncalled bet ($0.45) returned to abitah
abitah collected $0.67 from pot
abitah: doesn't show hand 
*** SUMMARY ***
Total pot $0.67 | Rake $0 
Seat 1: webby170 folded before Flop (didn't bet)
Seat 2: jolrt (button) folded before Flop
Seat 3: gmitoi (small blind) folded before Flop
Seat 4: abitah (big blind) collected ($0.67)
Seat 6: JayJayJohnson folded before Flop
Seat 7: SMUTJAN72 folded before Flop (didn't bet)
Seat 8: papoelijah folded before Flop (didn't bet)
Seat 9: Dorex2007 folded before Flop (didn't bet)



PokerStars Hand #238318370306:  Hold'em No Limit ($0.02/$0.05 USD) - 2022/08/30 15:53:31 PT [2022/08/30 18:53:31 ET]
Table 'Leocadia' 9-max Seat #3 is the button
Seat 1: webby170 ($9.74 in chips) 
Seat 2: jolrt ($2.56 in chips) 
Seat 3: gmitoi ($10.76 in chips) 
Seat 4: abitah ($3.36 in chips) 
Seat 6: JayJayJohnson ($15.86 in chips) 
Seat 7: SMUTJAN72 ($4.38 in chips) 
Seat 8: papoelijah ($4.88 in chips) 
Seat 9: Dorex2007 ($5 in chips) 
abitah: posts small blind $0.02
JayJayJohnson: posts big blind $0.05
*** HOLE CARDS ***
Dealt to Dorex2007 [3s Qs]
SMUTJAN72: folds 
papoelijah: folds 
Dorex2007: folds 
webby170: raises $0.06 to $0.11
jolrt: folds 
gmitoi: folds 
abitah: calls $0.09
JayJayJohnson: folds 
*** FLOP *** [4d 2c 6h]
abitah: checks 
webby170: bets $0.13
abitah: calls $0.13
*** TURN *** [4d 2c 6h] [9s]
abitah: checks 
webby170: bets $0.25
abitah: calls $0.25
*** RIVER *** [4d 2c 6h 9s] [Tc]
abitah: checks 
webby170: bets $0.44
abitah: folds 
Uncalled bet ($0.44) returned to webby170
webby170 collected $0.99 from pot
*** SUMMARY ***
Total pot $1.03 | Rake $0.04 
Board [4d 2c 6h 9s Tc]
Seat 1: webby170 collected ($0.99)
Seat 2: jolrt folded before Flop (didn't bet)
Seat 3: gmitoi (button) folded before Flop (didn't bet)
Seat 4: abitah (small blind) folded on the River
Seat 6: JayJayJohnson (big blind) folded before Flop
Seat 7: SMUTJAN72 folded before Flop (didn't bet)
Seat 8: papoelijah folded before Flop (didn't bet)
Seat 9: Dorex2007 folded before Flop (didn't bet)



PokerStars Hand #238318388922:  Hold'em No Limit ($0.02/$0.05 USD) - 2022/08/30 15:54:34 PT [2022/08/30 18:54:34 ET]
Table 'Leocadia' 9-max Seat #4 is the button
Seat 1: webby170 ($10.24 in chips) 
Seat 2: jolrt ($2.56 in chips) 
Seat 3: gmitoi ($10.76 in chips) 
Seat 4: abitah ($2.87 in chips) 
Seat 6: JayJayJohnson ($15.81 in chips) 
Seat 7: SMUTJAN72 ($4.38 in chips) 
Seat 8: papoelijah ($4.88 in chips) 
Seat 9: Dorex2007 ($5 in chips) 
JayJayJohnson: posts small blind $0.02
SMUTJAN72: posts big blind $0.05
*** HOLE CARDS ***
Dealt to Dorex2007 [Qd 8s]
papoelijah: folds 
Dorex2007: folds 
webby170: folds 
jolrt: folds 
gmitoi: folds 
abitah: folds 
JayJayJohnson: folds 
Uncalled bet ($0.03) returned to SMUTJAN72
SMUTJAN72 collected $0.04 from pot
*** SUMMARY ***
Total pot $0.04 | Rake $0 
Seat 1: webby170 folded before Flop (didn't bet)
Seat 2: jolrt folded before Flop (didn't bet)
Seat 3: gmitoi folded before Flop (didn't bet)
Seat 4: abitah (button) folded before Flop (didn't bet)
Seat 6: JayJayJohnson (small blind) folded before Flop
Seat 7: SMUTJAN72 (big blind) collected ($0.04)
Seat 8: papoelijah folded before Flop (didn't bet)
Seat 9: Dorex2007 folded before Flop (didn't bet)



PokerStars Hand #238318394568:  Hold'em No Limit ($0.02/$0.05 USD) - 2022/08/30 15:54:54 PT [2022/08/30 18:54:54 ET]
Table 'Leocadia' 9-max Seat #6 is the button
Seat 1: webby170 ($10.24 in chips) 
Seat 2: jolrt ($2.56 in chips) 
Seat 3: gmitoi ($10.76 in chips) 
Seat 4: abitah ($2.87 in chips) 
Seat 6: JayJayJohnson ($15.79 in chips) 
Seat 7: SMUTJAN72 ($4.40 in chips) 
Seat 8: papoelijah ($4.88 in chips) 
Seat 9: Dorex2007 ($5 in chips) 
SMUTJAN72: posts small blind $0.02
papoelijah: posts big blind $0.05
*** HOLE CARDS ***
Dealt to Dorex2007 [Qd 2s]
Dorex2007: folds 
webby170: folds 
jolrt: calls $0.05
gmitoi: folds 
abitah: calls $0.05
JayJayJohnson: raises $0.15 to $0.20
SMUTJAN72: folds 
papoelijah: calls $0.15
jolrt: folds 
abitah: calls $0.15
*** FLOP *** [Qs Tc 4d]
papoelijah: checks 
abitah: checks 
JayJayJohnson: checks 
*** TURN *** [Qs Tc 4d] [4s]
papoelijah: checks 
abitah: checks 
JayJayJohnson: bets $0.20
papoelijah: calls $0.20
abitah: folds 
*** RIVER *** [Qs Tc 4d 4s] [7d]
papoelijah: checks 
JayJayJohnson: checks 
*** SHOW DOWN ***
papoelijah: shows [6h 6s] (two pair, Sixes and Fours)
JayJayJohnson: shows [Jd Td] (two pair, Tens and Fours)
JayJayJohnson collected $1.03 from pot
*** SUMMARY ***
Total pot $1.07 | Rake $0.04 
Board [Qs Tc 4d 4s 7d]
Seat 1: webby170 folded before Flop (didn't bet)
Seat 2: jolrt folded before Flop
Seat 3: gmitoi folded before Flop (didn't bet)
Seat 4: abitah folded on the Turn
Seat 6: JayJayJohnson (button) showed [Jd Td] and won ($1.03) with two pair, Tens and Fours
Seat 7: SMUTJAN72 (small blind) folded before Flop
Seat 8: papoelijah (big blind) showed [6h 6s] and lost with two pair, Sixes and Fours
Seat 9: Dorex2007 folded before Flop (didn't bet)



PokerStars Hand #238318422761:  Hold'em No Limit ($0.02/$0.05 USD) - 2022/08/30 15:56:49 PT [2022/08/30 18:56:49 ET]
Table 'Leocadia' 9-max Seat #7 is the button
Seat 1: webby170 ($10.24 in chips) 
Seat 2: jolrt ($2.51 in chips) 
Seat 3: gmitoi ($10.76 in chips) 
Seat 4: abitah ($2.67 in chips) 
Seat 6: JayJayJohnson ($16.42 in chips) 
Seat 7: SMUTJAN72 ($4.38 in chips) 
Seat 8: papoelijah ($4.48 in chips) 
Seat 9: Dorex2007 ($5 in chips) 
papoelijah: posts small blind $0.02
Dorex2007: posts big blind $0.05
WeNaSo_07: sits out 
*** HOLE CARDS ***
Dealt to Dorex2007 [8d 6c]
webby170: folds 
jolrt: folds 
gmitoi: folds 
abitah: calls $0.05
JayJayJohnson: folds 
SMUTJAN72: folds 
papoelijah: calls $0.03
Dorex2007: checks 
*** FLOP *** [Qd 2c Js]
papoelijah: checks 
Dorex2007: checks 
abitah: checks 
*** TURN *** [Qd 2c Js] [9d]
papoelijah: checks 
Dorex2007: checks 
abitah: checks 
*** RIVER *** [Qd 2c Js 9d] [7h]
papoelijah: checks 
Dorex2007: checks 
abitah: checks 
*** SHOW DOWN ***
papoelijah: shows [Th 6h] (high card Queen)
Dorex2007: mucks hand 
abitah: mucks hand 
papoelijah collected $0.14 from pot
*** SUMMARY ***
Total pot $0.15 | Rake $0.01 
Board [Qd 2c Js 9d 7h]
Seat 1: webby170 folded before Flop (didn't bet)
Seat 2: jolrt folded before Flop (didn't bet)
Seat 3: gmitoi folded before Flop (didn't bet)
Seat 4: abitah mucked [6s 5c]
Seat 6: JayJayJohnson folded before Flop (didn't bet)
Seat 7: SMUTJAN72 (button) folded before Flop (didn't bet)
Seat 8: papoelijah (small blind) showed [Th 6h] and won ($0.14) with high card Queen
Seat 9: Dorex2007 (big blind) mucked [8d 6c]



PokerStars Hand #238318438373:  Hold'em No Limit ($0.02/$0.05 USD) - 2022/08/30 15:57:54 PT [2022/08/30 18:57:54 ET]
Table 'Leocadia' 9-max Seat #8 is the button
Seat 1: webby170 ($10.24 in chips) 
Seat 2: jolrt ($2.51 in chips) 
Seat 3: gmitoi ($10.76 in chips) 
Seat 4: abitah ($2.62 in chips) 
Seat 6: JayJayJohnson ($16.42 in chips) 
Seat 7: SMUTJAN72 ($4.38 in chips) 
Seat 8: papoelijah ($4.57 in chips) 
Seat 9: Dorex2007 ($5 in chips) 
Dorex2007: posts small blind $0.02
webby170: posts big blind $0.05
WeNaSo_07: sits out 
*** HOLE CARDS ***
Dealt to Dorex2007 [Td 3h]
jolrt: folds 
gmitoi: folds 
abitah: calls $0.05
JayJayJohnson: folds 
SMUTJAN72: folds 
papoelijah: calls $0.05
Dorex2007: folds 
webby170: checks 
*** FLOP *** [7d 9s 8s]
webby170: checks 
abitah: checks 
papoelijah: checks 
*** TURN *** [7d 9s 8s] [Tc]
webby170: checks 
abitah: checks 
papoelijah: checks 
*** RIVER *** [7d 9s 8s Tc] [3d]
webby170: bets $0.16
abitah: calls $0.16
papoelijah: folds 
*** SHOW DOWN ***
webby170: shows [6c 4d] (a straight, Six to Ten)
abitah: mucks hand 
webby170 collected $0.47 from pot
*** SUMMARY ***
Total pot $0.49 | Rake $0.02 
Board [7d 9s 8s Tc 3d]
Seat 1: webby170 (big blind) showed [6c 4d] and won ($0.47) with a straight, Six to Ten
Seat 2: jolrt folded before Flop (didn't bet)
Seat 3: gmitoi folded before Flop (didn't bet)
Seat 4: abitah mucked [3s Ac]
Seat 6: JayJayJohnson folded before Flop (didn't bet)
Seat 7: SMUTJAN72 folded before Flop (didn't bet)
Seat 8: papoelijah (button) folded on the River
Seat 9: Dorex2007 (small blind) folded before Flop



PokerStars Hand #238318447660:  Hold'em No Limit ($0.02/$0.05 USD) - 2022/08/30 15:58:33 PT [2022/08/30 18:58:33 ET]
Table 'Leocadia' 9-max Seat #9 is the button
Seat 1: webby170 ($10.50 in chips) 
Seat 2: jolrt ($2.51 in chips) 
Seat 3: gmitoi ($10.76 in chips) 
Seat 4: abitah ($2.41 in chips) 
Seat 6: JayJayJohnson ($16.42 in chips) 
Seat 7: SMUTJAN72 ($4.38 in chips) 
Seat 8: papoelijah ($4.52 in chips) 
Seat 9: Dorex2007 ($5 in chips) 
webby170: posts small blind $0.02
jolrt: posts big blind $0.05
WeNaSo_07: sits out 
*** HOLE CARDS ***
Dealt to Dorex2007 [3s 6s]
gmitoi: raises $0.10 to $0.15
abitah: calls $0.15
JayJayJohnson: folds 
SMUTJAN72: folds 
papoelijah: folds 
Dorex2007: folds 
webby170 has timed out
webby170: folds 
jolrt: folds 
*** FLOP *** [4d 9h 2c]
gmitoi: bets $0.20
abitah: calls $0.20
*** TURN *** [4d 9h 2c] [4s]
gmitoi: bets $0.45
abitah: folds 
Uncalled bet ($0.45) returned to gmitoi
gmitoi collected $0.74 from pot
gmitoi: doesn't show hand 
*** SUMMARY ***
Total pot $0.77 | Rake $0.03 
Board [4d 9h 2c 4s]
Seat 1: webby170 (small blind) folded before Flop
Seat 2: jolrt (big blind) folded before Flop
Seat 3: gmitoi collected ($0.74)
Seat 4: abitah folded on the Turn
Seat 6: JayJayJohnson folded before Flop (didn't bet)
Seat 7: SMUTJAN72 folded before Flop (didn't bet)
Seat 8: papoelijah folded before Flop (didn't bet)
Seat 9: Dorex2007 (button) folded before Flop (didn't bet)



PokerStars Hand #238318461540:  Hold'em No Limit ($0.02/$0.05 USD) - 2022/08/30 15:59:32 PT [2022/08/30 18:59:32 ET]
Table 'Leocadia' 9-max Seat #2 is the button
Seat 2: jolrt ($2.46 in chips) 
Seat 3: gmitoi ($11.15 in chips) 
Seat 4: abitah ($2.06 in chips) 
Seat 6: JayJayJohnson ($16.42 in chips) 
Seat 7: SMUTJAN72 ($4.38 in chips) 
Seat 8: papoelijah ($4.52 in chips) 
Seat 9: Dorex2007 ($5 in chips) 
gmitoi: posts small blind $0.02
abitah: posts big blind $0.05
WeNaSo_07: sits out 
*** HOLE CARDS ***
Dealt to Dorex2007 [3s Ks]
JayJayJohnson: folds 
SMUTJAN72: folds 
papoelijah: folds 
Dorex2007: folds 
jolrt: folds 
gmitoi: raises $0.10 to $0.15
abitah: calls $0.10
*** FLOP *** [Jd Jh 7c]
gmitoi: checks 
abitah: checks 
*** TURN *** [Jd Jh 7c] [9c]
gmitoi: checks 
abitah: checks 
*** RIVER *** [Jd Jh 7c 9c] [Td]
gmitoi: bets $0.14
abitah: calls $0.14
*** SHOW DOWN ***
gmitoi: shows [8d 9d] (a straight, Seven to Jack)
abitah: mucks hand 
gmitoi collected $0.56 from pot
*** SUMMARY ***
Total pot $0.58 | Rake $0.02 
Board [Jd Jh 7c 9c Td]
Seat 2: jolrt (button) folded before Flop (didn't bet)
Seat 3: gmitoi (small blind) showed [8d 9d] and won ($0.56) with a straight, Seven to Jack
Seat 4: abitah (big blind) mucked [5s Th]
Seat 6: JayJayJohnson folded before Flop (didn't bet)
Seat 7: SMUTJAN72 folded before Flop (didn't bet)
Seat 8: papoelijah folded before Flop (didn't bet)
Seat 9: Dorex2007 folded before Flop (didn't bet)



PokerStars Hand #238318474362:  Hold'em No Limit ($0.02/$0.05 USD) - 2022/08/30 16:00:25 PT [2022/08/30 19:00:25 ET]
Table 'Leocadia' 9-max Seat #3 is the button
Seat 2: jolrt ($2.46 in chips) 
Seat 3: gmitoi ($11.42 in chips) 
Seat 4: abitah ($1.77 in chips) 
Seat 5: WeNaSo_07 ($2.50 in chips) 
Seat 6: JayJayJohnson ($16.42 in chips) 
Seat 7: SMUTJAN72 ($4.38 in chips) 
Seat 8: papoelijah ($4.52 in chips) 
Seat 9: Dorex2007 ($5 in chips) 
abitah: posts small blind $0.02
WeNaSo_07: posts big blind $0.05
*** HOLE CARDS ***
Dealt to Dorex2007 [7h 7d]
JayJayJohnson: folds 
SMUTJAN72: folds 
papoelijah: raises $0.10 to $0.15
Dorex2007: folds 
jolrt: folds 
gmitoi: calls $0.15
abitah: calls $0.13
WeNaSo_07: folds 
*** FLOP *** [9h Kh 4s]
abitah: checks 
papoelijah: bets $0.24
gmitoi: folds 
abitah: folds 
Uncalled bet ($0.24) returned to papoelijah
papoelijah collected $0.48 from pot
*** SUMMARY ***
Total pot $0.50 | Rake $0.02 
Board [9h Kh 4s]
Seat 2: jolrt folded before Flop (didn't bet)
Seat 3: gmitoi (button) folded on the Flop
Seat 4: abitah (small blind) folded on the Flop
Seat 5: WeNaSo_07 (big blind) folded before Flop
Seat 6: JayJayJohnson folded before Flop (didn't bet)
Seat 7: SMUTJAN72 folded before Flop (didn't bet)
Seat 8: papoelijah collected ($0.48)
Seat 9: Dorex2007 folded before Flop (didn't bet)



PokerStars Hand #238318487542:  Hold'em No Limit ($0.02/$0.05 USD) - 2022/08/30 16:01:14 PT [2022/08/30 19:01:14 ET]
Table 'Leocadia' 9-max Seat #4 is the button
Seat 1: webby170 ($10.48 in chips) 
Seat 2: jolrt ($2.46 in chips) 
Seat 3: gmitoi ($11.27 in chips) 
Seat 4: abitah ($1.62 in chips) 
Seat 5: WeNaSo_07 ($2.50 in chips) 
Seat 6: JayJayJohnson ($16.42 in chips) 
Seat 7: SMUTJAN72 ($4.38 in chips) 
Seat 8: papoelijah ($4.85 in chips) 
Seat 9: Dorex2007 ($5 in chips) 
WeNaSo_07: posts small blind $0.02
JayJayJohnson: posts big blind $0.05
*** HOLE CARDS ***
Dealt to Dorex2007 [6d Th]
SMUTJAN72: folds 
papoelijah: folds 
Dorex2007: folds 
webby170: raises $0.06 to $0.11
jolrt: folds 
gmitoi: calls $0.11
abitah: calls $0.11
WeNaSo_07: folds 
JayJayJohnson: calls $0.06
*** FLOP *** [6h Qd 6c]
JayJayJohnson: checks 
webby170 is disconnected 
webby170 is connected 
webby170: checks 
gmitoi: checks 
abitah: checks 
*** TURN *** [6h Qd 6c] [5h]
JayJayJohnson: checks 
webby170: checks 
gmitoi: checks 
abitah: checks 
*** RIVER *** [6h Qd 6c 5h] [Qc]
JayJayJohnson: checks 
webby170: checks 
gmitoi: checks 
abitah: checks 
*** SHOW DOWN ***
JayJayJohnson: shows [Ts Ad] (two pair, Queens and Sixes)
webby170: shows [As Jh] (two pair, Queens and Sixes)
gmitoi: shows [Ah Jd] (two pair, Queens and Sixes)
abitah: mucks hand 
JayJayJohnson collected $0.15 from pot
webby170 collected $0.15 from pot
gmitoi collected $0.14 from pot
*** SUMMARY ***
Total pot $0.46 | Rake $0.02 
Board [6h Qd 6c 5h Qc]
Seat 1: webby170 showed [As Jh] and won ($0.15) with two pair, Queens and Sixes
Seat 2: jolrt folded before Flop (didn't bet)
Seat 3: gmitoi showed [Ah Jd] and won ($0.14) with two pair, Queens and Sixes
Seat 4: abitah (button) mucked [7s Kc]
Seat 5: WeNaSo_07 (small blind) folded before Flop
Seat 6: JayJayJohnson (big blind) showed [Ts Ad] and won ($0.15) with two pair, Queens and Sixes
Seat 7: SMUTJAN72 folded before Flop (didn't bet)
Seat 8: papoelijah folded before Flop (didn't bet)
Seat 9: Dorex2007 folded before Flop (didn't bet)



PokerStars Hand #238318511291:  Hold'em No Limit ($0.02/$0.05 USD) - 2022/08/30 16:02:37 PT [2022/08/30 19:02:37 ET]
Table 'Leocadia' 9-max Seat #5 is the button
Seat 1: webby170 ($10.52 in chips) 
Seat 2: jolrt ($2.46 in chips) 
Seat 3: gmitoi ($11.30 in chips) 
Seat 4: abitah ($1.51 in chips) 
Seat 5: WeNaSo_07 ($2.50 in chips) 
Seat 6: JayJayJohnson ($16.46 in chips) 
Seat 7: SMUTJAN72 ($4.38 in chips) 
Seat 8: papoelijah ($4.85 in chips) 
Seat 9: Dorex2007 ($5 in chips) 
JayJayJohnson: posts small blind $0.02
SMUTJAN72: posts big blind $0.05
*** HOLE CARDS ***
Dealt to Dorex2007 [6d Ks]
papoelijah: folds 
Dorex2007: folds 
webby170: folds 
jolrt: folds 
gmitoi: raises $0.10 to $0.15
abitah: folds 
WeNaSo_07: folds 
JayJayJohnson: raises $0.40 to $0.55
SMUTJAN72: folds 
gmitoi: folds 
Uncalled bet ($0.40) returned to JayJayJohnson
JayJayJohnson collected $0.35 from pot
*** SUMMARY ***
Total pot $0.35 | Rake $0 
Seat 1: webby170 folded before Flop (didn't bet)
Seat 2: jolrt folded before Flop (didn't bet)
Seat 3: gmitoi folded before Flop
Seat 4: abitah folded before Flop (didn't bet)
Seat 5: WeNaSo_07 (button) folded before Flop (didn't bet)
Seat 6: JayJayJohnson (small blind) collected ($0.35)
Seat 7: SMUTJAN72 (big blind) folded before Flop
Seat 8: papoelijah folded before Flop (didn't bet)
Seat 9: Dorex2007 folded before Flop (didn't bet)



PokerStars Hand #238318523489:  Hold'em No Limit ($0.02/$0.05 USD) - 2022/08/30 16:03:19 PT [2022/08/30 19:03:19 ET]
Table 'Leocadia' 9-max Seat #6 is the button
Seat 1: webby170 ($10.52 in chips) 
Seat 2: jolrt ($2.46 in chips) 
Seat 3: gmitoi ($11.15 in chips) 
Seat 4: abitah ($1.51 in chips) 
Seat 5: WeNaSo_07 ($2.50 in chips) 
Seat 6: JayJayJohnson ($16.66 in chips) 
Seat 7: SMUTJAN72 ($4.33 in chips) 
Seat 8: papoelijah ($4.85 in chips) 
Seat 9: Dorex2007 ($5 in chips) 
SMUTJAN72: posts small blind $0.02
papoelijah: posts big blind $0.05
*** HOLE CARDS ***
Dealt to Dorex2007 [2d Ad]
Dorex2007: folds 
webby170: folds 
jolrt: folds 
gmitoi: folds 
abitah: folds 
WeNaSo_07: folds 
JayJayJohnson: folds 
SMUTJAN72: calls $0.03
papoelijah: checks 
*** FLOP *** [Ks 9d 3s]
SMUTJAN72: checks 
papoelijah: checks 
*** TURN *** [Ks 9d 3s] [Qd]
SMUTJAN72: checks 
papoelijah: checks 
*** RIVER *** [Ks 9d 3s Qd] [8c]
SMUTJAN72: checks 
papoelijah: checks 
*** SHOW DOWN ***
SMUTJAN72: shows [Ah Tc] (high card Ace)
papoelijah: mucks hand 
SMUTJAN72 collected $0.10 from pot
*** SUMMARY ***
Total pot $0.10 | Rake $0 
Board [Ks 9d 3s Qd 8c]
Seat 1: webby170 folded before Flop (didn't bet)
Seat 2: jolrt folded before Flop (didn't bet)
Seat 3: gmitoi folded before Flop (didn't bet)
Seat 4: abitah folded before Flop (didn't bet)
Seat 5: WeNaSo_07 folded before Flop (didn't bet)
Seat 6: JayJayJohnson (button) folded before Flop (didn't bet)
Seat 7: SMUTJAN72 (small blind) showed [Ah Tc] and won ($0.10) with high card Ace
Seat 8: papoelijah (big blind) mucked [Js 2c]
Seat 9: Dorex2007 folded before Flop (didn't bet)



PokerStars Hand #238318545860:  Hold'em No Limit ($0.02/$0.05 USD) - 2022/08/30 16:04:37 PT [2022/08/30 19:04:37 ET]
Table 'Leocadia' 9-max Seat #7 is the button
Seat 1: webby170 ($10.52 in chips) 
Seat 2: jolrt ($2.46 in chips) 
Seat 3: gmitoi ($11.15 in chips) 
Seat 4: abitah ($1.51 in chips) 
Seat 5: WeNaSo_07 ($2.50 in chips) 
Seat 6: JayJayJohnson ($16.66 in chips) 
Seat 7: SMUTJAN72 ($4.38 in chips) 
Seat 8: papoelijah ($4.80 in chips) 
Seat 9: Dorex2007 ($5 in chips) 
papoelijah: posts small blind $0.02
Dorex2007: posts big blind $0.05
*** HOLE CARDS ***
Dealt to Dorex2007 [Ad Jh]
webby170: folds 
jolrt: folds 
gmitoi: folds 
abitah: calls $0.05
WeNaSo_07: folds 
JayJayJohnson: raises $0.15 to $0.20
SMUTJAN72: folds 
papoelijah: folds 
Dorex2007: calls $0.15
abitah: calls $0.15
*** FLOP *** [Tc 6h 7c]
Dorex2007: checks 
abitah: checks 
JayJayJohnson: checks 
*** TURN *** [Tc 6h 7c] [Td]
Dorex2007: checks 
abitah: checks 
JayJayJohnson: checks 
*** RIVER *** [Tc 6h 7c Td] [3d]
Dorex2007: checks 
abitah: checks 
JayJayJohnson: checks 
*** SHOW DOWN ***
Dorex2007: shows [Ad Jh] (a pair of Tens)
abitah: mucks hand 
JayJayJohnson: shows [Ah Kh] (a pair of Tens - Ace+King kicker)
JayJayJohnson collected $0.59 from pot
*** SUMMARY ***
Total pot $0.62 | Rake $0.03 
Board [Tc 6h 7c Td 3d]
Seat 1: webby170 folded before Flop (didn't bet)
Seat 2: jolrt folded before Flop (didn't bet)
Seat 3: gmitoi folded before Flop (didn't bet)
Seat 4: abitah mucked [2c Ac]
Seat 5: WeNaSo_07 folded before Flop (didn't bet)
Seat 6: JayJayJohnson showed [Ah Kh] and won ($0.59) with a pair of Tens
Seat 7: SMUTJAN72 (button) folded before Flop (didn't bet)
Seat 8: papoelijah (small blind) folded before Flop
Seat 9: Dorex2007 (big blind) showed [Ad Jh] and lost with a pair of Tens



PokerStars Hand #238318563610:  Hold'em No Limit ($0.02/$0.05 USD) - 2022/08/30 16:05:39 PT [2022/08/30 19:05:39 ET]
Table 'Leocadia' 9-max Seat #8 is the button
Seat 1: webby170 ($10.52 in chips) 
Seat 2: jolrt ($2.46 in chips) 
Seat 3: gmitoi ($11.15 in chips) 
Seat 4: abitah ($1.31 in chips) 
Seat 5: WeNaSo_07 ($2.50 in chips) 
Seat 6: JayJayJohnson ($17.05 in chips) 
Seat 7: SMUTJAN72 ($4.38 in chips) 
Seat 8: papoelijah ($4.78 in chips) 
Seat 9: Dorex2007 ($5 in chips) 
Dorex2007: posts small blind $0.02
webby170: posts big blind $0.05
*** HOLE CARDS ***
Dealt to Dorex2007 [4h 9c]
jolrt: folds 
gmitoi: folds 
abitah: raises $0.10 to $0.15
WeNaSo_07: folds 
JayJayJohnson: folds 
SMUTJAN72: folds 
papoelijah: calls $0.15
Dorex2007: folds 
webby170: raises $0.47 to $0.62
abitah: calls $0.47
papoelijah: calls $0.47
*** FLOP *** [6c Qd Jd]
webby170: bets $0.90
abitah: calls $0.69 and is all-in
papoelijah: folds 
Uncalled bet ($0.21) returned to webby170
*** TURN *** [6c Qd Jd] [8d]
*** RIVER *** [6c Qd Jd 8d] [8h]
*** SHOW DOWN ***
webby170: shows [Ad Td] (a flush, Ace high)
abitah: shows [Qc Kc] (two pair, Queens and Eights)
webby170 collected $3.12 from pot
*** SUMMARY ***
Total pot $3.26 | Rake $0.14 
Board [6c Qd Jd 8d 8h]
Seat 1: webby170 (big blind) showed [Ad Td] and won ($3.12) with a flush, Ace high
Seat 2: jolrt folded before Flop (didn't bet)
Seat 3: gmitoi folded before Flop (didn't bet)
Seat 4: abitah showed [Qc Kc] and lost with two pair, Queens and Eights
Seat 5: WeNaSo_07 folded before Flop (didn't bet)
Seat 6: JayJayJohnson folded before Flop (didn't bet)
Seat 7: SMUTJAN72 folded before Flop (didn't bet)
Seat 8: papoelijah (button) folded on the Flop
Seat 9: Dorex2007 (small blind) folded before Flop



PokerStars Hand #238318578462:  Hold'em No Limit ($0.02/$0.05 USD) - 2022/08/30 16:06:31 PT [2022/08/30 19:06:31 ET]
Table 'Leocadia' 9-max Seat #9 is the button
Seat 1: webby170 ($12.33 in chips) 
Seat 2: jolrt ($2.46 in chips) 
Seat 3: gmitoi ($11.15 in chips) 
Seat 5: WeNaSo_07 ($2.50 in chips) 
Seat 6: JayJayJohnson ($17.05 in chips) 
Seat 7: SMUTJAN72 ($4.38 in chips) 
Seat 8: papoelijah ($4.16 in chips) 
Seat 9: Dorex2007 ($5 in chips) 
webby170: posts small blind $0.02
jolrt: posts big blind $0.05
*** HOLE CARDS ***
Dealt to Dorex2007 [6h 9s]
gmitoi: folds 
WeNaSo_07: folds 
JayJayJohnson: folds 
SMUTJAN72: calls $0.05
papoelijah: calls $0.05
Dorex2007: folds 
webby170: folds 
jolrt: raises $0.30 to $0.35
SMUTJAN72: folds 
papoelijah: calls $0.30
*** FLOP *** [3h 7s Qs]
jolrt: checks 
papoelijah: bets $0.74
jolrt: calls $0.74
*** TURN *** [3h 7s Qs] [6c]
jolrt: checks 
papoelijah: bets $1.38
jolrt: calls $1.37 and is all-in
Uncalled bet ($0.01) returned to papoelijah
*** RIVER *** [3h 7s Qs 6c] [Qd]
*** SHOW DOWN ***
jolrt: shows [As 9d] (a pair of Queens)
papoelijah: shows [Qh Jd] (three of a kind, Queens)
papoelijah collected $4.78 from pot
*** SUMMARY ***
Total pot $4.99 | Rake $0.21 
Board [3h 7s Qs 6c Qd]
Seat 1: webby170 (small blind) folded before Flop
Seat 2: jolrt (big blind) showed [As 9d] and lost with a pair of Queens
Seat 3: gmitoi folded before Flop (didn't bet)
Seat 5: WeNaSo_07 folded before Flop (didn't bet)
Seat 6: JayJayJohnson folded before Flop (didn't bet)
Seat 7: SMUTJAN72 folded before Flop
Seat 8: papoelijah showed [Qh Jd] and won ($4.78) with three of a kind, Queens
Seat 9: Dorex2007 (button) folded before Flop (didn't bet)



PokerStars Hand #238318599626:  Hold'em No Limit ($0.02/$0.05 USD) - 2022/08/30 16:07:45 PT [2022/08/30 19:07:45 ET]
Table 'Leocadia' 9-max Seat #1 is the button
Seat 1: webby170 ($12.31 in chips) 
Seat 3: gmitoi ($11.15 in chips) 
Seat 5: WeNaSo_07 ($2.50 in chips) 
Seat 6: JayJayJohnson ($17.05 in chips) 
Seat 7: SMUTJAN72 ($4.33 in chips) 
Seat 8: papoelijah ($6.48 in chips) 
Seat 9: Dorex2007 ($5 in chips) 
gmitoi: posts small blind $0.02
WeNaSo_07: posts big blind $0.05
*** HOLE CARDS ***
Dealt to Dorex2007 [Kd Qd]
JayJayJohnson: folds 
SMUTJAN72: folds 
jolrt is disconnected 
papoelijah: calls $0.05
Dorex2007: calls $0.05
webby170: folds 
gmitoi: folds 
WeNaSo_07: checks 
*** FLOP *** [7s 8h 5h]
WeNaSo_07: checks 
papoelijah: checks 
Dorex2007: checks 
*** TURN *** [7s 8h 5h] [Qc]
WeNaSo_07: checks 
papoelijah: checks 
Dorex2007: bets $0.11
WeNaSo_07: folds 
papoelijah: folds 
Uncalled bet ($0.11) returned to Dorex2007
Dorex2007 collected $0.16 from pot
Dorex2007: doesn't show hand 
*** SUMMARY ***
Total pot $0.17 | Rake $0.01 
Board [7s 8h 5h Qc]
Seat 1: webby170 (button) folded before Flop (didn't bet)
Seat 3: gmitoi (small blind) folded before Flop
Seat 5: WeNaSo_07 (big blind) folded on the Turn
Seat 6: JayJayJohnson folded before Flop (didn't bet)
Seat 7: SMUTJAN72 folded before Flop (didn't bet)
Seat 8: papoelijah folded on the Turn
Seat 9: Dorex2007 collected ($0.16)



PokerStars Hand #238318615455:  Hold'em No Limit ($0.02/$0.05 USD) - 2022/08/30 16:08:41 PT [2022/08/30 19:08:41 ET]
Table 'Leocadia' 9-max Seat #3 is the button
Seat 1: webby170 ($12.31 in chips) 
Seat 3: gmitoi ($11.13 in chips) 
Seat 5: WeNaSo_07 ($2.50 in chips) 
Seat 6: JayJayJohnson ($17.05 in chips) 
Seat 7: SMUTJAN72 ($4.33 in chips) 
Seat 8: papoelijah ($6.43 in chips) 
Seat 9: Dorex2007 ($5.11 in chips) 
WeNaSo_07: posts small blind $0.02
JayJayJohnson: posts big blind $0.05
*** HOLE CARDS ***
Dealt to Dorex2007 [8h 3h]
SMUTJAN72: folds 
papoelijah: folds 
Dorex2007: folds 
webby170: folds 
gmitoi: folds 
WeNaSo_07: folds 
Uncalled bet ($0.03) returned to JayJayJohnson
JayJayJohnson collected $0.04 from pot
*** SUMMARY ***
Total pot $0.04 | Rake $0 
Seat 1: webby170 folded before Flop (didn't bet)
Seat 3: gmitoi (button) folded before Flop (didn't bet)
Seat 5: WeNaSo_07 (small blind) folded before Flop
Seat 6: JayJayJohnson (big blind) collected ($0.04)
Seat 7: SMUTJAN72 folded before Flop (didn't bet)
Seat 8: papoelijah folded before Flop (didn't bet)
Seat 9: Dorex2007 folded before Flop (didn't bet)



PokerStars Hand #238318618935:  Hold'em No Limit ($0.02/$0.05 USD) - 2022/08/30 16:08:53 PT [2022/08/30 19:08:53 ET]
Table 'Leocadia' 9-max Seat #5 is the button
Seat 1: webby170 ($12.31 in chips) 
Seat 3: gmitoi ($11.13 in chips) 
Seat 5: WeNaSo_07 ($2.50 in chips) 
Seat 6: JayJayJohnson ($17.07 in chips) 
Seat 7: SMUTJAN72 ($4.33 in chips) 
Seat 8: papoelijah ($6.43 in chips) 
Seat 9: Dorex2007 ($5.11 in chips) 
JayJayJohnson: posts small blind $0.02
SMUTJAN72: posts big blind $0.05
*** HOLE CARDS ***
Dealt to Dorex2007 [3s 7s]
papoelijah: raises $0.05 to $0.10
Dorex2007: folds 
webby170: folds 
gmitoi: folds 
WeNaSo_07: folds 
JayJayJohnson: folds 
SMUTJAN72: calls $0.05
*** FLOP *** [Qc 4d Ac]
SMUTJAN72: checks 
papoelijah: checks 
*** TURN *** [Qc 4d Ac] [7h]
SMUTJAN72: bets $0.10
papoelijah: folds 
Uncalled bet ($0.10) returned to SMUTJAN72
SMUTJAN72 collected $0.21 from pot
*** SUMMARY ***
Total pot $0.22 | Rake $0.01 
Board [Qc 4d Ac 7h]
Seat 1: webby170 folded before Flop (didn't bet)
Seat 3: gmitoi folded before Flop (didn't bet)
Seat 5: WeNaSo_07 (button) folded before Flop (didn't bet)
Seat 6: JayJayJohnson (small blind) folded before Flop
Seat 7: SMUTJAN72 (big blind) collected ($0.21)
Seat 8: papoelijah folded on the Turn
Seat 9: Dorex2007 folded before Flop (didn't bet)



PokerStars Hand #238318632943:  Hold'em No Limit ($0.02/$0.05 USD) - 2022/08/30 16:09:43 PT [2022/08/30 19:09:43 ET]
Table 'Leocadia' 9-max Seat #6 is the button
Seat 1: webby170 ($12.31 in chips) 
Seat 3: gmitoi ($11.13 in chips) 
Seat 4: abitah ($3.50 in chips) 
Seat 5: WeNaSo_07 ($2.50 in chips) 
Seat 6: JayJayJohnson ($17.05 in chips) 
Seat 7: SMUTJAN72 ($4.44 in chips) 
Seat 8: papoelijah ($6.33 in chips) 
Seat 9: Dorex2007 ($5.11 in chips) 
SMUTJAN72: posts small blind $0.02
papoelijah: posts big blind $0.05
abitah: posts small & big blinds $0.07
*** HOLE CARDS ***
Dealt to Dorex2007 [Qh As]
Dorex2007: raises $0.05 to $0.10
webby170: folds 
gmitoi: folds 
abitah: calls $0.05
WeNaSo_07: folds 
JayJayJohnson: raises $0.25 to $0.35
SMUTJAN72: folds 
papoelijah: calls $0.30
Dorex2007: folds 
abitah: calls $0.25
*** FLOP *** [6s Th 3d]
papoelijah: checks 
abitah: checks 
JayJayJohnson: bets $0.57
papoelijah: calls $0.57
abitah: raises $2.56 to $3.13 and is all-in
JayJayJohnson: folds 
papoelijah: folds 
Uncalled bet ($2.56) returned to abitah
abitah collected $2.78 from pot
abitah: doesn't show hand 
*** SUMMARY ***
Total pot $2.90 | Rake $0.12 
Board [6s Th 3d]
Seat 1: webby170 folded before Flop (didn't bet)
Seat 3: gmitoi folded before Flop (didn't bet)
Seat 4: abitah collected ($2.78)
Seat 5: WeNaSo_07 folded before Flop (didn't bet)
Seat 6: JayJayJohnson (button) folded on the Flop
Seat 7: SMUTJAN72 (small blind) folded before Flop
Seat 8: papoelijah (big blind) folded on the Flop
Seat 9: Dorex2007 folded before Flop



PokerStars Hand #238318655345:  Hold'em No Limit ($0.02/$0.05 USD) - 2022/08/30 16:11:02 PT [2022/08/30 19:11:02 ET]
Table 'Leocadia' 9-max Seat #7 is the button
Seat 1: webby170 ($12.31 in chips) 
Seat 3: gmitoi ($11.13 in chips) 
Seat 4: abitah ($5.34 in chips) 
Seat 5: WeNaSo_07 ($2.50 in chips) 
Seat 6: JayJayJohnson ($16.13 in chips) 
Seat 7: SMUTJAN72 ($4.42 in chips) 
Seat 8: papoelijah ($5.41 in chips) 
Seat 9: Dorex2007 ($5.01 in chips) 
papoelijah: posts small blind $0.02
Dorex2007: posts big blind $0.05
*** HOLE CARDS ***
Dealt to Dorex2007 [2h Qs]
webby170: folds 
gmitoi: folds 
abitah: calls $0.05
WeNaSo_07: folds 
JayJayJohnson: folds 
SMUTJAN72: calls $0.05
papoelijah: folds 
Dorex2007: checks 
*** FLOP *** [7h 2c Js]
Dorex2007: checks 
abitah: checks 
SMUTJAN72: bets $0.05
Dorex2007: calls $0.05
abitah: calls $0.05
*** TURN *** [7h 2c Js] [As]
Dorex2007: checks 
abitah: checks 
SMUTJAN72: bets $0.05
Dorex2007: folds 
abitah: folds 
Uncalled bet ($0.05) returned to SMUTJAN72
SMUTJAN72 collected $0.31 from pot
*** SUMMARY ***
Total pot $0.32 | Rake $0.01 
Board [7h 2c Js As]
Seat 1: webby170 folded before Flop (didn't bet)
Seat 3: gmitoi folded before Flop (didn't bet)
Seat 4: abitah folded on the Turn
Seat 5: WeNaSo_07 folded before Flop (didn't bet)
Seat 6: JayJayJohnson folded before Flop (didn't bet)
Seat 7: SMUTJAN72 (button) collected ($0.31)
Seat 8: papoelijah (small blind) folded before Flop
Seat 9: Dorex2007 (big blind) folded on the Turn



PokerStars Hand #238318669086:  Hold'em No Limit ($0.02/$0.05 USD) - 2022/08/30 16:11:50 PT [2022/08/30 19:11:50 ET]
Table 'Leocadia' 9-max Seat #8 is the button
Seat 1: webby170 ($12.31 in chips) 
Seat 3: gmitoi ($11.13 in chips) 
Seat 4: abitah ($5.24 in chips) 
Seat 5: WeNaSo_07 ($2.50 in chips) 
Seat 6: JayJayJohnson ($16.13 in chips) 
Seat 7: SMUTJAN72 ($4.63 in chips) 
Seat 8: papoelijah ($5.39 in chips) 
Seat 9: Dorex2007 ($5 in chips) 
Dorex2007: posts small blind $0.02
webby170: posts big blind $0.05
*** HOLE CARDS ***
Dealt to Dorex2007 [5d Kd]
gmitoi: folds 
abitah: calls $0.05
WeNaSo_07: folds 
JayJayJohnson: raises $0.15 to $0.20
SMUTJAN72: folds 
papoelijah: raises $5.19 to $5.39 and is all-in
Dorex2007: folds 
webby170: folds 
abitah: folds 
JayJayJohnson: folds 
Uncalled bet ($5.19) returned to papoelijah
papoelijah collected $0.52 from pot
*** SUMMARY ***
Total pot $0.52 | Rake $0 
Seat 1: webby170 (big blind) folded before Flop
Seat 3: gmitoi folded before Flop (didn't bet)
Seat 4: abitah folded before Flop
Seat 5: WeNaSo_07 folded before Flop (didn't bet)
Seat 6: JayJayJohnson folded before Flop
Seat 7: SMUTJAN72 folded before Flop (didn't bet)
Seat 8: papoelijah (button) collected ($0.52)
Seat 9: Dorex2007 (small blind) folded before Flop



PokerStars Hand #238318678347:  Hold'em No Limit ($0.02/$0.05 USD) - 2022/08/30 16:12:23 PT [2022/08/30 19:12:23 ET]
Table 'Leocadia' 9-max Seat #9 is the button
Seat 1: webby170 ($12.26 in chips) 
Seat 3: gmitoi ($11.13 in chips) 
Seat 4: abitah ($5.19 in chips) 
Seat 5: WeNaSo_07 ($2.50 in chips) 
Seat 6: JayJayJohnson ($15.93 in chips) 
Seat 7: SMUTJAN72 ($4.63 in chips) 
Seat 8: papoelijah ($5.71 in chips) 
Seat 9: Dorex2007 ($5 in chips) 
webby170: posts small blind $0.02
gmitoi: posts big blind $0.05
*** HOLE CARDS ***
Dealt to Dorex2007 [Td 5c]
abitah: raises $0.25 to $0.30
WeNaSo_07: folds 
JayJayJohnson: folds 
SMUTJAN72: folds 
papoelijah: folds 
Dorex2007: folds 
webby170: folds 
gmitoi: folds 
Uncalled bet ($0.25) returned to abitah
abitah collected $0.12 from pot
abitah: doesn't show hand 
*** SUMMARY ***
Total pot $0.12 | Rake $0 
Seat 1: webby170 (small blind) folded before Flop
Seat 3: gmitoi (big blind) folded before Flop
Seat 4: abitah collected ($0.12)
Seat 5: WeNaSo_07 folded before Flop (didn't bet)
Seat 6: JayJayJohnson folded before Flop (didn't bet)
Seat 7: SMUTJAN72 folded before Flop (didn't bet)
Seat 8: papoelijah folded before Flop (didn't bet)
Seat 9: Dorex2007 (button) folded before Flop (didn't bet)



PokerStars Hand #238318682681:  Hold'em No Limit ($0.02/$0.05 USD) - 2022/08/30 16:12:39 PT [2022/08/30 19:12:39 ET]
Table 'Leocadia' 9-max Seat #1 is the button
Seat 1: webby170 ($12.24 in chips) 
Seat 3: gmitoi ($11.08 in chips) 
Seat 4: abitah ($5.26 in chips) 
Seat 5: WeNaSo_07 ($2.50 in chips) 
Seat 6: JayJayJohnson ($15.93 in chips) 
Seat 7: SMUTJAN72 ($4.63 in chips) 
Seat 8: papoelijah ($5.71 in chips) 
Seat 9: Dorex2007 ($5 in chips) 
gmitoi: posts small blind $0.02
abitah: posts big blind $0.05
*** HOLE CARDS ***
Dealt to Dorex2007 [Jh 4s]
WeNaSo_07: folds 
JayJayJohnson has timed out
JayJayJohnson: folds 
SMUTJAN72: raises $0.10 to $0.15
papoelijah: folds 
Dorex2007: folds 
webby170: folds 
gmitoi: folds 
abitah: calls $0.10
*** FLOP *** [Qc 3s Qs]
abitah: checks 
SMUTJAN72: bets $0.15
abitah: folds 
Uncalled bet ($0.15) returned to SMUTJAN72
SMUTJAN72 collected $0.31 from pot
*** SUMMARY ***
Total pot $0.32 | Rake $0.01 
Board [Qc 3s Qs]
Seat 1: webby170 (button) folded before Flop (didn't bet)
Seat 3: gmitoi (small blind) folded before Flop
Seat 4: abitah (big blind) folded on the Flop
Seat 5: WeNaSo_07 folded before Flop (didn't bet)
Seat 6: JayJayJohnson folded before Flop (didn't bet)
Seat 7: SMUTJAN72 collected ($0.31)
Seat 8: papoelijah folded before Flop (didn't bet)
Seat 9: Dorex2007 folded before Flop (didn't bet)



PokerStars Hand #238318693847:  Hold'em No Limit ($0.02/$0.05 USD) - 2022/08/30 16:13:18 PT [2022/08/30 19:13:18 ET]
Table 'Leocadia' 9-max Seat #3 is the button
Seat 1: webby170 ($12.24 in chips) 
Seat 3: gmitoi ($11.06 in chips) 
Seat 4: abitah ($5.11 in chips) 
Seat 5: WeNaSo_07 ($2.50 in chips) 
Seat 6: JayJayJohnson ($15.93 in chips) 
Seat 7: SMUTJAN72 ($4.79 in chips) 
Seat 8: papoelijah ($5.71 in chips) 
Seat 9: Dorex2007 ($5 in chips) 
abitah: posts small blind $0.02
WeNaSo_07: posts big blind $0.05
*** HOLE CARDS ***
Dealt to Dorex2007 [Qs 6d]
JayJayJohnson: folds 
SMUTJAN72: folds 
papoelijah: folds 
Dorex2007: folds 
webby170: raises $0.06 to $0.11
gmitoi: folds 
abitah: folds 
WeNaSo_07: folds 
Uncalled bet ($0.06) returned to webby170
webby170 collected $0.12 from pot
*** SUMMARY ***
Total pot $0.12 | Rake $0 
Seat 1: webby170 collected ($0.12)
Seat 3: gmitoi (button) folded before Flop (didn't bet)
Seat 4: abitah (small blind) folded before Flop
Seat 5: WeNaSo_07 (big blind) folded before Flop
Seat 6: JayJayJohnson folded before Flop (didn't bet)
Seat 7: SMUTJAN72 folded before Flop (didn't bet)
Seat 8: papoelijah folded before Flop (didn't bet)
Seat 9: Dorex2007 folded before Flop (didn't bet)



PokerStars Hand #238318698038:  Hold'em No Limit ($0.02/$0.05 USD) - 2022/08/30 16:13:33 PT [2022/08/30 19:13:33 ET]
Table 'Leocadia' 9-max Seat #4 is the button
Seat 1: webby170 ($12.31 in chips) 
Seat 3: gmitoi ($11.06 in chips) 
Seat 4: abitah ($5.09 in chips) 
Seat 5: WeNaSo_07 ($2.50 in chips) 
Seat 6: JayJayJohnson ($15.93 in chips) 
Seat 7: SMUTJAN72 ($4.79 in chips) 
Seat 8: papoelijah ($5.71 in chips) 
Seat 9: Dorex2007 ($5 in chips) 
WeNaSo_07: posts small blind $0.02
JayJayJohnson: posts big blind $0.05
*** HOLE CARDS ***
Dealt to Dorex2007 [5d Ah]
SMUTJAN72: folds 
papoelijah: calls $0.05
Dorex2007: folds 
webby170: folds 
gmitoi: raises $0.15 to $0.20
abitah: calls $0.20
WeNaSo_07: folds 
JayJayJohnson: calls $0.15
papoelijah: calls $0.15
*** FLOP *** [3d Tc 4d]
JayJayJohnson: checks 
papoelijah: bets $0.44
gmitoi: folds 
abitah: calls $0.44
JayJayJohnson: folds 
*** TURN *** [3d Tc 4d] [8d]
papoelijah: checks 
abitah: checks 
*** RIVER *** [3d Tc 4d 8d] [6s]
papoelijah: checks 
abitah: bets $0.75
papoelijah: calls $0.75
*** SHOW DOWN ***
abitah: shows [Kd Th] (a pair of Tens)
papoelijah: shows [4h 3h] (two pair, Fours and Threes)
papoelijah collected $3.07 from pot
*** SUMMARY ***
Total pot $3.20 | Rake $0.13 
Board [3d Tc 4d 8d 6s]
Seat 1: webby170 folded before Flop (didn't bet)
Seat 3: gmitoi folded on the Flop
Seat 4: abitah (button) showed [Kd Th] and lost with a pair of Tens
Seat 5: WeNaSo_07 (small blind) folded before Flop
Seat 6: JayJayJohnson (big blind) folded on the Flop
Seat 7: SMUTJAN72 folded before Flop (didn't bet)
Seat 8: papoelijah showed [4h 3h] and won ($3.07) with two pair, Fours and Threes
Seat 9: Dorex2007 folded before Flop (didn't bet)



PokerStars Hand #238318714053:  Hold'em No Limit ($0.02/$0.05 USD) - 2022/08/30 16:14:30 PT [2022/08/30 19:14:30 ET]
Table 'Leocadia' 9-max Seat #5 is the button
Seat 1: webby170 ($12.31 in chips) 
Seat 3: gmitoi ($10.86 in chips) 
Seat 4: abitah ($3.70 in chips) 
Seat 5: WeNaSo_07 ($2.50 in chips) 
Seat 6: JayJayJohnson ($15.73 in chips) 
Seat 7: SMUTJAN72 ($4.79 in chips) 
Seat 8: papoelijah ($7.39 in chips) 
Seat 9: Dorex2007 ($5 in chips) 
JayJayJohnson: posts small blind $0.02
SMUTJAN72: posts big blind $0.05
*** HOLE CARDS ***
Dealt to Dorex2007 [Js 9h]
papoelijah: folds 
Dorex2007: folds 
webby170: folds 
gmitoi: folds 
abitah: calls $0.05
WeNaSo_07: folds 
JayJayJohnson: folds 
SMUTJAN72: checks 
*** FLOP *** [9s As 2c]
SMUTJAN72: checks 
abitah: checks 
*** TURN *** [9s As 2c] [Ac]
SMUTJAN72: checks 
abitah: checks 
*** RIVER *** [9s As 2c Ac] [2h]
SMUTJAN72: checks 
abitah: checks 
*** SHOW DOWN ***
SMUTJAN72: shows [6h 4s] (two pair, Aces and Deuces)
abitah: shows [8s Jc] (two pair, Aces and Deuces - Jack kicker)
abitah collected $0.12 from pot
*** SUMMARY ***
Total pot $0.12 | Rake $0 
Board [9s As 2c Ac 2h]
Seat 1: webby170 folded before Flop (didn't bet)
Seat 3: gmitoi folded before Flop (didn't bet)
Seat 4: abitah showed [8s Jc] and won ($0.12) with two pair, Aces and Deuces
Seat 5: WeNaSo_07 (button) folded before Flop (didn't bet)
Seat 6: JayJayJohnson (small blind) folded before Flop
Seat 7: SMUTJAN72 (big blind) showed [6h 4s] and lost with two pair, Aces and Deuces
Seat 8: papoelijah folded before Flop (didn't bet)
Seat 9: Dorex2007 folded before Flop (didn't bet)



PokerStars Hand #238318726318:  Hold'em No Limit ($0.02/$0.05 USD) - 2022/08/30 16:15:14 PT [2022/08/30 19:15:14 ET]
Table 'Leocadia' 9-max Seat #6 is the button
Seat 1: webby170 ($12.31 in chips) 
Seat 3: gmitoi ($10.86 in chips) 
Seat 4: abitah ($3.77 in chips) 
Seat 5: WeNaSo_07 ($2.50 in chips) 
Seat 6: JayJayJohnson ($15.71 in chips) 
Seat 7: SMUTJAN72 ($4.74 in chips) 
Seat 8: papoelijah ($7.39 in chips) 
Seat 9: Dorex2007 ($5 in chips) 
SMUTJAN72: posts small blind $0.02
papoelijah: posts big blind $0.05
*** HOLE CARDS ***
Dealt to Dorex2007 [3d 5d]
Dorex2007: folds 
webby170: folds 
gmitoi: folds 
abitah: calls $0.05
WeNaSo_07: folds 
JayJayJohnson: raises $0.15 to $0.20
SMUTJAN72: folds 
papoelijah: calls $0.15
abitah: calls $0.15
*** FLOP *** [9s 6s 3s]
papoelijah: checks 
abitah: checks 
JayJayJohnson: checks 
*** TURN *** [9s 6s 3s] [3c]
papoelijah: bets $0.29
abitah: folds 
JayJayJohnson: folds 
Uncalled bet ($0.29) returned to papoelijah
papoelijah collected $0.59 from pot
*** SUMMARY ***
Total pot $0.62 | Rake $0.03 
Board [9s 6s 3s 3c]
Seat 1: webby170 folded before Flop (didn't bet)
Seat 3: gmitoi folded before Flop (didn't bet)
Seat 4: abitah folded on the Turn
Seat 5: WeNaSo_07 folded before Flop (didn't bet)
Seat 6: JayJayJohnson (button) folded on the Turn
Seat 7: SMUTJAN72 (small blind) folded before Flop
Seat 8: papoelijah (big blind) collected ($0.59)
Seat 9: Dorex2007 folded before Flop (didn't bet)



PokerStars Hand #238318740866:  Hold'em No Limit ($0.02/$0.05 USD) - 2022/08/30 16:16:06 PT [2022/08/30 19:16:06 ET]
Table 'Leocadia' 9-max Seat #7 is the button
Seat 1: webby170 ($12.31 in chips) 
Seat 3: gmitoi ($10.86 in chips) 
Seat 4: abitah ($3.57 in chips) 
Seat 5: WeNaSo_07 ($2.50 in chips) 
Seat 6: JayJayJohnson ($15.51 in chips) 
Seat 7: SMUTJAN72 ($4.72 in chips) 
Seat 8: papoelijah ($7.78 in chips) 
Seat 9: Dorex2007 ($5 in chips) 
papoelijah: posts small blind $0.02
Dorex2007: posts big blind $0.05
*** HOLE CARDS ***
Dealt to Dorex2007 [Qd Ah]
webby170: folds 
gmitoi: folds 
abitah: calls $0.05
WeNaSo_07: folds 
JayJayJohnson: folds 
SMUTJAN72: folds 
papoelijah: folds 
Dorex2007: raises $0.15 to $0.20
abitah: calls $0.15
*** FLOP *** [5c Kd 2c]
Dorex2007: bets $0.27
abitah: calls $0.27
*** TURN *** [5c Kd 2c] [Ac]
Dorex2007: bets $0.61
abitah: folds 
Uncalled bet ($0.61) returned to Dorex2007
Dorex2007 collected $0.92 from pot
Dorex2007: doesn't show hand 
*** SUMMARY ***
Total pot $0.96 | Rake $0.04 
Board [5c Kd 2c Ac]
Seat 1: webby170 folded before Flop (didn't bet)
Seat 3: gmitoi folded before Flop (didn't bet)
Seat 4: abitah folded on the Turn
Seat 5: WeNaSo_07 folded before Flop (didn't bet)
Seat 6: JayJayJohnson folded before Flop (didn't bet)
Seat 7: SMUTJAN72 (button) folded before Flop (didn't bet)
Seat 8: papoelijah (small blind) folded before Flop
Seat 9: Dorex2007 (big blind) collected ($0.92)



PokerStars Hand #238318753466:  Hold'em No Limit ($0.02/$0.05 USD) - 2022/08/30 16:16:51 PT [2022/08/30 19:16:51 ET]
Table 'Leocadia' 9-max Seat #8 is the button
Seat 1: webby170 ($12.31 in chips) 
Seat 3: gmitoi ($10.86 in chips) 
Seat 4: abitah ($3.10 in chips) 
Seat 5: WeNaSo_07 ($2.50 in chips) 
Seat 6: JayJayJohnson ($15.51 in chips) 
Seat 7: SMUTJAN72 ($4.72 in chips) 
Seat 8: papoelijah ($7.76 in chips) 
Seat 9: Dorex2007 ($5.45 in chips) 
Dorex2007: posts small blind $0.02
webby170: posts big blind $0.05
*** HOLE CARDS ***
Dealt to Dorex2007 [Qc Ad]
gmitoi: raises $0.10 to $0.15
abitah: folds 
WeNaSo_07: folds 
JayJayJohnson: folds 
SMUTJAN72: folds 
papoelijah: calls $0.15
Dorex2007: calls $0.13
webby170: calls $0.10
*** FLOP *** [2d 4s Kd]
Dorex2007: checks 
webby170: checks 
gmitoi: bets $0.40
papoelijah: folds 
Dorex2007: folds 
webby170: folds 
Uncalled bet ($0.40) returned to gmitoi
gmitoi collected $0.58 from pot
gmitoi: doesn't show hand 
*** SUMMARY ***
Total pot $0.60 | Rake $0.02 
Board [2d 4s Kd]
Seat 1: webby170 (big blind) folded on the Flop
Seat 3: gmitoi collected ($0.58)
Seat 4: abitah folded before Flop (didn't bet)
Seat 5: WeNaSo_07 folded before Flop (didn't bet)
Seat 6: JayJayJohnson folded before Flop (didn't bet)
Seat 7: SMUTJAN72 folded before Flop (didn't bet)
Seat 8: papoelijah (button) folded on the Flop
Seat 9: Dorex2007 (small blind) folded on the Flop



PokerStars Hand #238318765949:  Hold'em No Limit ($0.02/$0.05 USD) - 2022/08/30 16:17:36 PT [2022/08/30 19:17:36 ET]
Table 'Leocadia' 9-max Seat #9 is the button
Seat 1: webby170 ($12.16 in chips) 
Seat 3: gmitoi ($11.29 in chips) 
Seat 4: abitah ($3.10 in chips) 
Seat 5: WeNaSo_07 ($2.50 in chips) 
Seat 6: JayJayJohnson ($15.51 in chips) 
Seat 7: SMUTJAN72 ($4.72 in chips) 
Seat 8: papoelijah ($7.61 in chips) 
Seat 9: Dorex2007 ($5.30 in chips) 
webby170: posts small blind $0.02
gmitoi: posts big blind $0.05
*** HOLE CARDS ***
Dealt to Dorex2007 [4c 2c]
abitah: folds 
WeNaSo_07: folds 
jolrt leaves the table
JayJayJohnson has timed out
JayJayJohnson: folds 
SMUTJAN72: folds 
papoelijah: calls $0.05
Dorex2007: folds 
webby170: folds 
gmitoi: checks 
*** FLOP *** [3s Qs Js]
gmitoi: checks 
notrealy joins the table at seat #2 
papoelijah: checks 
*** TURN *** [3s Qs Js] [9c]
gmitoi: checks 
papoelijah: checks 
*** RIVER *** [3s Qs Js 9c] [Kc]
gmitoi: bets $0.15
papoelijah: folds 
Uncalled bet ($0.15) returned to gmitoi
gmitoi collected $0.12 from pot
gmitoi: doesn't show hand 
*** SUMMARY ***
Total pot $0.12 | Rake $0 
Board [3s Qs Js 9c Kc]
Seat 1: webby170 (small blind) folded before Flop
Seat 3: gmitoi (big blind) collected ($0.12)
Seat 4: abitah folded before Flop (didn't bet)
Seat 5: WeNaSo_07 folded before Flop (didn't bet)
Seat 6: JayJayJohnson folded before Flop (didn't bet)
Seat 7: SMUTJAN72 folded before Flop (didn't bet)
Seat 8: papoelijah folded on the River
Seat 9: Dorex2007 (button) folded before Flop (didn't bet)



PokerStars Hand #238318778885:  Hold'em No Limit ($0.02/$0.05 USD) - 2022/08/30 16:18:23 PT [2022/08/30 19:18:23 ET]
Table 'Leocadia' 9-max Seat #1 is the button
Seat 1: webby170 ($12.14 in chips) 
Seat 3: gmitoi ($11.36 in chips) 
Seat 4: abitah ($3.10 in chips) 
Seat 5: WeNaSo_07 ($2.50 in chips) 
Seat 6: JayJayJohnson ($15.51 in chips) 
Seat 7: SMUTJAN72 ($4.72 in chips) 
Seat 8: papoelijah ($7.56 in chips) 
Seat 9: Dorex2007 ($5.30 in chips) 
gmitoi: posts small blind $0.02
abitah: posts big blind $0.05
*** HOLE CARDS ***
Dealt to Dorex2007 [2s 7c]
WeNaSo_07: folds 
JayJayJohnson: folds 
SMUTJAN72: folds 
papoelijah: folds 
Dorex2007: folds 
webby170: raises $0.06 to $0.11
gmitoi: folds 
abitah: calls $0.06
*** FLOP *** [8s 4s Kc]
abitah: checks 
webby170: bets $0.11
abitah: calls $0.11
*** TURN *** [8s 4s Kc] [6d]
abitah: checks 
webby170: bets $0.22
abitah: calls $0.22
*** RIVER *** [8s 4s Kc 6d] [Th]
abitah: checks 
webby170: bets $0.38
abitah: calls $0.38
*** SHOW DOWN ***
webby170: shows [Kh Jc] (a pair of Kings)
abitah: mucks hand 
webby170 collected $1.59 from pot
*** SUMMARY ***
Total pot $1.66 | Rake $0.07 
Board [8s 4s Kc 6d Th]
Seat 1: webby170 (button) showed [Kh Jc] and won ($1.59) with a pair of Kings
Seat 3: gmitoi (small blind) folded before Flop
Seat 4: abitah (big blind) mucked [Tc Ah]
Seat 5: WeNaSo_07 folded before Flop (didn't bet)
Seat 6: JayJayJohnson folded before Flop (didn't bet)
Seat 7: SMUTJAN72 folded before Flop (didn't bet)
Seat 8: papoelijah folded before Flop (didn't bet)
Seat 9: Dorex2007 folded before Flop (didn't bet)



PokerStars Hand #238318797361:  Hold'em No Limit ($0.02/$0.05 USD) - 2022/08/30 16:19:30 PT [2022/08/30 19:19:30 ET]
Table 'Leocadia' 9-max Seat #3 is the button
Seat 1: webby170 ($12.91 in chips) 
Seat 2: notrealy ($4 in chips) 
Seat 3: gmitoi ($11.34 in chips) 
Seat 4: abitah ($2.28 in chips) 
Seat 5: WeNaSo_07 ($2.50 in chips) 
Seat 6: JayJayJohnson ($15.51 in chips) 
Seat 7: SMUTJAN72 ($4.72 in chips) 
Seat 8: papoelijah ($7.56 in chips) 
Seat 9: Dorex2007 ($5.30 in chips) 
abitah: posts small blind $0.02
WeNaSo_07: posts big blind $0.05
notrealy: posts big blind $0.05
*** HOLE CARDS ***
Dealt to Dorex2007 [Ad 7s]
JayJayJohnson: folds 
SMUTJAN72: folds 
papoelijah: folds 
Dorex2007: folds 
webby170: folds 
notrealy: checks 
gmitoi: raises $0.17 to $0.22
abitah: calls $0.20
WeNaSo_07: folds 
notrealy: calls $0.17
*** FLOP *** [5s Jd 3c]
abitah: checks 
notrealy: checks 
gmitoi: bets $0.40
abitah: folds 
notrealy: folds 
Uncalled bet ($0.40) returned to gmitoi
gmitoi collected $0.68 from pot
gmitoi: doesn't show hand 
*** SUMMARY ***
Total pot $0.71 | Rake $0.03 
Board [5s Jd 3c]
Seat 1: webby170 folded before Flop (didn't bet)
Seat 2: notrealy folded on the Flop
Seat 3: gmitoi (button) collected ($0.68)
Seat 4: abitah (small blind) folded on the Flop
Seat 5: WeNaSo_07 (big blind) folded before Flop
Seat 6: JayJayJohnson folded before Flop (didn't bet)
Seat 7: SMUTJAN72 folded before Flop (didn't bet)
Seat 8: papoelijah folded before Flop (didn't bet)
Seat 9: Dorex2007 folded before Flop (didn't bet)



PokerStars Hand #238318808460:  Hold'em No Limit ($0.02/$0.05 USD) - 2022/08/30 16:20:11 PT [2022/08/30 19:20:11 ET]
Table 'Leocadia' 9-max Seat #4 is the button
Seat 1: webby170 ($12.91 in chips) 
Seat 3: gmitoi ($11.80 in chips) 
Seat 4: abitah ($2.06 in chips) 
Seat 5: WeNaSo_07 ($2.50 in chips) 
Seat 6: JayJayJohnson ($15.51 in chips) 
Seat 7: SMUTJAN72 ($4.72 in chips) 
Seat 8: papoelijah ($7.56 in chips) 
Seat 9: Dorex2007 ($5.30 in chips) 
WeNaSo_07: posts small blind $0.02
JayJayJohnson: posts big blind $0.05
*** HOLE CARDS ***
Dealt to Dorex2007 [8c 8d]
SMUTJAN72: folds 
papoelijah: folds 
Dorex2007: raises $0.10 to $0.15
webby170: folds 
gmitoi: folds 
abitah: folds 
WeNaSo_07: folds 
JayJayJohnson: folds 
Uncalled bet ($0.10) returned to Dorex2007
Dorex2007 collected $0.12 from pot
Dorex2007: doesn't show hand 
*** SUMMARY ***
Total pot $0.12 | Rake $0 
Seat 1: webby170 folded before Flop (didn't bet)
Seat 3: gmitoi folded before Flop (didn't bet)
Seat 4: abitah (button) folded before Flop (didn't bet)
Seat 5: WeNaSo_07 (small blind) folded before Flop
Seat 6: JayJayJohnson (big blind) folded before Flop
Seat 7: SMUTJAN72 folded before Flop (didn't bet)
Seat 8: papoelijah folded before Flop (didn't bet)
Seat 9: Dorex2007 collected ($0.12)



PokerStars Hand #238318815393:  Hold'em No Limit ($0.02/$0.05 USD) - 2022/08/30 16:20:35 PT [2022/08/30 19:20:35 ET]
Table 'Leocadia' 9-max Seat #5 is the button
Seat 1: webby170 ($12.91 in chips) 
Seat 3: gmitoi ($11.80 in chips) 
Seat 4: abitah ($2.06 in chips) 
Seat 5: WeNaSo_07 ($2.50 in chips) 
Seat 6: JayJayJohnson ($15.46 in chips) 
Seat 7: SMUTJAN72 ($4.72 in chips) 
Seat 8: papoelijah ($7.56 in chips) 
Seat 9: Dorex2007 ($5.37 in chips) 
JayJayJohnson: posts small blind $0.02
SMUTJAN72: posts big blind $0.05
*** HOLE CARDS ***
Dealt to Dorex2007 [9h 6c]
papoelijah: calls $0.05
Dorex2007: folds 
webby170: folds 
gmitoi: folds 
abitah: folds 
WeNaSo_07: folds 
JayJayJohnson: folds 
SMUTJAN72: checks 
*** FLOP *** [6s Kc 3h]
SMUTJAN72: checks 
papoelijah: checks 
*** TURN *** [6s Kc 3h] [4d]
SMUTJAN72: checks 
papoelijah: checks 
*** RIVER *** [6s Kc 3h 4d] [5d]
SMUTJAN72: checks 
papoelijah: checks 
*** SHOW DOWN ***
SMUTJAN72: shows [Ac 8h] (high card Ace)
papoelijah: shows [8s 4s] (a pair of Fours)
papoelijah collected $0.12 from pot
*** SUMMARY ***
Total pot $0.12 | Rake $0 
Board [6s Kc 3h 4d 5d]
Seat 1: webby170 folded before Flop (didn't bet)
Seat 3: gmitoi folded before Flop (didn't bet)
Seat 4: abitah folded before Flop (didn't bet)
Seat 5: WeNaSo_07 (button) folded before Flop (didn't bet)
Seat 6: JayJayJohnson (small blind) folded before Flop
Seat 7: SMUTJAN72 (big blind) showed [Ac 8h] and lost with high card Ace
Seat 8: papoelijah showed [8s 4s] and won ($0.12) with a pair of Fours
Seat 9: Dorex2007 folded before Flop (didn't bet)



PokerStars Hand #238318829363:  Hold'em No Limit ($0.02/$0.05 USD) - 2022/08/30 16:21:26 PT [2022/08/30 19:21:26 ET]
Table 'Leocadia' 9-max Seat #6 is the button
Seat 1: webby170 ($12.91 in chips) 
Seat 3: gmitoi ($11.80 in chips) 
Seat 4: abitah ($2.06 in chips) 
Seat 5: WeNaSo_07 ($2.50 in chips) 
Seat 6: JayJayJohnson ($15.44 in chips) 
Seat 7: SMUTJAN72 ($4.67 in chips) 
Seat 8: papoelijah ($7.63 in chips) 
Seat 9: Dorex2007 ($5.37 in chips) 
SMUTJAN72: posts small blind $0.02
papoelijah: posts big blind $0.05
*** HOLE CARDS ***
Dealt to Dorex2007 [3h 9d]
Dorex2007: folds 
webby170: folds 
gmitoi: folds 
abitah: calls $0.05
WeNaSo_07: folds 
JayJayJohnson: folds 
SMUTJAN72: folds 
papoelijah: checks 
*** FLOP *** [2c Ah 9h]
papoelijah: checks 
WeNaSo_07 leaves the table
abitah: checks 
*** TURN *** [2c Ah 9h] [2h]
Dimi Mainpark joins the table at seat #5 
papoelijah: checks 
abitah: checks 
*** RIVER *** [2c Ah 9h 2h] [4c]
papoelijah: checks 
abitah: checks 
*** SHOW DOWN ***
papoelijah: shows [5c 9s] (two pair, Nines and Deuces)
abitah: mucks hand 
papoelijah collected $0.12 from pot
*** SUMMARY ***
Total pot $0.12 | Rake $0 
Board [2c Ah 9h 2h 4c]
Seat 1: webby170 folded before Flop (didn't bet)
Seat 3: gmitoi folded before Flop (didn't bet)
Seat 4: abitah mucked [6s Kc]
Seat 5: WeNaSo_07 folded before Flop (didn't bet)
Seat 6: JayJayJohnson (button) folded before Flop (didn't bet)
Seat 7: SMUTJAN72 (small blind) folded before Flop
Seat 8: papoelijah (big blind) showed [5c 9s] and won ($0.12) with two pair, Nines and Deuces
Seat 9: Dorex2007 folded before Flop (didn't bet)



PokerStars Hand #238318851517:  Hold'em No Limit ($0.02/$0.05 USD) - 2022/08/30 16:22:48 PT [2022/08/30 19:22:48 ET]
Table 'Leocadia' 9-max Seat #7 is the button
Seat 1: webby170 ($12.91 in chips) 
Seat 2: notrealy ($3.78 in chips) 
Seat 3: gmitoi ($11.80 in chips) 
Seat 4: abitah ($2.01 in chips) 
Seat 5: Dimi Mainpark ($2 in chips) 
Seat 6: JayJayJohnson ($15.44 in chips) 
Seat 7: SMUTJAN72 ($4.65 in chips) 
Seat 8: papoelijah ($7.70 in chips) 
Seat 9: Dorex2007 ($5.37 in chips) 
papoelijah: posts small blind $0.02
Dorex2007: posts big blind $0.05
Dimi Mainpark: posts big blind $0.05
*** HOLE CARDS ***
Dealt to Dorex2007 [4c Qc]
webby170: folds 
notrealy: folds 
gmitoi: folds 
abitah: raises $0.05 to $0.10
Dimi Mainpark: raises $0.05 to $0.15
JayJayJohnson: folds 
SMUTJAN72: folds 
papoelijah: calls $0.13
Dorex2007: folds 
abitah: calls $0.05
*** FLOP *** [7c 2c 4h]
papoelijah: checks 
abitah: checks 
Dimi Mainpark: bets $0.50
papoelijah: calls $0.50
abitah: folds 
*** TURN *** [7c 2c 4h] [6s]
papoelijah: checks 
Dimi Mainpark: bets $0.95
papoelijah: folds 
Uncalled bet ($0.95) returned to Dimi Mainpark
Dimi Mainpark collected $1.42 from pot
*** SUMMARY ***
Total pot $1.50 | Rake $0.08 
Board [7c 2c 4h 6s]
Seat 1: webby170 folded before Flop (didn't bet)
Seat 2: notrealy folded before Flop (didn't bet)
Seat 3: gmitoi folded before Flop (didn't bet)
Seat 4: abitah folded on the Flop
Seat 5: Dimi Mainpark collected ($1.42)
Seat 6: JayJayJohnson folded before Flop (didn't bet)
Seat 7: SMUTJAN72 (button) folded before Flop (didn't bet)
Seat 8: papoelijah (small blind) folded on the Turn
Seat 9: Dorex2007 (big blind) folded before Flop



PokerStars Hand #238318876934:  Hold'em No Limit ($0.02/$0.05 USD) - 2022/08/30 16:24:22 PT [2022/08/30 19:24:22 ET]
Table 'Leocadia' 9-max Seat #8 is the button
Seat 1: webby170 ($12.91 in chips) 
Seat 2: notrealy ($3.78 in chips) 
Seat 3: gmitoi ($11.80 in chips) 
Seat 4: abitah ($1.86 in chips) 
Seat 5: Dimi Mainpark ($2.77 in chips) 
Seat 6: JayJayJohnson ($15.44 in chips) 
Seat 7: SMUTJAN72 ($4.65 in chips) 
Seat 8: papoelijah ($7.05 in chips) 
Seat 9: Dorex2007 ($5.32 in chips) 
Dorex2007: posts small blind $0.02
webby170: posts big blind $0.05
*** HOLE CARDS ***
Dealt to Dorex2007 [5s Qc]
notrealy: folds 
gmitoi: folds 
abitah: calls $0.05
Dimi Mainpark: raises $0.25 to $0.30
JayJayJohnson: folds 
SMUTJAN72: folds 
papoelijah: raises $1.07 to $1.37
Dorex2007: folds 
webby170: folds 
abitah: folds 
Dimi Mainpark: calls $1.07
*** FLOP *** [Th Tc Jc]
Dimi Mainpark: bets $0.50
papoelijah: raises $5.18 to $5.68 and is all-in
Dimi Mainpark: folds 
Uncalled bet ($5.18) returned to papoelijah
papoelijah collected $3.70 from pot
*** SUMMARY ***
Total pot $3.86 | Rake $0.16 
Board [Th Tc Jc]
Seat 1: webby170 (big blind) folded before Flop
Seat 2: notrealy folded before Flop (didn't bet)
Seat 3: gmitoi folded before Flop (didn't bet)
Seat 4: abitah folded before Flop
Seat 5: Dimi Mainpark folded on the Flop
Seat 6: JayJayJohnson folded before Flop (didn't bet)
Seat 7: SMUTJAN72 folded before Flop (didn't bet)
Seat 8: papoelijah (button) collected ($3.70)
Seat 9: Dorex2007 (small blind) folded before Flop



PokerStars Hand #238318890083:  Hold'em No Limit ($0.02/$0.05 USD) - 2022/08/30 16:25:11 PT [2022/08/30 19:25:11 ET]
Table 'Leocadia' 9-max Seat #9 is the button
Seat 1: webby170 ($12.86 in chips) 
Seat 2: notrealy ($3.78 in chips) 
Seat 3: gmitoi ($11.80 in chips) 
Seat 4: abitah ($1.81 in chips) 
Seat 5: Dimi Mainpark ($0.90 in chips) 
Seat 6: JayJayJohnson ($15.44 in chips) 
Seat 7: SMUTJAN72 ($4.65 in chips) 
Seat 8: papoelijah ($8.88 in chips) 
Seat 9: Dorex2007 ($5.30 in chips) 
webby170: posts small blind $0.02
notrealy: posts big blind $0.05
*** HOLE CARDS ***
Dealt to Dorex2007 [Kd Ac]
gmitoi: folds 
abitah has timed out
abitah: folds 
Dimi Mainpark: raises $0.05 to $0.10
JayJayJohnson: folds 
SMUTJAN72: folds 
papoelijah: folds 
Dorex2007: raises $0.05 to $0.15
webby170: folds 
notrealy: calls $0.10
Dimi Mainpark: raises $0.05 to $0.20
Dorex2007: calls $0.05
notrealy: calls $0.05
*** FLOP *** [4s 5h 6c]
notrealy: checks 
Dimi Mainpark: bets $0.30
Dorex2007: raises $0.49 to $0.79
notrealy: folds 
Dimi Mainpark: calls $0.40 and is all-in
Uncalled bet ($0.09) returned to Dorex2007
*** TURN *** [4s 5h 6c] [Ad]
*** RIVER *** [4s 5h 6c Ad] [3s]
*** SHOW DOWN ***
Dimi Mainpark: shows [6s 4d] (two pair, Sixes and Fours)
Dorex2007: shows [Kd Ac] (a pair of Aces)
Dimi Mainpark collected $1.92 from pot
Dorex2007 cashed out the hand for $0.11
*** SUMMARY ***
Total pot $2.02 | Rake $0.10 
Board [4s 5h 6c Ad 3s]
Seat 1: webby170 (small blind) folded before Flop
Seat 2: notrealy (big blind) folded on the Flop
Seat 3: gmitoi folded before Flop (didn't bet)
Seat 4: abitah folded before Flop (didn't bet)
Seat 5: Dimi Mainpark showed [6s 4d] and won ($1.92) with two pair, Sixes and Fours
Seat 6: JayJayJohnson folded before Flop (didn't bet)
Seat 7: SMUTJAN72 folded before Flop (didn't bet)
Seat 8: papoelijah folded before Flop (didn't bet)
Seat 9: Dorex2007 (button) showed [Kd Ac] and lost with a pair of Aces (cashed out).



PokerStars Hand #238318906678:  Hold'em No Limit ($0.02/$0.05 USD) - 2022/08/30 16:26:13 PT [2022/08/30 19:26:13 ET]
Table 'Leocadia' 9-max Seat #1 is the button
Seat 1: webby170 ($12.84 in chips) 
Seat 2: notrealy ($3.58 in chips) 
Seat 3: gmitoi ($11.80 in chips) 
Seat 4: abitah ($1.81 in chips) 
Seat 5: Dimi Mainpark ($1.92 in chips) 
Seat 6: JayJayJohnson ($15.44 in chips) 
Seat 7: SMUTJAN72 ($4.65 in chips) 
Seat 8: papoelijah ($8.88 in chips) 
Seat 9: Dorex2007 ($5 in chips) 
notrealy: posts small blind $0.02
gmitoi: posts big blind $0.05
*** HOLE CARDS ***
Dealt to Dorex2007 [Tc 3s]
abitah: folds 
Dimi Mainpark: raises $0.20 to $0.25
JayJayJohnson: folds 
SMUTJAN72: folds 
papoelijah: folds 
papoelijah leaves the table
Dorex2007: folds 
webby170: folds 
notrealy: raises $0.55 to $0.80
gmitoi: folds 
Dimi Mainpark: calls $0.55
*** FLOP *** [Jc As 4c]
notrealy: bets $0.79
Dimi Mainpark: folds 
Uncalled bet ($0.79) returned to notrealy
notrealy collected $1.58 from pot
*** SUMMARY ***
Total pot $1.65 | Rake $0.07 
Board [Jc As 4c]
Seat 1: webby170 (button) folded before Flop (didn't bet)
Seat 2: notrealy (small blind) collected ($1.58)
Seat 3: gmitoi (big blind) folded before Flop
Seat 4: abitah folded before Flop (didn't bet)
Seat 5: Dimi Mainpark folded on the Flop
Seat 6: JayJayJohnson folded before Flop (didn't bet)
Seat 7: SMUTJAN72 folded before Flop (didn't bet)
Seat 8: papoelijah folded before Flop (didn't bet)
Seat 9: Dorex2007 folded before Flop (didn't bet)



PokerStars Hand #238318916774:  Hold'em No Limit ($0.02/$0.05 USD) - 2022/08/30 16:26:50 PT [2022/08/30 19:26:50 ET]
Table 'Leocadia' 9-max Seat #2 is the button
Seat 1: webby170 ($12.84 in chips) 
Seat 2: notrealy ($4.36 in chips) 
Seat 3: gmitoi ($11.75 in chips) 
Seat 4: abitah ($1.81 in chips) 
Seat 5: Dimi Mainpark ($1.12 in chips) 
Seat 6: JayJayJohnson ($15.44 in chips) 
Seat 7: SMUTJAN72 ($4.65 in chips) 
Seat 9: Dorex2007 ($5 in chips) 
gmitoi: posts small blind $0.02
abitah: posts big blind $0.05
*** HOLE CARDS ***
Dealt to Dorex2007 [4c 6h]
Dimi Mainpark: raises $0.05 to $0.10
gismouck joins the table at seat #8 
JayJayJohnson: folds 
SMUTJAN72: folds 
Dorex2007: folds 
webby170: folds 
notrealy: calls $0.10
gmitoi: folds 
abitah: calls $0.05
*** FLOP *** [6c 6d 4s]
abitah: checks 
Dimi Mainpark: bets $1.02 and is all-in
notrealy: folds 
abitah: calls $1.02
*** TURN *** [6c 6d 4s] [9h]
*** RIVER *** [6c 6d 4s 9h] [5c]
*** SHOW DOWN ***
abitah: shows [4d Ts] (two pair, Sixes and Fours)
Dimi Mainpark: shows [Ac Js] (a pair of Sixes)
abitah collected $2.26 from pot
*** SUMMARY ***
Total pot $2.36 | Rake $0.10 
Board [6c 6d 4s 9h 5c]
Seat 1: webby170 folded before Flop (didn't bet)
Seat 2: notrealy (button) folded on the Flop
Seat 3: gmitoi (small blind) folded before Flop
Seat 4: abitah (big blind) showed [4d Ts] and won ($2.26) with two pair, Sixes and Fours
Seat 5: Dimi Mainpark showed [Ac Js] and lost with a pair of Sixes
Seat 6: JayJayJohnson folded before Flop (didn't bet)
Seat 7: SMUTJAN72 folded before Flop (didn't bet)
Seat 9: Dorex2007 folded before Flop (didn't bet)



PokerStars Hand #238318933261:  Hold'em No Limit ($0.02/$0.05 USD) - 2022/08/30 16:27:51 PT [2022/08/30 19:27:51 ET]
Table 'Leocadia' 9-max Seat #3 is the button
Seat 1: webby170 ($12.84 in chips) 
Seat 2: notrealy ($4.26 in chips) 
Seat 3: gmitoi ($11.73 in chips) 
Seat 4: abitah ($2.95 in chips) 
Seat 6: JayJayJohnson ($15.44 in chips) 
Seat 7: SMUTJAN72 ($4.65 in chips) 
Seat 9: Dorex2007 ($5 in chips) 
abitah: posts small blind $0.02
JayJayJohnson: posts big blind $0.05
gismouck: sits out 
*** HOLE CARDS ***
Dealt to Dorex2007 [3s 4d]
SMUTJAN72: folds 
Dimi Mainpark leaves the table
Dorex2007: folds 
webby170: folds 
notrealy: folds 
gmitoi: raises $0.10 to $0.15
abitah: calls $0.13
JayJayJohnson: calls $0.10
*** FLOP *** [2d 2c 4s]
abitah: checks 
JayJayJohnson: checks 
erison1975 joins the table at seat #5 
gmitoi: bets $0.25
abitah: folds 
JayJayJohnson: folds 
Uncalled bet ($0.25) returned to gmitoi
gmitoi collected $0.43 from pot
gmitoi: doesn't show hand 
*** SUMMARY ***
Total pot $0.45 | Rake $0.02 
Board [2d 2c 4s]
Seat 1: webby170 folded before Flop (didn't bet)
Seat 2: notrealy folded before Flop (didn't bet)
Seat 3: gmitoi (button) collected ($0.43)
Seat 4: abitah (small blind) folded on the Flop
Seat 6: JayJayJohnson (big blind) folded on the Flop
Seat 7: SMUTJAN72 folded before Flop (didn't bet)
Seat 9: Dorex2007 folded before Flop (didn't bet)



PokerStars Hand #238318948615:  Hold'em No Limit ($0.02/$0.05 USD) - 2022/08/30 16:28:49 PT [2022/08/30 19:28:49 ET]
Table 'Leocadia' 9-max Seat #4 is the button
Seat 1: webby170 ($12.84 in chips) 
Seat 2: notrealy ($4.26 in chips) 
Seat 3: gmitoi ($12.01 in chips) 
Seat 4: abitah ($2.80 in chips) 
Seat 6: JayJayJohnson ($15.29 in chips) 
Seat 7: SMUTJAN72 ($4.65 in chips) 
Seat 9: Dorex2007 ($5 in chips) 
JayJayJohnson: posts small blind $0.02
SMUTJAN72: posts big blind $0.05
gismouck: sits out 
*** HOLE CARDS ***
Dealt to Dorex2007 [Ad Ah]
Dorex2007: raises $0.05 to $0.10
webby170: folds 
notrealy: raises $0.05 to $0.15
gmitoi: folds 
abitah has timed out
abitah: folds 
JayJayJohnson: folds 
SMUTJAN72: folds 
Dorex2007: raises $0.25 to $0.40
notrealy: calls $0.25
*** FLOP *** [3s 4s Ks]
Dorex2007: bets $0.83
notrealy: folds 
Uncalled bet ($0.83) returned to Dorex2007
Dorex2007 collected $0.83 from pot
Dorex2007: doesn't show hand 
*** SUMMARY ***
Total pot $0.87 | Rake $0.04 
Board [3s 4s Ks]
Seat 1: webby170 folded before Flop (didn't bet)
Seat 2: notrealy folded on the Flop
Seat 3: gmitoi folded before Flop (didn't bet)
Seat 4: abitah (button) folded before Flop (didn't bet)
Seat 6: JayJayJohnson (small blind) folded before Flop
Seat 7: SMUTJAN72 (big blind) folded before Flop
Seat 9: Dorex2007 collected ($0.83)



PokerStars Hand #238318961834:  Hold'em No Limit ($0.02/$0.05 USD) - 2022/08/30 16:29:38 PT [2022/08/30 19:29:38 ET]
Table 'Leocadia' 9-max Seat #6 is the button
Seat 1: webby170 ($12.84 in chips) 
Seat 2: notrealy ($3.86 in chips) 
Seat 3: gmitoi ($12.01 in chips) 
Seat 4: abitah ($2.80 in chips) 
Seat 5: erison1975 ($4 in chips) 
Seat 6: JayJayJohnson ($15.27 in chips) 
Seat 7: SMUTJAN72 ($4.60 in chips) 
Seat 8: gismouck ($5 in chips) 
Seat 9: Dorex2007 ($5.43 in chips) 
SMUTJAN72: posts small blind $0.02
gismouck: posts big blind $0.05
erison1975: posts big blind $0.05
*** HOLE CARDS ***
Dealt to Dorex2007 [Js 4c]
Dorex2007: folds 
webby170: raises $0.06 to $0.11
notrealy: calls $0.11
gmitoi: folds 
abitah: calls $0.11
erison1975: raises $0.19 to $0.30
JayJayJohnson: folds 
SMUTJAN72: folds 
gismouck: folds 
webby170: raises $0.69 to $0.99
notrealy: folds 
abitah: calls $0.88
erison1975: calls $0.69
*** FLOP *** [Jh 9c 9d]
webby170: checks 
abitah: checks 
erison1975: bets $0.50
webby170: folds 
abitah: folds 
Uncalled bet ($0.50) returned to erison1975
erison1975 collected $3.02 from pot
erison1975: doesn't show hand 
*** SUMMARY ***
Total pot $3.15 | Rake $0.13 
Board [Jh 9c 9d]
Seat 1: webby170 folded on the Flop
Seat 2: notrealy folded before Flop
Seat 3: gmitoi folded before Flop (didn't bet)
Seat 4: abitah folded on the Flop
Seat 5: erison1975 collected ($3.02)
Seat 6: JayJayJohnson (button) folded before Flop (didn't bet)
Seat 7: SMUTJAN72 (small blind) folded before Flop
Seat 8: gismouck (big blind) folded before Flop
Seat 9: Dorex2007 folded before Flop (didn't bet)



PokerStars Hand #238318993186:  Hold'em No Limit ($0.02/$0.05 USD) - 2022/08/30 16:31:38 PT [2022/08/30 19:31:38 ET]
Table 'Leocadia' 9-max Seat #7 is the button
Seat 1: webby170 ($11.85 in chips) 
Seat 2: notrealy ($3.75 in chips) 
Seat 3: gmitoi ($12.01 in chips) 
Seat 4: abitah ($1.81 in chips) 
Seat 5: erison1975 ($6.03 in chips) 
Seat 6: JayJayJohnson ($15.27 in chips) 
Seat 7: SMUTJAN72 ($4.58 in chips) 
Seat 8: gismouck ($5 in chips) 
Seat 9: Dorex2007 ($5.43 in chips) 
gismouck: posts small blind $0.02
Dorex2007: posts big blind $0.05
*** HOLE CARDS ***
Dealt to Dorex2007 [6d 5s]
webby170: raises $0.06 to $0.11
notrealy: calls $0.11
gmitoi: folds 
abitah: raises $0.40 to $0.51
erison1975: folds 
JayJayJohnson: folds 
SMUTJAN72: folds 
gismouck: folds 
Dorex2007: folds 
webby170: calls $0.40
notrealy: folds 
*** FLOP *** [9s 6s 3h]
webby170: checks 
abitah: checks 
*** TURN *** [9s 6s 3h] [Qc]
webby170: checks 
abitah: checks 
*** RIVER *** [9s 6s 3h Qc] [8h]
webby170: checks 
abitah: checks 
*** SHOW DOWN ***
webby170: shows [Ac Tc] (high card Ace)
abitah: mucks hand 
webby170 collected $1.15 from pot
*** SUMMARY ***
Total pot $1.20 | Rake $0.05 
Board [9s 6s 3h Qc 8h]
Seat 1: webby170 showed [Ac Tc] and won ($1.15) with high card Ace
Seat 2: notrealy folded before Flop
Seat 3: gmitoi folded before Flop (didn't bet)
Seat 4: abitah mucked [Kh Jc]
Seat 5: erison1975 folded before Flop (didn't bet)
Seat 6: JayJayJohnson folded before Flop (didn't bet)
Seat 7: SMUTJAN72 (button) folded before Flop (didn't bet)
Seat 8: gismouck (small blind) folded before Flop
Seat 9: Dorex2007 (big blind) folded before Flop



PokerStars Hand #238319015496:  Hold'em No Limit ($0.02/$0.05 USD) - 2022/08/30 16:33:03 PT [2022/08/30 19:33:03 ET]
Table 'Leocadia' 9-max Seat #8 is the button
Seat 1: webby170 ($12.49 in chips) 
Seat 2: notrealy ($3.64 in chips) 
Seat 3: gmitoi ($12.01 in chips) 
Seat 4: abitah ($1.30 in chips) 
Seat 5: erison1975 ($6.03 in chips) 
Seat 6: JayJayJohnson ($15.27 in chips) 
Seat 7: SMUTJAN72 ($4.58 in chips) 
Seat 8: gismouck ($5 in chips) 
Seat 9: Dorex2007 ($5.38 in chips) 
Dorex2007: posts small blind $0.02
webby170: posts big blind $0.05
*** HOLE CARDS ***
Dealt to Dorex2007 [6d 8c]
notrealy: folds 
gmitoi: folds 
abitah: calls $0.05
erison1975: raises $0.10 to $0.15
JayJayJohnson: folds 
SMUTJAN72: folds 
gismouck: folds 
Dorex2007: folds 
webby170: folds 
abitah: calls $0.10
*** FLOP *** [4d Jd 8h]
abitah: checks 
erison1975: bets $0.15
abitah: calls $0.15
*** TURN *** [4d Jd 8h] [7d]
abitah: checks 
erison1975: bets $0.15
abitah: calls $0.15
*** RIVER *** [4d Jd 8h 7d] [7s]
abitah: checks 
erison1975: checks 
*** SHOW DOWN ***
abitah: shows [4h Kd] (two pair, Sevens and Fours)
erison1975: mucks hand 
abitah collected $0.93 from pot
*** SUMMARY ***
Total pot $0.97 | Rake $0.04 
Board [4d Jd 8h 7d 7s]
Seat 1: webby170 (big blind) folded before Flop
Seat 2: notrealy folded before Flop (didn't bet)
Seat 3: gmitoi folded before Flop (didn't bet)
Seat 4: abitah showed [4h Kd] and won ($0.93) with two pair, Sevens and Fours
Seat 5: erison1975 mucked [3d 3s]
Seat 6: JayJayJohnson folded before Flop (didn't bet)
Seat 7: SMUTJAN72 folded before Flop (didn't bet)
Seat 8: gismouck (button) folded before Flop (didn't bet)
Seat 9: Dorex2007 (small blind) folded before Flop



PokerStars Hand #238319032263:  Hold'em No Limit ($0.02/$0.05 USD) - 2022/08/30 16:34:08 PT [2022/08/30 19:34:08 ET]
Table 'Leocadia' 9-max Seat #9 is the button
Seat 1: webby170 ($12.44 in chips) 
Seat 2: notrealy ($3.64 in chips) 
Seat 3: gmitoi ($12.01 in chips) 
Seat 4: abitah ($1.78 in chips) 
Seat 5: erison1975 ($5.58 in chips) 
Seat 6: JayJayJohnson ($15.27 in chips) 
Seat 7: SMUTJAN72 ($4.58 in chips) 
Seat 8: gismouck ($5 in chips) 
Seat 9: Dorex2007 ($5.36 in chips) 
webby170: posts small blind $0.02
notrealy: posts big blind $0.05
*** HOLE CARDS ***
Dealt to Dorex2007 [8d 4h]
gmitoi: folds 
abitah: calls $0.05
erison1975: folds 
JayJayJohnson: folds 
SMUTJAN72: folds 
gismouck: folds 
Dorex2007: folds 
webby170: raises $0.15 to $0.20
notrealy: calls $0.15
abitah: calls $0.15
*** FLOP *** [Ad Kh 7h]
webby170: checks 
notrealy: checks 
abitah: bets $0.05
webby170: calls $0.05
notrealy: calls $0.05
*** TURN *** [Ad Kh 7h] [Qh]
webby170: checks 
notrealy: checks 
abitah: checks 
*** RIVER *** [Ad Kh 7h Qh] [Jh]
webby170: checks 
notrealy: checks 
abitah: bets $0.36
webby170: folds 
notrealy: folds 
Uncalled bet ($0.36) returned to abitah
abitah collected $0.72 from pot
abitah: doesn't show hand 
*** SUMMARY ***
Total pot $0.75 | Rake $0.03 
Board [Ad Kh 7h Qh Jh]
Seat 1: webby170 (small blind) folded on the River
Seat 2: notrealy (big blind) folded on the River
Seat 3: gmitoi folded before Flop (didn't bet)
Seat 4: abitah collected ($0.72)
Seat 5: erison1975 folded before Flop (didn't bet)
Seat 6: JayJayJohnson folded before Flop (didn't bet)
Seat 7: SMUTJAN72 folded before Flop (didn't bet)
Seat 8: gismouck folded before Flop (didn't bet)
Seat 9: Dorex2007 (button) folded before Flop (didn't bet)



PokerStars Hand #238319055322:  Hold'em No Limit ($0.02/$0.05 USD) - 2022/08/30 16:35:37 PT [2022/08/30 19:35:37 ET]
Table 'Leocadia' 9-max Seat #1 is the button
Seat 1: webby170 ($12.19 in chips) 
Seat 2: notrealy ($3.39 in chips) 
Seat 4: abitah ($2.25 in chips) 
Seat 5: erison1975 ($5.58 in chips) 
Seat 6: JayJayJohnson ($15.27 in chips) 
Seat 7: SMUTJAN72 ($4.58 in chips) 
Seat 8: gismouck ($5 in chips) 
Seat 9: Dorex2007 ($5.36 in chips) 
notrealy: posts small blind $0.02
gmitoi: is sitting out 
gmitoi leaves the table
abitah: posts big blind $0.05
*** HOLE CARDS ***
Dealt to Dorex2007 [8c Ts]
erison1975: folds 
JayJayJohnson: folds 
SMUTJAN72: folds 
gismouck: folds 
Dorex2007: folds 
webby170: folds 
notrealy: calls $0.03
abitah: raises $2.20 to $2.25 and is all-in
notrealy: folds 
Uncalled bet ($2.20) returned to abitah
abitah collected $0.10 from pot
abitah: doesn't show hand 
*** SUMMARY ***
Total pot $0.10 | Rake $0 
Seat 1: webby170 (button) folded before Flop (didn't bet)
Seat 2: notrealy (small blind) folded before Flop
Seat 4: abitah (big blind) collected ($0.10)
Seat 5: erison1975 folded before Flop (didn't bet)
Seat 6: JayJayJohnson folded before Flop (didn't bet)
Seat 7: SMUTJAN72 folded before Flop (didn't bet)
Seat 8: gismouck folded before Flop (didn't bet)
Seat 9: Dorex2007 folded before Flop (didn't bet)



PokerStars Hand #238319062112:  Hold'em No Limit ($0.02/$0.05 USD) - 2022/08/30 16:36:04 PT [2022/08/30 19:36:04 ET]
Table 'Leocadia' 9-max Seat #2 is the button
Seat 1: webby170 ($12.19 in chips) 
Seat 2: notrealy ($3.34 in chips) 
Seat 4: abitah ($2.30 in chips) 
Seat 5: erison1975 ($5.58 in chips) 
Seat 6: JayJayJohnson ($15.27 in chips) 
Seat 7: SMUTJAN72 ($4.58 in chips) 
Seat 8: gismouck ($5 in chips) 
Seat 9: Dorex2007 ($5.36 in chips) 
abitah: posts small blind $0.02
erison1975: posts big blind $0.05
*** HOLE CARDS ***
Dealt to Dorex2007 [5c Qc]
JayJayJohnson: folds 
SMUTJAN72: folds 
gismouck: folds 
Dorex2007: folds 
webby170: raises $0.06 to $0.11
notrealy: folds 
abitah: calls $0.09
erison1975: raises $0.19 to $0.30
webby170: calls $0.19
abitah: calls $0.19
*** FLOP *** [6d Jd Jc]
abitah: checks 
erison1975: bets $0.20
webby170: calls $0.20
abitah: folds 
*** TURN *** [6d Jd Jc] [4d]
erison1975: bets $0.50
webby170: folds [Qd]
Uncalled bet ($0.50) returned to erison1975
erison1975 collected $1.25 from pot
erison1975: doesn't show hand 
*** SUMMARY ***
Total pot $1.30 | Rake $0.05 
Board [6d Jd Jc 4d]
Seat 1: webby170 folded on the Turn
Seat 2: notrealy (button) folded before Flop (didn't bet)
Seat 4: abitah (small blind) folded on the Flop
Seat 5: erison1975 (big blind) collected ($1.25)
Seat 6: JayJayJohnson folded before Flop (didn't bet)
Seat 7: SMUTJAN72 folded before Flop (didn't bet)
Seat 8: gismouck folded before Flop (didn't bet)
Seat 9: Dorex2007 folded before Flop (didn't bet)



PokerStars Hand #238319079935:  Hold'em No Limit ($0.02/$0.05 USD) - 2022/08/30 16:37:13 PT [2022/08/30 19:37:13 ET]
Table 'Leocadia' 9-max Seat #4 is the button
Seat 1: webby170 ($11.69 in chips) 
Seat 2: notrealy ($3.34 in chips) 
Seat 4: abitah ($2 in chips) 
Seat 5: erison1975 ($6.33 in chips) 
Seat 6: JayJayJohnson ($15.27 in chips) 
Seat 7: SMUTJAN72 ($4.58 in chips) 
Seat 8: gismouck ($5 in chips) 
Seat 9: Dorex2007 ($5.36 in chips) 
erison1975: posts small blind $0.02
JayJayJohnson: posts big blind $0.05
*** HOLE CARDS ***
Dealt to Dorex2007 [4d Qh]
SMUTJAN72: folds 
gismouck: folds 
Dorex2007: folds 
webby170: folds 
notrealy: folds 
abitah: calls $0.05
erison1975: raises $0.05 to $0.10
JayJayJohnson: folds 
abitah: calls $0.05
*** FLOP *** [2s 8d 3c]
erison1975: checks 
abitah: checks 
*** TURN *** [2s 8d 3c] [8s]
erison1975: bets $0.20
abitah: folds 
Uncalled bet ($0.20) returned to erison1975
erison1975 collected $0.24 from pot
erison1975: doesn't show hand 
*** SUMMARY ***
Total pot $0.25 | Rake $0.01 
Board [2s 8d 3c 8s]
Seat 1: webby170 folded before Flop (didn't bet)
Seat 2: notrealy folded before Flop (didn't bet)
Seat 4: abitah (button) folded on the Turn
Seat 5: erison1975 (small blind) collected ($0.24)
Seat 6: JayJayJohnson (big blind) folded before Flop
Seat 7: SMUTJAN72 folded before Flop (didn't bet)
Seat 8: gismouck folded before Flop (didn't bet)
Seat 9: Dorex2007 folded before Flop (didn't bet)



PokerStars Hand #238319592655:  Hold'em No Limit ($0.02/$0.05 USD) - 2022/08/30 16:38:03 PT [2022/08/30 19:38:03 ET]
Table 'Leocadia' 9-max Seat #5 is the button
Seat 1: webby170 ($11.69 in chips) 
Seat 2: notrealy ($3.34 in chips) 
Seat 4: abitah ($1.90 in chips) 
Seat 5: erison1975 ($6.47 in chips) 
Seat 6: JayJayJohnson ($15.22 in chips) 
Seat 7: SMUTJAN72 ($4.58 in chips) 
Seat 8: gismouck ($5 in chips) 
Seat 9: Dorex2007 ($5.36 in chips) 
JayJayJohnson: posts small blind $0.02
SMUTJAN72: posts big blind $0.05
*** HOLE CARDS ***
Dealt to Dorex2007 [3d Qh]
gismouck: folds 
Dorex2007: folds 
webby170: folds 
notrealy: raises $0.12 to $0.17
abitah: calls $0.17
erison1975: folds 
JayJayJohnson: calls $0.15
SMUTJAN72: folds 
*** FLOP *** [5h 3s 9c]
Goatxteel joins the table at seat #3 
JayJayJohnson: checks 
notrealy: bets $0.27
Goatxteel leaves the table
abitah: raises $1.46 to $1.73 and is all-in
JayJayJohnson: folds 
notrealy: calls $1.46
*** TURN *** [5h 3s 9c] [6s]
*** RIVER *** [5h 3s 9c 6s] [Jd]
*** SHOW DOWN ***
notrealy: shows [8c 8s] (a pair of Eights)
abitah: shows [9s Ah] (a pair of Nines)
abitah collected $3.85 from pot
notrealy cashed out the hand for $0.41
*** SUMMARY ***
Total pot $4.02 | Rake $0.17 
Board [5h 3s 9c 6s Jd]
Seat 1: webby170 folded before Flop (didn't bet)
Seat 2: notrealy showed [8c 8s] and lost with a pair of Eights (cashed out).
Seat 4: abitah showed [9s Ah] and won ($3.85) with a pair of Nines
Seat 5: erison1975 (button) folded before Flop (didn't bet)
Seat 6: JayJayJohnson (small blind) folded on the Flop
Seat 7: SMUTJAN72 (big blind) folded before Flop
Seat 8: gismouck folded before Flop (didn't bet)
Seat 9: Dorex2007 folded before Flop (didn't bet)



PokerStars Hand #238319609791:  Hold'em No Limit ($0.02/$0.05 USD) - 2022/08/30 16:39:10 PT [2022/08/30 19:39:10 ET]
Table 'Leocadia' 9-max Seat #6 is the button
Seat 1: webby170 ($11.69 in chips) 
Seat 2: notrealy ($1.85 in chips) 
Seat 4: abitah ($3.85 in chips) 
Seat 5: erison1975 ($6.47 in chips) 
Seat 6: JayJayJohnson ($15.05 in chips) 
Seat 7: SMUTJAN72 ($4.53 in chips) 
Seat 8: gismouck ($5 in chips) 
Seat 9: Dorex2007 ($5.36 in chips) 
SMUTJAN72: posts small blind $0.02
gismouck: posts big blind $0.05
*** HOLE CARDS ***
Dealt to Dorex2007 [7s 3c]
Pimpo_br joins the table at seat #3 
Dorex2007: folds 
webby170: raises $0.06 to $0.11
notrealy: calls $0.11
abitah: folds 
erison1975: folds 
JayJayJohnson: folds 
SMUTJAN72: folds 
gismouck: folds 
*** FLOP *** [Th Ts 2h]
webby170: bets $0.14
notrealy: folds 
Uncalled bet ($0.14) returned to webby170
webby170 collected $0.28 from pot
*** SUMMARY ***
Total pot $0.29 | Rake $0.01 
Board [Th Ts 2h]
Seat 1: webby170 collected ($0.28)
Seat 2: notrealy folded on the Flop
Seat 4: abitah folded before Flop (didn't bet)
Seat 5: erison1975 folded before Flop (didn't bet)
Seat 6: JayJayJohnson (button) folded before Flop (didn't bet)
Seat 7: SMUTJAN72 (small blind) folded before Flop
Seat 8: gismouck (big blind) folded before Flop
Seat 9: Dorex2007 folded before Flop (didn't bet)



PokerStars Hand #238319619012:  Hold'em No Limit ($0.02/$0.05 USD) - 2022/08/30 16:39:46 PT [2022/08/30 19:39:46 ET]
Table 'Leocadia' 9-max Seat #7 is the button
Seat 1: webby170 ($11.86 in chips) 
Seat 2: notrealy ($1.74 in chips) 
Seat 3: Pimpo_br ($4 in chips) 
Seat 4: abitah ($3.85 in chips) 
Seat 5: erison1975 ($6.47 in chips) 
Seat 6: JayJayJohnson ($15.05 in chips) 
Seat 7: SMUTJAN72 ($4.51 in chips) 
Seat 8: gismouck ($5 in chips) 
Seat 9: Dorex2007 ($5.36 in chips) 
gismouck: posts small blind $0.02
Dorex2007: posts big blind $0.05
Pimpo_br: posts big blind $0.05
*** HOLE CARDS ***
Dealt to Dorex2007 [As 6d]
webby170: folds 
notrealy: folds 
Pimpo_br: checks 
abitah has timed out
abitah: folds 
erison1975: folds 
JayJayJohnson: raises $0.15 to $0.20
SMUTJAN72: folds 
gismouck: folds 
Dorex2007: folds 
Pimpo_br: calls $0.15
*** FLOP *** [9h Jc Kd]
Pimpo_br: checks 
JayJayJohnson: checks 
*** TURN *** [9h Jc Kd] [4h]
Pimpo_br: checks 
JayJayJohnson: checks 
*** RIVER *** [9h Jc Kd 4h] [3h]
Pimpo_br: bets $0.45
JayJayJohnson: folds 
Uncalled bet ($0.45) returned to Pimpo_br
Pimpo_br collected $0.45 from pot
*** SUMMARY ***
Total pot $0.47 | Rake $0.02 
Board [9h Jc Kd 4h 3h]
Seat 1: webby170 folded before Flop (didn't bet)
Seat 2: notrealy folded before Flop (didn't bet)
Seat 3: Pimpo_br collected ($0.45)
Seat 4: abitah folded before Flop (didn't bet)
Seat 5: erison1975 folded before Flop (didn't bet)
Seat 6: JayJayJohnson folded on the River
Seat 7: SMUTJAN72 (button) folded before Flop (didn't bet)
Seat 8: gismouck (small blind) folded before Flop
Seat 9: Dorex2007 (big blind) folded before Flop



PokerStars Hand #238319638661:  Hold'em No Limit ($0.02/$0.05 USD) - 2022/08/30 16:41:02 PT [2022/08/30 19:41:02 ET]
Table 'Leocadia' 9-max Seat #8 is the button
Seat 1: webby170 ($11.86 in chips) 
Seat 2: notrealy ($3.74 in chips) 
Seat 3: Pimpo_br ($4.25 in chips) 
Seat 4: abitah ($3.85 in chips) 
Seat 5: erison1975 ($6.47 in chips) 
Seat 6: JayJayJohnson ($14.85 in chips) 
Seat 7: SMUTJAN72 ($4.51 in chips) 
Seat 8: gismouck ($5 in chips) 
Seat 9: Dorex2007 ($5.31 in chips) 
Dorex2007: posts small blind $0.02
webby170: posts big blind $0.05
*** HOLE CARDS ***
Dealt to Dorex2007 [6d 3c]
notrealy: folds 
Pimpo_br: calls $0.05
abitah: folds 
erison1975: folds 
JayJayJohnson: folds 
SMUTJAN72: folds 
gismouck: folds 
Dorex2007: folds 
webby170: checks 
*** FLOP *** [Ts Ac Th]
webby170: checks 
Pimpo_br: bets $0.10
webby170: calls $0.10
*** TURN *** [Ts Ac Th] [6s]
webby170: checks 
Pimpo_br: bets $0.15
webby170: calls $0.15
*** RIVER *** [Ts Ac Th 6s] [7h]
webby170: bets $0.54
gismouck leaves the table
Pimpo_br: folds 
Uncalled bet ($0.54) returned to webby170
webby170 collected $0.59 from pot
*** SUMMARY ***
Total pot $0.62 | Rake $0.03 
Board [Ts Ac Th 6s 7h]
Seat 1: webby170 (big blind) collected ($0.59)
Seat 2: notrealy folded before Flop (didn't bet)
Seat 3: Pimpo_br folded on the River
Seat 4: abitah folded before Flop (didn't bet)
Seat 5: erison1975 folded before Flop (didn't bet)
Seat 6: JayJayJohnson folded before Flop (didn't bet)
Seat 7: SMUTJAN72 folded before Flop (didn't bet)
Seat 8: gismouck (button) folded before Flop (didn't bet)
Seat 9: Dorex2007 (small blind) folded before Flop



PokerStars Hand #238319658826:  Hold'em No Limit ($0.02/$0.05 USD) - 2022/08/30 16:42:22 PT [2022/08/30 19:42:22 ET]
Table 'Leocadia' 9-max Seat #9 is the button
Seat 1: webby170 ($12.15 in chips) 
Seat 2: notrealy ($3.74 in chips) 
Seat 3: Pimpo_br ($3.95 in chips) 
Seat 4: abitah ($3.85 in chips) 
Seat 5: erison1975 ($6.47 in chips) 
Seat 6: JayJayJohnson ($14.85 in chips) 
Seat 7: SMUTJAN72 ($4.51 in chips) 
Seat 9: Dorex2007 ($5.29 in chips) 
webby170: posts small blind $0.02
notrealy: posts big blind $0.05
*** HOLE CARDS ***
Dealt to Dorex2007 [9h As]
iNteldrive joins the table at seat #8 
Pimpo_br: calls $0.05
abitah: calls $0.05
erison1975: folds 
JayJayJohnson: folds 
SMUTJAN72: folds 
Dorex2007: folds 
webby170: folds 
notrealy: raises $0.10 to $0.15
Pimpo_br: calls $0.10
abitah: calls $0.10
*** FLOP *** [8c Kc 6s]
notrealy: bets $0.45
Pimpo_br: folds 
abitah: folds 
Uncalled bet ($0.45) returned to notrealy
notrealy collected $0.45 from pot
*** SUMMARY ***
Total pot $0.47 | Rake $0.02 
Board [8c Kc 6s]
Seat 1: webby170 (small blind) folded before Flop
Seat 2: notrealy (big blind) collected ($0.45)
Seat 3: Pimpo_br folded on the Flop
Seat 4: abitah folded on the Flop
Seat 5: erison1975 folded before Flop (didn't bet)
Seat 6: JayJayJohnson folded before Flop (didn't bet)
Seat 7: SMUTJAN72 folded before Flop (didn't bet)
Seat 9: Dorex2007 (button) folded before Flop (didn't bet)



PokerStars Hand #238319671206:  Hold'em No Limit ($0.02/$0.05 USD) - 2022/08/30 16:43:10 PT [2022/08/30 19:43:10 ET]
Table 'Leocadia' 9-max Seat #1 is the button
Seat 1: webby170 ($12.13 in chips) 
Seat 2: notrealy ($4.04 in chips) 
Seat 3: Pimpo_br ($3.80 in chips) 
Seat 4: abitah ($3.70 in chips) 
Seat 5: erison1975 ($6.47 in chips) 
Seat 6: JayJayJohnson ($14.85 in chips) 
Seat 7: SMUTJAN72 ($4.51 in chips) 
Seat 8: iNteldrive ($5 in chips) 
Seat 9: Dorex2007 ($5.29 in chips) 
notrealy: posts small blind $0.02
Pimpo_br: posts big blind $0.05
iNteldrive: posts big blind $0.05
*** HOLE CARDS ***
Dealt to Dorex2007 [7d 9c]
abitah: folds 
erison1975: folds 
JayJayJohnson: folds 
SMUTJAN72: folds 
iNteldrive: checks 
Dorex2007: folds 
webby170 has timed out
webby170: folds 
notrealy: folds 
Pimpo_br: checks 
*** FLOP *** [9s 5s Ad]
Pimpo_br: checks 
iNteldrive: checks 
*** TURN *** [9s 5s Ad] [2s]
Pimpo_br: checks 
iNteldrive: checks 
*** RIVER *** [9s 5s Ad 2s] [Kh]
Pimpo_br: checks 
iNteldrive: checks 
*** SHOW DOWN ***
Pimpo_br: shows [7h 3d] (high card Ace)
iNteldrive: shows [8h Jh] (high card Ace - King+Jack kicker)
iNteldrive collected $0.12 from pot
*** SUMMARY ***
Total pot $0.12 | Rake $0 
Board [9s 5s Ad 2s Kh]
Seat 1: webby170 (button) folded before Flop (didn't bet)
Seat 2: notrealy (small blind) folded before Flop
Seat 3: Pimpo_br (big blind) showed [7h 3d] and lost with high card Ace
Seat 4: abitah folded before Flop (didn't bet)
Seat 5: erison1975 folded before Flop (didn't bet)
Seat 6: JayJayJohnson folded before Flop (didn't bet)
Seat 7: SMUTJAN72 folded before Flop (didn't bet)
Seat 8: iNteldrive showed [8h Jh] and won ($0.12) with high card Ace
Seat 9: Dorex2007 folded before Flop (didn't bet)



PokerStars Hand #238319682974:  Hold'em No Limit ($0.02/$0.05 USD) - 2022/08/30 16:43:57 PT [2022/08/30 19:43:57 ET]
Table 'Leocadia' 9-max Seat #2 is the button
Seat 1: webby170 ($12.13 in chips) 
Seat 2: notrealy ($4.02 in chips) 
Seat 3: Pimpo_br ($3.75 in chips) 
Seat 4: abitah ($3.70 in chips) 
Seat 5: erison1975 ($6.47 in chips) 
Seat 6: JayJayJohnson ($14.85 in chips) 
Seat 7: SMUTJAN72 ($4.51 in chips) 
Seat 8: iNteldrive ($5.07 in chips) 
Seat 9: Dorex2007 ($5.29 in chips) 
Pimpo_br: posts small blind $0.02
abitah: posts big blind $0.05
*** HOLE CARDS ***
Dealt to Dorex2007 [8s 6s]
erison1975: folds 
JayJayJohnson: folds 
SMUTJAN72: raises $0.05 to $0.10
iNteldrive: folds 
Dorex2007: folds 
webby170: folds 
notrealy: folds 
Pimpo_br: calls $0.08
abitah: calls $0.05
*** FLOP *** [Jh As 2c]
Pimpo_br: checks 
abitah: bets $0.14
SMUTJAN72: folds 
Pimpo_br: calls $0.14
*** TURN *** [Jh As 2c] [7c]
Pimpo_br: checks 
abitah: bets $0.28
Pimpo_br: calls $0.28
*** RIVER *** [Jh As 2c 7c] [3s]
Pimpo_br: checks 
abitah: checks 
*** SHOW DOWN ***
Pimpo_br: shows [8d 8h] (a pair of Eights)
abitah: shows [Ad Tc] (a pair of Aces)
abitah collected $1.09 from pot
*** SUMMARY ***
Total pot $1.14 | Rake $0.05 
Board [Jh As 2c 7c 3s]
Seat 1: webby170 folded before Flop (didn't bet)
Seat 2: notrealy (button) folded before Flop (didn't bet)
Seat 3: Pimpo_br (small blind) showed [8d 8h] and lost with a pair of Eights
Seat 4: abitah (big blind) showed [Ad Tc] and won ($1.09) with a pair of Aces
Seat 5: erison1975 folded before Flop (didn't bet)
Seat 6: JayJayJohnson folded before Flop (didn't bet)
Seat 7: SMUTJAN72 folded on the Flop
Seat 8: iNteldrive folded before Flop (didn't bet)
Seat 9: Dorex2007 folded before Flop (didn't bet)



PokerStars Hand #238319695365:  Hold'em No Limit ($0.02/$0.05 USD) - 2022/08/30 16:44:47 PT [2022/08/30 19:44:47 ET]
Table 'Leocadia' 9-max Seat #3 is the button
Seat 1: webby170 ($12.13 in chips) 
Seat 2: notrealy ($4.02 in chips) 
Seat 3: Pimpo_br ($3.23 in chips) 
Seat 4: abitah ($4.27 in chips) 
Seat 5: erison1975 ($6.47 in chips) 
Seat 6: JayJayJohnson ($14.85 in chips) 
Seat 7: SMUTJAN72 ($4.41 in chips) 
Seat 8: iNteldrive ($5.07 in chips) 
Seat 9: Dorex2007 ($5.29 in chips) 
abitah: posts small blind $0.02
erison1975: posts big blind $0.05
*** HOLE CARDS ***
Dealt to Dorex2007 [Qc 3c]
JayJayJohnson: folds 
SMUTJAN72: raises $0.10 to $0.15
iNteldrive: folds 
Dorex2007: folds 
webby170: folds 
JayJayJohnson leaves the table
notrealy: calls $0.15
Pimpo_br: folds 
abitah: calls $0.13
erison1975: folds 
*** FLOP *** [9h Tc 8d]
abitah: checks 
marcuswagner joins the table at seat #6 
SMUTJAN72: bets $0.24
notrealy: folds 
abitah: calls $0.24
*** TURN *** [9h Tc 8d] [4c]
abitah: checks 
SMUTJAN72: bets $0.47
abitah: folds 
Uncalled bet ($0.47) returned to SMUTJAN72
SMUTJAN72 collected $0.94 from pot
*** SUMMARY ***
Total pot $0.98 | Rake $0.04 
Board [9h Tc 8d 4c]
Seat 1: webby170 folded before Flop (didn't bet)
Seat 2: notrealy folded on the Flop
Seat 3: Pimpo_br (button) folded before Flop (didn't bet)
Seat 4: abitah (small blind) folded on the Turn
Seat 5: erison1975 (big blind) folded before Flop
Seat 6: JayJayJohnson folded before Flop (didn't bet)
Seat 7: SMUTJAN72 collected ($0.94)
Seat 8: iNteldrive folded before Flop (didn't bet)
Seat 9: Dorex2007 folded before Flop (didn't bet)



PokerStars Hand #238319717632:  Hold'em No Limit ($0.02/$0.05 USD) - 2022/08/30 16:46:16 PT [2022/08/30 19:46:16 ET]
Table 'Leocadia' 9-max Seat #4 is the button
Seat 1: webby170 ($12.13 in chips) 
Seat 2: notrealy ($3.87 in chips) 
Seat 3: Pimpo_br ($3.23 in chips) 
Seat 4: abitah ($3.88 in chips) 
Seat 5: erison1975 ($6.42 in chips) 
Seat 6: marcuswagner ($5 in chips) 
Seat 7: SMUTJAN72 ($4.96 in chips) 
Seat 8: iNteldrive ($5.07 in chips) 
Seat 9: Dorex2007 ($5.29 in chips) 
erison1975: posts small blind $0.02
marcuswagner: posts big blind $0.05
*** HOLE CARDS ***
Dealt to Dorex2007 [8c Qd]
SMUTJAN72: folds 
iNteldrive: folds 
Dorex2007: folds 
webby170: folds 
notrealy: folds 
Pimpo_br: folds 
abitah: calls $0.05
erison1975: raises $0.10 to $0.15
marcuswagner: folds 
abitah: calls $0.10
*** FLOP *** [4d 7s 5h]
erison1975: bets $0.15
abitah: raises $0.15 to $0.30
erison1975: calls $0.15
*** TURN *** [4d 7s 5h] [6d]
erison1975: checks 
abitah: checks 
*** RIVER *** [4d 7s 5h 6d] [3s]
erison1975: bets $0.25
abitah: calls $0.25
*** SHOW DOWN ***
erison1975: shows [Ac 9c] (a straight, Three to Seven)
abitah: shows [5d 7d] (a straight, Three to Seven)
erison1975 collected $0.70 from pot
abitah collected $0.69 from pot
*** SUMMARY ***
Total pot $1.45 | Rake $0.06 
Board [4d 7s 5h 6d 3s]
Seat 1: webby170 folded before Flop (didn't bet)
Seat 2: notrealy folded before Flop (didn't bet)
Seat 3: Pimpo_br folded before Flop (didn't bet)
Seat 4: abitah (button) showed [5d 7d] and won ($0.69) with a straight, Three to Seven
Seat 5: erison1975 (small blind) showed [Ac 9c] and won ($0.70) with a straight, Three to Seven
Seat 6: marcuswagner (big blind) folded before Flop
Seat 7: SMUTJAN72 folded before Flop (didn't bet)
Seat 8: iNteldrive folded before Flop (didn't bet)
Seat 9: Dorex2007 folded before Flop (didn't bet)



PokerStars Hand #238319732369:  Hold'em No Limit ($0.02/$0.05 USD) - 2022/08/30 16:47:17 PT [2022/08/30 19:47:17 ET]
Table 'Leocadia' 9-max Seat #5 is the button
Seat 1: webby170 ($12.13 in chips) 
Seat 2: notrealy ($3.87 in chips) 
Seat 3: Pimpo_br ($3.23 in chips) 
Seat 4: abitah ($3.87 in chips) 
Seat 5: erison1975 ($6.42 in chips) 
Seat 6: marcuswagner ($4.95 in chips) 
Seat 7: SMUTJAN72 ($4.96 in chips) 
Seat 8: iNteldrive ($5.07 in chips) 
Seat 9: Dorex2007 ($5.29 in chips) 
marcuswagner: posts small blind $0.02
SMUTJAN72: posts big blind $0.05
*** HOLE CARDS ***
Dealt to Dorex2007 [5h Ks]
iNteldrive: folds 
Dorex2007: folds 
webby170: folds 
notrealy: folds 
Pimpo_br: calls $0.05
abitah: calls $0.05
erison1975: folds 
marcuswagner: folds 
SMUTJAN72: checks 
*** FLOP *** [Js 3d Qs]
SMUTJAN72: checks 
Pimpo_br: checks 
abitah: checks 
*** TURN *** [Js 3d Qs] [9h]
SMUTJAN72: checks 
Pimpo_br: bets $0.16
abitah: calls $0.16
SMUTJAN72: folds 
*** RIVER *** [Js 3d Qs 9h] [Ts]
Pimpo_br: bets $0.23
abitah: raises $0.93 to $1.16
Pimpo_br: folds 
Uncalled bet ($0.93) returned to abitah
abitah collected $0.91 from pot
abitah: doesn't show hand 
*** SUMMARY ***
Total pot $0.95 | Rake $0.04 
Board [Js 3d Qs 9h Ts]
Seat 1: webby170 folded before Flop (didn't bet)
Seat 2: notrealy folded before Flop (didn't bet)
Seat 3: Pimpo_br folded on the River
Seat 4: abitah collected ($0.91)
Seat 5: erison1975 (button) folded before Flop (didn't bet)
Seat 6: marcuswagner (small blind) folded before Flop
Seat 7: SMUTJAN72 (big blind) folded on the Turn
Seat 8: iNteldrive folded before Flop (didn't bet)
Seat 9: Dorex2007 folded before Flop (didn't bet)



PokerStars Hand #238319757115:  Hold'em No Limit ($0.02/$0.05 USD) - 2022/08/30 16:48:57 PT [2022/08/30 19:48:57 ET]
Table 'Leocadia' 9-max Seat #6 is the button
Seat 1: webby170 ($12.13 in chips) 
Seat 2: notrealy ($3.87 in chips) 
Seat 3: Pimpo_br ($2.79 in chips) 
Seat 4: abitah ($4.34 in chips) 
Seat 5: erison1975 ($6.42 in chips) 
Seat 6: marcuswagner ($4.93 in chips) 
Seat 7: SMUTJAN72 ($4.91 in chips) 
Seat 8: iNteldrive ($5.07 in chips) 
Seat 9: Dorex2007 ($5.29 in chips) 
SMUTJAN72: posts small blind $0.02
iNteldrive: posts big blind $0.05
*** HOLE CARDS ***
Dealt to Dorex2007 [Th 7d]
Dorex2007: folds 
webby170 has timed out
webby170: folds 
notrealy: folds 
Pimpo_br: folds 
abitah: folds 
erison1975: folds 
marcuswagner: folds 
SMUTJAN72: folds 
Uncalled bet ($0.03) returned to iNteldrive
iNteldrive collected $0.04 from pot
iNteldrive: doesn't show hand 
*** SUMMARY ***
Total pot $0.04 | Rake $0 
Seat 1: webby170 folded before Flop (didn't bet)
Seat 2: notrealy folded before Flop (didn't bet)
Seat 3: Pimpo_br folded before Flop (didn't bet)
Seat 4: abitah folded before Flop (didn't bet)
Seat 5: erison1975 folded before Flop (didn't bet)
Seat 6: marcuswagner (button) folded before Flop (didn't bet)
Seat 7: SMUTJAN72 (small blind) folded before Flop
Seat 8: iNteldrive (big blind) collected ($0.04)
Seat 9: Dorex2007 folded before Flop (didn't bet)



PokerStars Hand #238319764983:  Hold'em No Limit ($0.02/$0.05 USD) - 2022/08/30 16:49:29 PT [2022/08/30 19:49:29 ET]
Table 'Leocadia' 9-max Seat #7 is the button
Seat 2: notrealy ($3.87 in chips) 
Seat 3: Pimpo_br ($2.79 in chips) 
Seat 4: abitah ($4.34 in chips) 
Seat 5: erison1975 ($6.42 in chips) 
Seat 6: marcuswagner ($4.93 in chips) 
Seat 7: SMUTJAN72 ($4.89 in chips) 
Seat 8: iNteldrive ($5.09 in chips) 
Seat 9: Dorex2007 ($5.29 in chips) 
iNteldrive: posts small blind $0.02
Dorex2007: posts big blind $0.05
*** HOLE CARDS ***
Dealt to Dorex2007 [4s 9s]
notrealy: calls $0.05
Pimpo_br: calls $0.05
abitah: folds 
erison1975: folds 
marcuswagner: folds 
SMUTJAN72: folds 
iNteldrive: folds 
Dorex2007: checks 
*** FLOP *** [4c Ah Jh]
Dorex2007: checks 
notrealy: bets $0.16
webby170 is disconnected 
Pimpo_br: calls $0.16
Dorex2007: folds 
*** TURN *** [4c Ah Jh] [3d]
notrealy: bets $0.47
Pimpo_br: folds 
Uncalled bet ($0.47) returned to notrealy
notrealy collected $0.47 from pot
*** SUMMARY ***
Total pot $0.49 | Rake $0.02 
Board [4c Ah Jh 3d]
Seat 2: notrealy collected ($0.47)
Seat 3: Pimpo_br folded on the Turn
Seat 4: abitah folded before Flop (didn't bet)
Seat 5: erison1975 folded before Flop (didn't bet)
Seat 6: marcuswagner folded before Flop (didn't bet)
Seat 7: SMUTJAN72 (button) folded before Flop (didn't bet)
Seat 8: iNteldrive (small blind) folded before Flop
Seat 9: Dorex2007 (big blind) folded on the Flop



PokerStars Hand #238319778114:  Hold'em No Limit ($0.02/$0.05 USD) - 2022/08/30 16:50:23 PT [2022/08/30 19:50:23 ET]
Table 'Leocadia' 9-max Seat #8 is the button
Seat 2: notrealy ($4.13 in chips) 
Seat 3: Pimpo_br ($2.58 in chips) 
Seat 4: abitah ($4.34 in chips) 
Seat 5: erison1975 ($6.42 in chips) 
Seat 6: marcuswagner ($4.93 in chips) 
Seat 7: SMUTJAN72 ($4.89 in chips) 
Seat 8: iNteldrive ($5.07 in chips) 
Seat 9: Dorex2007 ($5.24 in chips) 
Dorex2007: posts small blind $0.02
notrealy: posts big blind $0.05
*** HOLE CARDS ***
Dealt to Dorex2007 [6s Kh]
Pimpo_br: folds 
abitah: folds 
erison1975: folds 
marcuswagner: raises $0.10 to $0.15
SMUTJAN72: folds 
iNteldrive: folds 
Dorex2007: folds 
notrealy: calls $0.10
*** FLOP *** [9s 7s Tc]
notrealy: checks 
marcuswagner: bets $0.10
notrealy: calls $0.10
*** TURN *** [9s 7s Tc] [8c]
notrealy: checks 
marcuswagner: bets $0.33
notrealy: calls $0.33
*** RIVER *** [9s 7s Tc 8c] [8s]
notrealy: checks 
marcuswagner: bets $1.03
notrealy: calls $1.03
*** SHOW DOWN ***
marcuswagner: shows [Qd Jc] (a straight, Eight to Queen)
notrealy: shows [As 5s] (a flush, Ace high)
notrealy collected $3.11 from pot
*** SUMMARY ***
Total pot $3.24 | Rake $0.13 
Board [9s 7s Tc 8c 8s]
Seat 2: notrealy (big blind) showed [As 5s] and won ($3.11) with a flush, Ace high
Seat 3: Pimpo_br folded before Flop (didn't bet)
Seat 4: abitah folded before Flop (didn't bet)
Seat 5: erison1975 folded before Flop (didn't bet)
Seat 6: marcuswagner showed [Qd Jc] and lost with a straight, Eight to Queen
Seat 7: SMUTJAN72 folded before Flop (didn't bet)
Seat 8: iNteldrive (button) folded before Flop (didn't bet)
Seat 9: Dorex2007 (small blind) folded before Flop



PokerStars Hand #238319791466:  Hold'em No Limit ($0.02/$0.05 USD) - 2022/08/30 16:51:17 PT [2022/08/30 19:51:17 ET]
Table 'Leocadia' 9-max Seat #9 is the button
Seat 2: notrealy ($5.63 in chips) 
Seat 3: Pimpo_br ($2.58 in chips) 
Seat 4: abitah ($4.34 in chips) 
Seat 5: erison1975 ($6.42 in chips) 
Seat 6: marcuswagner ($3.32 in chips) 
Seat 7: SMUTJAN72 ($4.89 in chips) 
Seat 8: iNteldrive ($5.07 in chips) 
Seat 9: Dorex2007 ($5.22 in chips) 
notrealy: posts small blind $0.02
Pimpo_br: posts big blind $0.05
*** HOLE CARDS ***
Dealt to Dorex2007 [4d 5s]
abitah: calls $0.05
erison1975: folds 
marcuswagner: raises $0.10 to $0.15
SMUTJAN72: folds 
iNteldrive: calls $0.15
Dorex2007: folds 
notrealy: calls $0.13
Pimpo_br: folds 
abitah: calls $0.10
*** FLOP *** [7s As 4c]
notrealy: checks 
abitah: checks 
marcuswagner: checks 
iNteldrive: checks 
*** TURN *** [7s As 4c] [Ad]
notrealy: checks 
abitah: checks 
marcuswagner: checks 
iNteldrive: checks 
*** RIVER *** [7s As 4c Ad] [6c]
notrealy: bets $0.62
abitah: raises $0.62 to $1.24
marcuswagner: folds 
iNteldrive: folds 
notrealy: calls $0.62
*** SHOW DOWN ***
abitah: shows [6s Ac] (a full house, Aces full of Sixes)
notrealy: mucks hand 
abitah collected $3 from pot
*** SUMMARY ***
Total pot $3.13 | Rake $0.13 
Board [7s As 4c Ad 6c]
Seat 2: notrealy (small blind) mucked [6h 6d]
Seat 3: Pimpo_br (big blind) folded before Flop
Seat 4: abitah showed [6s Ac] and won ($3) with a full house, Aces full of Sixes
Seat 5: erison1975 folded before Flop (didn't bet)
Seat 6: marcuswagner folded on the River
Seat 7: SMUTJAN72 folded before Flop (didn't bet)
Seat 8: iNteldrive folded on the River
Seat 9: Dorex2007 (button) folded before Flop (didn't bet)



PokerStars Hand #238319811828:  Hold'em No Limit ($0.02/$0.05 USD) - 2022/08/30 16:52:40 PT [2022/08/30 19:52:40 ET]
Table 'Leocadia' 9-max Seat #2 is the button
Seat 1: webby170 ($12.13 in chips) 
Seat 2: notrealy ($4.24 in chips) 
Seat 3: Pimpo_br ($2.53 in chips) 
Seat 4: abitah ($5.95 in chips) 
Seat 5: erison1975 ($6.42 in chips) 
Seat 6: marcuswagner ($3.17 in chips) 
Seat 7: SMUTJAN72 ($4.89 in chips) 
Seat 8: iNteldrive ($5 in chips) 
Seat 9: Dorex2007 ($5.22 in chips) 
Pimpo_br: posts small blind $0.02
abitah: posts big blind $0.05
webby170: posts small & big blinds $0.07
*** HOLE CARDS ***
Dealt to Dorex2007 [Ts 8d]
erison1975: raises $0.10 to $0.15
marcuswagner: calls $0.15
SMUTJAN72: folds 
iNteldrive: folds 
Dorex2007: folds 
webby170: folds 
notrealy: calls $0.15
Pimpo_br: calls $0.13
abitah: calls $0.10
*** FLOP *** [4d Td Qh]
Pimpo_br: checks 
abitah: checks 
erison1975: bets $0.10
marcuswagner: calls $0.10
notrealy: calls $0.10
Pimpo_br: folds 
abitah: calls $0.10
*** TURN *** [4d Td Qh] [5d]
abitah: bets $0.05
erison1975: calls $0.05
marcuswagner: calls $0.05
notrealy: raises $0.69 to $0.74
abitah: folds 
erison1975: folds 
marcuswagner: calls $0.69
*** RIVER *** [4d Td Qh 5d] [Kc]
marcuswagner: bets $2.18 and is all-in
notrealy: calls $2.18
*** SHOW DOWN ***
marcuswagner: shows [Ad Js] (a straight, Ten to Ace)
notrealy: shows [Kd 6d] (a flush, King high)
notrealy collected $6.86 from pot
*** SUMMARY ***
Total pot $7.16 | Rake $0.30 
Board [4d Td Qh 5d Kc]
Seat 1: webby170 folded before Flop (didn't bet)
Seat 2: notrealy (button) showed [Kd 6d] and won ($6.86) with a flush, King high
Seat 3: Pimpo_br (small blind) folded on the Flop
Seat 4: abitah (big blind) folded on the Turn
Seat 5: erison1975 folded on the Turn
Seat 6: marcuswagner showed [Ad Js] and lost with a straight, Ten to Ace
Seat 7: SMUTJAN72 folded before Flop (didn't bet)
Seat 8: iNteldrive folded before Flop (didn't bet)
Seat 9: Dorex2007 folded before Flop (didn't bet)



PokerStars Hand #238319834761:  Hold'em No Limit ($0.02/$0.05 USD) - 2022/08/30 16:54:15 PT [2022/08/30 19:54:15 ET]
Table 'Leocadia' 9-max Seat #3 is the button
Seat 1: webby170 ($12.06 in chips) 
Seat 2: notrealy ($7.93 in chips) 
Seat 3: Pimpo_br ($2.38 in chips) 
Seat 4: abitah ($5.65 in chips) 
Seat 5: erison1975 ($6.12 in chips) 
Seat 7: SMUTJAN72 ($4.89 in chips) 
Seat 8: iNteldrive ($5 in chips) 
Seat 9: Dorex2007 ($5.22 in chips) 
abitah: posts small blind $0.02
erison1975: posts big blind $0.05
*** HOLE CARDS ***
Dealt to Dorex2007 [3c 8h]
SMUTJAN72: folds 
marcuswagner leaves the table
iNteldrive: raises $0.10 to $0.15
Dorex2007: folds 
webby170: folds 
notrealy: folds 
Pimpo_br: folds 
abitah: folds 
Pimpo_br is disconnected 
erison1975: calls $0.10
*** FLOP *** [8c Ah 8d]
erison1975: checks 
iNteldrive: bets $0.15
erison1975: calls $0.15
*** TURN *** [8c Ah 8d] [3d]
erison1975: checks 
iNteldrive: checks 
*** RIVER *** [8c Ah 8d 3d] [8s]
erison1975: bets $0.20
iNteldrive: folds 
Uncalled bet ($0.20) returned to erison1975
erison1975 collected $0.59 from pot
erison1975: doesn't show hand 
*** SUMMARY ***
Total pot $0.62 | Rake $0.03 
Board [8c Ah 8d 3d 8s]
Seat 1: webby170 folded before Flop (didn't bet)
Seat 2: notrealy folded before Flop (didn't bet)
Seat 3: Pimpo_br (button) folded before Flop (didn't bet)
Seat 4: abitah (small blind) folded before Flop
Seat 5: erison1975 (big blind) collected ($0.59)
Seat 7: SMUTJAN72 folded before Flop (didn't bet)
Seat 8: iNteldrive folded on the River
Seat 9: Dorex2007 folded before Flop (didn't bet)



PokerStars Hand #238319845090:  Hold'em No Limit ($0.02/$0.05 USD) - 2022/08/30 16:54:57 PT [2022/08/30 19:54:57 ET]
Table 'Leocadia' 9-max Seat #4 is the button
Seat 1: webby170 ($12.06 in chips) 
Seat 2: notrealy ($7.93 in chips) 
Seat 3: Pimpo_br ($2.38 in chips) 
Seat 4: abitah ($5.63 in chips) 
Seat 5: erison1975 ($6.41 in chips) 
Seat 7: SMUTJAN72 ($4.89 in chips) 
Seat 8: iNteldrive ($5 in chips) 
Seat 9: Dorex2007 ($5.22 in chips) 
erison1975: posts small blind $0.02
SMUTJAN72: posts big blind $0.05
*** HOLE CARDS ***
Dealt to Dorex2007 [5h Qh]
iNteldrive: folds 
Dorex2007: folds 
webby170: folds 
notrealy: calls $0.05
Pimpo_br has timed out while disconnected
Pimpo_br: folds 
abitah: folds 
erison1975: raises $0.05 to $0.10
SMUTJAN72: folds 
notrealy: calls $0.05
*** FLOP *** [8c 9s 2s]
erison1975: bets $0.05
notrealy: raises $0.34 to $0.39
erison1975: folds 
Uncalled bet ($0.34) returned to notrealy
notrealy collected $0.34 from pot
*** SUMMARY ***
Total pot $0.35 | Rake $0.01 
Board [8c 9s 2s]
Seat 1: webby170 folded before Flop (didn't bet)
Seat 2: notrealy collected ($0.34)
Seat 3: Pimpo_br folded before Flop (didn't bet)
Seat 4: abitah (button) folded before Flop (didn't bet)
Seat 5: erison1975 (small blind) folded on the Flop
Seat 7: SMUTJAN72 (big blind) folded before Flop
Seat 8: iNteldrive folded before Flop (didn't bet)
Seat 9: Dorex2007 folded before Flop (didn't bet)



PokerStars Hand #238319855566:  Hold'em No Limit ($0.02/$0.05 USD) - 2022/08/30 16:55:47 PT [2022/08/30 19:55:47 ET]
Table 'Leocadia' 9-max Seat #5 is the button
Seat 1: webby170 ($12.06 in chips) 
Seat 2: notrealy ($8.12 in chips) 
Seat 4: abitah ($5.63 in chips) 
Seat 5: erison1975 ($6.26 in chips) 
Seat 7: SMUTJAN72 ($4.84 in chips) 
Seat 8: iNteldrive ($5 in chips) 
Seat 9: Dorex2007 ($5.22 in chips) 
SMUTJAN72: posts small blind $0.02
iNteldrive: posts big blind $0.05
*** HOLE CARDS ***
Dealt to Dorex2007 [Jh 9c]
Dorex2007: folds 
webby170: folds 
notrealy: folds 
abitah: calls $0.05
erison1975: folds 
SMUTJAN72: folds 
iNteldrive: checks 
*** FLOP *** [8d 3c Qs]
iNteldrive: checks 
abitah: checks 
*** TURN *** [8d 3c Qs] [Tc]
iNteldrive: bets $0.06
abitah: folds 
Uncalled bet ($0.06) returned to iNteldrive
iNteldrive collected $0.12 from pot
iNteldrive: doesn't show hand 
*** SUMMARY ***
Total pot $0.12 | Rake $0 
Board [8d 3c Qs Tc]
Seat 1: webby170 folded before Flop (didn't bet)
Seat 2: notrealy folded before Flop (didn't bet)
Seat 4: abitah folded on the Turn
Seat 5: erison1975 (button) folded before Flop (didn't bet)
Seat 7: SMUTJAN72 (small blind) folded before Flop
Seat 8: iNteldrive (big blind) collected ($0.12)
Seat 9: Dorex2007 folded before Flop (didn't bet)



PokerStars Hand #238319864422:  Hold'em No Limit ($0.02/$0.05 USD) - 2022/08/30 16:56:32 PT [2022/08/30 19:56:32 ET]
Table 'Leocadia' 9-max Seat #7 is the button
Seat 1: webby170 ($12.06 in chips) 
Seat 2: notrealy ($8.12 in chips) 
Seat 4: abitah ($5.58 in chips) 
Seat 5: erison1975 ($6.26 in chips) 
Seat 7: SMUTJAN72 ($4.82 in chips) 
Seat 8: iNteldrive ($5.07 in chips) 
Seat 9: Dorex2007 ($5.22 in chips) 
iNteldrive: posts small blind $0.02
Dorex2007: posts big blind $0.05
*** HOLE CARDS ***
Dealt to Dorex2007 [5h 2s]
webby170: folds 
notrealy: raises $0.12 to $0.17
abitah: calls $0.17
erison1975: folds 
SMUTJAN72: folds 
iNteldrive: folds 
Dorex2007: folds 
*** FLOP *** [Ah 3c 7c]
notrealy: checks 
abitah: bets $0.05
notrealy: calls $0.05
*** TURN *** [Ah 3c 7c] [Qh]
Mskii joins the table at seat #6 
notrealy: checks 
abitah: checks 
*** RIVER *** [Ah 3c 7c Qh] [Kd]
notrealy: checks 
abitah: checks 
*** SHOW DOWN ***
notrealy: shows [Jd Js] (a pair of Jacks)
abitah: shows [Kh Td] (a pair of Kings)
abitah collected $0.49 from pot
*** SUMMARY ***
Total pot $0.51 | Rake $0.02 
Board [Ah 3c 7c Qh Kd]
Seat 1: webby170 folded before Flop (didn't bet)
Seat 2: notrealy showed [Jd Js] and lost with a pair of Jacks
Seat 4: abitah showed [Kh Td] and won ($0.49) with a pair of Kings
Seat 5: erison1975 folded before Flop (didn't bet)
Seat 7: SMUTJAN72 (button) folded before Flop (didn't bet)
Seat 8: iNteldrive (small blind) folded before Flop
Seat 9: Dorex2007 (big blind) folded before Flop



PokerStars Hand #238319874609:  Hold'em No Limit ($0.02/$0.05 USD) - 2022/08/30 16:57:23 PT [2022/08/30 19:57:23 ET]
Table 'Leocadia' 9-max Seat #8 is the button
Seat 1: webby170 ($12.06 in chips) 
Seat 2: notrealy ($7.90 in chips) 
Seat 4: abitah ($5.85 in chips) 
Seat 5: erison1975 ($6.26 in chips) 
Seat 6: Mskii ($2.65 in chips) 
Seat 7: SMUTJAN72 ($4.82 in chips) 
Seat 8: iNteldrive ($5.05 in chips) 
Seat 9: Dorex2007 ($5.17 in chips) 
Dorex2007: posts small blind $0.02
webby170: posts big blind $0.05
Mskii: posts big blind $0.05
*** HOLE CARDS ***
Dealt to Dorex2007 [3s 7s]
notrealy: calls $0.05
abitah: folds 
erison1975: folds 
Mskii: checks 
SMUTJAN72: folds 
iNteldrive: folds 
Dorex2007: folds 
webby170: raises $0.17 to $0.22
notrealy: calls $0.17
Mskii: folds 
*** FLOP *** [Kd Ad 8s]
webby170: checks 
notrealy: bets $0.49
webby170: calls $0.49
*** TURN *** [Kd Ad 8s] [As]
webby170: checks 
notrealy: bets $0.71
webby170: calls $0.71
*** RIVER *** [Kd Ad 8s As] [Jh]
webby170: checks 
notrealy: bets $1.39
webby170: calls $1.39
*** SHOW DOWN ***
notrealy: shows [Js Ac] (a full house, Aces full of Jacks)
webby170: mucks hand 
notrealy collected $5.45 from pot
*** SUMMARY ***
Total pot $5.69 | Rake $0.24 
Board [Kd Ad 8s As Jh]
Seat 1: webby170 (big blind) mucked [Ts Ah]
Seat 2: notrealy showed [Js Ac] and won ($5.45) with a full house, Aces full of Jacks
Seat 4: abitah folded before Flop (didn't bet)
Seat 5: erison1975 folded before Flop (didn't bet)
Seat 6: Mskii folded before Flop (didn't bet)
Seat 7: SMUTJAN72 folded before Flop (didn't bet)
Seat 8: iNteldrive (button) folded before Flop (didn't bet)
Seat 9: Dorex2007 (small blind) folded before Flop



PokerStars Hand #238319889166:  Hold'em No Limit ($0.02/$0.05 USD) - 2022/08/30 16:58:35 PT [2022/08/30 19:58:35 ET]
Table 'Leocadia' 9-max Seat #9 is the button
Seat 1: webby170 ($9.25 in chips) 
Seat 4: abitah ($5.85 in chips) 
Seat 5: erison1975 ($6.26 in chips) 
Seat 6: Mskii ($2.60 in chips) 
Seat 7: SMUTJAN72 ($4.82 in chips) 
Seat 8: iNteldrive ($5.05 in chips) 
Seat 9: Dorex2007 ($5.15 in chips) 
webby170: posts small blind $0.02
abitah: posts big blind $0.05
*** HOLE CARDS ***
Dealt to Dorex2007 [4s Ac]
erison1975: raises $0.05 to $0.10
notrealy leaves the table
Mskii: calls $0.10
SMUTJAN72: folds 
iNteldrive: folds 
Dorex2007: folds 
webby170: folds 
abitah: calls $0.05
*** FLOP *** [8h Kh 4d]
abitah: checks 
erison1975: bets $0.05
Mskii: calls $0.05
abitah: calls $0.05
*** TURN *** [8h Kh 4d] [3d]
abitah: checks 
erison1975: checks 
Mskii: checks 
*** RIVER *** [8h Kh 4d 3d] [5d]
abitah: bets $0.15
erison1975: folds 
Mskii: folds 
Uncalled bet ($0.15) returned to abitah
abitah collected $0.45 from pot
abitah: doesn't show hand 
*** SUMMARY ***
Total pot $0.47 | Rake $0.02 
Board [8h Kh 4d 3d 5d]
Seat 1: webby170 (small blind) folded before Flop
Seat 4: abitah (big blind) collected ($0.45)
Seat 5: erison1975 folded on the River
Seat 6: Mskii folded on the River
Seat 7: SMUTJAN72 folded before Flop (didn't bet)
Seat 8: iNteldrive folded before Flop (didn't bet)
Seat 9: Dorex2007 (button) folded before Flop (didn't bet)



PokerStars Hand #238319908504:  Hold'em No Limit ($0.02/$0.05 USD) - 2022/08/30 17:00:11 PT [2022/08/30 20:00:11 ET]
Table 'Leocadia' 9-max Seat #1 is the button
Seat 1: webby170 ($9.23 in chips) 
Seat 4: abitah ($6.15 in chips) 
Seat 5: erison1975 ($6.11 in chips) 
Seat 6: Mskii ($2.45 in chips) 
Seat 7: SMUTJAN72 ($4.82 in chips) 
Seat 8: iNteldrive ($5.05 in chips) 
Seat 9: Dorex2007 ($5.15 in chips) 
abitah: posts small blind $0.02
erison1975: posts big blind $0.05
*** HOLE CARDS ***
Dealt to Dorex2007 [Jc 3h]
Mskii: calls $0.05
SMUTJAN72: folds 
iNteldrive: folds 
Dorex2007: folds 
webby170 has timed out
webby170: folds 
abitah: calls $0.03
erison1975: checks 
*** FLOP *** [Kd 9c 2c]
abitah: checks 
erison1975: bets $0.05
Mskii: folds 
abitah: calls $0.05
*** TURN *** [Kd 9c 2c] [3c]
abitah: checks 
erison1975: bets $0.15
abitah: folds 
Uncalled bet ($0.15) returned to erison1975
erison1975 collected $0.24 from pot
Ethori519 joins the table at seat #2 
erison1975: doesn't show hand 
*** SUMMARY ***
Total pot $0.25 | Rake $0.01 
Board [Kd 9c 2c 3c]
Seat 1: webby170 (button) folded before Flop (didn't bet)
Seat 4: abitah (small blind) folded on the Turn
Seat 5: erison1975 (big blind) collected ($0.24)
Seat 6: Mskii folded on the Flop
Seat 7: SMUTJAN72 folded before Flop (didn't bet)
Seat 8: iNteldrive folded before Flop (didn't bet)
Seat 9: Dorex2007 folded before Flop (didn't bet)



PokerStars Hand #238319921185:  Hold'em No Limit ($0.02/$0.05 USD) - 2022/08/30 17:01:09 PT [2022/08/30 20:01:09 ET]
Table 'Leocadia' 9-max Seat #4 is the button
Seat 1: webby170 ($9.23 in chips) 
Seat 2: Ethori519 ($5 in chips) 
Seat 4: abitah ($6.05 in chips) 
Seat 5: erison1975 ($6.25 in chips) 
Seat 6: Mskii ($2.40 in chips) 
Seat 7: SMUTJAN72 ($4.82 in chips) 
Seat 8: iNteldrive ($5.05 in chips) 
Seat 9: Dorex2007 ($5.15 in chips) 
erison1975: posts small blind $0.02
Mskii: posts big blind $0.05
Ethori519 is connected 
Ethori519: posts big blind $0.05
*** HOLE CARDS ***
Dealt to Dorex2007 [Ks Ts]
SMUTJAN72: folds 
iNteldrive: raises $0.10 to $0.15
Dorex2007: calls $0.15
webby170: folds 
Ethori519: folds 
abitah: folds 
erison1975: folds 
Mskii: folds 
*** FLOP *** [Kc 7d Js]
iNteldrive: checks 
Dorex2007: bets $0.27
iNteldrive: folds 
Uncalled bet ($0.27) returned to Dorex2007
Dorex2007 collected $0.40 from pot
Dorex2007: doesn't show hand 
*** SUMMARY ***
Total pot $0.42 | Rake $0.02 
Board [Kc 7d Js]
Seat 1: webby170 folded before Flop (didn't bet)
Seat 2: Ethori519 folded before Flop (didn't bet)
Seat 4: abitah (button) folded before Flop (didn't bet)
Seat 5: erison1975 (small blind) folded before Flop
Seat 6: Mskii (big blind) folded before Flop
Seat 7: SMUTJAN72 folded before Flop (didn't bet)
Seat 8: iNteldrive folded on the Flop
Seat 9: Dorex2007 collected ($0.40)



PokerStars Hand #238319929931:  Hold'em No Limit ($0.02/$0.05 USD) - 2022/08/30 17:01:48 PT [2022/08/30 20:01:48 ET]
Table 'Leocadia' 9-max Seat #5 is the button
Seat 1: webby170 ($9.23 in chips) 
Seat 2: Ethori519 ($4.95 in chips) 
Seat 4: abitah ($6.05 in chips) 
Seat 5: erison1975 ($6.23 in chips) 
Seat 6: Mskii ($2.35 in chips) 
Seat 7: SMUTJAN72 ($4.82 in chips) 
Seat 8: iNteldrive ($5 in chips) 
Seat 9: Dorex2007 ($5.40 in chips) 
Mskii: posts small blind $0.02
SMUTJAN72: posts big blind $0.05
*** HOLE CARDS ***
Dealt to Dorex2007 [Jd Ad]
iNteldrive: folds 
Dorex2007: raises $0.05 to $0.10
webby170: folds 
Ethori519: folds 
abitah: folds 
erison1975: folds 
Mskii: folds 
SMUTJAN72: calls $0.05
*** FLOP *** [6s 2c 8d]
SMUTJAN72: checks 
Dorex2007: checks 
*** TURN *** [6s 2c 8d] [Ks]
SMUTJAN72: checks 
Dorex2007: checks 
*** RIVER *** [6s 2c 8d Ks] [As]
SMUTJAN72: checks 
Dorex2007: checks 
*** SHOW DOWN ***
SMUTJAN72: shows [7h 9h] (high card Ace)
Dorex2007: shows [Jd Ad] (a pair of Aces)
Dorex2007 collected $0.21 from pot
*** SUMMARY ***
Total pot $0.22 | Rake $0.01 
Board [6s 2c 8d Ks As]
Seat 1: webby170 folded before Flop (didn't bet)
Seat 2: Ethori519 folded before Flop (didn't bet)
Seat 4: abitah folded before Flop (didn't bet)
Seat 5: erison1975 (button) folded before Flop (didn't bet)
Seat 6: Mskii (small blind) folded before Flop
Seat 7: SMUTJAN72 (big blind) showed [7h 9h] and lost with high card Ace
Seat 8: iNteldrive folded before Flop (didn't bet)
Seat 9: Dorex2007 showed [Jd Ad] and won ($0.21) with a pair of Aces



PokerStars Hand #238319941422:  Hold'em No Limit ($0.02/$0.05 USD) - 2022/08/30 17:02:37 PT [2022/08/30 20:02:37 ET]
Table 'Leocadia' 9-max Seat #6 is the button
Seat 1: webby170 ($9.23 in chips) 
Seat 2: Ethori519 ($4.95 in chips) 
Seat 4: abitah ($6.05 in chips) 
Seat 5: erison1975 ($6.23 in chips) 
Seat 6: Mskii ($2.33 in chips) 
Seat 7: SMUTJAN72 ($4.72 in chips) 
Seat 8: iNteldrive ($5 in chips) 
Seat 9: Dorex2007 ($5.51 in chips) 
SMUTJAN72: posts small blind $0.02
iNteldrive: posts big blind $0.05
*** HOLE CARDS ***
Dealt to Dorex2007 [As Kc]
Dorex2007: raises $0.05 to $0.10
webby170: folds 
Ethori519: folds 
abitah: folds 
erison1975: folds 
Mskii: folds 
SMUTJAN72: folds 
iNteldrive: folds 
Uncalled bet ($0.05) returned to Dorex2007
Dorex2007 collected $0.12 from pot
Dorex2007: doesn't show hand 
*** SUMMARY ***
Total pot $0.12 | Rake $0 
Seat 1: webby170 folded before Flop (didn't bet)
Seat 2: Ethori519 folded before Flop (didn't bet)
Seat 4: abitah folded before Flop (didn't bet)
Seat 5: erison1975 folded before Flop (didn't bet)
Seat 6: Mskii (button) folded before Flop (didn't bet)
Seat 7: SMUTJAN72 (small blind) folded before Flop
Seat 8: iNteldrive (big blind) folded before Flop
Seat 9: Dorex2007 collected ($0.12)



PokerStars Hand #238319947630:  Hold'em No Limit ($0.02/$0.05 USD) - 2022/08/30 17:03:03 PT [2022/08/30 20:03:03 ET]
Table 'Leocadia' 9-max Seat #7 is the button
Seat 1: webby170 ($9.23 in chips) 
Seat 2: Ethori519 ($4.95 in chips) 
Seat 4: abitah ($6.05 in chips) 
Seat 5: erison1975 ($6.23 in chips) 
Seat 6: Mskii ($2.33 in chips) 
Seat 7: SMUTJAN72 ($4.70 in chips) 
Seat 8: iNteldrive ($4.95 in chips) 
Seat 9: Dorex2007 ($5.58 in chips) 
iNteldrive: posts small blind $0.02
Dorex2007: posts big blind $0.05
*** HOLE CARDS ***
Dealt to Dorex2007 [As Tc]
webby170 has timed out
webby170: folds 
Ethori519: calls $0.05
abitah: folds 
erison1975: folds 
Mskii: folds 
SMUTJAN72: calls $0.05
iNteldrive: folds 
Dorex2007: checks 
*** FLOP *** [7h Kc 9h]
Dorex2007: checks 
Ethori519: bets $0.16
SMUTJAN72: folds 
Dorex2007: folds 
Uncalled bet ($0.16) returned to Ethori519
Ethori519 collected $0.16 from pot
Ethori519: doesn't show hand 
*** SUMMARY ***
Total pot $0.17 | Rake $0.01 
Board [7h Kc 9h]
Seat 1: webby170 folded before Flop (didn't bet)
Seat 2: Ethori519 collected ($0.16)
Seat 4: abitah folded before Flop (didn't bet)
Seat 5: erison1975 folded before Flop (didn't bet)
Seat 6: Mskii folded before Flop (didn't bet)
Seat 7: SMUTJAN72 (button) folded on the Flop
Seat 8: iNteldrive (small blind) folded before Flop
Seat 9: Dorex2007 (big blind) folded on the Flop



PokerStars Hand #238319958958:  Hold'em No Limit ($0.02/$0.05 USD) - 2022/08/30 17:03:52 PT [2022/08/30 20:03:52 ET]
Table 'Leocadia' 9-max Seat #8 is the button
Seat 1: webby170 ($9.23 in chips) 
Seat 2: Ethori519 ($5.06 in chips) 
Seat 4: abitah ($6.05 in chips) 
Seat 5: erison1975 ($6.23 in chips) 
Seat 6: Mskii ($2.33 in chips) 
Seat 7: SMUTJAN72 ($4.65 in chips) 
Seat 8: iNteldrive ($4.98 in chips) 
Seat 9: Dorex2007 ($5.53 in chips) 
Dorex2007: posts small blind $0.02
webby170: posts big blind $0.05
*** HOLE CARDS ***
Dealt to Dorex2007 [Kd 9h]
Ethori519: folds 
abitah: folds 
erison1975: raises $0.10 to $0.15
Mskii: calls $0.15
SMUTJAN72: folds 
iNteldrive: folds 
Dorex2007: folds 
webby170: calls $0.10
*** FLOP *** [Qc Js 6h]
webby170: checks 
erison1975: bets $0.05
Pimpo_br leaves the table
Mskii: calls $0.05
webby170: folds 
*** TURN *** [Qc Js 6h] [As]
erison1975: bets $0.10
Mskii: folds 
Uncalled bet ($0.10) returned to erison1975
erison1975 collected $0.55 from pot
erison1975: doesn't show hand 
*** SUMMARY ***
Total pot $0.57 | Rake $0.02 
Board [Qc Js 6h As]
Seat 1: webby170 (big blind) folded on the Flop
Seat 2: Ethori519 folded before Flop (didn't bet)
Seat 4: abitah folded before Flop (didn't bet)
Seat 5: erison1975 collected ($0.55)
Seat 6: Mskii folded on the Turn
Seat 7: SMUTJAN72 folded before Flop (didn't bet)
Seat 8: iNteldrive (button) folded before Flop (didn't bet)
Seat 9: Dorex2007 (small blind) folded before Flop



PokerStars Hand #238319974228:  Hold'em No Limit ($0.02/$0.05 USD) - 2022/08/30 17:04:57 PT [2022/08/30 20:04:57 ET]
Table 'Leocadia' 9-max Seat #9 is the button
Seat 1: webby170 ($9.08 in chips) 
Seat 2: Ethori519 ($5.06 in chips) 
Seat 4: abitah ($6.05 in chips) 
Seat 5: erison1975 ($6.58 in chips) 
Seat 6: Mskii ($2.13 in chips) 
Seat 7: SMUTJAN72 ($4.65 in chips) 
Seat 8: iNteldrive ($4.98 in chips) 
Seat 9: Dorex2007 ($5.51 in chips) 
webby170: posts small blind $0.02
Ethori519: posts big blind $0.05
*** HOLE CARDS ***
Dealt to Dorex2007 [6c 6s]
abitah: calls $0.05
erison1975: folds 
Mskii: folds 
SMUTJAN72: folds 
iNteldrive: folds 
Dorex2007: calls $0.05
webby170: folds 
Ethori519: raises $0.10 to $0.15
abitah: calls $0.10
Dorex2007: calls $0.10
*** FLOP *** [3d 4d 9h]
Ethori519: bets $0.20
abitah: calls $0.20
Dorex2007: folds 
*** TURN *** [3d 4d 9h] [4s]
tanyaa1956 joins the table at seat #3 
Ethori519: bets $0.45
abitah: calls $0.45
*** RIVER *** [3d 4d 9h 4s] [Qd]
Ethori519: bets $1.30
abitah: calls $1.30
*** SHOW DOWN ***
Ethori519: shows [8c Tc] (a pair of Fours)
abitah: shows [Qh 3h] (two pair, Queens and Fours)
abitah collected $4.19 from pot
*** SUMMARY ***
Total pot $4.37 | Rake $0.18 
Board [3d 4d 9h 4s Qd]
Seat 1: webby170 (small blind) folded before Flop
Seat 2: Ethori519 (big blind) showed [8c Tc] and lost with a pair of Fours
Seat 4: abitah showed [Qh 3h] and won ($4.19) with two pair, Queens and Fours
Seat 5: erison1975 folded before Flop (didn't bet)
Seat 6: Mskii folded before Flop (didn't bet)
Seat 7: SMUTJAN72 folded before Flop (didn't bet)
Seat 8: iNteldrive folded before Flop (didn't bet)
Seat 9: Dorex2007 (button) folded on the Flop



PokerStars Hand #238319993912:  Hold'em No Limit ($0.02/$0.05 USD) - 2022/08/30 17:06:21 PT [2022/08/30 20:06:21 ET]
Table 'Leocadia' 9-max Seat #1 is the button
Seat 1: webby170 ($9.06 in chips) 
Seat 2: Ethori519 ($2.96 in chips) 
Seat 3: tanyaa1956 ($5 in chips) 
Seat 4: abitah ($8.14 in chips) 
Seat 5: erison1975 ($6.58 in chips) 
Seat 6: Mskii ($2.13 in chips) 
Seat 7: SMUTJAN72 ($4.65 in chips) 
Seat 8: iNteldrive ($4.98 in chips) 
Seat 9: Dorex2007 ($5.36 in chips) 
Ethori519: posts small blind $0.02
tanyaa1956: posts big blind $0.05
*** HOLE CARDS ***
Dealt to Dorex2007 [Kd 3d]
abitah: folds 
erison1975: folds 
Mskii: folds 
SMUTJAN72: folds 
iNteldrive: folds 
Dorex2007: folds 
webby170 has timed out
webby170: folds 
Ethori519: calls $0.03
tanyaa1956: checks 
*** FLOP *** [Th 7h Qd]
Ethori519: checks 
tanyaa1956: checks 
*** TURN *** [Th 7h Qd] [6s]
Ethori519: bets $0.10
tanyaa1956: folds 
Uncalled bet ($0.10) returned to Ethori519
Ethori519 collected $0.10 from pot
Ethori519: doesn't show hand 
*** SUMMARY ***
Total pot $0.10 | Rake $0 
Board [Th 7h Qd 6s]
Seat 1: webby170 (button) folded before Flop (didn't bet)
Seat 2: Ethori519 (small blind) collected ($0.10)
Seat 3: tanyaa1956 (big blind) folded on the Turn
Seat 4: abitah folded before Flop (didn't bet)
Seat 5: erison1975 folded before Flop (didn't bet)
Seat 6: Mskii folded before Flop (didn't bet)
Seat 7: SMUTJAN72 folded before Flop (didn't bet)
Seat 8: iNteldrive folded before Flop (didn't bet)
Seat 9: Dorex2007 folded before Flop (didn't bet)



PokerStars Hand #238320007803:  Hold'em No Limit ($0.02/$0.05 USD) - 2022/08/30 17:07:21 PT [2022/08/30 20:07:21 ET]
Table 'Leocadia' 9-max Seat #2 is the button
Seat 1: webby170 ($9.06 in chips) 
Seat 2: Ethori519 ($3.01 in chips) 
Seat 3: tanyaa1956 ($5 in chips) 
Seat 4: abitah ($8.14 in chips) 
Seat 5: erison1975 ($6.58 in chips) 
Seat 6: Mskii ($2.13 in chips) 
Seat 7: SMUTJAN72 ($4.65 in chips) 
Seat 8: iNteldrive ($4.98 in chips) 
Seat 9: Dorex2007 ($5.36 in chips) 
tanyaa1956: posts small blind $0.02
abitah: posts big blind $0.05
*** HOLE CARDS ***
Dealt to Dorex2007 [5c Kd]
erison1975: folds 
Mskii: raises $0.10 to $0.15
SMUTJAN72: folds 
erison1975 leaves the table
iNteldrive: calls $0.15
Dorex2007: folds 
webby170: folds 
Ethori519: calls $0.15
tanyaa1956: folds 
abitah: calls $0.10
*** FLOP *** [Ts Qs 3d]
marinaul joins the table at seat #5 
abitah: checks 
Mskii: checks 
iNteldrive: bets $0.29
Ethori519: folds 
abitah: folds 
Mskii: folds 
Uncalled bet ($0.29) returned to iNteldrive
iNteldrive collected $0.59 from pot
iNteldrive: doesn't show hand 
*** SUMMARY ***
Total pot $0.62 | Rake $0.03 
Board [Ts Qs 3d]
Seat 1: webby170 folded before Flop (didn't bet)
Seat 2: Ethori519 (button) folded on the Flop
Seat 3: tanyaa1956 (small blind) folded before Flop
Seat 4: abitah (big blind) folded on the Flop
Seat 5: erison1975 folded before Flop (didn't bet)
Seat 6: Mskii folded on the Flop
Seat 7: SMUTJAN72 folded before Flop (didn't bet)
Seat 8: iNteldrive collected ($0.59)
Seat 9: Dorex2007 folded before Flop (didn't bet)



PokerStars Hand #238320023633:  Hold'em No Limit ($0.02/$0.05 USD) - 2022/08/30 17:08:29 PT [2022/08/30 20:08:29 ET]
Table 'Leocadia' 9-max Seat #3 is the button
Seat 1: webby170 ($9.06 in chips) 
Seat 2: Ethori519 ($2.86 in chips) 
Seat 3: tanyaa1956 ($5 in chips) 
Seat 4: abitah ($7.99 in chips) 
Seat 5: marinaul ($5 in chips) 
Seat 6: Mskii ($1.98 in chips) 
Seat 7: SMUTJAN72 ($4.65 in chips) 
Seat 8: iNteldrive ($5.42 in chips) 
Seat 9: Dorex2007 ($5.36 in chips) 
abitah: posts small blind $0.02
marinaul: posts big blind $0.05
*** HOLE CARDS ***
Dealt to Dorex2007 [6d 2h]
Mskii: calls $0.05
SMUTJAN72: folds 
iNteldrive: folds 
Dorex2007: folds 
webby170 has timed out
webby170: folds 
Ethori519: calls $0.05
tanyaa1956: raises $0.20 to $0.25
abitah: calls $0.23
marinaul: folds 
Mskii: calls $0.20
Ethori519: calls $0.20
*** FLOP *** [4d Js Qc]
abitah: checks 
Mskii: checks 
Ethori519: checks 
tanyaa1956: checks 
*** TURN *** [4d Js Qc] [8s]
abitah: checks 
Mskii: checks 
Ethori519: checks 
tanyaa1956: bets $0.70
abitah: folds 
Mskii: folds 
Ethori519: calls $0.70
*** RIVER *** [4d Js Qc 8s] [9h]
Ethori519: checks 
tanyaa1956: checks 
*** SHOW DOWN ***
Ethori519: shows [7c 8h] (a pair of Eights)
tanyaa1956: shows [Ad Jd] (a pair of Jacks)
tanyaa1956 collected $2.35 from pot
*** SUMMARY ***
Total pot $2.45 | Rake $0.10 
Board [4d Js Qc 8s 9h]
Seat 1: webby170 folded before Flop (didn't bet)
Seat 2: Ethori519 showed [7c 8h] and lost with a pair of Eights
Seat 3: tanyaa1956 (button) showed [Ad Jd] and won ($2.35) with a pair of Jacks
Seat 4: abitah (small blind) folded on the Turn
Seat 5: marinaul (big blind) folded before Flop
Seat 6: Mskii folded on the Turn
Seat 7: SMUTJAN72 folded before Flop (didn't bet)
Seat 8: iNteldrive folded before Flop (didn't bet)
Seat 9: Dorex2007 folded before Flop (didn't bet)



PokerStars Hand #238320046814:  Hold'em No Limit ($0.02/$0.05 USD) - 2022/08/30 17:10:09 PT [2022/08/30 20:10:09 ET]
Table 'Leocadia' 9-max Seat #4 is the button
Seat 1: webby170 ($9.06 in chips) 
Seat 2: Ethori519 ($1.91 in chips) 
Seat 3: tanyaa1956 ($6.40 in chips) 
Seat 4: abitah ($7.74 in chips) 
Seat 5: marinaul ($5 in chips) 
Seat 6: Mskii ($1.73 in chips) 
Seat 7: SMUTJAN72 ($4.65 in chips) 
Seat 8: iNteldrive ($5.42 in chips) 
Seat 9: Dorex2007 ($5.36 in chips) 
marinaul: posts small blind $0.02
Mskii: posts big blind $0.05
*** HOLE CARDS ***
Dealt to Dorex2007 [2s 4h]
SMUTJAN72: folds 
iNteldrive: folds 
Dorex2007: folds 
webby170 has timed out
webby170: folds 
Ethori519: calls $0.05
tanyaa1956: folds 
abitah: calls $0.05
marinaul: raises $0.25 to $0.30
Mskii: folds 
Ethori519: calls $0.25
abitah: folds 
*** FLOP *** [Qd 9h 4s]
marinaul: bets $0.40
Ethori519: raises $1.21 to $1.61 and is all-in
marinaul: folds 
Uncalled bet ($1.21) returned to Ethori519
Ethori519 collected $1.44 from pot
Ethori519: doesn't show hand 
*** SUMMARY ***
Total pot $1.50 | Rake $0.06 
Board [Qd 9h 4s]
Seat 1: webby170 folded before Flop (didn't bet)
Seat 2: Ethori519 collected ($1.44)
Seat 3: tanyaa1956 folded before Flop (didn't bet)
Seat 4: abitah (button) folded before Flop
Seat 5: marinaul (small blind) folded on the Flop
Seat 6: Mskii (big blind) folded before Flop
Seat 7: SMUTJAN72 folded before Flop (didn't bet)
Seat 8: iNteldrive folded before Flop (didn't bet)
Seat 9: Dorex2007 folded before Flop (didn't bet)



PokerStars Hand #238320067150:  Hold'em No Limit ($0.02/$0.05 USD) - 2022/08/30 17:11:37 PT [2022/08/30 20:11:37 ET]
Table 'Leocadia' 9-max Seat #5 is the button
Seat 1: webby170 ($9.06 in chips) 
Seat 3: tanyaa1956 ($6.40 in chips) 
Seat 4: abitah ($7.69 in chips) 
Seat 5: marinaul ($5 in chips) 
Seat 6: Mskii ($1.68 in chips) 
Seat 7: SMUTJAN72 ($4.65 in chips) 
Seat 8: iNteldrive ($5.42 in chips) 
Seat 9: Dorex2007 ($5.36 in chips) 
Mskii: posts small blind $0.02
SMUTJAN72: posts big blind $0.05
*** HOLE CARDS ***
Dealt to Dorex2007 [5d 3h]
iNteldrive: folds 
Dorex2007: folds 
webby170: raises $0.12 to $0.17
tanyaa1956: folds 
abitah: folds 
marinaul: folds 
Mskii: folds 
SMUTJAN72: folds 
Uncalled bet ($0.12) returned to webby170
webby170 collected $0.12 from pot
*** SUMMARY ***
Total pot $0.12 | Rake $0 
Seat 1: webby170 collected ($0.12)
Seat 3: tanyaa1956 folded before Flop (didn't bet)
Seat 4: abitah folded before Flop (didn't bet)
Seat 5: marinaul (button) folded before Flop (didn't bet)
Seat 6: Mskii (small blind) folded before Flop
Seat 7: SMUTJAN72 (big blind) folded before Flop
Seat 8: iNteldrive folded before Flop (didn't bet)
Seat 9: Dorex2007 folded before Flop (didn't bet)



PokerStars Hand #238320075342:  Hold'em No Limit ($0.02/$0.05 USD) - 2022/08/30 17:12:12 PT [2022/08/30 20:12:12 ET]
Table 'Leocadia' 9-max Seat #6 is the button
Seat 1: webby170 ($9.13 in chips) 
Seat 3: tanyaa1956 ($6.40 in chips) 
Seat 4: abitah ($7.69 in chips) 
Seat 5: marinaul ($5 in chips) 
Seat 6: Mskii ($1.66 in chips) 
Seat 7: SMUTJAN72 ($4.60 in chips) 
Seat 8: iNteldrive ($5.42 in chips) 
Seat 9: Dorex2007 ($5.36 in chips) 
SMUTJAN72: posts small blind $0.02
iNteldrive: posts big blind $0.05
*** HOLE CARDS ***
Dealt to Dorex2007 [2d Jd]
Dorex2007: folds 
webby170: raises $0.06 to $0.11
tanyaa1956: folds 
abitah: calls $0.11
marinaul: folds 
Mskii: calls $0.11
SMUTJAN72: folds 
iNteldrive: calls $0.06
*** FLOP *** [Th Qh 4c]
iNteldrive: checks 
webby170: bets $0.21
abitah: calls $0.21
Mskii: folds 
iNteldrive: folds 
*** TURN *** [Th Qh 4c] [6d]
webby170: checks 
abitah: checks 
*** RIVER *** [Th Qh 4c 6d] [Kh]
webby170: bets $0.37
abitah: folds 
Uncalled bet ($0.37) returned to webby170
webby170 collected $0.84 from pot
*** SUMMARY ***
Total pot $0.88 | Rake $0.04 
Board [Th Qh 4c 6d Kh]
Seat 1: webby170 collected ($0.84)
Seat 3: tanyaa1956 folded before Flop (didn't bet)
Seat 4: abitah folded on the River
Seat 5: marinaul folded before Flop (didn't bet)
Seat 6: Mskii (button) folded on the Flop
Seat 7: SMUTJAN72 (small blind) folded before Flop
Seat 8: iNteldrive (big blind) folded on the Flop
Seat 9: Dorex2007 folded before Flop (didn't bet)



PokerStars Hand #238320093178:  Hold'em No Limit ($0.02/$0.05 USD) - 2022/08/30 17:13:28 PT [2022/08/30 20:13:28 ET]
Table 'Leocadia' 9-max Seat #7 is the button
Seat 1: webby170 ($9.65 in chips) 
Seat 3: tanyaa1956 ($6.40 in chips) 
Seat 4: abitah ($7.37 in chips) 
Seat 5: marinaul ($5 in chips) 
Seat 6: Mskii ($1.55 in chips) 
Seat 7: SMUTJAN72 ($4.58 in chips) 
Seat 8: iNteldrive ($5.31 in chips) 
Seat 9: Dorex2007 ($5.36 in chips) 
iNteldrive: posts small blind $0.02
Dorex2007: posts big blind $0.05
*** HOLE CARDS ***
Dealt to Dorex2007 [Qc 8c]
webby170: folds 
tanyaa1956: folds 
abitah has timed out
abitah: folds 
marinaul: folds 
Mskii: folds 
SMUTJAN72: folds 
iNteldrive: raises $0.10 to $0.15
Dorex2007: folds 
Uncalled bet ($0.10) returned to iNteldrive
iNteldrive collected $0.10 from pot
iNteldrive: doesn't show hand 
*** SUMMARY ***
Total pot $0.10 | Rake $0 
Seat 1: webby170 folded before Flop (didn't bet)
Seat 3: tanyaa1956 folded before Flop (didn't bet)
Seat 4: abitah folded before Flop (didn't bet)
Seat 5: marinaul folded before Flop (didn't bet)
Seat 6: Mskii folded before Flop (didn't bet)
Seat 7: SMUTJAN72 (button) folded before Flop (didn't bet)
Seat 8: iNteldrive (small blind) collected ($0.10)
Seat 9: Dorex2007 (big blind) folded before Flop



PokerStars Hand #238320098695:  Hold'em No Limit ($0.02/$0.05 USD) - 2022/08/30 17:13:52 PT [2022/08/30 20:13:52 ET]
Table 'Leocadia' 9-max Seat #8 is the button
Seat 1: webby170 ($9.65 in chips) 
Seat 3: tanyaa1956 ($6.40 in chips) 
Seat 4: abitah ($7.37 in chips) 
Seat 5: marinaul ($5 in chips) 
Seat 6: Mskii ($1.55 in chips) 
Seat 7: SMUTJAN72 ($4.58 in chips) 
Seat 8: iNteldrive ($5.36 in chips) 
Seat 9: Dorex2007 ($5.31 in chips) 
Dorex2007: posts small blind $0.02
webby170: posts big blind $0.05
*** HOLE CARDS ***
Dealt to Dorex2007 [6s Jd]
tanyaa1956: folds 
abitah: folds 
marinaul: folds 
Mskii: folds 
SMUTJAN72: raises $0.10 to $0.15
iNteldrive: folds 
Dorex2007: folds 
webby170: folds 
Uncalled bet ($0.10) returned to SMUTJAN72
SMUTJAN72 collected $0.12 from pot
*** SUMMARY ***
Total pot $0.12 | Rake $0 
Seat 1: webby170 (big blind) folded before Flop
Seat 3: tanyaa1956 folded before Flop (didn't bet)
Seat 4: abitah folded before Flop (didn't bet)
Seat 5: marinaul folded before Flop (didn't bet)
Seat 6: Mskii folded before Flop (didn't bet)
Seat 7: SMUTJAN72 collected ($0.12)
Seat 8: iNteldrive (button) folded before Flop (didn't bet)
Seat 9: Dorex2007 (small blind) folded before Flop



PokerStars Hand #238320107289:  Hold'em No Limit ($0.02/$0.05 USD) - 2022/08/30 17:14:29 PT [2022/08/30 20:14:29 ET]
Table 'Leocadia' 9-max Seat #9 is the button
Seat 1: webby170 ($9.60 in chips) 
Seat 3: tanyaa1956 ($6.40 in chips) 
Seat 4: abitah ($7.37 in chips) 
Seat 5: marinaul ($5 in chips) 
Seat 6: Mskii ($1.55 in chips) 
Seat 7: SMUTJAN72 ($4.65 in chips) 
Seat 8: iNteldrive ($5.36 in chips) 
Seat 9: Dorex2007 ($5.29 in chips) 
webby170: posts small blind $0.02
tanyaa1956: posts big blind $0.05
*** HOLE CARDS ***
Dealt to Dorex2007 [9c 8d]
abitah: folds 
marinaul: folds 
Mskii: calls $0.05
SMUTJAN72: folds 
iNteldrive: raises $0.10 to $0.15
Dorex2007: folds 
webby170: folds 
tanyaa1956: folds 
Mskii: calls $0.10
*** FLOP *** [6c Qc Kd]
Mskii: checks 
iNteldrive: bets $0.35
Mskii: calls $0.35
*** TURN *** [6c Qc Kd] [5h]
Mskii: checks 
iNteldrive: bets $4.86 and is all-in
Mskii: folds 
Uncalled bet ($4.86) returned to iNteldrive
iNteldrive collected $1.03 from pot
iNteldrive: doesn't show hand 
*** SUMMARY ***
Total pot $1.07 | Rake $0.04 
Board [6c Qc Kd 5h]
Seat 1: webby170 (small blind) folded before Flop
Seat 3: tanyaa1956 (big blind) folded before Flop
Seat 4: abitah folded before Flop (didn't bet)
Seat 5: marinaul folded before Flop (didn't bet)
Seat 6: Mskii folded on the Turn
Seat 7: SMUTJAN72 folded before Flop (didn't bet)
Seat 8: iNteldrive collected ($1.03)
Seat 9: Dorex2007 (button) folded before Flop (didn't bet)



PokerStars Hand #238320134077:  Hold'em No Limit ($0.02/$0.05 USD) - 2022/08/30 17:16:25 PT [2022/08/30 20:16:25 ET]
Table 'Leocadia' 9-max Seat #1 is the button
Seat 1: webby170 ($9.58 in chips) 
Seat 3: tanyaa1956 ($6.35 in chips) 
Seat 4: abitah ($7.37 in chips) 
Seat 5: marinaul ($5 in chips) 
Seat 6: Mskii ($1.05 in chips) 
Seat 7: SMUTJAN72 ($4.65 in chips) 
Seat 8: iNteldrive ($5.89 in chips) 
Seat 9: Dorex2007 ($5.29 in chips) 
tanyaa1956: posts small blind $0.02
abitah: posts big blind $0.05
*** HOLE CARDS ***
Dealt to Dorex2007 [7s 2h]
marinaul: folds 
Mskii: folds 
SMUTJAN72: calls $0.05
iNteldrive: folds 
Dorex2007: folds 
webby170: folds 
iNteldrive leaves the table
tanyaa1956: calls $0.03
abitah: checks 
*** FLOP *** [5c 8h 4s]
tanyaa1956: bets $0.12
abitah: calls $0.12
SMUTJAN72: calls $0.12
*** TURN *** [5c 8h 4s] [7c]
tanyaa1956: checks 
abitah: checks 
SMUTJAN72: bets $0.24
tanyaa1956: calls $0.24
Ethori519 leaves the table
abitah: calls $0.24
*** RIVER *** [5c 8h 4s 7c] [9d]
tanyaa1956: checks 
abitah: checks 
SMUTJAN72: checks 
*** SHOW DOWN ***
tanyaa1956: shows [4d 4c] (three of a kind, Fours)
abitah: mucks hand 
SMUTJAN72: mucks hand 
tanyaa1956 collected $1.18 from pot
*** SUMMARY ***
Total pot $1.23 | Rake $0.05 
Board [5c 8h 4s 7c 9d]
Seat 1: webby170 (button) folded before Flop (didn't bet)
Seat 3: tanyaa1956 (small blind) showed [4d 4c] and won ($1.18) with three of a kind, Fours
Seat 4: abitah (big blind) mucked [7h Ac]
Seat 5: marinaul folded before Flop (didn't bet)
Seat 6: Mskii folded before Flop (didn't bet)
Seat 7: SMUTJAN72 mucked [7d 8d]
Seat 8: iNteldrive folded before Flop (didn't bet)
Seat 9: Dorex2007 folded before Flop (didn't bet)



PokerStars Hand #238320151656:  Hold'em No Limit ($0.02/$0.05 USD) - 2022/08/30 17:17:43 PT [2022/08/30 20:17:43 ET]
Table 'Leocadia' 9-max Seat #3 is the button
Seat 1: webby170 ($9.58 in chips) 
Seat 3: tanyaa1956 ($7.12 in chips) 
Seat 4: abitah ($6.96 in chips) 
Seat 5: marinaul ($5 in chips) 
Seat 6: Mskii ($1.05 in chips) 
Seat 7: SMUTJAN72 ($4.24 in chips) 
Seat 9: Dorex2007 ($5.29 in chips) 
abitah: posts small blind $0.02
marinaul: posts big blind $0.05
*** HOLE CARDS ***
Dealt to Dorex2007 [7s 6c]
Mskii: folds 
SMUTJAN72: folds 
Dorex2007: folds 
webby170: raises $0.06 to $0.11
tanyaa1956: folds 
abitah: calls $0.09
marinaul: calls $0.06
*** FLOP *** [Ks 4s 9d]
abitah: checks 
marinaul: checks 
webby170: bets $0.16
Mskii leaves the table
abitah: calls $0.16
marinaul: folds 
*** TURN *** [Ks 4s 9d] [6s]
abitah: checks 
webby170: checks 
*** RIVER *** [Ks 4s 9d 6s] [4c]
abitah: checks 
webby170: bets $0.41
abitah: folds 
Uncalled bet ($0.41) returned to webby170
webby170 collected $0.62 from pot
*** SUMMARY ***
Total pot $0.65 | Rake $0.03 
Board [Ks 4s 9d 6s 4c]
Seat 1: webby170 collected ($0.62)
Seat 3: tanyaa1956 (button) folded before Flop (didn't bet)
Seat 4: abitah (small blind) folded on the River
Seat 5: marinaul (big blind) folded on the Flop
Seat 6: Mskii folded before Flop (didn't bet)
Seat 7: SMUTJAN72 folded before Flop (didn't bet)
Seat 9: Dorex2007 folded before Flop (didn't bet)



PokerStars Hand #238320167863:  Hold'em No Limit ($0.02/$0.05 USD) - 2022/08/30 17:18:54 PT [2022/08/30 20:18:54 ET]
Table 'Leocadia' 9-max Seat #4 is the button
Seat 1: webby170 ($9.93 in chips) 
Seat 3: tanyaa1956 ($7.12 in chips) 
Seat 4: abitah ($6.69 in chips) 
Seat 5: marinaul ($5 in chips) 
Seat 7: SMUTJAN72 ($4.24 in chips) 
Seat 9: Dorex2007 ($5.29 in chips) 
marinaul: posts small blind $0.02
SMUTJAN72: posts big blind $0.05
*** HOLE CARDS ***
Dealt to Dorex2007 [5h 4d]
Dorex2007: folds 
webby170: folds 
tanyaa1956: raises $0.07 to $0.12
abitah: calls $0.12
marinaul: folds 
SMUTJAN72: folds 
*** FLOP *** [3s 7c Tc]
tanyaa1956: checks 
abitah: checks 
*** TURN *** [3s 7c Tc] [7d]
tanyaa1956: bets $0.20
abitah: calls $0.20
*** RIVER *** [3s 7c Tc 7d] [Jc]
tanyaa1956: checks 
abitah: bets $0.34
tanyaa1956: calls $0.34
*** SHOW DOWN ***
abitah: shows [8s 9h] (a straight, Seven to Jack)
tanyaa1956: mucks hand 
abitah collected $1.33 from pot
*** SUMMARY ***
Total pot $1.39 | Rake $0.06 
Board [3s 7c Tc 7d Jc]
Seat 1: webby170 folded before Flop (didn't bet)
Seat 3: tanyaa1956 mucked [Kh Js]
Seat 4: abitah (button) showed [8s 9h] and won ($1.33) with a straight, Seven to Jack
Seat 5: marinaul (small blind) folded before Flop
Seat 7: SMUTJAN72 (big blind) folded before Flop
Seat 9: Dorex2007 folded before Flop (didn't bet)



PokerStars Hand #238320181041:  Hold'em No Limit ($0.02/$0.05 USD) - 2022/08/30 17:19:52 PT [2022/08/30 20:19:52 ET]
Table 'Leocadia' 9-max Seat #5 is the button
Seat 1: webby170 ($9.93 in chips) 
Seat 3: tanyaa1956 ($6.46 in chips) 
Seat 4: abitah ($7.36 in chips) 
Seat 5: marinaul ($5 in chips) 
Seat 7: SMUTJAN72 ($4.19 in chips) 
Seat 9: Dorex2007 ($5.29 in chips) 
SMUTJAN72: posts small blind $0.02
Dorex2007: posts big blind $0.05
*** HOLE CARDS ***
Dealt to Dorex2007 [Td 6d]
webby170: folds 
tanyaa1956: folds 
abitah: calls $0.05
marinaul: folds 
SMUTJAN72: calls $0.03
Dorex2007: checks 
*** FLOP *** [7d Ah 3h]
SMUTJAN72: checks 
Dorex2007: checks 
abitah: checks 
*** TURN *** [7d Ah 3h] [Th]
SMUTJAN72: checks 
Dorex2007: checks 
abitah: checks 
*** RIVER *** [7d Ah 3h Th] [5h]
SMUTJAN72: checks 
Dorex2007: checks 
abitah: bets $0.14
SMUTJAN72: folds 
Dorex2007: folds 
Uncalled bet ($0.14) returned to abitah
abitah collected $0.14 from pot
abitah: doesn't show hand 
*** SUMMARY ***
Total pot $0.15 | Rake $0.01 
Board [7d Ah 3h Th 5h]
Seat 1: webby170 folded before Flop (didn't bet)
Seat 3: tanyaa1956 folded before Flop (didn't bet)
Seat 4: abitah collected ($0.14)
Seat 5: marinaul (button) folded before Flop (didn't bet)
Seat 7: SMUTJAN72 (small blind) folded on the River
Seat 9: Dorex2007 (big blind) folded on the River



PokerStars Hand #238320193214:  Hold'em No Limit ($0.02/$0.05 USD) - 2022/08/30 17:20:46 PT [2022/08/30 20:20:46 ET]
Table 'Leocadia' 9-max Seat #7 is the button
Seat 1: webby170 ($9.93 in chips) 
Seat 3: tanyaa1956 ($6.46 in chips) 
Seat 4: abitah ($7.45 in chips) 
Seat 5: marinaul ($5 in chips) 
Seat 7: SMUTJAN72 ($4.14 in chips) 
Seat 9: Dorex2007 ($5.24 in chips) 
Dorex2007: posts small blind $0.02
webby170: posts big blind $0.05
*** HOLE CARDS ***
Dealt to Dorex2007 [8d Ks]
tanyaa1956: folds 
abitah: folds 
marinaul: folds 
SMUTJAN72: folds 
Dorex2007: folds 
Uncalled bet ($0.03) returned to webby170
webby170 collected $0.04 from pot
*** SUMMARY ***
Total pot $0.04 | Rake $0 
Seat 1: webby170 (big blind) collected ($0.04)
Seat 3: tanyaa1956 folded before Flop (didn't bet)
Seat 4: abitah folded before Flop (didn't bet)
Seat 5: marinaul folded before Flop (didn't bet)
Seat 7: SMUTJAN72 (button) folded before Flop (didn't bet)
Seat 9: Dorex2007 (small blind) folded before Flop



PokerStars Hand #238320196071:  Hold'em No Limit ($0.02/$0.05 USD) - 2022/08/30 17:20:58 PT [2022/08/30 20:20:58 ET]
Table 'Leocadia' 9-max Seat #9 is the button
Seat 1: webby170 ($9.95 in chips) 
Seat 3: tanyaa1956 ($6.46 in chips) 
Seat 4: abitah ($7.45 in chips) 
Seat 5: marinaul ($5 in chips) 
Seat 7: SMUTJAN72 ($4.14 in chips) 
Seat 9: Dorex2007 ($5.22 in chips) 
webby170: posts small blind $0.02
tanyaa1956: posts big blind $0.05
*** HOLE CARDS ***
Dealt to Dorex2007 [Qc 9d]
abitah: raises $0.10 to $0.15
marinaul: raises $0.30 to $0.45
SMUTJAN72: folds 
Dorex2007: folds 
webby170: folds 
tanyaa1956: folds 
abitah: calls $0.30
*** FLOP *** [6s 4c 9h]
abitah: checks 
marinaul: bets $0.55
abitah: calls $0.55
*** TURN *** [6s 4c 9h] [5c]
abitah: checks 
marinaul: checks 
*** RIVER *** [6s 4c 9h 5c] [Ac]
abitah: bets $0.99
marinaul: calls $0.99
*** SHOW DOWN ***
abitah: shows [Ah Ks] (a pair of Aces)
marinaul: shows [Kh Ad] (a pair of Aces)
abitah collected $1.94 from pot
marinaul collected $1.94 from pot
*** SUMMARY ***
Total pot $4.05 | Rake $0.17 
Board [6s 4c 9h 5c Ac]
Seat 1: webby170 (small blind) folded before Flop
Seat 3: tanyaa1956 (big blind) folded before Flop
Seat 4: abitah showed [Ah Ks] and won ($1.94) with a pair of Aces
Seat 5: marinaul showed [Kh Ad] and won ($1.94) with a pair of Aces
Seat 7: SMUTJAN72 folded before Flop (didn't bet)
Seat 9: Dorex2007 (button) folded before Flop (didn't bet)



PokerStars Hand #238320208000:  Hold'em No Limit ($0.02/$0.05 USD) - 2022/08/30 17:21:51 PT [2022/08/30 20:21:51 ET]
Table 'Leocadia' 9-max Seat #1 is the button
Seat 1: webby170 ($9.93 in chips) 
Seat 3: tanyaa1956 ($6.41 in chips) 
Seat 4: abitah ($7.40 in chips) 
Seat 5: marinaul ($5 in chips) 
Seat 7: SMUTJAN72 ($4.14 in chips) 
Seat 9: Dorex2007 ($5.22 in chips) 
tanyaa1956: posts small blind $0.02
abitah: posts big blind $0.05
*** HOLE CARDS ***
Dealt to Dorex2007 [6d 7d]
marinaul: folds 
SMUTJAN72: folds 
Dorex2007: folds 
webby170: folds 
tanyaa1956: raises $0.10 to $0.15
abitah: folds 
Uncalled bet ($0.10) returned to tanyaa1956
tanyaa1956 collected $0.10 from pot
tanyaa1956: doesn't show hand 
*** SUMMARY ***
Total pot $0.10 | Rake $0 
Seat 1: webby170 (button) folded before Flop (didn't bet)
Seat 3: tanyaa1956 (small blind) collected ($0.10)
Seat 4: abitah (big blind) folded before Flop
Seat 5: marinaul folded before Flop (didn't bet)
Seat 7: SMUTJAN72 folded before Flop (didn't bet)
Seat 9: Dorex2007 folded before Flop (didn't bet)



PokerStars Hand #238320213507:  Hold'em No Limit ($0.02/$0.05 USD) - 2022/08/30 17:22:15 PT [2022/08/30 20:22:15 ET]
Table 'Leocadia' 9-max Seat #3 is the button
Seat 1: webby170 ($9.93 in chips) 
Seat 3: tanyaa1956 ($6.46 in chips) 
Seat 4: abitah ($7.35 in chips) 
Seat 5: marinaul ($5 in chips) 
Seat 7: SMUTJAN72 ($4.14 in chips) 
Seat 9: Dorex2007 ($5.22 in chips) 
abitah: posts small blind $0.02
marinaul: posts big blind $0.05
*** HOLE CARDS ***
Dealt to Dorex2007 [6h 6s]
SMUTJAN72: folds 
Dorex2007: raises $0.05 to $0.10
webby170: folds 
tanyaa1956: folds 
abitah: calls $0.08
marinaul: raises $0.40 to $0.50
Dorex2007: folds 
abitah: calls $0.40
*** FLOP *** [9h 9s 5s]
abitah: checks 
marinaul: checks 
*** TURN *** [9h 9s 5s] [2c]
abitah: checks 
marinaul: checks 
*** RIVER *** [9h 9s 5s 2c] [6c]
webby170 is disconnected 
abitah: bets $0.52
marinaul: calls $0.52
*** SHOW DOWN ***
abitah: shows [Ts Td] (two pair, Tens and Nines)
marinaul: mucks hand 
abitah collected $2.05 from pot
*** SUMMARY ***
Total pot $2.14 | Rake $0.09 
Board [9h 9s 5s 2c 6c]
Seat 1: webby170 folded before Flop (didn't bet)
Seat 3: tanyaa1956 (button) folded before Flop (didn't bet)
Seat 4: abitah (small blind) showed [Ts Td] and won ($2.05) with two pair, Tens and Nines
Seat 5: marinaul (big blind) mucked [Ah Ks]
Seat 7: SMUTJAN72 folded before Flop (didn't bet)
Seat 9: Dorex2007 folded before Flop



PokerStars Hand #238320226625:  Hold'em No Limit ($0.02/$0.05 USD) - 2022/08/30 17:23:14 PT [2022/08/30 20:23:14 ET]
Table 'Leocadia' 9-max Seat #4 is the button
Seat 1: webby170 ($9.93 in chips) 
Seat 3: tanyaa1956 ($6.46 in chips) 
Seat 4: abitah ($8.38 in chips) 
Seat 5: marinaul ($5 in chips) 
Seat 7: SMUTJAN72 ($4.14 in chips) 
Seat 9: Dorex2007 ($5.12 in chips) 
marinaul: posts small blind $0.02
SMUTJAN72: posts big blind $0.05
*** HOLE CARDS ***
Dealt to Dorex2007 [As 2s]
Dorex2007: folds 
webby170 has timed out
webby170: folds 
tanyaa1956: folds 
abitah: calls $0.05
marinaul: folds 
SMUTJAN72: checks 
*** FLOP *** [9d 2d 5d]
SMUTJAN72: checks 
abitah: checks 
*** TURN *** [9d 2d 5d] [Ac]
SMUTJAN72: checks 
abitah: bets $0.06
SMUTJAN72: folds 
Uncalled bet ($0.06) returned to abitah
abitah collected $0.12 from pot
abitah: doesn't show hand 
*** SUMMARY ***
Total pot $0.12 | Rake $0 
Board [9d 2d 5d Ac]
Seat 1: webby170 folded before Flop (didn't bet)
Seat 3: tanyaa1956 folded before Flop (didn't bet)
Seat 4: abitah (button) collected ($0.12)
Seat 5: marinaul (small blind) folded before Flop
Seat 7: SMUTJAN72 (big blind) folded on the Turn
Seat 9: Dorex2007 folded before Flop (didn't bet)



PokerStars Hand #238320237616:  Hold'em No Limit ($0.02/$0.05 USD) - 2022/08/30 17:24:03 PT [2022/08/30 20:24:03 ET]
Table 'Leocadia' 9-max Seat #5 is the button
Seat 1: webby170 ($9.93 in chips) 
Seat 3: tanyaa1956 ($6.46 in chips) 
Seat 4: abitah ($8.45 in chips) 
Seat 5: marinaul ($5 in chips) 
Seat 7: SMUTJAN72 ($4.09 in chips) 
Seat 9: Dorex2007 ($5.12 in chips) 
SMUTJAN72: posts small blind $0.02
Dorex2007: posts big blind $0.05
*** HOLE CARDS ***
Dealt to Dorex2007 [9h 5s]
webby170: folds 
tanyaa1956: folds 
abitah has timed out
abitah: folds 
marinaul: raises $0.10 to $0.15
SMUTJAN72: folds 
Dorex2007: folds 
Uncalled bet ($0.10) returned to marinaul
marinaul collected $0.12 from pot
marinaul: doesn't show hand 
*** SUMMARY ***
Total pot $0.12 | Rake $0 
Seat 1: webby170 folded before Flop (didn't bet)
Seat 3: tanyaa1956 folded before Flop (didn't bet)
Seat 4: abitah folded before Flop (didn't bet)
Seat 5: marinaul (button) collected ($0.12)
Seat 7: SMUTJAN72 (small blind) folded before Flop
Seat 9: Dorex2007 (big blind) folded before Flop



PokerStars Hand #238320242735:  Hold'em No Limit ($0.02/$0.05 USD) - 2022/08/30 17:24:26 PT [2022/08/30 20:24:26 ET]
Table 'Leocadia' 9-max Seat #7 is the button
Seat 1: webby170 ($9.93 in chips) 
Seat 3: tanyaa1956 ($6.46 in chips) 
Seat 4: abitah ($8.45 in chips) 
Seat 5: marinaul ($5.07 in chips) 
Seat 7: SMUTJAN72 ($4.07 in chips) 
Seat 9: Dorex2007 ($5.07 in chips) 
Dorex2007: posts small blind $0.02
webby170: posts big blind $0.05
*** HOLE CARDS ***
Dealt to Dorex2007 [Qc 9d]
tanyaa1956: folds 
abitah: calls $0.05
marinaul: folds 
SMUTJAN72: folds 
Dorex2007: calls $0.03
webby170 is disconnected 
webby170 is connected 
webby170: checks 
*** FLOP *** [7c 8d 2h]
Dorex2007: checks 
webby170: checks 
abitah: checks 
*** TURN *** [7c 8d 2h] [8c]
Dorex2007: checks 
webby170: bets $0.09
abitah: calls $0.09
Dorex2007: folds 
*** RIVER *** [7c 8d 2h 8c] [5h]
webby170: checks 
abitah: bets $0.32
webby170: folds [2s]
Uncalled bet ($0.32) returned to abitah
abitah collected $0.32 from pot
abitah: doesn't show hand 
*** SUMMARY ***
Total pot $0.33 | Rake $0.01 
Board [7c 8d 2h 8c 5h]
Seat 1: webby170 (big blind) folded on the River
Seat 3: tanyaa1956 folded before Flop (didn't bet)
Seat 4: abitah collected ($0.32)
Seat 5: marinaul folded before Flop (didn't bet)
Seat 7: SMUTJAN72 (button) folded before Flop (didn't bet)
Seat 9: Dorex2007 (small blind) folded on the Turn



PokerStars Hand #238320263676:  Hold'em No Limit ($0.02/$0.05 USD) - 2022/08/30 17:25:59 PT [2022/08/30 20:25:59 ET]
Table 'Leocadia' 9-max Seat #9 is the button
Seat 1: webby170 ($9.79 in chips) 
Seat 4: abitah ($8.63 in chips) 
Seat 5: marinaul ($5.07 in chips) 
Seat 7: SMUTJAN72 ($4.07 in chips) 
Seat 9: Dorex2007 ($5.02 in chips) 
webby170: posts small blind $0.02
tanyaa1956: is sitting out 
abitah: posts big blind $0.05
*** HOLE CARDS ***
Dealt to Dorex2007 [2s 8c]
marinaul: folds 
SMUTJAN72: folds 
Dorex2007: folds 
tanyaa1956 leaves the table
webby170: raises $0.12 to $0.17
abitah: calls $0.12
*** FLOP *** [2d 2c 4h]
webby170: bets $0.16
abitah: calls $0.16
*** TURN *** [2d 2c 4h] [Kc]
webby170: bets $0.36
abitah: folds 
Uncalled bet ($0.36) returned to webby170
webby170 collected $0.63 from pot
*** SUMMARY ***
Total pot $0.66 | Rake $0.03 
Board [2d 2c 4h Kc]
Seat 1: webby170 (small blind) collected ($0.63)
Seat 4: abitah (big blind) folded on the Turn
Seat 5: marinaul folded before Flop (didn't bet)
Seat 7: SMUTJAN72 folded before Flop (didn't bet)
Seat 9: Dorex2007 (button) folded before Flop (didn't bet)



PokerStars Hand #238320274302:  Hold'em No Limit ($0.02/$0.05 USD) - 2022/08/30 17:26:47 PT [2022/08/30 20:26:47 ET]
Table 'Leocadia' 9-max Seat #1 is the button
Seat 1: webby170 ($10.09 in chips) 
Seat 4: abitah ($8.30 in chips) 
Seat 5: marinaul ($5.07 in chips) 
Seat 7: SMUTJAN72 ($4.07 in chips) 
Seat 9: Dorex2007 ($5.02 in chips) 
abitah: posts small blind $0.02
marinaul: posts big blind $0.05
*** HOLE CARDS ***
Dealt to Dorex2007 [3h Qc]
SMUTJAN72: folds 
Dorex2007: folds 
webby170: folds 
abitah: calls $0.03
marinaul: checks 
*** FLOP *** [9d 6c 7c]
abitah: checks 
marinaul: bets $0.05
abitah: calls $0.05
*** TURN *** [9d 6c 7c] [7s]
abitah: checks 
marinaul: bets $0.10
abitah: folds 
Uncalled bet ($0.10) returned to marinaul
marinaul collected $0.19 from pot
marinaul: doesn't show hand 
*** SUMMARY ***
Total pot $0.20 | Rake $0.01 
Board [9d 6c 7c 7s]
Seat 1: webby170 (button) folded before Flop (didn't bet)
Seat 4: abitah (small blind) folded on the Turn
Seat 5: marinaul (big blind) collected ($0.19)
Seat 7: SMUTJAN72 folded before Flop (didn't bet)
Seat 9: Dorex2007 folded before Flop (didn't bet)



PokerStars Hand #238320280822:  Hold'em No Limit ($0.02/$0.05 USD) - 2022/08/30 17:27:16 PT [2022/08/30 20:27:16 ET]
Table 'Leocadia' 9-max Seat #4 is the button
Seat 1: webby170 ($10.09 in chips) 
Seat 4: abitah ($8.20 in chips) 
Seat 5: marinaul ($5.16 in chips) 
Seat 7: SMUTJAN72 ($4.07 in chips) 
Seat 9: Dorex2007 ($5.02 in chips) 
marinaul: posts small blind $0.02
SMUTJAN72: posts big blind $0.05
*** HOLE CARDS ***
Dealt to Dorex2007 [Ah Js]
Dorex2007: raises $0.05 to $0.10
webby170: raises $0.27 to $0.37
abitah: folds 
marinaul: folds 
SMUTJAN72: folds 
Dorex2007: folds 
Uncalled bet ($0.27) returned to webby170
webby170 collected $0.27 from pot
webby170: shows [8s 9s] (high card Nine)
*** SUMMARY ***
Total pot $0.27 | Rake $0 
Seat 1: webby170 collected ($0.27)
Seat 4: abitah (button) folded before Flop (didn't bet)
Seat 5: marinaul (small blind) folded before Flop
Seat 7: SMUTJAN72 (big blind) folded before Flop
Seat 9: Dorex2007 folded before Flop



PokerStars Hand #238320285416:  Hold'em No Limit ($0.02/$0.05 USD) - 2022/08/30 17:27:37 PT [2022/08/30 20:27:37 ET]
Table 'Leocadia' 9-max Seat #5 is the button
Seat 1: webby170 ($10.26 in chips) 
Seat 4: abitah ($8.20 in chips) 
Seat 5: marinaul ($5.14 in chips) 
Seat 7: SMUTJAN72 ($4.02 in chips) 
Seat 9: Dorex2007 ($5 in chips) 
SMUTJAN72: posts small blind $0.02
Dorex2007: posts big blind $0.05
*** HOLE CARDS ***
Dealt to Dorex2007 [9s 5h]
webby170: folds 
abitah: folds 
marinaul: raises $0.10 to $0.15
SMUTJAN72: folds 
Dorex2007: folds 
Uncalled bet ($0.10) returned to marinaul
marinaul collected $0.12 from pot
marinaul: doesn't show hand 
*** SUMMARY ***
Total pot $0.12 | Rake $0 
Seat 1: webby170 folded before Flop (didn't bet)
Seat 4: abitah folded before Flop (didn't bet)
Seat 5: marinaul (button) collected ($0.12)
Seat 7: SMUTJAN72 (small blind) folded before Flop
Seat 9: Dorex2007 (big blind) folded before Flop



PokerStars Hand #238320289511:  Hold'em No Limit ($0.02/$0.05 USD) - 2022/08/30 17:27:55 PT [2022/08/30 20:27:55 ET]
Table 'Leocadia' 9-max Seat #7 is the button
Seat 1: webby170 ($10.26 in chips) 
Seat 4: abitah ($8.20 in chips) 
Seat 5: marinaul ($5.21 in chips) 
Seat 7: SMUTJAN72 ($4 in chips) 
Seat 9: Dorex2007 ($5 in chips) 
Dorex2007: posts small blind $0.02
webby170: posts big blind $0.05
*** HOLE CARDS ***
Dealt to Dorex2007 [4c 2c]
abitah: calls $0.05
marinaul: raises $0.20 to $0.25
SMUTJAN72: folds 
Dorex2007: folds 
webby170: folds 
abitah: calls $0.20
*** FLOP *** [7d 9h 8h]
abitah: checks 
marinaul: bets $0.35
abitah: folds 
Uncalled bet ($0.35) returned to marinaul
marinaul collected $0.55 from pot
marinaul: doesn't show hand 
*** SUMMARY ***
Total pot $0.57 | Rake $0.02 
Board [7d 9h 8h]
Seat 1: webby170 (big blind) folded before Flop
Seat 4: abitah folded on the Flop
Seat 5: marinaul collected ($0.55)
Seat 7: SMUTJAN72 (button) folded before Flop (didn't bet)
Seat 9: Dorex2007 (small blind) folded before Flop



