PokerStars Hand #238177309029:  Hold'em No Limit ($0.02/$0.05 USD) - 2022/08/23 15:43:30 PT [2022/08/23 18:43:30 ET]
Table 'Dactyl III' 9-max Seat #1 is the button
Seat 1: AssosManiki ($9.10 in chips) 
Seat 2: RaoniGC ($1.56 in chips) 
Seat 3: HéStiA ($6 in chips) 
Seat 4: durrrvitton ($4.95 in chips) 
Seat 5: pebete350 ($5.42 in chips) 
Seat 6: SetOnesGoal ($11.76 in chips) 
Seat 7: Al_pkr_plyr ($10.75 in chips) 
Seat 8: MCJammers ($2.51 in chips) 
Seat 9: Dorex2007 ($5 in chips) 
RaoniGC: posts small blind $0.02
HéStiA: posts big blind $0.05
Dorex2007: posts big blind $0.05
*** HOLE CARDS ***
Dealt to Dorex2007 [3s Jh]
durrrvitton: folds 
pebete350: folds 
SetOnesGoal: folds 
Al_pkr_plyr: raises $0.10 to $0.15
pebete350 leaves the table
MCJammers: calls $0.15
Dorex2007: folds 
AssosManiki: folds 
RaoniGC: folds 
HéStiA: calls $0.10
*** FLOP *** [7d 4h 5c]
HéStiA: checks 
Al_pkr_plyr: bets $0.25
MCJammers: folds 
HéStiA: calls $0.25
*** TURN *** [7d 4h 5c] [2s]
HéStiA: checks 
icehawk99 joins the table at seat #5 
Al_pkr_plyr: checks 
*** RIVER *** [7d 4h 5c 2s] [3d]
HéStiA: bets $0.49
Al_pkr_plyr: calls $0.49
*** SHOW DOWN ***
HéStiA: shows [6d 5s] (a straight, Three to Seven)
Al_pkr_plyr: mucks hand 
HéStiA collected $1.92 from pot
*** SUMMARY ***
Total pot $2 | Rake $0.08 
Board [7d 4h 5c 2s 3d]
Seat 1: AssosManiki (button) folded before Flop (didn't bet)
Seat 2: RaoniGC (small blind) folded before Flop
Seat 3: HéStiA (big blind) showed [6d 5s] and won ($1.92) with a straight, Three to Seven
Seat 4: durrrvitton folded before Flop (didn't bet)
Seat 5: pebete350 folded before Flop (didn't bet)
Seat 6: SetOnesGoal folded before Flop (didn't bet)
Seat 7: Al_pkr_plyr mucked [8d 8c]
Seat 8: MCJammers folded on the Flop
Seat 9: Dorex2007 folded before Flop (didn't bet)



PokerStars Hand #238177336660:  Hold'em No Limit ($0.02/$0.05 USD) - 2022/08/23 15:44:59 PT [2022/08/23 18:44:59 ET]
Table 'Dactyl III' 9-max Seat #2 is the button
Seat 1: AssosManiki ($9.10 in chips) 
Seat 2: RaoniGC ($1.54 in chips) 
Seat 3: HéStiA ($7.03 in chips) 
Seat 4: durrrvitton ($4.95 in chips) 
Seat 5: icehawk99 ($5 in chips) 
Seat 6: SetOnesGoal ($11.76 in chips) 
Seat 7: Al_pkr_plyr ($9.86 in chips) 
Seat 8: MCJammers ($2.36 in chips) 
Seat 9: Dorex2007 ($5 in chips) 
HéStiA: posts small blind $0.02
durrrvitton: posts big blind $0.05
icehawk99: posts big blind $0.05
*** HOLE CARDS ***
Dealt to Dorex2007 [9c 9h]
icehawk99: checks 
SetOnesGoal: folds 
Al_pkr_plyr: folds 
MCJammers: raises $0.05 to $0.10
Dorex2007: raises $0.15 to $0.25
AssosManiki: folds 
Al_pkr_plyr leaves the table
RaoniGC: folds 
HéStiA: folds 
durrrvitton: folds 
icehawk99: folds 
MCJammers: calls $0.15
*** FLOP *** [Jh Td Jd]
MCJammers: checks 
Dorex2007: bets $0.59
MCJammers: folds 
Uncalled bet ($0.59) returned to Dorex2007
Dorex2007 collected $0.59 from pot
Dorex2007: doesn't show hand 
*** SUMMARY ***
Total pot $0.62 | Rake $0.03 
Board [Jh Td Jd]
Seat 1: AssosManiki folded before Flop (didn't bet)
Seat 2: RaoniGC (button) folded before Flop (didn't bet)
Seat 3: HéStiA (small blind) folded before Flop
Seat 4: durrrvitton (big blind) folded before Flop
Seat 5: icehawk99 folded before Flop (didn't bet)
Seat 6: SetOnesGoal folded before Flop (didn't bet)
Seat 7: Al_pkr_plyr folded before Flop (didn't bet)
Seat 8: MCJammers folded on the Flop
Seat 9: Dorex2007 collected ($0.59)



PokerStars Hand #238177353070:  Hold'em No Limit ($0.02/$0.05 USD) - 2022/08/23 15:45:53 PT [2022/08/23 18:45:53 ET]
Table 'Dactyl III' 9-max Seat #3 is the button
Seat 1: AssosManiki ($9.10 in chips) 
Seat 2: RaoniGC ($1.54 in chips) 
Seat 3: HéStiA ($7.01 in chips) 
Seat 4: durrrvitton ($4.90 in chips) 
Seat 5: icehawk99 ($4.95 in chips) 
Seat 6: SetOnesGoal ($11.76 in chips) 
Seat 8: MCJammers ($2.11 in chips) 
Seat 9: Dorex2007 ($5.34 in chips) 
durrrvitton: posts small blind $0.02
icehawk99: posts big blind $0.05
*** HOLE CARDS ***
Dealt to Dorex2007 [Jh 5c]
SetOnesGoal: folds 
MCJammers: folds 
Dorex2007: folds 
AssosManiki: folds 
RaoniGC: folds 
HéStiA: folds 
durrrvitton: folds 
Uncalled bet ($0.03) returned to icehawk99
icehawk99 collected $0.04 from pot
*** SUMMARY ***
Total pot $0.04 | Rake $0 
Seat 1: AssosManiki folded before Flop (didn't bet)
Seat 2: RaoniGC folded before Flop (didn't bet)
Seat 3: HéStiA (button) folded before Flop (didn't bet)
Seat 4: durrrvitton (small blind) folded before Flop
Seat 5: icehawk99 (big blind) collected ($0.04)
Seat 6: SetOnesGoal folded before Flop (didn't bet)
Seat 8: MCJammers folded before Flop (didn't bet)
Seat 9: Dorex2007 folded before Flop (didn't bet)



PokerStars Hand #238177359356:  Hold'em No Limit ($0.02/$0.05 USD) - 2022/08/23 15:46:13 PT [2022/08/23 18:46:13 ET]
Table 'Dactyl III' 9-max Seat #4 is the button
Seat 1: AssosManiki ($9.10 in chips) 
Seat 2: RaoniGC ($1.54 in chips) 
Seat 3: HéStiA ($7.01 in chips) 
Seat 4: durrrvitton ($4.88 in chips) 
Seat 5: icehawk99 ($4.97 in chips) 
Seat 6: SetOnesGoal ($11.76 in chips) 
Seat 8: MCJammers ($2.11 in chips) 
Seat 9: Dorex2007 ($5.34 in chips) 
icehawk99: posts small blind $0.02
SetOnesGoal: posts big blind $0.05
*** HOLE CARDS ***
Dealt to Dorex2007 [Ks 2c]
MCJammers: folds 
Dorex2007: folds 
AssosManiki: folds 
RaoniGC: folds 
HéStiA: folds 
durrrvitton: folds 
icehawk99: raises $0.10 to $0.15
SetOnesGoal: folds 
Uncalled bet ($0.10) returned to icehawk99
icehawk99 collected $0.10 from pot
*** SUMMARY ***
Total pot $0.10 | Rake $0 
Seat 1: AssosManiki folded before Flop (didn't bet)
Seat 2: RaoniGC folded before Flop (didn't bet)
Seat 3: HéStiA folded before Flop (didn't bet)
Seat 4: durrrvitton (button) folded before Flop (didn't bet)
Seat 5: icehawk99 (small blind) collected ($0.10)
Seat 6: SetOnesGoal (big blind) folded before Flop
Seat 8: MCJammers folded before Flop (didn't bet)
Seat 9: Dorex2007 folded before Flop (didn't bet)



PokerStars Hand #238177365794:  Hold'em No Limit ($0.02/$0.05 USD) - 2022/08/23 15:46:34 PT [2022/08/23 18:46:34 ET]
Table 'Dactyl III' 9-max Seat #5 is the button
Seat 1: AssosManiki ($9.10 in chips) 
Seat 2: RaoniGC ($1.54 in chips) 
Seat 3: HéStiA ($7.01 in chips) 
Seat 4: durrrvitton ($4.88 in chips) 
Seat 5: icehawk99 ($5.02 in chips) 
Seat 6: SetOnesGoal ($11.71 in chips) 
Seat 8: MCJammers ($2.11 in chips) 
Seat 9: Dorex2007 ($5.34 in chips) 
SetOnesGoal: posts small blind $0.02
MCJammers: posts big blind $0.05
*** HOLE CARDS ***
Dealt to Dorex2007 [3c Qs]
Dorex2007: folds 
AssosManiki: folds 
RaoniGC: folds 
HéStiA: folds 
durrrvitton: folds 
icehawk99: raises $0.10 to $0.15
SetOnesGoal: folds 
MCJammers: folds 
Uncalled bet ($0.10) returned to icehawk99
icehawk99 collected $0.12 from pot
*** SUMMARY ***
Total pot $0.12 | Rake $0 
Seat 1: AssosManiki folded before Flop (didn't bet)
Seat 2: RaoniGC folded before Flop (didn't bet)
Seat 3: HéStiA folded before Flop (didn't bet)
Seat 4: durrrvitton folded before Flop (didn't bet)
Seat 5: icehawk99 (button) collected ($0.12)
Seat 6: SetOnesGoal (small blind) folded before Flop
Seat 8: MCJammers (big blind) folded before Flop
Seat 9: Dorex2007 folded before Flop (didn't bet)



PokerStars Hand #238177375419:  Hold'em No Limit ($0.02/$0.05 USD) - 2022/08/23 15:47:05 PT [2022/08/23 18:47:05 ET]
Table 'Dactyl III' 9-max Seat #6 is the button
Seat 1: AssosManiki ($9.10 in chips) 
Seat 2: RaoniGC ($1.54 in chips) 
Seat 3: HéStiA ($7.01 in chips) 
Seat 4: durrrvitton ($4.88 in chips) 
Seat 5: icehawk99 ($5.09 in chips) 
Seat 6: SetOnesGoal ($11.69 in chips) 
Seat 8: MCJammers ($2.06 in chips) 
Seat 9: Dorex2007 ($5.34 in chips) 
MCJammers: posts small blind $0.02
Dorex2007: posts big blind $0.05
*** HOLE CARDS ***
Dealt to Dorex2007 [Td 2d]
AssosManiki: folds 
RaoniGC: folds 
HéStiA: folds 
durrrvitton: raises $0.15 to $0.20
icehawk99: folds 
SetOnesGoal: folds 
MCJammers: folds 
Dorex2007: folds 
Uncalled bet ($0.15) returned to durrrvitton
durrrvitton collected $0.12 from pot
*** SUMMARY ***
Total pot $0.12 | Rake $0 
Seat 1: AssosManiki folded before Flop (didn't bet)
Seat 2: RaoniGC folded before Flop (didn't bet)
Seat 3: HéStiA folded before Flop (didn't bet)
Seat 4: durrrvitton collected ($0.12)
Seat 5: icehawk99 folded before Flop (didn't bet)
Seat 6: SetOnesGoal (button) folded before Flop (didn't bet)
Seat 8: MCJammers (small blind) folded before Flop
Seat 9: Dorex2007 (big blind) folded before Flop



PokerStars Hand #238177381285:  Hold'em No Limit ($0.02/$0.05 USD) - 2022/08/23 15:47:24 PT [2022/08/23 18:47:24 ET]
Table 'Dactyl III' 9-max Seat #8 is the button
Seat 1: AssosManiki ($9.10 in chips) 
Seat 2: RaoniGC ($1.54 in chips) 
Seat 3: HéStiA ($7.01 in chips) 
Seat 4: durrrvitton ($4.95 in chips) 
Seat 5: icehawk99 ($5.09 in chips) 
Seat 6: SetOnesGoal ($11.69 in chips) 
Seat 8: MCJammers ($2.04 in chips) 
Seat 9: Dorex2007 ($5.29 in chips) 
Dorex2007: posts small blind $0.02
AssosManiki: posts big blind $0.05
*** HOLE CARDS ***
Dealt to Dorex2007 [4h Kc]
RaoniGC: folds 
KAAS467 joins the table at seat #7 
HéStiA: folds 
durrrvitton: folds 
icehawk99: folds 
SetOnesGoal: folds 
MCJammers: folds 
Dorex2007: folds 
Uncalled bet ($0.03) returned to AssosManiki
AssosManiki collected $0.04 from pot
AssosManiki: doesn't show hand 
*** SUMMARY ***
Total pot $0.04 | Rake $0 
Seat 1: AssosManiki (big blind) collected ($0.04)
Seat 2: RaoniGC folded before Flop (didn't bet)
Seat 3: HéStiA folded before Flop (didn't bet)
Seat 4: durrrvitton folded before Flop (didn't bet)
Seat 5: icehawk99 folded before Flop (didn't bet)
Seat 6: SetOnesGoal folded before Flop (didn't bet)
Seat 8: MCJammers (button) folded before Flop (didn't bet)
Seat 9: Dorex2007 (small blind) folded before Flop



PokerStars Hand #238177388001:  Hold'em No Limit ($0.02/$0.05 USD) - 2022/08/23 15:47:45 PT [2022/08/23 18:47:45 ET]
Table 'Dactyl III' 9-max Seat #9 is the button
Seat 1: AssosManiki ($9.12 in chips) 
Seat 2: RaoniGC ($1.54 in chips) 
Seat 3: HéStiA ($7.01 in chips) 
Seat 4: durrrvitton ($4.95 in chips) 
Seat 5: icehawk99 ($5.09 in chips) 
Seat 6: SetOnesGoal ($11.69 in chips) 
Seat 7: KAAS467 ($5 in chips) 
Seat 8: MCJammers ($2.04 in chips) 
Seat 9: Dorex2007 ($5.27 in chips) 
AssosManiki: posts small blind $0.02
RaoniGC: posts big blind $0.05
KAAS467: posts big blind $0.05
*** HOLE CARDS ***
Dealt to Dorex2007 [4h 5c]
HéStiA: folds 
durrrvitton: folds 
icehawk99: folds 
SetOnesGoal: folds 
KAAS467: checks 
MCJammers: calls $0.05
Dorex2007: folds 
AssosManiki: raises $0.20 to $0.25
RaoniGC: folds 
KAAS467: folds 
MCJammers: calls $0.20
*** FLOP *** [7s 7h 4s]
AssosManiki: bets $0.38
MCJammers: calls $0.38
*** TURN *** [7s 7h 4s] [4d]
AssosManiki: bets $2.32
MCJammers: folds 
Uncalled bet ($2.32) returned to AssosManiki
AssosManiki collected $1.30 from pot
AssosManiki: doesn't show hand 
*** SUMMARY ***
Total pot $1.36 | Rake $0.06 
Board [7s 7h 4s 4d]
Seat 1: AssosManiki (small blind) collected ($1.30)
Seat 2: RaoniGC (big blind) folded before Flop
Seat 3: HéStiA folded before Flop (didn't bet)
Seat 4: durrrvitton folded before Flop (didn't bet)
Seat 5: icehawk99 folded before Flop (didn't bet)
Seat 6: SetOnesGoal folded before Flop (didn't bet)
Seat 7: KAAS467 folded before Flop (didn't bet)
Seat 8: MCJammers folded on the Turn
Seat 9: Dorex2007 (button) folded before Flop (didn't bet)



PokerStars Hand #238177404752:  Hold'em No Limit ($0.02/$0.05 USD) - 2022/08/23 15:48:40 PT [2022/08/23 18:48:40 ET]
Table 'Dactyl III' 9-max Seat #1 is the button
Seat 1: AssosManiki ($9.79 in chips) 
Seat 2: RaoniGC ($1.49 in chips) 
Seat 3: HéStiA ($7.01 in chips) 
Seat 4: durrrvitton ($4.95 in chips) 
Seat 5: icehawk99 ($5.09 in chips) 
Seat 6: SetOnesGoal ($11.69 in chips) 
Seat 7: KAAS467 ($4.95 in chips) 
Seat 8: MCJammers ($1.41 in chips) 
Seat 9: Dorex2007 ($5.27 in chips) 
RaoniGC: posts small blind $0.02
HéStiA: posts big blind $0.05
*** HOLE CARDS ***
Dealt to Dorex2007 [Js Jc]
durrrvitton: folds 
icehawk99: folds 
SetOnesGoal: folds 
KAAS467: folds 
MCJammers: folds 
Dorex2007: raises $0.10 to $0.15
AssosManiki: folds 
RaoniGC: folds 
HéStiA: folds 
Uncalled bet ($0.10) returned to Dorex2007
Dorex2007 collected $0.12 from pot
Dorex2007: doesn't show hand 
*** SUMMARY ***
Total pot $0.12 | Rake $0 
Seat 1: AssosManiki (button) folded before Flop (didn't bet)
Seat 2: RaoniGC (small blind) folded before Flop
Seat 3: HéStiA (big blind) folded before Flop
Seat 4: durrrvitton folded before Flop (didn't bet)
Seat 5: icehawk99 folded before Flop (didn't bet)
Seat 6: SetOnesGoal folded before Flop (didn't bet)
Seat 7: KAAS467 folded before Flop (didn't bet)
Seat 8: MCJammers folded before Flop (didn't bet)
Seat 9: Dorex2007 collected ($0.12)



PokerStars Hand #238177411337:  Hold'em No Limit ($0.02/$0.05 USD) - 2022/08/23 15:49:02 PT [2022/08/23 18:49:02 ET]
Table 'Dactyl III' 9-max Seat #2 is the button
Seat 1: AssosManiki ($9.79 in chips) 
Seat 2: RaoniGC ($1.47 in chips) 
Seat 3: HéStiA ($6.96 in chips) 
Seat 4: durrrvitton ($4.95 in chips) 
Seat 5: icehawk99 ($5.09 in chips) 
Seat 6: SetOnesGoal ($11.69 in chips) 
Seat 7: KAAS467 ($4.95 in chips) 
Seat 8: MCJammers ($1.41 in chips) 
Seat 9: Dorex2007 ($5.34 in chips) 
HéStiA: posts small blind $0.02
durrrvitton: posts big blind $0.05
*** HOLE CARDS ***
Dealt to Dorex2007 [Ks 9h]
icehawk99: folds 
SetOnesGoal: folds 
KAAS467: raises $0.10 to $0.15
MCJammers: folds 
Dorex2007: folds 
AssosManiki: folds 
RaoniGC: folds 
HéStiA: folds 
durrrvitton: folds 
Uncalled bet ($0.10) returned to KAAS467
KAAS467 collected $0.12 from pot
KAAS467: doesn't show hand 
*** SUMMARY ***
Total pot $0.12 | Rake $0 
Seat 1: AssosManiki folded before Flop (didn't bet)
Seat 2: RaoniGC (button) folded before Flop (didn't bet)
Seat 3: HéStiA (small blind) folded before Flop
Seat 4: durrrvitton (big blind) folded before Flop
Seat 5: icehawk99 folded before Flop (didn't bet)
Seat 6: SetOnesGoal folded before Flop (didn't bet)
Seat 7: KAAS467 collected ($0.12)
Seat 8: MCJammers folded before Flop (didn't bet)
Seat 9: Dorex2007 folded before Flop (didn't bet)



PokerStars Hand #238177418555:  Hold'em No Limit ($0.02/$0.05 USD) - 2022/08/23 15:49:25 PT [2022/08/23 18:49:25 ET]
Table 'Dactyl III' 9-max Seat #3 is the button
Seat 1: AssosManiki ($9.79 in chips) 
Seat 2: RaoniGC ($1.47 in chips) 
Seat 3: HéStiA ($6.94 in chips) 
Seat 4: durrrvitton ($4.90 in chips) 
Seat 5: icehawk99 ($5.09 in chips) 
Seat 6: SetOnesGoal ($11.69 in chips) 
Seat 7: KAAS467 ($5.02 in chips) 
Seat 8: MCJammers ($1.41 in chips) 
Seat 9: Dorex2007 ($5.34 in chips) 
durrrvitton: posts small blind $0.02
icehawk99: posts big blind $0.05
*** HOLE CARDS ***
Dealt to Dorex2007 [7h 2h]
SetOnesGoal: folds 
KAAS467: folds 
MCJammers has timed out
MCJammers: folds 
Dorex2007: folds 
AssosManiki: folds 
RaoniGC: folds 
HéStiA: raises $0.07 to $0.12
durrrvitton: folds 
icehawk99: calls $0.07
*** FLOP *** [Tc 2c 8d]
icehawk99: checks 
HéStiA: bets $0.12
icehawk99: calls $0.12
*** TURN *** [Tc 2c 8d] [4h]
icehawk99: checks 
HéStiA: bets $0.24
icehawk99: calls $0.24
*** RIVER *** [Tc 2c 8d 4h] [3h]
icehawk99: checks 
HéStiA: checks 
*** SHOW DOWN ***
icehawk99: shows [Qh Ts] (a pair of Tens)
HéStiA: shows [Qd Th] (a pair of Tens)
icehawk99 collected $0.47 from pot
HéStiA collected $0.47 from pot
*** SUMMARY ***
Total pot $0.98 | Rake $0.04 
Board [Tc 2c 8d 4h 3h]
Seat 1: AssosManiki folded before Flop (didn't bet)
Seat 2: RaoniGC folded before Flop (didn't bet)
Seat 3: HéStiA (button) showed [Qd Th] and won ($0.47) with a pair of Tens
Seat 4: durrrvitton (small blind) folded before Flop
Seat 5: icehawk99 (big blind) showed [Qh Ts] and won ($0.47) with a pair of Tens
Seat 6: SetOnesGoal folded before Flop (didn't bet)
Seat 7: KAAS467 folded before Flop (didn't bet)
Seat 8: MCJammers folded before Flop (didn't bet)
Seat 9: Dorex2007 folded before Flop (didn't bet)



PokerStars Hand #238177434969:  Hold'em No Limit ($0.02/$0.05 USD) - 2022/08/23 15:50:19 PT [2022/08/23 18:50:19 ET]
Table 'Dactyl III' 9-max Seat #4 is the button
Seat 1: AssosManiki ($9.79 in chips) 
Seat 2: RaoniGC ($1.47 in chips) 
Seat 3: HéStiA ($6.93 in chips) 
Seat 4: durrrvitton ($4.88 in chips) 
Seat 5: icehawk99 ($5.08 in chips) 
Seat 6: SetOnesGoal ($11.69 in chips) 
Seat 7: KAAS467 ($5.02 in chips) 
Seat 8: MCJammers ($1.41 in chips) 
Seat 9: Dorex2007 ($5.34 in chips) 
icehawk99: posts small blind $0.02
SetOnesGoal: posts big blind $0.05
*** HOLE CARDS ***
Dealt to Dorex2007 [8c 4c]
KAAS467: folds 
MCJammers: calls $0.05
Dorex2007: folds 
AssosManiki: folds 
RaoniGC: calls $0.05
HéStiA: folds 
durrrvitton: folds 
icehawk99: folds 
SetOnesGoal: checks 
*** FLOP *** [9s 5d Qs]
SetOnesGoal: checks 
MCJammers: checks 
RaoniGC: checks 
*** TURN *** [9s 5d Qs] [Qc]
SetOnesGoal: checks 
MCJammers: checks 
RaoniGC: checks 
*** RIVER *** [9s 5d Qs Qc] [3c]
SetOnesGoal: checks 
MCJammers: checks 
RaoniGC: checks 
*** SHOW DOWN ***
SetOnesGoal: shows [2d Jd] (a pair of Queens)
MCJammers: shows [3d Ah] (two pair, Queens and Threes)
RaoniGC: shows [6s 6d] (two pair, Queens and Sixes)
RaoniGC collected $0.16 from pot
*** SUMMARY ***
Total pot $0.17 | Rake $0.01 
Board [9s 5d Qs Qc 3c]
Seat 1: AssosManiki folded before Flop (didn't bet)
Seat 2: RaoniGC showed [6s 6d] and won ($0.16) with two pair, Queens and Sixes
Seat 3: HéStiA folded before Flop (didn't bet)
Seat 4: durrrvitton (button) folded before Flop (didn't bet)
Seat 5: icehawk99 (small blind) folded before Flop
Seat 6: SetOnesGoal (big blind) showed [2d Jd] and lost with a pair of Queens
Seat 7: KAAS467 folded before Flop (didn't bet)
Seat 8: MCJammers showed [3d Ah] and lost with two pair, Queens and Threes
Seat 9: Dorex2007 folded before Flop (didn't bet)



PokerStars Hand #238177459276:  Hold'em No Limit ($0.02/$0.05 USD) - 2022/08/23 15:51:39 PT [2022/08/23 18:51:39 ET]
Table 'Dactyl III' 9-max Seat #5 is the button
Seat 1: AssosManiki ($9.79 in chips) 
Seat 2: RaoniGC ($1.58 in chips) 
Seat 3: HéStiA ($6.93 in chips) 
Seat 4: durrrvitton ($4.88 in chips) 
Seat 5: icehawk99 ($5.06 in chips) 
Seat 6: SetOnesGoal ($11.64 in chips) 
Seat 7: KAAS467 ($5.02 in chips) 
Seat 8: MCJammers ($1.36 in chips) 
Seat 9: Dorex2007 ($5.34 in chips) 
SetOnesGoal: posts small blind $0.02
KAAS467: posts big blind $0.05
*** HOLE CARDS ***
Dealt to Dorex2007 [6h Jd]
MCJammers has timed out
MCJammers: folds 
Dorex2007: folds 
AssosManiki: folds 
RaoniGC: folds 
HéStiA: raises $0.07 to $0.12
durrrvitton: folds 
icehawk99: folds 
SetOnesGoal: folds 
KAAS467: folds 
Uncalled bet ($0.07) returned to HéStiA
HéStiA collected $0.12 from pot
*** SUMMARY ***
Total pot $0.12 | Rake $0 
Seat 1: AssosManiki folded before Flop (didn't bet)
Seat 2: RaoniGC folded before Flop (didn't bet)
Seat 3: HéStiA collected ($0.12)
Seat 4: durrrvitton folded before Flop (didn't bet)
Seat 5: icehawk99 (button) folded before Flop (didn't bet)
Seat 6: SetOnesGoal (small blind) folded before Flop
Seat 7: KAAS467 (big blind) folded before Flop
Seat 8: MCJammers folded before Flop (didn't bet)
Seat 9: Dorex2007 folded before Flop (didn't bet)



PokerStars Hand #238177467646:  Hold'em No Limit ($0.02/$0.05 USD) - 2022/08/23 15:52:07 PT [2022/08/23 18:52:07 ET]
Table 'Dactyl III' 9-max Seat #6 is the button
Seat 1: AssosManiki ($9.79 in chips) 
Seat 2: RaoniGC ($1.58 in chips) 
Seat 3: HéStiA ($7 in chips) 
Seat 4: durrrvitton ($4.88 in chips) 
Seat 5: icehawk99 ($5.06 in chips) 
Seat 6: SetOnesGoal ($11.62 in chips) 
Seat 7: KAAS467 ($4.97 in chips) 
Seat 8: MCJammers ($1.36 in chips) 
Seat 9: Dorex2007 ($5.34 in chips) 
KAAS467: posts small blind $0.02
MCJammers: posts big blind $0.05
*** HOLE CARDS ***
Dealt to Dorex2007 [3c Tc]
Dorex2007: folds 
AssosManiki: folds 
RaoniGC: folds 
HéStiA has timed out
HéStiA: folds 
durrrvitton: folds 
HéStiA leaves the table
icehawk99: raises $0.10 to $0.15
SetOnesGoal: folds 
KAAS467: folds 
MCJammers: folds 
Uncalled bet ($0.10) returned to icehawk99
icehawk99 collected $0.12 from pot
*** SUMMARY ***
Total pot $0.12 | Rake $0 
Seat 1: AssosManiki folded before Flop (didn't bet)
Seat 2: RaoniGC folded before Flop (didn't bet)
Seat 3: HéStiA folded before Flop (didn't bet)
Seat 4: durrrvitton folded before Flop (didn't bet)
Seat 5: icehawk99 collected ($0.12)
Seat 6: SetOnesGoal (button) folded before Flop (didn't bet)
Seat 7: KAAS467 (small blind) folded before Flop
Seat 8: MCJammers (big blind) folded before Flop
Seat 9: Dorex2007 folded before Flop (didn't bet)



PokerStars Hand #238177480507:  Hold'em No Limit ($0.02/$0.05 USD) - 2022/08/23 15:52:49 PT [2022/08/23 18:52:49 ET]
Table 'Dactyl III' 9-max Seat #7 is the button
Seat 1: AssosManiki ($9.79 in chips) 
Seat 2: RaoniGC ($1.58 in chips) 
Seat 4: durrrvitton ($4.88 in chips) 
Seat 5: icehawk99 ($5.13 in chips) 
Seat 6: SetOnesGoal ($11.62 in chips) 
Seat 7: KAAS467 ($4.95 in chips) 
Seat 8: MCJammers ($1.31 in chips) 
Seat 9: Dorex2007 ($5.34 in chips) 
MCJammers: posts small blind $0.02
Dorex2007: posts big blind $0.05
*** HOLE CARDS ***
Dealt to Dorex2007 [3c 9s]
AssosManiki: folds 
RaoniGC: folds 
durrrvitton: folds 
icehawk99: folds 
SetOnesGoal: raises $0.07 to $0.12
KAAS467: folds 
MCJammers: folds 
Dorex2007: folds 
Uncalled bet ($0.07) returned to SetOnesGoal
SetOnesGoal collected $0.12 from pot
SetOnesGoal: doesn't show hand 
*** SUMMARY ***
Total pot $0.12 | Rake $0 
Seat 1: AssosManiki folded before Flop (didn't bet)
Seat 2: RaoniGC folded before Flop (didn't bet)
Seat 4: durrrvitton folded before Flop (didn't bet)
Seat 5: icehawk99 folded before Flop (didn't bet)
Seat 6: SetOnesGoal collected ($0.12)
Seat 7: KAAS467 (button) folded before Flop (didn't bet)
Seat 8: MCJammers (small blind) folded before Flop
Seat 9: Dorex2007 (big blind) folded before Flop



PokerStars Hand #238177489812:  Hold'em No Limit ($0.02/$0.05 USD) - 2022/08/23 15:53:20 PT [2022/08/23 18:53:20 ET]
Table 'Dactyl III' 9-max Seat #8 is the button
Seat 1: AssosManiki ($9.79 in chips) 
Seat 2: RaoniGC ($1.58 in chips) 
Seat 4: durrrvitton ($4.88 in chips) 
Seat 5: icehawk99 ($5.13 in chips) 
Seat 6: SetOnesGoal ($11.69 in chips) 
Seat 7: KAAS467 ($4.95 in chips) 
Seat 8: MCJammers ($1.29 in chips) 
Seat 9: Dorex2007 ($5.29 in chips) 
Dorex2007: posts small blind $0.02
AssosManiki: posts big blind $0.05
*** HOLE CARDS ***
Dealt to Dorex2007 [5d 4c]
RaoniGC: folds 
durrrvitton: calls $0.05
icehawk99: raises $0.10 to $0.15
Mr Man167 joins the table at seat #3 
SetOnesGoal: calls $0.15
KAAS467: folds 
MCJammers: folds 
MCJammers leaves the table
Dorex2007: folds 
AssosManiki: calls $0.10
durrrvitton: folds 
*** FLOP *** [Td Jc 2d]
AssosManiki: checks 
icehawk99: bets $0.30
SetOnesGoal: folds 
AssosManiki: folds 
Uncalled bet ($0.30) returned to icehawk99
icehawk99 collected $0.50 from pot
*** SUMMARY ***
Total pot $0.52 | Rake $0.02 
Board [Td Jc 2d]
Seat 1: AssosManiki (big blind) folded on the Flop
Seat 2: RaoniGC folded before Flop (didn't bet)
Seat 4: durrrvitton folded before Flop
Seat 5: icehawk99 collected ($0.50)
Seat 6: SetOnesGoal folded on the Flop
Seat 7: KAAS467 folded before Flop (didn't bet)
Seat 8: MCJammers (button) folded before Flop (didn't bet)
Seat 9: Dorex2007 (small blind) folded before Flop



PokerStars Hand #238177506481:  Hold'em No Limit ($0.02/$0.05 USD) - 2022/08/23 15:54:16 PT [2022/08/23 18:54:16 ET]
Table 'Dactyl III' 9-max Seat #9 is the button
Seat 1: AssosManiki ($9.64 in chips) 
Seat 2: RaoniGC ($1.58 in chips) 
Seat 3: Mr Man167 ($4 in chips) 
Seat 4: durrrvitton ($4.83 in chips) 
Seat 5: icehawk99 ($5.48 in chips) 
Seat 6: SetOnesGoal ($11.54 in chips) 
Seat 7: KAAS467 ($4.95 in chips) 
Seat 9: Dorex2007 ($5.27 in chips) 
AssosManiki: posts small blind $0.02
RaoniGC: posts big blind $0.05
Mr Man167: posts big blind $0.05
*** HOLE CARDS ***
Dealt to Dorex2007 [As Tc]
Mr Man167: checks 
durrrvitton: folds 
icehawk99: raises $0.10 to $0.15
SetOnesGoal: calls $0.15
KAAS467: folds 
Dorex2007: calls $0.15
AssosManiki: folds 
RaoniGC: folds 
Mr Man167: calls $0.10
*** FLOP *** [9h 7c 8s]
Mr Man167: checks 
icehawk99: bets $0.37
SetOnesGoal: folds 
Dorex2007: calls $0.37
Mr Man167: folds 
*** TURN *** [9h 7c 8s] [9c]
icehawk99: bets $0.67
Dorex2007: calls $0.67
*** RIVER *** [9h 7c 8s 9c] [Ah]
icehawk99: bets $1.32
Dorex2007: calls $1.32
*** SHOW DOWN ***
icehawk99: shows [Ts Td] (two pair, Tens and Nines)
Dorex2007: shows [As Tc] (two pair, Aces and Nines)
Dorex2007 collected $5.17 from pot
*** SUMMARY ***
Total pot $5.39 | Rake $0.22 
Board [9h 7c 8s 9c Ah]
Seat 1: AssosManiki (small blind) folded before Flop
Seat 2: RaoniGC (big blind) folded before Flop
Seat 3: Mr Man167 folded on the Flop
Seat 4: durrrvitton folded before Flop (didn't bet)
Seat 5: icehawk99 showed [Ts Td] and lost with two pair, Tens and Nines
Seat 6: SetOnesGoal folded on the Flop
Seat 7: KAAS467 folded before Flop (didn't bet)
Seat 9: Dorex2007 (button) showed [As Tc] and won ($5.17) with two pair, Aces and Nines



PokerStars Hand #238177522597:  Hold'em No Limit ($0.02/$0.05 USD) - 2022/08/23 15:55:10 PT [2022/08/23 18:55:10 ET]
Table 'Dactyl III' 9-max Seat #1 is the button
Seat 1: AssosManiki ($9.62 in chips) 
Seat 2: RaoniGC ($1.53 in chips) 
Seat 3: Mr Man167 ($3.85 in chips) 
Seat 4: durrrvitton ($4.83 in chips) 
Seat 5: icehawk99 ($2.97 in chips) 
Seat 6: SetOnesGoal ($11.39 in chips) 
Seat 7: KAAS467 ($4.95 in chips) 
Seat 9: Dorex2007 ($7.93 in chips) 
RaoniGC: posts small blind $0.02
Mr Man167: posts big blind $0.05
*** HOLE CARDS ***
Dealt to Dorex2007 [4s 4d]
durrrvitton: raises $0.05 to $0.10
icehawk99: raises $0.05 to $0.15
SetOnesGoal: folds 
KAAS467: folds 
Dorex2007: calls $0.15
AceSpadeSurfer joins the table at seat #8 
AssosManiki: calls $0.15
RaoniGC: folds 
Mr Man167: calls $0.10
durrrvitton: calls $0.05
*** FLOP *** [6d Qh 9c]
Mr Man167: checks 
durrrvitton: checks 
icehawk99: checks 
Dorex2007: checks 
AssosManiki: bets $0.33
Mr Man167: folds 
durrrvitton: calls $0.33
AceSpadeSurfer leaves the table
the pirate39 joins the table at seat #8 
icehawk99: folds 
Dorex2007: folds 
*** TURN *** [6d Qh 9c] [6c]
durrrvitton: checks 
AssosManiki: checks 
*** RIVER *** [6d Qh 9c 6c] [Ac]
durrrvitton: checks 
AssosManiki: checks 
*** SHOW DOWN ***
durrrvitton: shows [Kd Tc] (a pair of Sixes)
AssosManiki: shows [Ts Th] (two pair, Tens and Sixes)
AssosManiki collected $1.37 from pot
*** SUMMARY ***
Total pot $1.43 | Rake $0.06 
Board [6d Qh 9c 6c Ac]
Seat 1: AssosManiki (button) showed [Ts Th] and won ($1.37) with two pair, Tens and Sixes
Seat 2: RaoniGC (small blind) folded before Flop
Seat 3: Mr Man167 (big blind) folded on the Flop
Seat 4: durrrvitton showed [Kd Tc] and lost with a pair of Sixes
Seat 5: icehawk99 folded on the Flop
Seat 6: SetOnesGoal folded before Flop (didn't bet)
Seat 7: KAAS467 folded before Flop (didn't bet)
Seat 9: Dorex2007 folded on the Flop



PokerStars Hand #238177537869:  Hold'em No Limit ($0.02/$0.05 USD) - 2022/08/23 15:56:13 PT [2022/08/23 18:56:13 ET]
Table 'Dactyl III' 9-max Seat #2 is the button
Seat 1: AssosManiki ($10.51 in chips) 
Seat 2: RaoniGC ($1.51 in chips) 
Seat 3: Mr Man167 ($3.70 in chips) 
Seat 4: durrrvitton ($4.35 in chips) 
Seat 5: icehawk99 ($2.82 in chips) 
Seat 6: SetOnesGoal ($11.39 in chips) 
Seat 7: KAAS467 ($4.95 in chips) 
Seat 9: Dorex2007 ($7.78 in chips) 
Mr Man167: posts small blind $0.02
durrrvitton: posts big blind $0.05
*** HOLE CARDS ***
Dealt to Dorex2007 [Tc Jh]
icehawk99 has timed out
icehawk99: folds 
SetOnesGoal: folds 
KAAS467: folds 
Dorex2007: folds 
AssosManiki: raises $0.08 to $0.13
RaoniGC: folds 
Mr Man167: calls $0.11
durrrvitton: folds 
*** FLOP *** [3c 4s Ts]
Mr Man167: checks 
AssosManiki: checks 
*** TURN *** [3c 4s Ts] [9h]
Mr Man167: checks 
AssosManiki: checks 
*** RIVER *** [3c 4s Ts 9h] [6s]
Mr Man167: checks 
AssosManiki: checks 
*** SHOW DOWN ***
Mr Man167: shows [8d Ac] (high card Ace)
AssosManiki: mucks hand 
Mr Man167 collected $0.30 from pot
*** SUMMARY ***
Total pot $0.31 | Rake $0.01 
Board [3c 4s Ts 9h 6s]
Seat 1: AssosManiki mucked [Kc Jc]
Seat 2: RaoniGC (button) folded before Flop (didn't bet)
Seat 3: Mr Man167 (small blind) showed [8d Ac] and won ($0.30) with high card Ace
Seat 4: durrrvitton (big blind) folded before Flop
Seat 5: icehawk99 folded before Flop (didn't bet)
Seat 6: SetOnesGoal folded before Flop (didn't bet)
Seat 7: KAAS467 folded before Flop (didn't bet)
Seat 9: Dorex2007 folded before Flop (didn't bet)



PokerStars Hand #238177547377:  Hold'em No Limit ($0.02/$0.05 USD) - 2022/08/23 15:56:52 PT [2022/08/23 18:56:52 ET]
Table 'Dactyl III' 9-max Seat #3 is the button
Seat 1: AssosManiki ($10.38 in chips) 
Seat 2: RaoniGC ($1.51 in chips) 
Seat 3: Mr Man167 ($3.87 in chips) 
Seat 4: durrrvitton ($4.30 in chips) 
Seat 5: icehawk99 ($2.82 in chips) 
Seat 6: SetOnesGoal ($11.39 in chips) 
Seat 7: KAAS467 ($4.95 in chips) 
Seat 9: Dorex2007 ($7.78 in chips) 
durrrvitton: posts small blind $0.02
icehawk99: posts big blind $0.05
*** HOLE CARDS ***
Dealt to Dorex2007 [7s 4s]
SetOnesGoal: folds 
KAAS467: folds 
Dorex2007: folds 
AssosManiki: folds 
RaoniGC: folds 
Mr Man167: calls $0.05
durrrvitton: calls $0.03
icehawk99: checks 
*** FLOP *** [7c 7h Th]
durrrvitton: checks 
icehawk99: checks 
Mr Man167: checks 
*** TURN *** [7c 7h Th] [Kh]
durrrvitton: checks 
icehawk99: bets $0.12
Mr Man167: calls $0.12
durrrvitton: folds 
*** RIVER *** [7c 7h Th Kh] [9s]
the pirate39 leaves the table
icehawk99: bets $0.28
Mr Man167: calls $0.28
*** SHOW DOWN ***
icehawk99: shows [8h 6s] (a straight, Six to Ten)
Mr Man167: mucks hand 
icehawk99 collected $0.91 from pot
*** SUMMARY ***
Total pot $0.95 | Rake $0.04 
Board [7c 7h Th Kh 9s]
Seat 1: AssosManiki folded before Flop (didn't bet)
Seat 2: RaoniGC folded before Flop (didn't bet)
Seat 3: Mr Man167 (button) mucked [2c 2d]
Seat 4: durrrvitton (small blind) folded on the Turn
Seat 5: icehawk99 (big blind) showed [8h 6s] and won ($0.91) with a straight, Six to Ten
Seat 6: SetOnesGoal folded before Flop (didn't bet)
Seat 7: KAAS467 folded before Flop (didn't bet)
Seat 9: Dorex2007 folded before Flop (didn't bet)



PokerStars Hand #238177561730:  Hold'em No Limit ($0.02/$0.05 USD) - 2022/08/23 15:57:50 PT [2022/08/23 18:57:50 ET]
Table 'Dactyl III' 9-max Seat #4 is the button
Seat 1: AssosManiki ($10.38 in chips) 
Seat 2: RaoniGC ($1.51 in chips) 
Seat 3: Mr Man167 ($3.42 in chips) 
Seat 4: durrrvitton ($4.25 in chips) 
Seat 5: icehawk99 ($3.28 in chips) 
Seat 6: SetOnesGoal ($11.39 in chips) 
Seat 7: KAAS467 ($4.95 in chips) 
Seat 9: Dorex2007 ($7.78 in chips) 
icehawk99: posts small blind $0.02
SetOnesGoal: posts big blind $0.05
*** HOLE CARDS ***
Dealt to Dorex2007 [Jh 6h]
KAAS467: folds 
Dorex2007: folds 
AssosManiki: folds 
RaoniGC: folds 
Mr Man167: calls $0.05
durrrvitton: calls $0.05
icehawk99: calls $0.03
SetOnesGoal: checks 
*** FLOP *** [8c 5h 7h]
icehawk99: checks 
SetOnesGoal: checks 
Mr Man167: checks 
durrrvitton: bets $0.09
icehawk99: calls $0.09
SetOnesGoal: folds 
Mr Man167: calls $0.09
*** TURN *** [8c 5h 7h] [As]
icehawk99: checks 
Mr Man167: checks 
durrrvitton: bets $0.27
icehawk99: calls $0.27
Mr Man167: calls $0.27
*** RIVER *** [8c 5h 7h As] [Qc]
icehawk99: checks 
Mr Man167: checks 
durrrvitton: checks 
*** SHOW DOWN ***
icehawk99: shows [6s Ad] (a pair of Aces)
Mr Man167: mucks hand 
durrrvitton: shows [6d Ah] (a pair of Aces)
icehawk99 collected $0.62 from pot
durrrvitton collected $0.61 from pot
*** SUMMARY ***
Total pot $1.28 | Rake $0.05 
Board [8c 5h 7h As Qc]
Seat 1: AssosManiki folded before Flop (didn't bet)
Seat 2: RaoniGC folded before Flop (didn't bet)
Seat 3: Mr Man167 mucked [Tc 9d]
Seat 4: durrrvitton (button) showed [6d Ah] and won ($0.61) with a pair of Aces
Seat 5: icehawk99 (small blind) showed [6s Ad] and won ($0.62) with a pair of Aces
Seat 6: SetOnesGoal (big blind) folded on the Flop
Seat 7: KAAS467 folded before Flop (didn't bet)
Seat 9: Dorex2007 folded before Flop (didn't bet)



PokerStars Hand #238177594156:  Hold'em No Limit ($0.02/$0.05 USD) - 2022/08/23 15:59:08 PT [2022/08/23 18:59:08 ET]
Table 'Dactyl III' 9-max Seat #5 is the button
Seat 1: AssosManiki ($10.38 in chips) 
Seat 2: RaoniGC ($1.51 in chips) 
Seat 3: Mr Man167 ($3.01 in chips) 
Seat 4: durrrvitton ($4.45 in chips) 
Seat 5: icehawk99 ($3.49 in chips) 
Seat 6: SetOnesGoal ($11.34 in chips) 
Seat 7: KAAS467 ($4.95 in chips) 
Seat 9: Dorex2007 ($7.78 in chips) 
SetOnesGoal: posts small blind $0.02
KAAS467: posts big blind $0.05
*** HOLE CARDS ***
Dealt to Dorex2007 [8h Ah]
Dorex2007: raises $0.10 to $0.15
AssosManiki: folds 
RaoniGC: folds 
Mr Man167: calls $0.15
durrrvitton: folds 
icehawk99 has timed out
icehawk99: folds 
SetOnesGoal: folds 
KAAS467: folds 
*** FLOP *** [Jh 3d 2d]
Dorex2007: checks 
Mr Man167: checks 
*** TURN *** [Jh 3d 2d] [7h]
Dorex2007: checks 
Mr Man167: bets $0.05
Dorex2007: calls $0.05
*** RIVER *** [Jh 3d 2d 7h] [3c]
Dorex2007: bets $0.30
Mr Man167: raises $0.30 to $0.60
Dorex2007: folds 
Uncalled bet ($0.30) returned to Mr Man167
Mr Man167 collected $1.03 from pot
*** SUMMARY ***
Total pot $1.07 | Rake $0.04 
Board [Jh 3d 2d 7h 3c]
Seat 1: AssosManiki folded before Flop (didn't bet)
Seat 2: RaoniGC folded before Flop (didn't bet)
Seat 3: Mr Man167 collected ($1.03)
Seat 4: durrrvitton folded before Flop (didn't bet)
Seat 5: icehawk99 (button) folded before Flop (didn't bet)
Seat 6: SetOnesGoal (small blind) folded before Flop
Seat 7: KAAS467 (big blind) folded before Flop
Seat 9: Dorex2007 folded on the River



PokerStars Hand #238177609283:  Hold'em No Limit ($0.02/$0.05 USD) - 2022/08/23 16:00:10 PT [2022/08/23 19:00:10 ET]
Table 'Dactyl III' 9-max Seat #6 is the button
Seat 1: AssosManiki ($10.38 in chips) 
Seat 2: RaoniGC ($1.51 in chips) 
Seat 3: Mr Man167 ($3.54 in chips) 
Seat 4: durrrvitton ($4.45 in chips) 
Seat 6: SetOnesGoal ($11.32 in chips) 
Seat 7: KAAS467 ($4.90 in chips) 
Seat 9: Dorex2007 ($7.28 in chips) 
KAAS467: posts small blind $0.02
Dorex2007: posts big blind $0.05
*** HOLE CARDS ***
Dealt to Dorex2007 [5c Qs]
AssosManiki: folds 
RaoniGC: folds 
Mr Man167: calls $0.05
durrrvitton: raises $0.05 to $0.10
SetOnesGoal: folds 
KAAS467: raises $0.05 to $0.15
Dorex2007: folds 
Mr Man167: calls $0.10
durrrvitton: calls $0.05
*** FLOP *** [2h 2d 6h]
KAAS467: bets $0.32
Mr Man167: calls $0.32
durrrvitton: folds 
*** TURN *** [2h 2d 6h] [Th]
KAAS467: checks 
Mr Man167: checks 
*** RIVER *** [2h 2d 6h Th] [2s]
KAAS467: checks 
Mr Man167: checks 
*** SHOW DOWN ***
KAAS467: shows [Ad Ac] (a full house, Deuces full of Aces)
Mr Man167: mucks hand 
KAAS467 collected $1.09 from pot
*** SUMMARY ***
Total pot $1.14 | Rake $0.05 
Board [2h 2d 6h Th 2s]
Seat 1: AssosManiki folded before Flop (didn't bet)
Seat 2: RaoniGC folded before Flop (didn't bet)
Seat 3: Mr Man167 mucked [4s Kh]
Seat 4: durrrvitton folded on the Flop
Seat 6: SetOnesGoal (button) folded before Flop (didn't bet)
Seat 7: KAAS467 (small blind) showed [Ad Ac] and won ($1.09) with a full house, Deuces full of Aces
Seat 9: Dorex2007 (big blind) folded before Flop



PokerStars Hand #238177632907:  Hold'em No Limit ($0.02/$0.05 USD) - 2022/08/23 16:01:06 PT [2022/08/23 19:01:06 ET]
Table 'Dactyl III' 9-max Seat #7 is the button
Seat 1: AssosManiki ($10.38 in chips) 
Seat 2: RaoniGC ($1.51 in chips) 
Seat 3: Mr Man167 ($3.07 in chips) 
Seat 4: durrrvitton ($4.30 in chips) 
Seat 5: icehawk99 ($3.49 in chips) 
Seat 6: SetOnesGoal ($11.32 in chips) 
Seat 7: KAAS467 ($5.52 in chips) 
Seat 9: Dorex2007 ($7.23 in chips) 
Dorex2007: posts small blind $0.02
AssosManiki: posts big blind $0.05
*** HOLE CARDS ***
Dealt to Dorex2007 [4c Kc]
RaoniGC: folds 
Mr Man167: calls $0.05
durrrvitton: folds 
icehawk99: folds 
SetOnesGoal: calls $0.05
KAAS467: folds 
Dorex2007: calls $0.03
AssosManiki: checks 
*** FLOP *** [Ad Ts 9h]
Dorex2007: checks 
AssosManiki: checks 
Mr Man167: checks 
SetOnesGoal: bets $0.10
Dorex2007: folds 
AssosManiki: folds 
Mr Man167: calls $0.10
*** TURN *** [Ad Ts 9h] [2c]
Mr Man167: checks 
SetOnesGoal: bets $0.30
Mr Man167: calls $0.30
*** RIVER *** [Ad Ts 9h 2c] [9s]
Mr Man167: bets $0.05
SetOnesGoal: calls $0.05
*** SHOW DOWN ***
Mr Man167: shows [5d 9d] (three of a kind, Nines)
SetOnesGoal: mucks hand 
Mr Man167 collected $1.05 from pot
*** SUMMARY ***
Total pot $1.10 | Rake $0.05 
Board [Ad Ts 9h 2c 9s]
Seat 1: AssosManiki (big blind) folded on the Flop
Seat 2: RaoniGC folded before Flop (didn't bet)
Seat 3: Mr Man167 showed [5d 9d] and won ($1.05) with three of a kind, Nines
Seat 4: durrrvitton folded before Flop (didn't bet)
Seat 5: icehawk99 folded before Flop (didn't bet)
Seat 6: SetOnesGoal mucked [3s As]
Seat 7: KAAS467 (button) folded before Flop (didn't bet)
Seat 9: Dorex2007 (small blind) folded on the Flop



PokerStars Hand #238177655266:  Hold'em No Limit ($0.02/$0.05 USD) - 2022/08/23 16:02:24 PT [2022/08/23 19:02:24 ET]
Table 'Dactyl III' 9-max Seat #9 is the button
Seat 1: AssosManiki ($10.33 in chips) 
Seat 2: RaoniGC ($1.51 in chips) 
Seat 3: Mr Man167 ($3.62 in chips) 
Seat 4: durrrvitton ($4.30 in chips) 
Seat 5: icehawk99 ($3.49 in chips) 
Seat 6: SetOnesGoal ($10.82 in chips) 
Seat 7: KAAS467 ($5.52 in chips) 
Seat 9: Dorex2007 ($7.18 in chips) 
AssosManiki: posts small blind $0.02
RaoniGC: posts big blind $0.05
*** HOLE CARDS ***
Dealt to Dorex2007 [9s Qh]
Mr Man167: calls $0.05
durrrvitton: folds 
icehawk99: raises $0.10 to $0.15
SetOnesGoal: folds 
KAAS467: folds 
Dorex2007: folds 
AssosManiki: folds 
RaoniGC: folds 
Mr Man167: calls $0.10
*** FLOP *** [9h Jc Ad]
Mr Man167: checks 
icehawk99: bets $0.22
Mr Man167: calls $0.22
*** TURN *** [9h Jc Ad] [7c]
Mr Man167: checks 
icehawk99: bets $0.39
Mr Man167: calls $0.39
*** RIVER *** [9h Jc Ad 7c] [3s]
Mr Man167: checks 
icehawk99: checks 
*** SHOW DOWN ***
Mr Man167: shows [3h 9d] (two pair, Nines and Threes)
icehawk99: mucks hand 
andrei102030 joins the table at seat #8 
Mr Man167 collected $1.52 from pot
*** SUMMARY ***
Total pot $1.59 | Rake $0.07 
Board [9h Jc Ad 7c 3s]
Seat 1: AssosManiki (small blind) folded before Flop
Seat 2: RaoniGC (big blind) folded before Flop
Seat 3: Mr Man167 showed [3h 9d] and won ($1.52) with two pair, Nines and Threes
Seat 4: durrrvitton folded before Flop (didn't bet)
Seat 5: icehawk99 mucked [Js Th]
Seat 6: SetOnesGoal folded before Flop (didn't bet)
Seat 7: KAAS467 folded before Flop (didn't bet)
Seat 9: Dorex2007 (button) folded before Flop (didn't bet)



PokerStars Hand #238177671668:  Hold'em No Limit ($0.02/$0.05 USD) - 2022/08/23 16:03:20 PT [2022/08/23 19:03:20 ET]
Table 'Dactyl III' 9-max Seat #1 is the button
Seat 1: AssosManiki ($10.31 in chips) 
Seat 2: RaoniGC ($1.46 in chips) 
Seat 3: Mr Man167 ($4.38 in chips) 
Seat 4: durrrvitton ($4.30 in chips) 
Seat 5: icehawk99 ($2.73 in chips) 
Seat 6: SetOnesGoal ($10.82 in chips) 
Seat 7: KAAS467 ($5.52 in chips) 
Seat 9: Dorex2007 ($7.18 in chips) 
RaoniGC: posts small blind $0.02
Mr Man167: posts big blind $0.05
andrei102030: sits out 
*** HOLE CARDS ***
Dealt to Dorex2007 [Jh As]
durrrvitton: folds 
icehawk99: folds 
SetOnesGoal: folds 
KAAS467: folds 
Dorex2007: raises $0.10 to $0.15
AssosManiki: calls $0.15
RaoniGC: folds 
Mr Man167: calls $0.10
*** FLOP *** [Td 8c Qh]
Mr Man167: checks 
Dorex2007: checks 
AssosManiki: checks 
*** TURN *** [Td 8c Qh] [4s]
Mr Man167: checks 
Dorex2007: checks 
AssosManiki: checks 
*** RIVER *** [Td 8c Qh 4s] [3c]
Mr Man167: checks 
Dorex2007: checks 
AssosManiki: checks 
*** SHOW DOWN ***
Mr Man167: shows [6s 4d] (a pair of Fours)
Dorex2007: mucks hand 
AssosManiki: mucks hand 
Mr Man167 collected $0.45 from pot
*** SUMMARY ***
Total pot $0.47 | Rake $0.02 
Board [Td 8c Qh 4s 3c]
Seat 1: AssosManiki (button) mucked [Kh Js]
Seat 2: RaoniGC (small blind) folded before Flop
Seat 3: Mr Man167 (big blind) showed [6s 4d] and won ($0.45) with a pair of Fours
Seat 4: durrrvitton folded before Flop (didn't bet)
Seat 5: icehawk99 folded before Flop (didn't bet)
Seat 6: SetOnesGoal folded before Flop (didn't bet)
Seat 7: KAAS467 folded before Flop (didn't bet)
Seat 9: Dorex2007 mucked [Jh As]



PokerStars Hand #238177686797:  Hold'em No Limit ($0.02/$0.05 USD) - 2022/08/23 16:04:12 PT [2022/08/23 19:04:12 ET]
Table 'Dactyl III' 9-max Seat #2 is the button
Seat 1: AssosManiki ($10.16 in chips) 
Seat 2: RaoniGC ($1.44 in chips) 
Seat 3: Mr Man167 ($4.68 in chips) 
Seat 4: durrrvitton ($4.30 in chips) 
Seat 5: icehawk99 ($2.73 in chips) 
Seat 6: SetOnesGoal ($10.82 in chips) 
Seat 7: KAAS467 ($5.52 in chips) 
Seat 9: Dorex2007 ($7.03 in chips) 
Mr Man167: posts small blind $0.02
durrrvitton: posts big blind $0.05
andrei102030: sits out 
*** HOLE CARDS ***
Dealt to Dorex2007 [6d Ts]
icehawk99: folds 
SetOnesGoal: folds 
KAAS467: raises $0.10 to $0.15
Dorex2007: folds 
AssosManiki: folds 
RaoniGC: calls $0.15
Mr Man167: folds 
durrrvitton: calls $0.10
*** FLOP *** [Ks 8d 7h]
durrrvitton: checks 
KAAS467: checks 
RaoniGC: checks 
*** TURN *** [Ks 8d 7h] [7s]
durrrvitton: bets $0.20
KAAS467: folds 
RaoniGC: folds 
Uncalled bet ($0.20) returned to durrrvitton
durrrvitton collected $0.45 from pot
*** SUMMARY ***
Total pot $0.47 | Rake $0.02 
Board [Ks 8d 7h 7s]
Seat 1: AssosManiki folded before Flop (didn't bet)
Seat 2: RaoniGC (button) folded on the Turn
Seat 3: Mr Man167 (small blind) folded before Flop
Seat 4: durrrvitton (big blind) collected ($0.45)
Seat 5: icehawk99 folded before Flop (didn't bet)
Seat 6: SetOnesGoal folded before Flop (didn't bet)
Seat 7: KAAS467 folded on the Turn
Seat 9: Dorex2007 folded before Flop (didn't bet)



PokerStars Hand #238177702966:  Hold'em No Limit ($0.02/$0.05 USD) - 2022/08/23 16:05:08 PT [2022/08/23 19:05:08 ET]
Table 'Dactyl III' 9-max Seat #3 is the button
Seat 1: AssosManiki ($10.16 in chips) 
Seat 2: RaoniGC ($1.29 in chips) 
Seat 3: Mr Man167 ($4.66 in chips) 
Seat 4: durrrvitton ($4.60 in chips) 
Seat 5: icehawk99 ($2.73 in chips) 
Seat 6: SetOnesGoal ($10.82 in chips) 
Seat 7: KAAS467 ($5.37 in chips) 
Seat 9: Dorex2007 ($7.03 in chips) 
durrrvitton: posts small blind $0.02
icehawk99: posts big blind $0.05
andrei102030: sits out 
*** HOLE CARDS ***
Dealt to Dorex2007 [6c 5s]
SetOnesGoal: folds 
KAAS467: folds 
Dorex2007: folds 
AssosManiki: raises $0.08 to $0.13
RaoniGC: folds 
Mr Man167: folds 
durrrvitton: folds 
icehawk99: calls $0.08
*** FLOP *** [2h Th Ac]
icehawk99: checks 
AssosManiki: bets $0.21
icehawk99: folds 
Uncalled bet ($0.21) returned to AssosManiki
AssosManiki collected $0.27 from pot
AssosManiki: doesn't show hand 
*** SUMMARY ***
Total pot $0.28 | Rake $0.01 
Board [2h Th Ac]
Seat 1: AssosManiki collected ($0.27)
Seat 2: RaoniGC folded before Flop (didn't bet)
Seat 3: Mr Man167 (button) folded before Flop (didn't bet)
Seat 4: durrrvitton (small blind) folded before Flop
Seat 5: icehawk99 (big blind) folded on the Flop
Seat 6: SetOnesGoal folded before Flop (didn't bet)
Seat 7: KAAS467 folded before Flop (didn't bet)
Seat 9: Dorex2007 folded before Flop (didn't bet)



PokerStars Hand #238177713611:  Hold'em No Limit ($0.02/$0.05 USD) - 2022/08/23 16:05:45 PT [2022/08/23 19:05:45 ET]
Table 'Dactyl III' 9-max Seat #4 is the button
Seat 1: AssosManiki ($10.30 in chips) 
Seat 2: RaoniGC ($1.29 in chips) 
Seat 3: Mr Man167 ($4.66 in chips) 
Seat 4: durrrvitton ($4.58 in chips) 
Seat 5: icehawk99 ($2.60 in chips) 
Seat 6: SetOnesGoal ($10.82 in chips) 
Seat 7: KAAS467 ($5.37 in chips) 
Seat 9: Dorex2007 ($7.03 in chips) 
icehawk99: posts small blind $0.02
SetOnesGoal: posts big blind $0.05
andrei102030: sits out 
*** HOLE CARDS ***
Dealt to Dorex2007 [Ts 5d]
KAAS467: folds 
Dorex2007: folds 
AssosManiki: folds 
RaoniGC: folds 
Mr Man167: calls $0.05
durrrvitton: folds 
icehawk99: raises $0.10 to $0.15
SetOnesGoal: folds 
Mr Man167: calls $0.10
*** FLOP *** [4s 2s Jh]
icehawk99: bets $0.22
Mr Man167: calls $0.22
*** TURN *** [4s 2s Jh] [6d]
icehawk99: bets $0.48
Mr Man167: calls $0.48
*** RIVER *** [4s 2s Jh 6d] [3h]
icehawk99: bets $1.75 and is all-in
Mr Man167: calls $1.75
*** SHOW DOWN ***
icehawk99: shows [Ah 8c] (high card Ace)
Mr Man167: shows [2d 5h] (a straight, Deuce to Six)
Mr Man167 collected $5.03 from pot
*** SUMMARY ***
Total pot $5.25 | Rake $0.22 
Board [4s 2s Jh 6d 3h]
Seat 1: AssosManiki folded before Flop (didn't bet)
Seat 2: RaoniGC folded before Flop (didn't bet)
Seat 3: Mr Man167 showed [2d 5h] and won ($5.03) with a straight, Deuce to Six
Seat 4: durrrvitton (button) folded before Flop (didn't bet)
Seat 5: icehawk99 (small blind) showed [Ah 8c] and lost with high card Ace
Seat 6: SetOnesGoal (big blind) folded before Flop
Seat 7: KAAS467 folded before Flop (didn't bet)
Seat 9: Dorex2007 folded before Flop (didn't bet)



PokerStars Hand #238177725424:  Hold'em No Limit ($0.02/$0.05 USD) - 2022/08/23 16:06:26 PT [2022/08/23 19:06:26 ET]
Table 'Dactyl III' 9-max Seat #6 is the button
Seat 1: AssosManiki ($10.30 in chips) 
Seat 2: RaoniGC ($1.29 in chips) 
Seat 3: Mr Man167 ($7.09 in chips) 
Seat 4: durrrvitton ($4.58 in chips) 
Seat 6: SetOnesGoal ($10.77 in chips) 
Seat 7: KAAS467 ($5.37 in chips) 
Seat 8: andrei102030 ($2.75 in chips) 
Seat 9: Dorex2007 ($7.03 in chips) 
KAAS467: posts small blind $0.02
andrei102030: posts big blind $0.05
*** HOLE CARDS ***
Dealt to Dorex2007 [Jd 8h]
Dorex2007: folds 
AssosManiki: folds 
RaoniGC: folds 
Mr Man167: calls $0.05
durrrvitton: folds 
SetOnesGoal: raises $0.12 to $0.17
KAAS467: folds 
andrei102030: calls $0.12
Mr Man167: calls $0.12
*** FLOP *** [Td Kh 4s]
andrei102030: checks 
Mr Man167: checks 
SetOnesGoal: bets $0.25
icehawk99 leaves the table
andrei102030: calls $0.25
Mr Man167: folds 
*** TURN *** [Td Kh 4s] [7s]
andrei102030: checks 
SetOnesGoal: bets $0.65
andrei102030: calls $0.65
*** RIVER *** [Td Kh 4s 7s] [Kd]
andrei102030: checks 
Pabz0r357 joins the table at seat #5 
SetOnesGoal: checks 
*** SHOW DOWN ***
andrei102030: shows [Ts Js] (two pair, Kings and Tens)
SetOnesGoal: shows [Th Jc] (two pair, Kings and Tens)
andrei102030 collected $1.12 from pot
SetOnesGoal collected $1.11 from pot
*** SUMMARY ***
Total pot $2.33 | Rake $0.10 
Board [Td Kh 4s 7s Kd]
Seat 1: AssosManiki folded before Flop (didn't bet)
Seat 2: RaoniGC folded before Flop (didn't bet)
Seat 3: Mr Man167 folded on the Flop
Seat 4: durrrvitton folded before Flop (didn't bet)
Seat 6: SetOnesGoal (button) showed [Th Jc] and won ($1.11) with two pair, Kings and Tens
Seat 7: KAAS467 (small blind) folded before Flop
Seat 8: andrei102030 (big blind) showed [Ts Js] and won ($1.12) with two pair, Kings and Tens
Seat 9: Dorex2007 folded before Flop (didn't bet)



PokerStars Hand #238177742815:  Hold'em No Limit ($0.02/$0.05 USD) - 2022/08/23 16:07:25 PT [2022/08/23 19:07:25 ET]
Table 'Dactyl III' 9-max Seat #7 is the button
Seat 1: AssosManiki ($10.30 in chips) 
Seat 2: RaoniGC ($1.29 in chips) 
Seat 3: Mr Man167 ($6.92 in chips) 
Seat 4: durrrvitton ($4.58 in chips) 
Seat 6: SetOnesGoal ($10.81 in chips) 
Seat 7: KAAS467 ($5.35 in chips) 
Seat 8: andrei102030 ($2.80 in chips) 
Seat 9: Dorex2007 ($7.03 in chips) 
andrei102030: posts small blind $0.02
Dorex2007: posts big blind $0.05
Pabz0r357: sits out 
*** HOLE CARDS ***
Dealt to Dorex2007 [2d Ad]
AssosManiki: raises $0.08 to $0.13
RaoniGC: calls $0.13
Mr Man167: calls $0.13
durrrvitton: folds 
SetOnesGoal: raises $0.62 to $0.75
KAAS467: folds 
andrei102030: folds 
Dorex2007: folds 
AssosManiki: folds 
RaoniGC: folds 
Mr Man167: calls $0.62
*** FLOP *** [9s 3s 2c]
Mr Man167: checks 
SetOnesGoal: checks 
*** TURN *** [9s 3s 2c] [7h]
Mr Man167: checks 
SetOnesGoal: bets $0.87
Mr Man167: calls $0.87
*** RIVER *** [9s 3s 2c 7h] [4d]
Mr Man167: checks 
SetOnesGoal: checks 
*** SHOW DOWN ***
Mr Man167: shows [8s 2s] (a pair of Deuces)
SetOnesGoal: mucks hand 
Mr Man167 collected $3.42 from pot
*** SUMMARY ***
Total pot $3.57 | Rake $0.15 
Board [9s 3s 2c 7h 4d]
Seat 1: AssosManiki folded before Flop
Seat 2: RaoniGC folded before Flop
Seat 3: Mr Man167 showed [8s 2s] and won ($3.42) with a pair of Deuces
Seat 4: durrrvitton folded before Flop (didn't bet)
Seat 6: SetOnesGoal mucked [Qc Ah]
Seat 7: KAAS467 (button) folded before Flop (didn't bet)
Seat 8: andrei102030 (small blind) folded before Flop
Seat 9: Dorex2007 (big blind) folded before Flop



PokerStars Hand #238177765726:  Hold'em No Limit ($0.02/$0.05 USD) - 2022/08/23 16:08:44 PT [2022/08/23 19:08:44 ET]
Table 'Dactyl III' 9-max Seat #8 is the button
Seat 1: AssosManiki ($10.17 in chips) 
Seat 2: RaoniGC ($1.16 in chips) 
Seat 3: Mr Man167 ($8.72 in chips) 
Seat 4: durrrvitton ($4.58 in chips) 
Seat 6: SetOnesGoal ($9.19 in chips) 
Seat 7: KAAS467 ($5.35 in chips) 
Seat 8: andrei102030 ($2.78 in chips) 
Seat 9: Dorex2007 ($6.98 in chips) 
Dorex2007: posts small blind $0.02
AssosManiki: posts big blind $0.05
Pabz0r357: sits out 
*** HOLE CARDS ***
Dealt to Dorex2007 [8h Kh]
RaoniGC: folds 
Mr Man167: calls $0.05
durrrvitton: folds 
SetOnesGoal: calls $0.05
KAAS467: folds 
andrei102030: calls $0.05
Dorex2007: folds 
AssosManiki: checks 
*** FLOP *** [8s 2d 9s]
AssosManiki: checks 
Mr Man167: checks 
SetOnesGoal: bets $0.10
andrei102030: folds 
AssosManiki: folds 
Mr Man167: folds 
Uncalled bet ($0.10) returned to SetOnesGoal
SetOnesGoal collected $0.21 from pot
SetOnesGoal: doesn't show hand 
*** SUMMARY ***
Total pot $0.22 | Rake $0.01 
Board [8s 2d 9s]
Seat 1: AssosManiki (big blind) folded on the Flop
Seat 2: RaoniGC folded before Flop (didn't bet)
Seat 3: Mr Man167 folded on the Flop
Seat 4: durrrvitton folded before Flop (didn't bet)
Seat 6: SetOnesGoal collected ($0.21)
Seat 7: KAAS467 folded before Flop (didn't bet)
Seat 8: andrei102030 (button) folded on the Flop
Seat 9: Dorex2007 (small blind) folded before Flop



PokerStars Hand #238177776234:  Hold'em No Limit ($0.02/$0.05 USD) - 2022/08/23 16:09:21 PT [2022/08/23 19:09:21 ET]
Table 'Dactyl III' 9-max Seat #9 is the button
Seat 1: AssosManiki ($10.12 in chips) 
Seat 2: RaoniGC ($1.16 in chips) 
Seat 3: Mr Man167 ($8.67 in chips) 
Seat 4: durrrvitton ($4.58 in chips) 
Seat 6: SetOnesGoal ($9.35 in chips) 
Seat 7: KAAS467 ($5.35 in chips) 
Seat 8: andrei102030 ($2.73 in chips) 
Seat 9: Dorex2007 ($6.96 in chips) 
AssosManiki: posts small blind $0.02
RaoniGC: posts big blind $0.05
Pabz0r357: sits out 
*** HOLE CARDS ***
Dealt to Dorex2007 [3h Kd]
Mr Man167: calls $0.05
durrrvitton: raises $0.10 to $0.15
SetOnesGoal: folds 
KAAS467: folds 
andrei102030: folds 
Dorex2007: folds 
AssosManiki: folds 
RaoniGC: folds 
Mr Man167: calls $0.10
*** FLOP *** [4d As 2c]
Mr Man167: checks 
durrrvitton: bets $0.17
Mr Man167: calls $0.17
*** TURN *** [4d As 2c] [Ah]
Mr Man167: checks 
durrrvitton: checks 
*** RIVER *** [4d As 2c Ah] [Ts]
Mr Man167: checks 
durrrvitton: bets $0.68
Mr Man167: calls $0.68
*** SHOW DOWN ***
durrrvitton: shows [Th Tc] (a full house, Tens full of Aces)
Mr Man167: mucks hand 
durrrvitton collected $1.98 from pot
*** SUMMARY ***
Total pot $2.07 | Rake $0.09 
Board [4d As 2c Ah Ts]
Seat 1: AssosManiki (small blind) folded before Flop
Seat 2: RaoniGC (big blind) folded before Flop
Seat 3: Mr Man167 mucked [3d Td]
Seat 4: durrrvitton showed [Th Tc] and won ($1.98) with a full house, Tens full of Aces
Seat 6: SetOnesGoal folded before Flop (didn't bet)
Seat 7: KAAS467 folded before Flop (didn't bet)
Seat 8: andrei102030 folded before Flop (didn't bet)
Seat 9: Dorex2007 (button) folded before Flop (didn't bet)



PokerStars Hand #238177791447:  Hold'em No Limit ($0.02/$0.05 USD) - 2022/08/23 16:10:14 PT [2022/08/23 19:10:14 ET]
Table 'Dactyl III' 9-max Seat #1 is the button
Seat 1: AssosManiki ($10.10 in chips) 
Seat 2: RaoniGC ($1.11 in chips) 
Seat 4: durrrvitton ($5.56 in chips) 
Seat 6: SetOnesGoal ($9.35 in chips) 
Seat 7: KAAS467 ($5.35 in chips) 
Seat 8: andrei102030 ($2.73 in chips) 
Seat 9: Dorex2007 ($6.96 in chips) 
RaoniGC: posts small blind $0.02
durrrvitton: posts big blind $0.05
Pabz0r357: sits out 
*** HOLE CARDS ***
Dealt to Dorex2007 [9s 2c]
Mr Man167 leaves the table
SetOnesGoal: folds 
KAAS467: folds 
andrei102030: calls $0.05
Dorex2007: folds 
AssosManiki: raises $0.13 to $0.18
RaoniGC: folds 
durrrvitton: folds 
andrei102030: folds 
Uncalled bet ($0.13) returned to AssosManiki
AssosManiki collected $0.17 from pot
AssosManiki: doesn't show hand 
*** SUMMARY ***
Total pot $0.17 | Rake $0 
Seat 1: AssosManiki (button) collected ($0.17)
Seat 2: RaoniGC (small blind) folded before Flop
Seat 4: durrrvitton (big blind) folded before Flop
Seat 6: SetOnesGoal folded before Flop (didn't bet)
Seat 7: KAAS467 folded before Flop (didn't bet)
Seat 8: andrei102030 folded before Flop
Seat 9: Dorex2007 folded before Flop (didn't bet)



PokerStars Hand #238177801281:  Hold'em No Limit ($0.02/$0.05 USD) - 2022/08/23 16:10:49 PT [2022/08/23 19:10:49 ET]
Table 'Dactyl III' 9-max Seat #2 is the button
Seat 1: AssosManiki ($10.22 in chips) 
Seat 2: RaoniGC ($1.09 in chips) 
Seat 4: durrrvitton ($5.51 in chips) 
Seat 5: Pabz0r357 ($5 in chips) 
Seat 6: SetOnesGoal ($9.35 in chips) 
Seat 7: KAAS467 ($5.35 in chips) 
Seat 8: andrei102030 ($2.68 in chips) 
Seat 9: Dorex2007 ($6.96 in chips) 
durrrvitton: posts small blind $0.02
Pabz0r357: posts big blind $0.05
*** HOLE CARDS ***
Dealt to Dorex2007 [Ks 5c]
SetOnesGoal: folds 
KAAS467: folds 
andrei102030: calls $0.05
Dorex2007: folds 
AssosManiki: raises $0.13 to $0.18
RaoniGC: folds 
durrrvitton: calls $0.16
Pabz0r357: calls $0.13
NicolettiRob joins the table at seat #3 
andrei102030: calls $0.13
*** FLOP *** [9h 4h Ah]
durrrvitton: checks 
Pabz0r357: checks 
andrei102030: checks 
AssosManiki: bets $0.30
durrrvitton: folds 
Pabz0r357: calls $0.30
andrei102030: folds 
*** TURN *** [9h 4h Ah] [3d]
Pabz0r357: checks 
AssosManiki: bets $0.42
Pabz0r357: calls $0.42
*** RIVER *** [9h 4h Ah 3d] [9s]
Pabz0r357: checks 
AssosManiki: checks 
*** SHOW DOWN ***
Pabz0r357: shows [As Qh] (two pair, Aces and Nines)
AssosManiki: shows [Ad Kd] (two pair, Aces and Nines - King kicker)
AssosManiki collected $2.07 from pot
*** SUMMARY ***
Total pot $2.16 | Rake $0.09 
Board [9h 4h Ah 3d 9s]
Seat 1: AssosManiki showed [Ad Kd] and won ($2.07) with two pair, Aces and Nines
Seat 2: RaoniGC (button) folded before Flop (didn't bet)
Seat 4: durrrvitton (small blind) folded on the Flop
Seat 5: Pabz0r357 (big blind) showed [As Qh] and lost with two pair, Aces and Nines
Seat 6: SetOnesGoal folded before Flop (didn't bet)
Seat 7: KAAS467 folded before Flop (didn't bet)
Seat 8: andrei102030 folded on the Flop
Seat 9: Dorex2007 folded before Flop (didn't bet)



PokerStars Hand #238177819745:  Hold'em No Limit ($0.02/$0.05 USD) - 2022/08/23 16:11:54 PT [2022/08/23 19:11:54 ET]
Table 'Dactyl III' 9-max Seat #4 is the button
Seat 1: AssosManiki ($11.39 in chips) 
Seat 2: RaoniGC ($1.09 in chips) 
Seat 3: NicolettiRob ($5 in chips) 
Seat 4: durrrvitton ($5.33 in chips) 
Seat 5: Pabz0r357 ($4.10 in chips) 
Seat 6: SetOnesGoal ($9.35 in chips) 
Seat 7: KAAS467 ($5.35 in chips) 
Seat 8: andrei102030 ($2.50 in chips) 
Seat 9: Dorex2007 ($6.96 in chips) 
Pabz0r357: posts small blind $0.02
SetOnesGoal: posts big blind $0.05
NicolettiRob: posts big blind $0.05
*** HOLE CARDS ***
Dealt to Dorex2007 [2s Tc]
KAAS467: raises $0.10 to $0.15
andrei102030: folds 
Dorex2007: folds 
AssosManiki: calls $0.15
RaoniGC: folds 
NicolettiRob: folds 
durrrvitton: folds 
Pabz0r357: folds 
SetOnesGoal: folds 
*** FLOP *** [7h 4s Kc]
KAAS467: bets $0.20
AssosManiki: folds 
Uncalled bet ($0.20) returned to KAAS467
KAAS467 collected $0.40 from pot
KAAS467: doesn't show hand 
*** SUMMARY ***
Total pot $0.42 | Rake $0.02 
Board [7h 4s Kc]
Seat 1: AssosManiki folded on the Flop
Seat 2: RaoniGC folded before Flop (didn't bet)
Seat 3: NicolettiRob folded before Flop (didn't bet)
Seat 4: durrrvitton (button) folded before Flop (didn't bet)
Seat 5: Pabz0r357 (small blind) folded before Flop
Seat 6: SetOnesGoal (big blind) folded before Flop
Seat 7: KAAS467 collected ($0.40)
Seat 8: andrei102030 folded before Flop (didn't bet)
Seat 9: Dorex2007 folded before Flop (didn't bet)



PokerStars Hand #238177828706:  Hold'em No Limit ($0.02/$0.05 USD) - 2022/08/23 16:12:26 PT [2022/08/23 19:12:26 ET]
Table 'Dactyl III' 9-max Seat #5 is the button
Seat 1: AssosManiki ($11.24 in chips) 
Seat 2: RaoniGC ($1.09 in chips) 
Seat 3: NicolettiRob ($4.95 in chips) 
Seat 4: durrrvitton ($5.33 in chips) 
Seat 5: Pabz0r357 ($5 in chips) 
Seat 6: SetOnesGoal ($9.30 in chips) 
Seat 7: KAAS467 ($5.60 in chips) 
Seat 8: andrei102030 ($2.50 in chips) 
Seat 9: Dorex2007 ($6.96 in chips) 
SetOnesGoal: posts small blind $0.02
KAAS467: posts big blind $0.05
*** HOLE CARDS ***
Dealt to Dorex2007 [4s Jc]
andrei102030: calls $0.05
Dorex2007: folds 
AssosManiki: folds 
RaoniGC: folds 
NicolettiRob: folds 
durrrvitton: folds 
Pabz0r357: folds 
SetOnesGoal: calls $0.03
KAAS467: checks 
*** FLOP *** [Ad 3c 9h]
SetOnesGoal: checks 
KAAS467: checks 
andrei102030: bets $0.05
SetOnesGoal: folds 
KAAS467: folds 
Uncalled bet ($0.05) returned to andrei102030
andrei102030 collected $0.14 from pot
*** SUMMARY ***
Total pot $0.15 | Rake $0.01 
Board [Ad 3c 9h]
Seat 1: AssosManiki folded before Flop (didn't bet)
Seat 2: RaoniGC folded before Flop (didn't bet)
Seat 3: NicolettiRob folded before Flop (didn't bet)
Seat 4: durrrvitton folded before Flop (didn't bet)
Seat 5: Pabz0r357 (button) folded before Flop (didn't bet)
Seat 6: SetOnesGoal (small blind) folded on the Flop
Seat 7: KAAS467 (big blind) folded on the Flop
Seat 8: andrei102030 collected ($0.14)
Seat 9: Dorex2007 folded before Flop (didn't bet)



PokerStars Hand #238177844130:  Hold'em No Limit ($0.02/$0.05 USD) - 2022/08/23 16:13:21 PT [2022/08/23 19:13:21 ET]
Table 'Dactyl III' 9-max Seat #6 is the button
Seat 1: AssosManiki ($11.24 in chips) 
Seat 2: RaoniGC ($1.09 in chips) 
Seat 3: NicolettiRob ($4.95 in chips) 
Seat 4: durrrvitton ($5.33 in chips) 
Seat 5: Pabz0r357 ($5 in chips) 
Seat 6: SetOnesGoal ($9.25 in chips) 
Seat 7: KAAS467 ($5.55 in chips) 
Seat 8: andrei102030 ($2.59 in chips) 
Seat 9: Dorex2007 ($6.96 in chips) 
KAAS467: posts small blind $0.02
andrei102030: posts big blind $0.05
*** HOLE CARDS ***
Dealt to Dorex2007 [Td Jc]
Dorex2007: folds 
AssosManiki: folds 
RaoniGC: folds 
NicolettiRob: raises $0.05 to $0.10
durrrvitton: folds 
Pabz0r357: folds 
SetOnesGoal: folds 
KAAS467: folds 
andrei102030: calls $0.05
*** FLOP *** [Tc 6h 2h]
andrei102030: checks 
NicolettiRob: bets $0.10
andrei102030: folds 
Uncalled bet ($0.10) returned to NicolettiRob
NicolettiRob collected $0.21 from pot
*** SUMMARY ***
Total pot $0.22 | Rake $0.01 
Board [Tc 6h 2h]
Seat 1: AssosManiki folded before Flop (didn't bet)
Seat 2: RaoniGC folded before Flop (didn't bet)
Seat 3: NicolettiRob collected ($0.21)
Seat 4: durrrvitton folded before Flop (didn't bet)
Seat 5: Pabz0r357 folded before Flop (didn't bet)
Seat 6: SetOnesGoal (button) folded before Flop (didn't bet)
Seat 7: KAAS467 (small blind) folded before Flop
Seat 8: andrei102030 (big blind) folded on the Flop
Seat 9: Dorex2007 folded before Flop (didn't bet)



PokerStars Hand #238177852826:  Hold'em No Limit ($0.02/$0.05 USD) - 2022/08/23 16:13:52 PT [2022/08/23 19:13:52 ET]
Table 'Dactyl III' 9-max Seat #7 is the button
Seat 1: AssosManiki ($11.24 in chips) 
Seat 2: RaoniGC ($1.09 in chips) 
Seat 3: NicolettiRob ($5.06 in chips) 
Seat 4: durrrvitton ($5.33 in chips) 
Seat 5: Pabz0r357 ($5 in chips) 
Seat 6: SetOnesGoal ($9.25 in chips) 
Seat 7: KAAS467 ($5.53 in chips) 
Seat 8: andrei102030 ($2.49 in chips) 
Seat 9: Dorex2007 ($6.96 in chips) 
andrei102030: posts small blind $0.02
Dorex2007: posts big blind $0.05
*** HOLE CARDS ***
Dealt to Dorex2007 [8s Kd]
AssosManiki: folds 
RaoniGC: folds 
NicolettiRob: folds 
durrrvitton: folds 
Pabz0r357: folds 
SetOnesGoal: folds 
KAAS467: folds 
andrei102030: raises $0.05 to $0.10
Dorex2007: folds 
Uncalled bet ($0.05) returned to andrei102030
andrei102030 collected $0.10 from pot
*** SUMMARY ***
Total pot $0.10 | Rake $0 
Seat 1: AssosManiki folded before Flop (didn't bet)
Seat 2: RaoniGC folded before Flop (didn't bet)
Seat 3: NicolettiRob folded before Flop (didn't bet)
Seat 4: durrrvitton folded before Flop (didn't bet)
Seat 5: Pabz0r357 folded before Flop (didn't bet)
Seat 6: SetOnesGoal folded before Flop (didn't bet)
Seat 7: KAAS467 (button) folded before Flop (didn't bet)
Seat 8: andrei102030 (small blind) collected ($0.10)
Seat 9: Dorex2007 (big blind) folded before Flop



PokerStars Hand #238177857712:  Hold'em No Limit ($0.02/$0.05 USD) - 2022/08/23 16:14:10 PT [2022/08/23 19:14:10 ET]
Table 'Dactyl III' 9-max Seat #8 is the button
Seat 1: AssosManiki ($11.24 in chips) 
Seat 2: RaoniGC ($1.09 in chips) 
Seat 3: NicolettiRob ($5.06 in chips) 
Seat 4: durrrvitton ($5.33 in chips) 
Seat 5: Pabz0r357 ($5 in chips) 
Seat 6: SetOnesGoal ($9.25 in chips) 
Seat 7: KAAS467 ($5.53 in chips) 
Seat 8: andrei102030 ($2.54 in chips) 
Seat 9: Dorex2007 ($6.91 in chips) 
Dorex2007: posts small blind $0.02
AssosManiki: posts big blind $0.05
*** HOLE CARDS ***
Dealt to Dorex2007 [Th 3s]
RaoniGC: folds 
NicolettiRob: folds 
durrrvitton: folds 
Pabz0r357: folds 
SetOnesGoal: folds 
KAAS467: folds 
andrei102030: folds 
Dorex2007: folds 
Uncalled bet ($0.03) returned to AssosManiki
AssosManiki collected $0.04 from pot
AssosManiki: doesn't show hand 
*** SUMMARY ***
Total pot $0.04 | Rake $0 
Seat 1: AssosManiki (big blind) collected ($0.04)
Seat 2: RaoniGC folded before Flop (didn't bet)
Seat 3: NicolettiRob folded before Flop (didn't bet)
Seat 4: durrrvitton folded before Flop (didn't bet)
Seat 5: Pabz0r357 folded before Flop (didn't bet)
Seat 6: SetOnesGoal folded before Flop (didn't bet)
Seat 7: KAAS467 folded before Flop (didn't bet)
Seat 8: andrei102030 (button) folded before Flop (didn't bet)
Seat 9: Dorex2007 (small blind) folded before Flop



PokerStars Hand #238177864986:  Hold'em No Limit ($0.02/$0.05 USD) - 2022/08/23 16:14:36 PT [2022/08/23 19:14:36 ET]
Table 'Dactyl III' 9-max Seat #9 is the button
Seat 1: AssosManiki ($11.26 in chips) 
Seat 3: NicolettiRob ($5.06 in chips) 
Seat 4: durrrvitton ($5.33 in chips) 
Seat 5: Pabz0r357 ($5 in chips) 
Seat 6: SetOnesGoal ($9.25 in chips) 
Seat 7: KAAS467 ($5.53 in chips) 
Seat 8: andrei102030 ($2.54 in chips) 
Seat 9: Dorex2007 ($6.89 in chips) 
AssosManiki: posts small blind $0.02
RaoniGC: is sitting out 
NicolettiRob: posts big blind $0.05
*** HOLE CARDS ***
Dealt to Dorex2007 [7c Jh]
durrrvitton: raises $0.10 to $0.15
Pabz0r357: folds 
SetOnesGoal: folds 
KAAS467: folds 
andrei102030: calls $0.15
Dorex2007: folds 
AssosManiki: folds 
NicolettiRob: folds 
*** FLOP *** [8d 2h Qs]
durrrvitton: bets $0.12
andrei102030: calls $0.12
*** TURN *** [8d 2h Qs] [Jc]
durrrvitton: checks 
andrei102030: checks 
*** RIVER *** [8d 2h Qs Jc] [3h]
durrrvitton: checks 
andrei102030: checks 
*** SHOW DOWN ***
durrrvitton: shows [4h 4c] (a pair of Fours)
andrei102030: mucks hand 
durrrvitton collected $0.58 from pot
*** SUMMARY ***
Total pot $0.61 | Rake $0.03 
Board [8d 2h Qs Jc 3h]
Seat 1: AssosManiki (small blind) folded before Flop
Seat 3: NicolettiRob (big blind) folded before Flop
Seat 4: durrrvitton showed [4h 4c] and won ($0.58) with a pair of Fours
Seat 5: Pabz0r357 folded before Flop (didn't bet)
Seat 6: SetOnesGoal folded before Flop (didn't bet)
Seat 7: KAAS467 folded before Flop (didn't bet)
Seat 8: andrei102030 mucked [Kc As]
Seat 9: Dorex2007 (button) folded before Flop (didn't bet)



PokerStars Hand #238177878866:  Hold'em No Limit ($0.02/$0.05 USD) - 2022/08/23 16:15:25 PT [2022/08/23 19:15:25 ET]
Table 'Dactyl III' 9-max Seat #1 is the button
Seat 1: AssosManiki ($11.24 in chips) 
Seat 3: NicolettiRob ($5.01 in chips) 
Seat 4: durrrvitton ($5.64 in chips) 
Seat 5: Pabz0r357 ($5 in chips) 
Seat 6: SetOnesGoal ($9.25 in chips) 
Seat 7: KAAS467 ($5.53 in chips) 
Seat 8: andrei102030 ($2.27 in chips) 
Seat 9: Dorex2007 ($6.89 in chips) 
NicolettiRob: posts small blind $0.02
durrrvitton: posts big blind $0.05
*** HOLE CARDS ***
Dealt to Dorex2007 [8s 4c]
Pabz0r357: folds 
SetOnesGoal: folds 
KAAS467: folds 
andrei102030: folds 
Dorex2007: folds 
AssosManiki: folds 
NicolettiRob: calls $0.03
durrrvitton: checks 
*** FLOP *** [2h 7h Kh]
NicolettiRob: bets $0.10
durrrvitton: folds 
Uncalled bet ($0.10) returned to NicolettiRob
NicolettiRob collected $0.10 from pot
*** SUMMARY ***
Total pot $0.10 | Rake $0 
Board [2h 7h Kh]
Seat 1: AssosManiki (button) folded before Flop (didn't bet)
Seat 3: NicolettiRob (small blind) collected ($0.10)
Seat 4: durrrvitton (big blind) folded on the Flop
Seat 5: Pabz0r357 folded before Flop (didn't bet)
Seat 6: SetOnesGoal folded before Flop (didn't bet)
Seat 7: KAAS467 folded before Flop (didn't bet)
Seat 8: andrei102030 folded before Flop (didn't bet)
Seat 9: Dorex2007 folded before Flop (didn't bet)



PokerStars Hand #238177886372:  Hold'em No Limit ($0.02/$0.05 USD) - 2022/08/23 16:15:51 PT [2022/08/23 19:15:51 ET]
Table 'Dactyl III' 9-max Seat #3 is the button
Seat 1: AssosManiki ($11.24 in chips) 
Seat 3: NicolettiRob ($5.06 in chips) 
Seat 4: durrrvitton ($5.59 in chips) 
Seat 5: Pabz0r357 ($5 in chips) 
Seat 6: SetOnesGoal ($9.25 in chips) 
Seat 7: KAAS467 ($5.53 in chips) 
Seat 8: andrei102030 ($2.27 in chips) 
Seat 9: Dorex2007 ($6.89 in chips) 
durrrvitton: posts small blind $0.02
Pabz0r357: posts big blind $0.05
*** HOLE CARDS ***
Dealt to Dorex2007 [Js 3h]
SetOnesGoal: folds 
KAAS467: folds 
andrei102030: folds 
Dorex2007: folds 
AssosManiki: folds 
NicolettiRob: folds 
durrrvitton: calls $0.03
Pabz0r357: checks 
*** FLOP *** [4s 8h Ah]
durrrvitton: bets $0.10
Pabz0r357: folds 
Uncalled bet ($0.10) returned to durrrvitton
durrrvitton collected $0.10 from pot
*** SUMMARY ***
Total pot $0.10 | Rake $0 
Board [4s 8h Ah]
Seat 1: AssosManiki folded before Flop (didn't bet)
Seat 3: NicolettiRob (button) folded before Flop (didn't bet)
Seat 4: durrrvitton (small blind) collected ($0.10)
Seat 5: Pabz0r357 (big blind) folded on the Flop
Seat 6: SetOnesGoal folded before Flop (didn't bet)
Seat 7: KAAS467 folded before Flop (didn't bet)
Seat 8: andrei102030 folded before Flop (didn't bet)
Seat 9: Dorex2007 folded before Flop (didn't bet)



PokerStars Hand #238177896716:  Hold'em No Limit ($0.02/$0.05 USD) - 2022/08/23 16:16:28 PT [2022/08/23 19:16:28 ET]
Table 'Dactyl III' 9-max Seat #4 is the button
Seat 1: AssosManiki ($11.24 in chips) 
Seat 3: NicolettiRob ($5.06 in chips) 
Seat 4: durrrvitton ($5.64 in chips) 
Seat 5: Pabz0r357 ($4.95 in chips) 
Seat 6: SetOnesGoal ($9.25 in chips) 
Seat 7: KAAS467 ($5.53 in chips) 
Seat 8: andrei102030 ($2.27 in chips) 
Seat 9: Dorex2007 ($6.89 in chips) 
Pabz0r357: posts small blind $0.02
SetOnesGoal: posts big blind $0.05
*** HOLE CARDS ***
Dealt to Dorex2007 [6s 9s]
KAAS467: folds 
andrei102030: folds 
Dorex2007: folds 
AssosManiki: folds 
NicolettiRob: calls $0.05
durrrvitton: calls $0.05
Pabz0r357: folds 
SetOnesGoal: checks 
*** FLOP *** [5h Qc Ac]
SetOnesGoal: checks 
NicolettiRob: bets $0.10
durrrvitton: calls $0.10
SetOnesGoal: folds 
*** TURN *** [5h Qc Ac] [9d]
NicolettiRob: bets $0.15
durrrvitton: calls $0.15
*** RIVER *** [5h Qc Ac 9d] [Ad]
NicolettiRob: bets $0.32
RaoniGC leaves the table
durrrvitton: folds 
Uncalled bet ($0.32) returned to NicolettiRob
NicolettiRob collected $0.64 from pot
*** SUMMARY ***
Total pot $0.67 | Rake $0.03 
Board [5h Qc Ac 9d Ad]
Seat 1: AssosManiki folded before Flop (didn't bet)
Seat 3: NicolettiRob collected ($0.64)
Seat 4: durrrvitton (button) folded on the River
Seat 5: Pabz0r357 (small blind) folded before Flop
Seat 6: SetOnesGoal (big blind) folded on the Flop
Seat 7: KAAS467 folded before Flop (didn't bet)
Seat 8: andrei102030 folded before Flop (didn't bet)
Seat 9: Dorex2007 folded before Flop (didn't bet)



PokerStars Hand #238177915086:  Hold'em No Limit ($0.02/$0.05 USD) - 2022/08/23 16:17:33 PT [2022/08/23 19:17:33 ET]
Table 'Dactyl III' 9-max Seat #6 is the button
Seat 1: AssosManiki ($11.24 in chips) 
Seat 3: NicolettiRob ($5.40 in chips) 
Seat 4: durrrvitton ($5.34 in chips) 
Seat 6: SetOnesGoal ($9.20 in chips) 
Seat 7: KAAS467 ($5.53 in chips) 
Seat 8: andrei102030 ($2.27 in chips) 
Seat 9: Dorex2007 ($6.89 in chips) 
KAAS467: posts small blind $0.02
andrei102030: posts big blind $0.05
*** HOLE CARDS ***
Dealt to Dorex2007 [9s Th]
Dorex2007: folds 
AssosManiki: folds 
NicolettiRob: folds 
durrrvitton: folds 
SetOnesGoal: raises $0.07 to $0.12
KAAS467: folds 
andrei102030: calls $0.07
*** FLOP *** [Ks Qc 8c]
blackc62011 joins the table at seat #2 
andrei102030: checks 
SetOnesGoal: bets $0.12
andrei102030: calls $0.12
*** TURN *** [Ks Qc 8c] [Td]
andrei102030: checks 
SetOnesGoal: checks 
*** RIVER *** [Ks Qc 8c Td] [6h]
andrei102030: checks 
SetOnesGoal: checks 
*** SHOW DOWN ***
andrei102030: shows [9c Js] (a straight, Nine to King)
SetOnesGoal: mucks hand 
andrei102030 collected $0.48 from pot
*** SUMMARY ***
Total pot $0.50 | Rake $0.02 
Board [Ks Qc 8c Td 6h]
Seat 1: AssosManiki folded before Flop (didn't bet)
Seat 3: NicolettiRob folded before Flop (didn't bet)
Seat 4: durrrvitton folded before Flop (didn't bet)
Seat 6: SetOnesGoal (button) mucked [Ac 3s]
Seat 7: KAAS467 (small blind) folded before Flop
Seat 8: andrei102030 (big blind) showed [9c Js] and won ($0.48) with a straight, Nine to King
Seat 9: Dorex2007 folded before Flop (didn't bet)



PokerStars Hand #238177929999:  Hold'em No Limit ($0.02/$0.05 USD) - 2022/08/23 16:18:26 PT [2022/08/23 19:18:26 ET]
Table 'Dactyl III' 9-max Seat #7 is the button
Seat 1: AssosManiki ($11.24 in chips) 
Seat 2: blackc62011 ($3.83 in chips) 
Seat 3: NicolettiRob ($5.40 in chips) 
Seat 4: durrrvitton ($5.34 in chips) 
Seat 6: SetOnesGoal ($8.96 in chips) 
Seat 7: KAAS467 ($5.51 in chips) 
Seat 8: andrei102030 ($2.51 in chips) 
Seat 9: Dorex2007 ($6.89 in chips) 
andrei102030: posts small blind $0.02
Dorex2007: posts big blind $0.05
blackc62011: posts big blind $0.05
*** HOLE CARDS ***
Dealt to Dorex2007 [Jc Ac]
AssosManiki: folds 
blackc62011: checks 
NicolettiRob: folds 
durrrvitton: folds 
SetOnesGoal: folds 
KAAS467: folds 
andrei102030: calls $0.03
Dorex2007: raises $0.15 to $0.20
blackc62011: calls $0.15
andrei102030: folds 
*** FLOP *** [5h 2s Ks]
Dorex2007: bets $0.21
blackc62011: calls $0.21
*** TURN *** [5h 2s Ks] [6h]
Dorex2007: checks 
blackc62011: bets $0.41
Dorex2007: folds 
Uncalled bet ($0.41) returned to blackc62011
blackc62011 collected $0.83 from pot
blackc62011: doesn't show hand 
*** SUMMARY ***
Total pot $0.87 | Rake $0.04 
Board [5h 2s Ks 6h]
Seat 1: AssosManiki folded before Flop (didn't bet)
Seat 2: blackc62011 collected ($0.83)
Seat 3: NicolettiRob folded before Flop (didn't bet)
Seat 4: durrrvitton folded before Flop (didn't bet)
Seat 6: SetOnesGoal folded before Flop (didn't bet)
Seat 7: KAAS467 (button) folded before Flop (didn't bet)
Seat 8: andrei102030 (small blind) folded before Flop
Seat 9: Dorex2007 (big blind) folded on the Turn



PokerStars Hand #238177942392:  Hold'em No Limit ($0.02/$0.05 USD) - 2022/08/23 16:19:09 PT [2022/08/23 19:19:09 ET]
Table 'Dactyl III' 9-max Seat #8 is the button
Seat 1: AssosManiki ($11.24 in chips) 
Seat 2: blackc62011 ($4.25 in chips) 
Seat 3: NicolettiRob ($5.40 in chips) 
Seat 4: durrrvitton ($5.34 in chips) 
Seat 6: SetOnesGoal ($8.96 in chips) 
Seat 7: KAAS467 ($5.51 in chips) 
Seat 8: andrei102030 ($2.46 in chips) 
Seat 9: Dorex2007 ($6.48 in chips) 
Dorex2007: posts small blind $0.02
AssosManiki: posts big blind $0.05
*** HOLE CARDS ***
Dealt to Dorex2007 [2d 6h]
blackc62011: folds 
NicolettiRob: raises $0.05 to $0.10
durrrvitton: calls $0.10
SetOnesGoal: folds 
blackc62011 leaves the table
KAAS467: folds 
andrei102030: folds 
Dorex2007: folds 
AssosManiki: folds 
*** FLOP *** [6s 2s 9h]
NicolettiRob: bets $0.13
durrrvitton: calls $0.13
*** TURN *** [6s 2s 9h] [Js]
NicolettiRob: bets $0.25
durrrvitton: calls $0.25
*** RIVER *** [6s 2s 9h Js] [4d]
NicolettiRob: bets $0.49
durrrvitton: calls $0.49
*** SHOW DOWN ***
NicolettiRob: shows [Ts Tc] (a pair of Tens)
durrrvitton: mucks hand 
NicolettiRob collected $1.93 from pot
*** SUMMARY ***
Total pot $2.01 | Rake $0.08 
Board [6s 2s 9h Js 4d]
Seat 1: AssosManiki (big blind) folded before Flop
Seat 2: blackc62011 folded before Flop (didn't bet)
Seat 3: NicolettiRob showed [Ts Tc] and won ($1.93) with a pair of Tens
Seat 4: durrrvitton mucked [9c Ad]
Seat 6: SetOnesGoal folded before Flop (didn't bet)
Seat 7: KAAS467 folded before Flop (didn't bet)
Seat 8: andrei102030 (button) folded before Flop (didn't bet)
Seat 9: Dorex2007 (small blind) folded before Flop



PokerStars Hand #238177954734:  Hold'em No Limit ($0.02/$0.05 USD) - 2022/08/23 16:19:54 PT [2022/08/23 19:19:54 ET]
Table 'Dactyl III' 9-max Seat #9 is the button
Seat 1: AssosManiki ($11.19 in chips) 
Seat 3: NicolettiRob ($6.36 in chips) 
Seat 4: durrrvitton ($4.37 in chips) 
Seat 6: SetOnesGoal ($8.96 in chips) 
Seat 7: KAAS467 ($5.51 in chips) 
Seat 8: andrei102030 ($2.46 in chips) 
Seat 9: Dorex2007 ($6.46 in chips) 
AssosManiki: posts small blind $0.02
NicolettiRob: posts big blind $0.05
*** HOLE CARDS ***
Dealt to Dorex2007 [2d Ah]
durrrvitton: folds 
SetOnesGoal: folds 
KAAS467: folds 
andrei102030: calls $0.05
Dorex2007: folds 
AssosManiki: calls $0.03
NicolettiRob: checks 
*** FLOP *** [6h Qs Ad]
AssosManiki: checks 
NicolettiRob: checks 
andrei102030: checks 
*** TURN *** [6h Qs Ad] [Td]
AssosManiki: bets $0.09
NicolettiRob: folds 
andrei102030: calls $0.09
*** RIVER *** [6h Qs Ad Td] [Qc]
AssosManiki: bets $0.21
andrei102030: folds 
Uncalled bet ($0.21) returned to AssosManiki
AssosManiki collected $0.32 from pot
AssosManiki: doesn't show hand 
*** SUMMARY ***
Total pot $0.33 | Rake $0.01 
Board [6h Qs Ad Td Qc]
Seat 1: AssosManiki (small blind) collected ($0.32)
Seat 3: NicolettiRob (big blind) folded on the Turn
Seat 4: durrrvitton folded before Flop (didn't bet)
Seat 6: SetOnesGoal folded before Flop (didn't bet)
Seat 7: KAAS467 folded before Flop (didn't bet)
Seat 8: andrei102030 folded on the River
Seat 9: Dorex2007 (button) folded before Flop (didn't bet)



PokerStars Hand #238177971073:  Hold'em No Limit ($0.02/$0.05 USD) - 2022/08/23 16:20:33 PT [2022/08/23 19:20:33 ET]
Table 'Dactyl III' 9-max Seat #1 is the button
Seat 1: AssosManiki ($11.37 in chips) 
Seat 3: NicolettiRob ($6.31 in chips) 
Seat 4: durrrvitton ($4.37 in chips) 
Seat 6: SetOnesGoal ($8.96 in chips) 
Seat 7: KAAS467 ($5.51 in chips) 
Seat 8: andrei102030 ($2.32 in chips) 
Seat 9: Dorex2007 ($6.46 in chips) 
NicolettiRob: posts small blind $0.02
durrrvitton: posts big blind $0.05
*** HOLE CARDS ***
Dealt to Dorex2007 [Ad Td]
SetOnesGoal: folds 
KAAS467: folds 
andrei102030: folds 
Dorex2007: raises $0.10 to $0.15
AssosManiki: folds 
NicolettiRob: folds 
durrrvitton: folds 
Uncalled bet ($0.10) returned to Dorex2007
Dorex2007 collected $0.12 from pot
Dorex2007: doesn't show hand 
*** SUMMARY ***
Total pot $0.12 | Rake $0 
Seat 1: AssosManiki (button) folded before Flop (didn't bet)
Seat 3: NicolettiRob (small blind) folded before Flop
Seat 4: durrrvitton (big blind) folded before Flop
Seat 6: SetOnesGoal folded before Flop (didn't bet)
Seat 7: KAAS467 folded before Flop (didn't bet)
Seat 8: andrei102030 folded before Flop (didn't bet)
Seat 9: Dorex2007 collected ($0.12)



PokerStars Hand #238177981054:  Hold'em No Limit ($0.02/$0.05 USD) - 2022/08/23 16:21:08 PT [2022/08/23 19:21:08 ET]
Table 'Dactyl III' 9-max Seat #3 is the button
Seat 1: AssosManiki ($11.37 in chips) 
Seat 3: NicolettiRob ($6.29 in chips) 
Seat 4: durrrvitton ($4.32 in chips) 
Seat 7: KAAS467 ($5.51 in chips) 
Seat 8: andrei102030 ($2.32 in chips) 
Seat 9: Dorex2007 ($6.53 in chips) 
durrrvitton: posts small blind $0.02
SetOnesGoal: is sitting out 
KAAS467: posts big blind $0.05
*** HOLE CARDS ***
Dealt to Dorex2007 [Kh Ah]
SetOnesGoal leaves the table
andrei102030: folds 
Dorex2007: raises $0.10 to $0.15
AssosManiki: folds 
NicolettiRob: folds 
durrrvitton: folds 
KAAS467: calls $0.10
*** FLOP *** [Qc 8s 5d]
KAAS467: checks 
Dorex2007: checks 
*** TURN *** [Qc 8s 5d] [Ac]
KAAS467: bets $0.15
Dorex2007: calls $0.15
*** RIVER *** [Qc 8s 5d Ac] [3h]
KAAS467: checks 
Dorex2007: checks 
*** SHOW DOWN ***
KAAS467: shows [Jc Jd] (a pair of Jacks)
Dorex2007: shows [Kh Ah] (a pair of Aces)
Dorex2007 collected $0.59 from pot
*** SUMMARY ***
Total pot $0.62 | Rake $0.03 
Board [Qc 8s 5d Ac 3h]
Seat 1: AssosManiki folded before Flop (didn't bet)
Seat 3: NicolettiRob (button) folded before Flop (didn't bet)
Seat 4: durrrvitton (small blind) folded before Flop
Seat 7: KAAS467 (big blind) showed [Jc Jd] and lost with a pair of Jacks
Seat 8: andrei102030 folded before Flop (didn't bet)
Seat 9: Dorex2007 showed [Kh Ah] and won ($0.59) with a pair of Aces



PokerStars Hand #238177989578:  Hold'em No Limit ($0.02/$0.05 USD) - 2022/08/23 16:21:38 PT [2022/08/23 19:21:38 ET]
Table 'Dactyl III' 9-max Seat #4 is the button
Seat 1: AssosManiki ($11.37 in chips) 
Seat 3: NicolettiRob ($6.29 in chips) 
Seat 4: durrrvitton ($4.30 in chips) 
Seat 7: KAAS467 ($5.21 in chips) 
Seat 8: andrei102030 ($2.32 in chips) 
Seat 9: Dorex2007 ($6.82 in chips) 
KAAS467: posts small blind $0.02
andrei102030: posts big blind $0.05
*** HOLE CARDS ***
Dealt to Dorex2007 [8d Qh]
Dorex2007: folds 
AssosManiki: raises $0.08 to $0.13
NicolettiRob: calls $0.13
durrrvitton: folds 
KAAS467: folds 
andrei102030: calls $0.08
*** FLOP *** [4c 6s 6d]
andrei102030: checks 
fbf58 joins the table at seat #6 
AssosManiki: checks 
NicolettiRob: checks 
*** TURN *** [4c 6s 6d] [7c]
andrei102030: checks 
AssosManiki: checks 
NicolettiRob: bets $0.15
andrei102030: calls $0.15
AssosManiki: folds 
*** RIVER *** [4c 6s 6d 7c] [8c]
andrei102030: bets $0.34
NicolettiRob: raises $1.36 to $1.70
andrei102030: raises $0.34 to $2.04 and is all-in
NicolettiRob: calls $0.34
*** SHOW DOWN ***
andrei102030: shows [3c Tc] (a flush, Ten high)
NicolettiRob: shows [Ac 6c] (a flush, Ace high)
NicolettiRob collected $4.59 from pot
*** SUMMARY ***
Total pot $4.79 | Rake $0.20 
Board [4c 6s 6d 7c 8c]
Seat 1: AssosManiki folded on the Turn
Seat 3: NicolettiRob showed [Ac 6c] and won ($4.59) with a flush, Ace high
Seat 4: durrrvitton (button) folded before Flop (didn't bet)
Seat 7: KAAS467 (small blind) folded before Flop
Seat 8: andrei102030 (big blind) showed [3c Tc] and lost with a flush, Ten high
Seat 9: Dorex2007 folded before Flop (didn't bet)



PokerStars Hand #238178021806:  Hold'em No Limit ($0.02/$0.05 USD) - 2022/08/23 16:23:02 PT [2022/08/23 19:23:02 ET]
Table 'Dactyl III' 9-max Seat #7 is the button
Seat 1: AssosManiki ($11.24 in chips) 
Seat 3: NicolettiRob ($8.56 in chips) 
Seat 4: durrrvitton ($4.30 in chips) 
Seat 7: KAAS467 ($5.19 in chips) 
Seat 9: Dorex2007 ($6.82 in chips) 
Dorex2007: posts small blind $0.02
AssosManiki: posts big blind $0.05
fbf58: sits out 
*** HOLE CARDS ***
Dealt to Dorex2007 [4h 6c]
NicolettiRob: folds 
durrrvitton: raises $0.05 to $0.10
KAAS467: folds 
Dorex2007: folds 
AssosManiki: folds 
Uncalled bet ($0.05) returned to durrrvitton
durrrvitton collected $0.12 from pot
*** SUMMARY ***
Total pot $0.12 | Rake $0 
Seat 1: AssosManiki (big blind) folded before Flop
Seat 3: NicolettiRob folded before Flop (didn't bet)
Seat 4: durrrvitton collected ($0.12)
Seat 7: KAAS467 (button) folded before Flop (didn't bet)
Seat 9: Dorex2007 (small blind) folded before Flop



PokerStars Hand #238178025327:  Hold'em No Limit ($0.02/$0.05 USD) - 2022/08/23 16:23:14 PT [2022/08/23 19:23:14 ET]
Table 'Dactyl III' 9-max Seat #9 is the button
Seat 1: AssosManiki ($11.19 in chips) 
Seat 3: NicolettiRob ($8.56 in chips) 
Seat 4: durrrvitton ($4.37 in chips) 
Seat 7: KAAS467 ($5.19 in chips) 
Seat 9: Dorex2007 ($6.80 in chips) 
AssosManiki: posts small blind $0.02
NicolettiRob: posts big blind $0.05
fbf58: sits out 
*** HOLE CARDS ***
Dealt to Dorex2007 [Jc 7d]
durrrvitton: raises $0.05 to $0.10
KAAS467: calls $0.10
Dorex2007: folds 
AssosManiki: folds 
NicolettiRob: calls $0.05
*** FLOP *** [3h Js 8c]
NicolettiRob: checks 
durrrvitton: checks 
KAAS467: bets $0.15
NicolettiRob: folds 
durrrvitton: folds 
Uncalled bet ($0.15) returned to KAAS467
KAAS467 collected $0.31 from pot
KAAS467: doesn't show hand 
fbf58 leaves the table
*** SUMMARY ***
Total pot $0.32 | Rake $0.01 
Board [3h Js 8c]
Seat 1: AssosManiki (small blind) folded before Flop
Seat 3: NicolettiRob (big blind) folded on the Flop
Seat 4: durrrvitton folded on the Flop
Seat 7: KAAS467 collected ($0.31)
Seat 9: Dorex2007 (button) folded before Flop (didn't bet)



PokerStars Hand #238178033330:  Hold'em No Limit ($0.02/$0.05 USD) - 2022/08/23 16:23:43 PT [2022/08/23 19:23:43 ET]
Table 'Dactyl III' 9-max Seat #1 is the button
Seat 1: AssosManiki ($11.17 in chips) 
Seat 3: NicolettiRob ($8.46 in chips) 
Seat 4: durrrvitton ($4.27 in chips) 
Seat 7: KAAS467 ($5.40 in chips) 
Seat 8: andrei102030 ($2.40 in chips) 
Seat 9: Dorex2007 ($6.80 in chips) 
NicolettiRob: posts small blind $0.02
durrrvitton: posts big blind $0.05
andrei102030: posts small blind $0.02
*** HOLE CARDS ***
Dealt to Dorex2007 [Jh Qh]
KAAS467: folds 
andrei102030: folds 
Dorex2007: raises $0.10 to $0.15
AssosManiki: folds 
NicolettiRob: calls $0.13
durrrvitton: folds 
*** FLOP *** [5d 7d Qd]
NicolettiRob: bets $0.17
Dorex2007: calls $0.17
*** TURN *** [5d 7d Qd] [4s]
NicolettiRob: bets $0.34
Dorex2007: calls $0.34
*** RIVER *** [5d 7d Qd 4s] [3d]
NicolettiRob: bets $0.66
Dorex2007: folds 
Uncalled bet ($0.66) returned to NicolettiRob
NicolettiRob collected $1.33 from pot
*** SUMMARY ***
Total pot $1.39 | Rake $0.06 
Board [5d 7d Qd 4s 3d]
Seat 1: AssosManiki (button) folded before Flop (didn't bet)
Seat 3: NicolettiRob (small blind) collected ($1.33)
Seat 4: durrrvitton (big blind) folded before Flop
Seat 7: KAAS467 folded before Flop (didn't bet)
Seat 8: andrei102030 folded before Flop (didn't bet)
Seat 9: Dorex2007 folded on the River



PokerStars Hand #238178043363:  Hold'em No Limit ($0.02/$0.05 USD) - 2022/08/23 16:24:20 PT [2022/08/23 19:24:20 ET]
Table 'Dactyl III' 9-max Seat #3 is the button
Seat 1: AssosManiki ($11.17 in chips) 
Seat 3: NicolettiRob ($9.13 in chips) 
Seat 4: durrrvitton ($4.22 in chips) 
Seat 5: Pabz0r357 ($4.93 in chips) 
Seat 7: KAAS467 ($5.40 in chips) 
Seat 8: andrei102030 ($2.38 in chips) 
Seat 9: Dorex2007 ($6.14 in chips) 
durrrvitton: posts small blind $0.02
Pabz0r357: posts big blind $0.05
*** HOLE CARDS ***
Dealt to Dorex2007 [2h Ah]
KAAS467: folds 
andrei102030: calls $0.05
Dorex2007: folds 
AssosManiki: raises $0.17 to $0.22
NicolettiRob: folds 
durrrvitton: folds 
Pabz0r357: folds 
andrei102030: folds 
Uncalled bet ($0.17) returned to AssosManiki
AssosManiki collected $0.17 from pot
AssosManiki: doesn't show hand 
*** SUMMARY ***
Total pot $0.17 | Rake $0 
Seat 1: AssosManiki collected ($0.17)
Seat 3: NicolettiRob (button) folded before Flop (didn't bet)
Seat 4: durrrvitton (small blind) folded before Flop
Seat 5: Pabz0r357 (big blind) folded before Flop
Seat 7: KAAS467 folded before Flop (didn't bet)
Seat 8: andrei102030 folded before Flop
Seat 9: Dorex2007 folded before Flop (didn't bet)



PokerStars Hand #238178053289:  Hold'em No Limit ($0.02/$0.05 USD) - 2022/08/23 16:24:56 PT [2022/08/23 19:24:56 ET]
Table 'Dactyl III' 9-max Seat #4 is the button
Seat 1: AssosManiki ($11.29 in chips) 
Seat 3: NicolettiRob ($9.13 in chips) 
Seat 4: durrrvitton ($4.20 in chips) 
Seat 5: Pabz0r357 ($4.88 in chips) 
Seat 7: KAAS467 ($5.40 in chips) 
Seat 8: andrei102030 ($2.33 in chips) 
Seat 9: Dorex2007 ($6.14 in chips) 
Pabz0r357: posts small blind $0.02
KAAS467: posts big blind $0.05
*** HOLE CARDS ***
Dealt to Dorex2007 [3c 2d]
andrei102030: folds 
Dorex2007: folds 
AssosManiki: folds 
NicolettiRob: folds 
durrrvitton: calls $0.05
Dt_Hyde1 joins the table at seat #2 
Pabz0r357: folds 
KAAS467: checks 
*** FLOP *** [2h 5c Ad]
KAAS467: checks 
durrrvitton: checks 
*** TURN *** [2h 5c Ad] [Qs]
KAAS467: checks 
durrrvitton: bets $0.10
KAAS467: folds 
Uncalled bet ($0.10) returned to durrrvitton
durrrvitton collected $0.12 from pot
*** SUMMARY ***
Total pot $0.12 | Rake $0 
Board [2h 5c Ad Qs]
Seat 1: AssosManiki folded before Flop (didn't bet)
Seat 3: NicolettiRob folded before Flop (didn't bet)
Seat 4: durrrvitton (button) collected ($0.12)
Seat 5: Pabz0r357 (small blind) folded before Flop
Seat 7: KAAS467 (big blind) folded on the Turn
Seat 8: andrei102030 folded before Flop (didn't bet)
Seat 9: Dorex2007 folded before Flop (didn't bet)



PokerStars Hand #238178064724:  Hold'em No Limit ($0.02/$0.05 USD) - 2022/08/23 16:25:38 PT [2022/08/23 19:25:38 ET]
Table 'Dactyl III' 9-max Seat #5 is the button
Seat 1: AssosManiki ($11.29 in chips) 
Seat 3: NicolettiRob ($9.13 in chips) 
Seat 4: durrrvitton ($4.27 in chips) 
Seat 5: Pabz0r357 ($4.86 in chips) 
Seat 7: KAAS467 ($5.35 in chips) 
Seat 8: andrei102030 ($2.33 in chips) 
Seat 9: Dorex2007 ($6.14 in chips) 
KAAS467: posts small blind $0.02
andrei102030: posts big blind $0.05
Dt_Hyde1: sits out 
*** HOLE CARDS ***
Dealt to Dorex2007 [4h 7s]
Dorex2007: folds 
AssosManiki: folds 
NicolettiRob: folds 
durrrvitton: folds 
AssosManiki leaves the table
Pabz0r357: raises $0.10 to $0.15
KAAS467: folds 
andrei102030: folds 
Uncalled bet ($0.10) returned to Pabz0r357
Pabz0r357 collected $0.12 from pot
Pabz0r357: doesn't show hand 
*** SUMMARY ***
Total pot $0.12 | Rake $0 
Seat 1: AssosManiki folded before Flop (didn't bet)
Seat 3: NicolettiRob folded before Flop (didn't bet)
Seat 4: durrrvitton folded before Flop (didn't bet)
Seat 5: Pabz0r357 (button) collected ($0.12)
Seat 7: KAAS467 (small blind) folded before Flop
Seat 8: andrei102030 (big blind) folded before Flop
Seat 9: Dorex2007 folded before Flop (didn't bet)



PokerStars Hand #238178068968:  Hold'em No Limit ($0.02/$0.05 USD) - 2022/08/23 16:25:54 PT [2022/08/23 19:25:54 ET]
Table 'Dactyl III' 9-max Seat #7 is the button
Seat 3: NicolettiRob ($9.13 in chips) 
Seat 4: durrrvitton ($4.27 in chips) 
Seat 5: Pabz0r357 ($4.93 in chips) 
Seat 7: KAAS467 ($5.33 in chips) 
Seat 8: andrei102030 ($2.28 in chips) 
Seat 9: Dorex2007 ($6.14 in chips) 
andrei102030: posts small blind $0.02
Dorex2007: posts big blind $0.05
Dt_Hyde1: sits out 
*** HOLE CARDS ***
Dealt to Dorex2007 [7d Ad]
NicolettiRob: folds 
durrrvitton: folds 
Pabz0r357: folds 
KAAS467: folds 
andrei102030: folds 
Uncalled bet ($0.03) returned to Dorex2007
Dorex2007 collected $0.04 from pot
Dorex2007: doesn't show hand 
*** SUMMARY ***
Total pot $0.04 | Rake $0 
Seat 3: NicolettiRob folded before Flop (didn't bet)
Seat 4: durrrvitton folded before Flop (didn't bet)
Seat 5: Pabz0r357 folded before Flop (didn't bet)
Seat 7: KAAS467 (button) folded before Flop (didn't bet)
Seat 8: andrei102030 (small blind) folded before Flop
Seat 9: Dorex2007 (big blind) collected ($0.04)



PokerStars Hand #238178071938:  Hold'em No Limit ($0.02/$0.05 USD) - 2022/08/23 16:26:05 PT [2022/08/23 19:26:05 ET]
Table 'Dactyl III' 9-max Seat #8 is the button
Seat 2: Dt_Hyde1 ($5 in chips) 
Seat 3: NicolettiRob ($9.13 in chips) 
Seat 4: durrrvitton ($4.27 in chips) 
Seat 5: Pabz0r357 ($4.93 in chips) 
Seat 7: KAAS467 ($5.33 in chips) 
Seat 8: andrei102030 ($2.26 in chips) 
Seat 9: Dorex2007 ($6.16 in chips) 
Dorex2007: posts small blind $0.02
Dt_Hyde1: posts big blind $0.05
*** HOLE CARDS ***
Dealt to Dorex2007 [Qs 5s]
NicolettiRob: folds 
durrrvitton: raises $0.05 to $0.10
Pabz0r357: folds 
KAAS467: folds 
andrei102030: calls $0.10
Dorex2007: folds 
Dt_Hyde1: folds 
*** FLOP *** [Jc Ac Kd]
durrrvitton: bets $0.13
andrei102030: folds 
Uncalled bet ($0.13) returned to durrrvitton
durrrvitton collected $0.26 from pot
*** SUMMARY ***
Total pot $0.27 | Rake $0.01 
Board [Jc Ac Kd]
Seat 2: Dt_Hyde1 (big blind) folded before Flop
Seat 3: NicolettiRob folded before Flop (didn't bet)
Seat 4: durrrvitton collected ($0.26)
Seat 5: Pabz0r357 folded before Flop (didn't bet)
Seat 7: KAAS467 folded before Flop (didn't bet)
Seat 8: andrei102030 (button) folded on the Flop
Seat 9: Dorex2007 (small blind) folded before Flop



PokerStars Hand #238178080070:  Hold'em No Limit ($0.02/$0.05 USD) - 2022/08/23 16:26:34 PT [2022/08/23 19:26:34 ET]
Table 'Dactyl III' 9-max Seat #9 is the button
Seat 2: Dt_Hyde1 ($5 in chips) 
Seat 3: NicolettiRob ($9.13 in chips) 
Seat 4: durrrvitton ($4.43 in chips) 
Seat 5: Pabz0r357 ($4.93 in chips) 
Seat 7: KAAS467 ($5.33 in chips) 
Seat 8: andrei102030 ($2.16 in chips) 
Seat 9: Dorex2007 ($6.14 in chips) 
Dt_Hyde1: posts small blind $0.02
NicolettiRob: posts big blind $0.05
*** HOLE CARDS ***
Dealt to Dorex2007 [Kc Jd]
durrrvitton: folds 
Pabz0r357: folds 
KAAS467: raises $0.10 to $0.15
andrei102030: calls $0.15
Dorex2007: calls $0.15
Dt_Hyde1: folds 
NicolettiRob: folds 
*** FLOP *** [2d Ah Tc]
KAAS467: checks 
andrei102030: checks 
Dorex2007: checks 
*** TURN *** [2d Ah Tc] [3h]
KAAS467: checks 
andrei102030: bets $0.50
Dorex2007: folds 
KAAS467: folds 
Uncalled bet ($0.50) returned to andrei102030
andrei102030 collected $0.50 from pot
*** SUMMARY ***
Total pot $0.52 | Rake $0.02 
Board [2d Ah Tc 3h]
Seat 2: Dt_Hyde1 (small blind) folded before Flop
Seat 3: NicolettiRob (big blind) folded before Flop
Seat 4: durrrvitton folded before Flop (didn't bet)
Seat 5: Pabz0r357 folded before Flop (didn't bet)
Seat 7: KAAS467 folded on the Turn
Seat 8: andrei102030 collected ($0.50)
Seat 9: Dorex2007 (button) folded on the Turn



PokerStars Hand #238178095028:  Hold'em No Limit ($0.02/$0.05 USD) - 2022/08/23 16:27:30 PT [2022/08/23 19:27:30 ET]
Table 'Dactyl III' 9-max Seat #2 is the button
Seat 2: Dt_Hyde1 ($5 in chips) 
Seat 3: NicolettiRob ($9.08 in chips) 
Seat 4: durrrvitton ($4.43 in chips) 
Seat 5: Pabz0r357 ($4.93 in chips) 
Seat 7: KAAS467 ($5.18 in chips) 
Seat 8: andrei102030 ($2.51 in chips) 
Seat 9: Dorex2007 ($5.99 in chips) 
NicolettiRob: posts small blind $0.02
durrrvitton: posts big blind $0.05
*** HOLE CARDS ***
Dealt to Dorex2007 [4h 5h]
Pabz0r357: folds 
KAAS467: folds 
Pabz0r357 leaves the table
andrei102030: folds 
Dorex2007: folds 
Dt_Hyde1 has timed out
Dt_Hyde1: folds 
NicolettiRob: calls $0.03
durrrvitton: checks 
*** FLOP *** [Jh 5c 8h]
NicolettiRob: checks 
durrrvitton: checks 
*** TURN *** [Jh 5c 8h] [Ad]
NicolettiRob: checks 
durrrvitton: bets $0.05
NicolettiRob: folds 
Uncalled bet ($0.05) returned to durrrvitton
durrrvitton collected $0.10 from pot
*** SUMMARY ***
Total pot $0.10 | Rake $0 
Board [Jh 5c 8h Ad]
Seat 2: Dt_Hyde1 (button) folded before Flop (didn't bet)
Seat 3: NicolettiRob (small blind) folded on the Turn
Seat 4: durrrvitton (big blind) collected ($0.10)
Seat 5: Pabz0r357 folded before Flop (didn't bet)
Seat 7: KAAS467 folded before Flop (didn't bet)
Seat 8: andrei102030 folded before Flop (didn't bet)
Seat 9: Dorex2007 folded before Flop (didn't bet)



PokerStars Hand #238178105396:  Hold'em No Limit ($0.02/$0.05 USD) - 2022/08/23 16:28:08 PT [2022/08/23 19:28:08 ET]
Table 'Dactyl III' 9-max Seat #3 is the button
Seat 2: Dt_Hyde1 ($5 in chips) 
Seat 3: NicolettiRob ($9.03 in chips) 
Seat 4: durrrvitton ($4.48 in chips) 
Seat 7: KAAS467 ($5.18 in chips) 
Seat 8: andrei102030 ($2.51 in chips) 
Seat 9: Dorex2007 ($5.99 in chips) 
durrrvitton: posts small blind $0.02
KAAS467: posts big blind $0.05
*** HOLE CARDS ***
Dealt to Dorex2007 [7s 4s]
andrei102030: folds 
Dorex2007: folds 
Dt_Hyde1: folds 
NicolettiRob: folds 
durrrvitton: calls $0.03
andrei102030 leaves the table
KAAS467: checks 
*** FLOP *** [Qs Ah 2d]
durrrvitton: checks 
KAAS467: checks 
*** TURN *** [Qs Ah 2d] [2h]
durrrvitton: checks 
KAAS467: checks 
*** RIVER *** [Qs Ah 2d 2h] [2s]
durrrvitton: checks 
KAAS467: bets $0.07
durrrvitton: folds 
Uncalled bet ($0.07) returned to KAAS467
KAAS467 collected $0.10 from pot
KAAS467: doesn't show hand 
*** SUMMARY ***
Total pot $0.10 | Rake $0 
Board [Qs Ah 2d 2h 2s]
Seat 2: Dt_Hyde1 folded before Flop (didn't bet)
Seat 3: NicolettiRob (button) folded before Flop (didn't bet)
Seat 4: durrrvitton (small blind) folded on the River
Seat 7: KAAS467 (big blind) collected ($0.10)
Seat 8: andrei102030 folded before Flop (didn't bet)
Seat 9: Dorex2007 folded before Flop (didn't bet)



PokerStars Hand #238178117324:  Hold'em No Limit ($0.02/$0.05 USD) - 2022/08/23 16:28:52 PT [2022/08/23 19:28:52 ET]
Table 'Dactyl III' 9-max Seat #4 is the button
Seat 2: Dt_Hyde1 ($5 in chips) 
Seat 3: NicolettiRob ($9.03 in chips) 
Seat 4: durrrvitton ($4.43 in chips) 
Seat 7: KAAS467 ($5.23 in chips) 
Seat 9: Dorex2007 ($5.99 in chips) 
KAAS467: posts small blind $0.02
Dorex2007: posts big blind $0.05
*** HOLE CARDS ***
Dealt to Dorex2007 [Ts 6d]
Dt_Hyde1: folds 
NicolettiRob: folds 
durrrvitton: folds 
durrrvitton leaves the table
KAAS467: folds 
Uncalled bet ($0.03) returned to Dorex2007
Dorex2007 collected $0.04 from pot
Dorex2007: doesn't show hand 
*** SUMMARY ***
Total pot $0.04 | Rake $0 
Seat 2: Dt_Hyde1 folded before Flop (didn't bet)
Seat 3: NicolettiRob folded before Flop (didn't bet)
Seat 4: durrrvitton (button) folded before Flop (didn't bet)
Seat 7: KAAS467 (small blind) folded before Flop
Seat 9: Dorex2007 (big blind) collected ($0.04)



PokerStars Hand #238178119617:  Hold'em No Limit ($0.02/$0.05 USD) - 2022/08/23 16:29:00 PT [2022/08/23 19:29:00 ET]
Table 'Dactyl III' 9-max Seat #7 is the button
Seat 2: Dt_Hyde1 ($5 in chips) 
Seat 3: NicolettiRob ($9.03 in chips) 
Seat 7: KAAS467 ($5.21 in chips) 
Seat 9: Dorex2007 ($6.01 in chips) 
Dorex2007: posts small blind $0.02
Dt_Hyde1: posts big blind $0.05
*** HOLE CARDS ***
Dealt to Dorex2007 [3d 4d]
NicolettiRob: folds 
NicolettiRob leaves the table
KAAS467: raises $0.10 to $0.15
Dorex2007: folds 
Dt_Hyde1: folds 
Uncalled bet ($0.10) returned to KAAS467
KAAS467 collected $0.12 from pot
KAAS467: doesn't show hand 
*** SUMMARY ***
Total pot $0.12 | Rake $0 
Seat 2: Dt_Hyde1 (big blind) folded before Flop
Seat 3: NicolettiRob folded before Flop (didn't bet)
Seat 7: KAAS467 (button) collected ($0.12)
Seat 9: Dorex2007 (small blind) folded before Flop



