PokerStars Hand #238713809841:  Hold'em No Limit ($0.02/$0.05 USD) - 2022/09/18 13:37:36 PT [2022/09/18 16:37:36 ET]
Table 'Pavo III' 9-max Seat #6 is the button
Seat 1: MarkFitz76 ($5 in chips) 
Seat 2: NoFear660709 ($9.21 in chips) 
Seat 3: reddevils888 ($3.20 in chips) 
Seat 4: Dorex2007 ($5 in chips) 
Seat 6: OniTDLM ($5.14 in chips) 
Seat 7: shuttler17 ($3.02 in chips) 
Seat 8: Almanza63 ($14.44 in chips) 
Seat 9: Tueni13 ($4.82 in chips) 
shuttler17: posts small blind $0.02
Almanza63: posts big blind $0.05
Dorex2007: posts big blind $0.05
masonada213: sits out 
*** HOLE CARDS ***
Dealt to Dorex2007 [9s 3h]
Tueni13: folds 
MarkFitz76: folds 
NoFear660709: folds 
reddevils888: raises $0.17 to $0.22
Dorex2007: folds 
OniTDLM: folds 
shuttler17: folds 
Almanza63: folds 
Uncalled bet ($0.17) returned to reddevils888
reddevils888 collected $0.17 from pot
*** SUMMARY ***
Total pot $0.17 | Rake $0 
Seat 1: MarkFitz76 folded before Flop (didn't bet)
Seat 2: NoFear660709 folded before Flop (didn't bet)
Seat 3: reddevils888 collected ($0.17)
Seat 4: Dorex2007 folded before Flop (didn't bet)
Seat 6: OniTDLM (button) folded before Flop (didn't bet)
Seat 7: shuttler17 (small blind) folded before Flop
Seat 8: Almanza63 (big blind) folded before Flop
Seat 9: Tueni13 folded before Flop (didn't bet)



PokerStars Hand #238713818924:  Hold'em No Limit ($0.02/$0.05 USD) - 2022/09/18 13:37:55 PT [2022/09/18 16:37:55 ET]
Table 'Pavo III' 9-max Seat #7 is the button
Seat 1: MarkFitz76 ($5 in chips) 
Seat 2: NoFear660709 ($9.21 in chips) 
Seat 3: reddevils888 ($3.32 in chips) 
Seat 4: Dorex2007 ($5 in chips) 
Seat 6: OniTDLM ($5.14 in chips) 
Seat 7: shuttler17 ($3 in chips) 
Seat 8: Almanza63 ($14.39 in chips) 
Seat 9: Tueni13 ($4.82 in chips) 
Almanza63: posts small blind $0.02
Tueni13: posts big blind $0.05
masonada213: sits out 
*** HOLE CARDS ***
Dealt to Dorex2007 [2c 6c]
MarkFitz76: folds 
NoFear660709: folds 
reddevils888: folds 
Dorex2007: folds 
OniTDLM: folds 
shuttler17: folds 
Almanza63: raises $0.08 to $0.13
Tueni13: calls $0.08
*** FLOP *** [3s Ah Ac]
Almanza63: checks 
Tueni13: checks 
*** TURN *** [3s Ah Ac] [8h]
Almanza63: checks 
Tueni13: bets $0.05
Almanza63: folds 
Uncalled bet ($0.05) returned to Tueni13
Tueni13 collected $0.25 from pot
*** SUMMARY ***
Total pot $0.26 | Rake $0.01 
Board [3s Ah Ac 8h]
Seat 1: MarkFitz76 folded before Flop (didn't bet)
Seat 2: NoFear660709 folded before Flop (didn't bet)
Seat 3: reddevils888 folded before Flop (didn't bet)
Seat 4: Dorex2007 folded before Flop (didn't bet)
Seat 6: OniTDLM folded before Flop (didn't bet)
Seat 7: shuttler17 (button) folded before Flop (didn't bet)
Seat 8: Almanza63 (small blind) folded on the Turn
Seat 9: Tueni13 (big blind) collected ($0.25)



PokerStars Hand #238713835530:  Hold'em No Limit ($0.02/$0.05 USD) - 2022/09/18 13:38:31 PT [2022/09/18 16:38:31 ET]
Table 'Pavo III' 9-max Seat #8 is the button
Seat 1: MarkFitz76 ($5 in chips) 
Seat 2: NoFear660709 ($9.21 in chips) 
Seat 3: reddevils888 ($3.32 in chips) 
Seat 4: Dorex2007 ($5 in chips) 
Seat 6: OniTDLM ($5.14 in chips) 
Seat 7: shuttler17 ($3 in chips) 
Seat 8: Almanza63 ($14.26 in chips) 
Seat 9: Tueni13 ($4.94 in chips) 
Tueni13: posts small blind $0.02
MarkFitz76: posts big blind $0.05
masonada213: sits out 
*** HOLE CARDS ***
Dealt to Dorex2007 [4s 5h]
NoFear660709: folds 
reddevils888: folds 
Dorex2007: folds 
OniTDLM: calls $0.05
shuttler17: folds 
Almanza63: folds 
Tueni13: calls $0.03
MarkFitz76: checks 
*** FLOP *** [As 7c 5c]
Tueni13: checks 
MarkFitz76: checks 
OniTDLM: bets $0.05
Tueni13: folds 
MarkFitz76: folds 
Uncalled bet ($0.05) returned to OniTDLM
OniTDLM collected $0.14 from pot
OniTDLM: doesn't show hand 
*** SUMMARY ***
Total pot $0.15 | Rake $0.01 
Board [As 7c 5c]
Seat 1: MarkFitz76 (big blind) folded on the Flop
Seat 2: NoFear660709 folded before Flop (didn't bet)
Seat 3: reddevils888 folded before Flop (didn't bet)
Seat 4: Dorex2007 folded before Flop (didn't bet)
Seat 6: OniTDLM collected ($0.14)
Seat 7: shuttler17 folded before Flop (didn't bet)
Seat 8: Almanza63 (button) folded before Flop (didn't bet)
Seat 9: Tueni13 (small blind) folded on the Flop



PokerStars Hand #238713859928:  Hold'em No Limit ($0.02/$0.05 USD) - 2022/09/18 13:39:24 PT [2022/09/18 16:39:24 ET]
Table 'Pavo III' 9-max Seat #9 is the button
Seat 1: MarkFitz76 ($5 in chips) 
Seat 2: NoFear660709 ($9.21 in chips) 
Seat 3: reddevils888 ($3.32 in chips) 
Seat 4: Dorex2007 ($5 in chips) 
Seat 6: OniTDLM ($5.23 in chips) 
Seat 7: shuttler17 ($3 in chips) 
Seat 8: Almanza63 ($14.26 in chips) 
Seat 9: Tueni13 ($4.89 in chips) 
MarkFitz76: posts small blind $0.02
NoFear660709: posts big blind $0.05
masonada213: sits out 
*** HOLE CARDS ***
Dealt to Dorex2007 [Th 4d]
reddevils888: folds 
Dorex2007: folds 
OniTDLM: folds 
shuttler17: folds 
Almanza63: folds 
Tueni13: folds 
MarkFitz76: raises $0.15 to $0.20
NoFear660709: folds 
Uncalled bet ($0.15) returned to MarkFitz76
MarkFitz76 collected $0.10 from pot
MarkFitz76: doesn't show hand 
*** SUMMARY ***
Total pot $0.10 | Rake $0 
Seat 1: MarkFitz76 (small blind) collected ($0.10)
Seat 2: NoFear660709 (big blind) folded before Flop
Seat 3: reddevils888 folded before Flop (didn't bet)
Seat 4: Dorex2007 folded before Flop (didn't bet)
Seat 6: OniTDLM folded before Flop (didn't bet)
Seat 7: shuttler17 folded before Flop (didn't bet)
Seat 8: Almanza63 folded before Flop (didn't bet)
Seat 9: Tueni13 (button) folded before Flop (didn't bet)



PokerStars Hand #238713876422:  Hold'em No Limit ($0.02/$0.05 USD) - 2022/09/18 13:40:00 PT [2022/09/18 16:40:00 ET]
Table 'Pavo III' 9-max Seat #1 is the button
Seat 1: MarkFitz76 ($5.05 in chips) 
Seat 2: NoFear660709 ($9.16 in chips) 
Seat 3: reddevils888 ($3.32 in chips) 
Seat 4: Dorex2007 ($5 in chips) 
Seat 6: OniTDLM ($5.23 in chips) 
Seat 7: shuttler17 ($3 in chips) 
Seat 8: Almanza63 ($14.26 in chips) 
Seat 9: Tueni13 ($4.89 in chips) 
NoFear660709: posts small blind $0.02
reddevils888: posts big blind $0.05
masonada213: sits out 
*** HOLE CARDS ***
Dealt to Dorex2007 [5d Jd]
Dorex2007: folds 
OniTDLM: folds 
shuttler17: folds 
Almanza63: folds 
Tueni13: folds 
MarkFitz76: raises $0.10 to $0.15
NoFear660709: folds 
reddevils888: folds 
Uncalled bet ($0.10) returned to MarkFitz76
MarkFitz76 collected $0.12 from pot
MarkFitz76: doesn't show hand 
*** SUMMARY ***
Total pot $0.12 | Rake $0 
Seat 1: MarkFitz76 (button) collected ($0.12)
Seat 2: NoFear660709 (small blind) folded before Flop
Seat 3: reddevils888 (big blind) folded before Flop
Seat 4: Dorex2007 folded before Flop (didn't bet)
Seat 6: OniTDLM folded before Flop (didn't bet)
Seat 7: shuttler17 folded before Flop (didn't bet)
Seat 8: Almanza63 folded before Flop (didn't bet)
Seat 9: Tueni13 folded before Flop (didn't bet)



PokerStars Hand #238713889389:  Hold'em No Limit ($0.02/$0.05 USD) - 2022/09/18 13:40:28 PT [2022/09/18 16:40:28 ET]
Table 'Pavo III' 9-max Seat #2 is the button
Seat 1: MarkFitz76 ($5.12 in chips) 
Seat 2: NoFear660709 ($9.14 in chips) 
Seat 3: reddevils888 ($3.27 in chips) 
Seat 4: Dorex2007 ($5 in chips) 
Seat 6: OniTDLM ($5.23 in chips) 
Seat 7: shuttler17 ($3 in chips) 
Seat 8: Almanza63 ($14.26 in chips) 
Seat 9: Tueni13 ($4.89 in chips) 
reddevils888: posts small blind $0.02
Dorex2007: posts big blind $0.05
masonada213: sits out 
*** HOLE CARDS ***
Dealt to Dorex2007 [3h 5d]
OniTDLM: calls $0.05
shuttler17: folds 
Almanza63: folds 
Tueni13: calls $0.05
MarkFitz76: raises $0.25 to $0.30
NoFear660709: folds 
reddevils888: folds 
Dorex2007: folds 
OniTDLM: calls $0.25
Tueni13: folds 
*** FLOP *** [2s 9c 7c]
OniTDLM: checks 
MarkFitz76: bets $0.30
OniTDLM: folds 
Uncalled bet ($0.30) returned to MarkFitz76
MarkFitz76 collected $0.69 from pot
MarkFitz76: doesn't show hand 
*** SUMMARY ***
Total pot $0.72 | Rake $0.03 
Board [2s 9c 7c]
Seat 1: MarkFitz76 collected ($0.69)
Seat 2: NoFear660709 (button) folded before Flop (didn't bet)
Seat 3: reddevils888 (small blind) folded before Flop
Seat 4: Dorex2007 (big blind) folded before Flop
Seat 6: OniTDLM folded on the Flop
Seat 7: shuttler17 folded before Flop (didn't bet)
Seat 8: Almanza63 folded before Flop (didn't bet)
Seat 9: Tueni13 folded before Flop



PokerStars Hand #238713918454:  Hold'em No Limit ($0.02/$0.05 USD) - 2022/09/18 13:41:31 PT [2022/09/18 16:41:31 ET]
Table 'Pavo III' 9-max Seat #3 is the button
Seat 1: MarkFitz76 ($5.51 in chips) 
Seat 2: NoFear660709 ($9.14 in chips) 
Seat 3: reddevils888 ($3.25 in chips) 
Seat 4: Dorex2007 ($5 in chips) 
Seat 5: masonada213 ($5 in chips) 
Seat 6: OniTDLM ($4.93 in chips) 
Seat 7: shuttler17 ($3 in chips) 
Seat 8: Almanza63 ($14.26 in chips) 
Seat 9: Tueni13 ($4.84 in chips) 
Dorex2007: posts small blind $0.02
masonada213: posts big blind $0.05
*** HOLE CARDS ***
Dealt to Dorex2007 [Qd Ah]
OniTDLM: calls $0.05
shuttler17: folds 
Almanza63: folds 
Tueni13: calls $0.05
MarkFitz76: folds 
NoFear660709: folds 
reddevils888: folds 
Dorex2007: raises $0.10 to $0.15
masonada213: calls $0.10
OniTDLM: calls $0.10
Tueni13: calls $0.10
*** FLOP *** [Ac Jd Kc]
Dorex2007: checks 
masonada213: checks 
OniTDLM: bets $0.29
Tueni13: calls $0.29
Dorex2007: calls $0.29
masonada213: folds 
*** TURN *** [Ac Jd Kc] [9s]
Dorex2007: checks 
OniTDLM: bets $0.70
Tueni13: folds 
Dorex2007: calls $0.70
*** RIVER *** [Ac Jd Kc 9s] [Qh]
Dorex2007: checks 
OniTDLM: checks 
*** SHOW DOWN ***
Dorex2007: shows [Qd Ah] (two pair, Aces and Queens)
OniTDLM: mucks hand 
Dorex2007 collected $2.75 from pot
*** SUMMARY ***
Total pot $2.87 | Rake $0.12 
Board [Ac Jd Kc 9s Qh]
Seat 1: MarkFitz76 folded before Flop (didn't bet)
Seat 2: NoFear660709 folded before Flop (didn't bet)
Seat 3: reddevils888 (button) folded before Flop (didn't bet)
Seat 4: Dorex2007 (small blind) showed [Qd Ah] and won ($2.75) with two pair, Aces and Queens
Seat 5: masonada213 (big blind) folded on the Flop
Seat 6: OniTDLM mucked [6h As]
Seat 7: shuttler17 folded before Flop (didn't bet)
Seat 8: Almanza63 folded before Flop (didn't bet)
Seat 9: Tueni13 folded on the Turn



PokerStars Hand #238713963153:  Hold'em No Limit ($0.02/$0.05 USD) - 2022/09/18 13:43:09 PT [2022/09/18 16:43:09 ET]
Table 'Pavo III' 9-max Seat #4 is the button
Seat 1: MarkFitz76 ($5.51 in chips) 
Seat 2: NoFear660709 ($9.14 in chips) 
Seat 3: reddevils888 ($3.25 in chips) 
Seat 4: Dorex2007 ($6.61 in chips) 
Seat 5: masonada213 ($4.85 in chips) 
Seat 6: OniTDLM ($3.79 in chips) 
Seat 7: shuttler17 ($3 in chips) 
Seat 8: Almanza63 ($14.26 in chips) 
Seat 9: Tueni13 ($4.40 in chips) 
masonada213: posts small blind $0.02
OniTDLM: posts big blind $0.05
*** HOLE CARDS ***
Dealt to Dorex2007 [Kd 3h]
shuttler17: folds 
Almanza63: folds 
Tueni13: calls $0.05
MarkFitz76: folds 
NoFear660709: folds 
reddevils888: raises $0.10 to $0.15
Dorex2007: folds 
masonada213: folds 
OniTDLM: folds 
Tueni13: calls $0.10
*** FLOP *** [5d Jc Jd]
Tueni13: checks 
reddevils888: checks 
*** TURN *** [5d Jc Jd] [9d]
Tueni13: bets $0.17
reddevils888: calls $0.17
*** RIVER *** [5d Jc Jd 9d] [Kc]
Tueni13: bets $0.68
reddevils888: calls $0.68
*** SHOW DOWN ***
Tueni13: shows [Tc Qd] (a straight, Nine to King)
reddevils888: mucks hand 
Tueni13 collected $1.96 from pot
*** SUMMARY ***
Total pot $2.07 | Rake $0.11 
Board [5d Jc Jd 9d Kc]
Seat 1: MarkFitz76 folded before Flop (didn't bet)
Seat 2: NoFear660709 folded before Flop (didn't bet)
Seat 3: reddevils888 mucked [Qs Js]
Seat 4: Dorex2007 (button) folded before Flop (didn't bet)
Seat 5: masonada213 (small blind) folded before Flop
Seat 6: OniTDLM (big blind) folded before Flop
Seat 7: shuttler17 folded before Flop (didn't bet)
Seat 8: Almanza63 folded before Flop (didn't bet)
Seat 9: Tueni13 showed [Tc Qd] and won ($1.96) with a straight, Nine to King



PokerStars Hand #238713999476:  Hold'em No Limit ($0.02/$0.05 USD) - 2022/09/18 13:44:29 PT [2022/09/18 16:44:29 ET]
Table 'Pavo III' 9-max Seat #5 is the button
Seat 1: MarkFitz76 ($5.51 in chips) 
Seat 2: NoFear660709 ($9.14 in chips) 
Seat 3: reddevils888 ($2.25 in chips) 
Seat 4: Dorex2007 ($6.61 in chips) 
Seat 5: masonada213 ($4.83 in chips) 
Seat 6: OniTDLM ($3.74 in chips) 
Seat 7: shuttler17 ($3 in chips) 
Seat 8: Almanza63 ($14.26 in chips) 
Seat 9: Tueni13 ($5.36 in chips) 
OniTDLM: posts small blind $0.02
shuttler17: posts big blind $0.05
*** HOLE CARDS ***
Dealt to Dorex2007 [Td 3h]
Almanza63: folds 
Tueni13: folds 
MarkFitz76: raises $0.10 to $0.15
NoFear660709: folds 
reddevils888: calls $0.15
Dorex2007: folds 
masonada213: folds 
OniTDLM: calls $0.13
shuttler17: calls $0.10
*** FLOP *** [3s Tc As]
OniTDLM: checks 
shuttler17: checks 
MarkFitz76: bets $0.30
reddevils888: folds 
OniTDLM: folds 
shuttler17: calls $0.30
*** TURN *** [3s Tc As] [2c]
shuttler17: checks 
MarkFitz76: checks 
*** RIVER *** [3s Tc As 2c] [4h]
shuttler17: checks 
MarkFitz76: bets $0.80
shuttler17: folds 
Uncalled bet ($0.80) returned to MarkFitz76
MarkFitz76 collected $1.15 from pot
MarkFitz76: doesn't show hand 
*** SUMMARY ***
Total pot $1.20 | Rake $0.05 
Board [3s Tc As 2c 4h]
Seat 1: MarkFitz76 collected ($1.15)
Seat 2: NoFear660709 folded before Flop (didn't bet)
Seat 3: reddevils888 folded on the Flop
Seat 4: Dorex2007 folded before Flop (didn't bet)
Seat 5: masonada213 (button) folded before Flop (didn't bet)
Seat 6: OniTDLM (small blind) folded on the Flop
Seat 7: shuttler17 (big blind) folded on the River
Seat 8: Almanza63 folded before Flop (didn't bet)
Seat 9: Tueni13 folded before Flop (didn't bet)



PokerStars Hand #238714034380:  Hold'em No Limit ($0.02/$0.05 USD) - 2022/09/18 13:45:45 PT [2022/09/18 16:45:45 ET]
Table 'Pavo III' 9-max Seat #6 is the button
Seat 1: MarkFitz76 ($6.21 in chips) 
Seat 2: NoFear660709 ($9.14 in chips) 
Seat 3: reddevils888 ($2.10 in chips) 
Seat 4: Dorex2007 ($6.61 in chips) 
Seat 5: masonada213 ($4.83 in chips) 
Seat 6: OniTDLM ($3.59 in chips) 
Seat 7: shuttler17 ($2.55 in chips) 
Seat 8: Almanza63 ($14.26 in chips) 
Seat 9: Tueni13 ($5.36 in chips) 
shuttler17: posts small blind $0.02
Almanza63: posts big blind $0.05
*** HOLE CARDS ***
Dealt to Dorex2007 [6h 7h]
Tueni13: calls $0.05
MarkFitz76: raises $0.15 to $0.20
NoFear660709: folds 
reddevils888: calls $0.20
Dorex2007: folds 
masonada213: folds 
OniTDLM: folds 
shuttler17: folds 
Almanza63: folds 
Tueni13: calls $0.15
*** FLOP *** [2d Qd 5c]
Tueni13: checks 
MarkFitz76: checks 
reddevils888: bets $0.32
Tueni13: folds 
MarkFitz76: calls $0.32
*** TURN *** [2d Qd 5c] [4h]
MarkFitz76: checks 
reddevils888: bets $0.95
MarkFitz76: folds 
Uncalled bet ($0.95) returned to reddevils888
reddevils888 collected $1.26 from pot
*** SUMMARY ***
Total pot $1.31 | Rake $0.05 
Board [2d Qd 5c 4h]
Seat 1: MarkFitz76 folded on the Turn
Seat 2: NoFear660709 folded before Flop (didn't bet)
Seat 3: reddevils888 collected ($1.26)
Seat 4: Dorex2007 folded before Flop (didn't bet)
Seat 5: masonada213 folded before Flop (didn't bet)
Seat 6: OniTDLM (button) folded before Flop (didn't bet)
Seat 7: shuttler17 (small blind) folded before Flop
Seat 8: Almanza63 (big blind) folded before Flop
Seat 9: Tueni13 folded on the Flop



PokerStars Hand #238714069178:  Hold'em No Limit ($0.02/$0.05 USD) - 2022/09/18 13:47:01 PT [2022/09/18 16:47:01 ET]
Table 'Pavo III' 9-max Seat #7 is the button
Seat 1: MarkFitz76 ($5.69 in chips) 
Seat 2: NoFear660709 ($9.14 in chips) 
Seat 3: reddevils888 ($2.84 in chips) 
Seat 4: Dorex2007 ($6.61 in chips) 
Seat 5: masonada213 ($4.83 in chips) 
Seat 6: OniTDLM ($3.59 in chips) 
Seat 7: shuttler17 ($2.53 in chips) 
Seat 8: Almanza63 ($14.21 in chips) 
Seat 9: Tueni13 ($5.16 in chips) 
Almanza63: posts small blind $0.02
Tueni13: posts big blind $0.05
*** HOLE CARDS ***
Dealt to Dorex2007 [8s 7s]
MarkFitz76: folds 
NoFear660709: calls $0.05
reddevils888: folds 
Dorex2007: folds 
masonada213: raises $0.17 to $0.22
OniTDLM: folds 
shuttler17: calls $0.22
Almanza63: folds 
Tueni13: calls $0.17
NoFear660709: calls $0.17
*** FLOP *** [Ad Qd 4s]
Tueni13: checks 
NoFear660709: checks 
masonada213: checks 
shuttler17: bets $0.70
Tueni13: folds 
NoFear660709: folds 
masonada213: folds 
Uncalled bet ($0.70) returned to shuttler17
shuttler17 collected $0.85 from pot
shuttler17: doesn't show hand 
*** SUMMARY ***
Total pot $0.90 | Rake $0.05 
Board [Ad Qd 4s]
Seat 1: MarkFitz76 folded before Flop (didn't bet)
Seat 2: NoFear660709 folded on the Flop
Seat 3: reddevils888 folded before Flop (didn't bet)
Seat 4: Dorex2007 folded before Flop (didn't bet)
Seat 5: masonada213 folded on the Flop
Seat 6: OniTDLM folded before Flop (didn't bet)
Seat 7: shuttler17 (button) collected ($0.85)
Seat 8: Almanza63 (small blind) folded before Flop
Seat 9: Tueni13 (big blind) folded on the Flop



PokerStars Hand #238714097245:  Hold'em No Limit ($0.02/$0.05 USD) - 2022/09/18 13:48:02 PT [2022/09/18 16:48:02 ET]
Table 'Pavo III' 9-max Seat #8 is the button
Seat 1: MarkFitz76 ($5.69 in chips) 
Seat 2: NoFear660709 ($8.92 in chips) 
Seat 3: reddevils888 ($2.84 in chips) 
Seat 4: Dorex2007 ($6.61 in chips) 
Seat 5: masonada213 ($4.61 in chips) 
Seat 6: OniTDLM ($3.59 in chips) 
Seat 7: shuttler17 ($3.16 in chips) 
Seat 8: Almanza63 ($14.19 in chips) 
Seat 9: Tueni13 ($4.94 in chips) 
Tueni13: posts small blind $0.02
MarkFitz76: posts big blind $0.05
*** HOLE CARDS ***
Dealt to Dorex2007 [Tc 8c]
NoFear660709: folds 
reddevils888: raises $0.05 to $0.10
Dorex2007: folds 
masonada213: folds 
OniTDLM: calls $0.10
shuttler17: folds 
Almanza63: calls $0.10
Tueni13: folds 
MarkFitz76: calls $0.05
*** FLOP *** [6h 7h 4d]
MarkFitz76: checks 
reddevils888: checks 
OniTDLM: checks 
Almanza63: checks 
*** TURN *** [6h 7h 4d] [3c]
MarkFitz76: checks 
reddevils888: checks 
OniTDLM: checks 
Almanza63: checks 
*** RIVER *** [6h 7h 4d 3c] [9d]
MarkFitz76: checks 
reddevils888: checks 
OniTDLM: checks 
Almanza63: checks 
*** SHOW DOWN ***
MarkFitz76: shows [Qc Jh] (high card Queen)
reddevils888: shows [Jc Qd] (high card Queen)
OniTDLM: shows [Ac Ts] (high card Ace)
Almanza63: shows [Th Ad] (high card Ace)
OniTDLM collected $0.20 from pot
Almanza63 collected $0.20 from pot
*** SUMMARY ***
Total pot $0.42 | Rake $0.02 
Board [6h 7h 4d 3c 9d]
Seat 1: MarkFitz76 (big blind) showed [Qc Jh] and lost with high card Queen
Seat 2: NoFear660709 folded before Flop (didn't bet)
Seat 3: reddevils888 showed [Jc Qd] and lost with high card Queen
Seat 4: Dorex2007 folded before Flop (didn't bet)
Seat 5: masonada213 folded before Flop (didn't bet)
Seat 6: OniTDLM showed [Ac Ts] and won ($0.20) with high card Ace
Seat 7: shuttler17 folded before Flop (didn't bet)
Seat 8: Almanza63 (button) showed [Th Ad] and won ($0.20) with high card Ace
Seat 9: Tueni13 (small blind) folded before Flop



PokerStars Hand #238714137725:  Hold'em No Limit ($0.02/$0.05 USD) - 2022/09/18 13:49:30 PT [2022/09/18 16:49:30 ET]
Table 'Pavo III' 9-max Seat #9 is the button
Seat 1: MarkFitz76 ($5.59 in chips) 
Seat 2: NoFear660709 ($8.92 in chips) 
Seat 3: reddevils888 ($2.74 in chips) 
Seat 4: Dorex2007 ($6.61 in chips) 
Seat 5: masonada213 ($4.61 in chips) 
Seat 6: OniTDLM ($3.69 in chips) 
Seat 7: shuttler17 ($3.16 in chips) 
Seat 8: Almanza63 ($14.29 in chips) 
Seat 9: Tueni13 ($4.92 in chips) 
MarkFitz76: posts small blind $0.02
NoFear660709: posts big blind $0.05
*** HOLE CARDS ***
Dealt to Dorex2007 [Ac 2c]
reddevils888: folds 
Dorex2007: folds 
masonada213: folds 
OniTDLM: calls $0.05
shuttler17: raises $0.15 to $0.20
Almanza63: folds 
Tueni13: folds 
MarkFitz76: folds 
NoFear660709: calls $0.15
OniTDLM: calls $0.15
*** FLOP *** [3h Ts Ah]
NoFear660709: checks 
OniTDLM: checks 
shuttler17: bets $0.29
NoFear660709: raises $3.71 to $4
OniTDLM: folds 
shuttler17: folds 
Uncalled bet ($3.71) returned to NoFear660709
NoFear660709 collected $1.15 from pot
*** SUMMARY ***
Total pot $1.20 | Rake $0.05 
Board [3h Ts Ah]
Seat 1: MarkFitz76 (small blind) folded before Flop
Seat 2: NoFear660709 (big blind) collected ($1.15)
Seat 3: reddevils888 folded before Flop (didn't bet)
Seat 4: Dorex2007 folded before Flop (didn't bet)
Seat 5: masonada213 folded before Flop (didn't bet)
Seat 6: OniTDLM folded on the Flop
Seat 7: shuttler17 folded on the Flop
Seat 8: Almanza63 folded before Flop (didn't bet)
Seat 9: Tueni13 (button) folded before Flop (didn't bet)



PokerStars Hand #238714160459:  Hold'em No Limit ($0.02/$0.05 USD) - 2022/09/18 13:50:20 PT [2022/09/18 16:50:20 ET]
Table 'Pavo III' 9-max Seat #1 is the button
Seat 1: MarkFitz76 ($5.57 in chips) 
Seat 2: NoFear660709 ($9.58 in chips) 
Seat 4: Dorex2007 ($6.61 in chips) 
Seat 5: masonada213 ($4.61 in chips) 
Seat 6: OniTDLM ($3.49 in chips) 
Seat 7: shuttler17 ($2.67 in chips) 
Seat 8: Almanza63 ($14.29 in chips) 
Seat 9: Tueni13 ($4.92 in chips) 
NoFear660709: posts small blind $0.02
Dorex2007: posts big blind $0.05
*** HOLE CARDS ***
Dealt to Dorex2007 [Td Ah]
masonada213: folds 
OniTDLM: calls $0.05
shuttler17: calls $0.05
Almanza63: folds 
Tueni13 has timed out
Tueni13: folds 
MarkFitz76: folds 
NoFear660709: calls $0.03
Dorex2007: checks 
*** FLOP *** [6h 4c Js]
NoFear660709: checks 
Dorex2007: checks 
OniTDLM: checks 
shuttler17: checks 
*** TURN *** [6h 4c Js] [3c]
NoFear660709: checks 
Dorex2007: checks 
OniTDLM: checks 
shuttler17: checks 
*** RIVER *** [6h 4c Js 3c] [5h]
NoFear660709: checks 
Dorex2007: checks 
OniTDLM: checks 
shuttler17: checks 
*** SHOW DOWN ***
NoFear660709: shows [Kd 3h] (a pair of Threes)
Dorex2007: mucks hand 
OniTDLM: mucks hand 
shuttler17: mucks hand 
NoFear660709 collected $0.19 from pot
*** SUMMARY ***
Total pot $0.20 | Rake $0.01 
Board [6h 4c Js 3c 5h]
Seat 1: MarkFitz76 (button) folded before Flop (didn't bet)
Seat 2: NoFear660709 (small blind) showed [Kd 3h] and won ($0.19) with a pair of Threes
Seat 4: Dorex2007 (big blind) mucked [Td Ah]
Seat 5: masonada213 folded before Flop (didn't bet)
Seat 6: OniTDLM mucked [Ks 9c]
Seat 7: shuttler17 mucked [Ts Qc]
Seat 8: Almanza63 folded before Flop (didn't bet)
Seat 9: Tueni13 folded before Flop (didn't bet)



PokerStars Hand #238714189713:  Hold'em No Limit ($0.02/$0.05 USD) - 2022/09/18 13:51:24 PT [2022/09/18 16:51:24 ET]
Table 'Pavo III' 9-max Seat #2 is the button
Seat 1: MarkFitz76 ($5.57 in chips) 
Seat 2: NoFear660709 ($9.72 in chips) 
Seat 4: Dorex2007 ($6.56 in chips) 
Seat 5: masonada213 ($4.61 in chips) 
Seat 6: OniTDLM ($3.44 in chips) 
Seat 7: shuttler17 ($2.62 in chips) 
Seat 8: Almanza63 ($14.29 in chips) 
Seat 9: Tueni13 ($4.92 in chips) 
Dorex2007: posts small blind $0.02
masonada213: posts big blind $0.05
*** HOLE CARDS ***
Dealt to Dorex2007 [Th 2s]
OniTDLM: calls $0.05
shuttler17: folds 
Almanza63: raises $0.08 to $0.13
Tueni13: calls $0.13
MarkFitz76: folds 
NoFear660709: folds 
Dorex2007: folds 
masonada213: raises $0.46 to $0.59
OniTDLM: folds 
Almanza63: folds 
Tueni13: calls $0.46
*** FLOP *** [3h 4c Ad]
masonada213: bets $0.44
Tueni13: folds 
Uncalled bet ($0.44) returned to masonada213
masonada213 collected $1.30 from pot
masonada213: doesn't show hand 
*** SUMMARY ***
Total pot $1.38 | Rake $0.08 
Board [3h 4c Ad]
Seat 1: MarkFitz76 folded before Flop (didn't bet)
Seat 2: NoFear660709 (button) folded before Flop (didn't bet)
Seat 4: Dorex2007 (small blind) folded before Flop
Seat 5: masonada213 (big blind) collected ($1.30)
Seat 6: OniTDLM folded before Flop
Seat 7: shuttler17 folded before Flop (didn't bet)
Seat 8: Almanza63 folded before Flop
Seat 9: Tueni13 folded on the Flop



PokerStars Hand #238714209637:  Hold'em No Limit ($0.02/$0.05 USD) - 2022/09/18 13:52:07 PT [2022/09/18 16:52:07 ET]
Table 'Pavo III' 9-max Seat #4 is the button
Seat 1: MarkFitz76 ($5.57 in chips) 
Seat 2: NoFear660709 ($9.72 in chips) 
Seat 4: Dorex2007 ($6.54 in chips) 
Seat 5: masonada213 ($5.32 in chips) 
Seat 6: OniTDLM ($3.39 in chips) 
Seat 7: shuttler17 ($2.62 in chips) 
Seat 8: Almanza63 ($14.16 in chips) 
Seat 9: Tueni13 ($4.33 in chips) 
masonada213: posts small blind $0.02
OniTDLM: posts big blind $0.05
*** HOLE CARDS ***
Dealt to Dorex2007 [8s Th]
shuttler17: folds 
Almanza63: folds 
Tueni13: folds 
MarkFitz76: folds 
NoFear660709: folds 
Dorex2007: raises $0.10 to $0.15
masonada213: folds 
OniTDLM: calls $0.10
*** FLOP *** [9c Jc Tc]
OniTDLM: bets $0.05
Dorex2007: raises $0.21 to $0.26
OniTDLM: raises $0.21 to $0.47
Dorex2007: folds 
Uncalled bet ($0.21) returned to OniTDLM
OniTDLM collected $0.81 from pot
OniTDLM: doesn't show hand 
*** SUMMARY ***
Total pot $0.84 | Rake $0.03 
Board [9c Jc Tc]
Seat 1: MarkFitz76 folded before Flop (didn't bet)
Seat 2: NoFear660709 folded before Flop (didn't bet)
Seat 4: Dorex2007 (button) folded on the Flop
Seat 5: masonada213 (small blind) folded before Flop
Seat 6: OniTDLM (big blind) collected ($0.81)
Seat 7: shuttler17 folded before Flop (didn't bet)
Seat 8: Almanza63 folded before Flop (didn't bet)
Seat 9: Tueni13 folded before Flop (didn't bet)



PokerStars Hand #238714224094:  Hold'em No Limit ($0.02/$0.05 USD) - 2022/09/18 13:52:39 PT [2022/09/18 16:52:39 ET]
Table 'Pavo III' 9-max Seat #5 is the button
Seat 1: MarkFitz76 ($5.57 in chips) 
Seat 2: NoFear660709 ($9.72 in chips) 
Seat 4: Dorex2007 ($6.13 in chips) 
Seat 5: masonada213 ($5.30 in chips) 
Seat 6: OniTDLM ($3.79 in chips) 
Seat 7: shuttler17 ($2.62 in chips) 
Seat 8: Almanza63 ($14.16 in chips) 
Seat 9: Tueni13 ($4.33 in chips) 
OniTDLM: posts small blind $0.02
shuttler17: posts big blind $0.05
*** HOLE CARDS ***
Dealt to Dorex2007 [7h 8d]
Almanza63: folds 
Tueni13: calls $0.05
MarkFitz76: folds 
NoFear660709: folds 
Dorex2007: folds 
masonada213: raises $0.17 to $0.22
OniTDLM: folds 
shuttler17: folds 
Tueni13: calls $0.17
*** FLOP *** [8c 4d Qc]
Tueni13: checks 
masonada213: bets $0.32
Tueni13: folds 
Uncalled bet ($0.32) returned to masonada213
masonada213 collected $0.49 from pot
masonada213: doesn't show hand 
*** SUMMARY ***
Total pot $0.51 | Rake $0.02 
Board [8c 4d Qc]
Seat 1: MarkFitz76 folded before Flop (didn't bet)
Seat 2: NoFear660709 folded before Flop (didn't bet)
Seat 4: Dorex2007 folded before Flop (didn't bet)
Seat 5: masonada213 (button) collected ($0.49)
Seat 6: OniTDLM (small blind) folded before Flop
Seat 7: shuttler17 (big blind) folded before Flop
Seat 8: Almanza63 folded before Flop (didn't bet)
Seat 9: Tueni13 folded on the Flop



PokerStars Hand #238714244873:  Hold'em No Limit ($0.02/$0.05 USD) - 2022/09/18 13:53:25 PT [2022/09/18 16:53:25 ET]
Table 'Pavo III' 9-max Seat #6 is the button
Seat 1: MarkFitz76 ($5.57 in chips) 
Seat 2: NoFear660709 ($9.72 in chips) 
Seat 4: Dorex2007 ($6.13 in chips) 
Seat 5: masonada213 ($5.57 in chips) 
Seat 6: OniTDLM ($3.77 in chips) 
Seat 7: shuttler17 ($2.57 in chips) 
Seat 8: Almanza63 ($14.16 in chips) 
Seat 9: Tueni13 ($4.11 in chips) 
shuttler17: posts small blind $0.02
Almanza63: posts big blind $0.05
reddevils888: sits out 
*** HOLE CARDS ***
Dealt to Dorex2007 [Kd 8h]
Tueni13: calls $0.05
MarkFitz76: folds 
NoFear660709: folds 
Dorex2007: folds 
masonada213: folds 
OniTDLM: calls $0.05
shuttler17: calls $0.03
Almanza63: checks 
*** FLOP *** [5c 8d Jd]
shuttler17: checks 
Almanza63: checks 
Tueni13: bets $0.05
OniTDLM: folds 
shuttler17: folds 
Almanza63: folds 
Uncalled bet ($0.05) returned to Tueni13
Tueni13 collected $0.19 from pot
*** SUMMARY ***
Total pot $0.20 | Rake $0.01 
Board [5c 8d Jd]
Seat 1: MarkFitz76 folded before Flop (didn't bet)
Seat 2: NoFear660709 folded before Flop (didn't bet)
Seat 4: Dorex2007 folded before Flop (didn't bet)
Seat 5: masonada213 folded before Flop (didn't bet)
Seat 6: OniTDLM (button) folded on the Flop
Seat 7: shuttler17 (small blind) folded on the Flop
Seat 8: Almanza63 (big blind) folded on the Flop
Seat 9: Tueni13 collected ($0.19)



PokerStars Hand #238714270964:  Hold'em No Limit ($0.02/$0.05 USD) - 2022/09/18 13:54:23 PT [2022/09/18 16:54:23 ET]
Table 'Pavo III' 9-max Seat #7 is the button
Seat 1: MarkFitz76 ($5.57 in chips) 
Seat 2: NoFear660709 ($9.72 in chips) 
Seat 4: Dorex2007 ($6.13 in chips) 
Seat 5: masonada213 ($5.57 in chips) 
Seat 6: OniTDLM ($3.72 in chips) 
Seat 7: shuttler17 ($2.52 in chips) 
Seat 8: Almanza63 ($14.11 in chips) 
Seat 9: Tueni13 ($4.25 in chips) 
Almanza63: posts small blind $0.02
Tueni13: posts big blind $0.05
reddevils888: sits out 
*** HOLE CARDS ***
Dealt to Dorex2007 [9s 2s]
MarkFitz76: folds 
NoFear660709: calls $0.05
Dorex2007: folds 
masonada213: raises $0.17 to $0.22
OniTDLM: folds 
shuttler17: folds 
Almanza63: folds 
Tueni13: folds 
NoFear660709: calls $0.17
*** FLOP *** [Jc 6s 2h]
NoFear660709: checks 
masonada213: bets $0.32
NoFear660709: folds 
Uncalled bet ($0.32) returned to masonada213
masonada213 collected $0.49 from pot
masonada213: doesn't show hand 
*** SUMMARY ***
Total pot $0.51 | Rake $0.02 
Board [Jc 6s 2h]
Seat 1: MarkFitz76 folded before Flop (didn't bet)
Seat 2: NoFear660709 folded on the Flop
Seat 4: Dorex2007 folded before Flop (didn't bet)
Seat 5: masonada213 collected ($0.49)
Seat 6: OniTDLM folded before Flop (didn't bet)
Seat 7: shuttler17 (button) folded before Flop (didn't bet)
Seat 8: Almanza63 (small blind) folded before Flop
Seat 9: Tueni13 (big blind) folded before Flop



PokerStars Hand #238714287476:  Hold'em No Limit ($0.02/$0.05 USD) - 2022/09/18 13:54:59 PT [2022/09/18 16:54:59 ET]
Table 'Pavo III' 9-max Seat #8 is the button
Seat 1: MarkFitz76 ($5.57 in chips) 
Seat 2: NoFear660709 ($9.50 in chips) 
Seat 4: Dorex2007 ($6.13 in chips) 
Seat 5: masonada213 ($5.84 in chips) 
Seat 6: OniTDLM ($3.72 in chips) 
Seat 7: shuttler17 ($2.52 in chips) 
Seat 8: Almanza63 ($14.09 in chips) 
Seat 9: Tueni13 ($4.20 in chips) 
Tueni13: posts small blind $0.02
MarkFitz76: posts big blind $0.05
reddevils888: sits out 
*** HOLE CARDS ***
Dealt to Dorex2007 [6s Th]
NoFear660709: folds 
Dorex2007: folds 
masonada213: folds 
OniTDLM: calls $0.05
shuttler17: raises $0.15 to $0.20
Almanza63: folds 
Tueni13: folds 
MarkFitz76: folds 
OniTDLM: calls $0.15
*** FLOP *** [8s 4s Js]
OniTDLM: checks 
shuttler17: bets $0.22
OniTDLM: calls $0.22
*** TURN *** [8s 4s Js] [Tc]
OniTDLM: checks 
shuttler17: checks 
*** RIVER *** [8s 4s Js Tc] [7d]
OniTDLM: bets $0.87
shuttler17: folds 
Uncalled bet ($0.87) returned to OniTDLM
OniTDLM collected $0.87 from pot
OniTDLM: doesn't show hand 
*** SUMMARY ***
Total pot $0.91 | Rake $0.04 
Board [8s 4s Js Tc 7d]
Seat 1: MarkFitz76 (big blind) folded before Flop
Seat 2: NoFear660709 folded before Flop (didn't bet)
Seat 4: Dorex2007 folded before Flop (didn't bet)
Seat 5: masonada213 folded before Flop (didn't bet)
Seat 6: OniTDLM collected ($0.87)
Seat 7: shuttler17 folded on the River
Seat 8: Almanza63 (button) folded before Flop (didn't bet)
Seat 9: Tueni13 (small blind) folded before Flop



PokerStars Hand #238714300670:  Hold'em No Limit ($0.02/$0.05 USD) - 2022/09/18 13:55:46 PT [2022/09/18 16:55:46 ET]
Table 'Pavo III' 9-max Seat #9 is the button
Seat 1: MarkFitz76 ($5.52 in chips) 
Seat 2: NoFear660709 ($9.50 in chips) 
Seat 4: Dorex2007 ($6.13 in chips) 
Seat 6: OniTDLM ($4.17 in chips) 
Seat 7: shuttler17 ($2.10 in chips) 
Seat 8: Almanza63 ($14.09 in chips) 
Seat 9: Tueni13 ($4.18 in chips) 
MarkFitz76: posts small blind $0.02
NoFear660709: posts big blind $0.05
reddevils888: sits out 
*** HOLE CARDS ***
Dealt to Dorex2007 [2d 6c]
Dorex2007: folds 
OniTDLM: calls $0.05
shuttler17: raises $0.15 to $0.20
Almanza63: folds 
Tueni13: folds 
MarkFitz76: folds 
NoFear660709: folds 
OniTDLM: folds 
Uncalled bet ($0.15) returned to shuttler17
shuttler17 collected $0.17 from pot
shuttler17: doesn't show hand 
*** SUMMARY ***
Total pot $0.17 | Rake $0 
Seat 1: MarkFitz76 (small blind) folded before Flop
Seat 2: NoFear660709 (big blind) folded before Flop
Seat 4: Dorex2007 folded before Flop (didn't bet)
Seat 6: OniTDLM folded before Flop
Seat 7: shuttler17 collected ($0.17)
Seat 8: Almanza63 folded before Flop (didn't bet)
Seat 9: Tueni13 (button) folded before Flop (didn't bet)



PokerStars Hand #238714307311:  Hold'em No Limit ($0.02/$0.05 USD) - 2022/09/18 13:56:10 PT [2022/09/18 16:56:10 ET]
Table 'Pavo III' 9-max Seat #1 is the button
Seat 1: MarkFitz76 ($5.50 in chips) 
Seat 2: NoFear660709 ($9.45 in chips) 
Seat 3: reddevils888 ($2.74 in chips) 
Seat 4: Dorex2007 ($6.13 in chips) 
Seat 6: OniTDLM ($4.12 in chips) 
Seat 7: shuttler17 ($2.22 in chips) 
Seat 8: Almanza63 ($14.09 in chips) 
Seat 9: Tueni13 ($4.18 in chips) 
NoFear660709: posts small blind $0.02
reddevils888: posts big blind $0.05
*** HOLE CARDS ***
Dealt to Dorex2007 [2h Kd]
Dorex2007: folds 
OniTDLM: calls $0.05
shuttler17: raises $0.20 to $0.25
Almanza63: folds 
Tueni13: folds 
MarkFitz76: folds 
NoFear660709: folds 
reddevils888: folds 
OniTDLM: calls $0.20
*** FLOP *** [As Kc 3s]
OniTDLM: bets $0.27
shuttler17: folds 
Uncalled bet ($0.27) returned to OniTDLM
OniTDLM collected $0.55 from pot
OniTDLM: doesn't show hand 
*** SUMMARY ***
Total pot $0.57 | Rake $0.02 
Board [As Kc 3s]
Seat 1: MarkFitz76 (button) folded before Flop (didn't bet)
Seat 2: NoFear660709 (small blind) folded before Flop
Seat 3: reddevils888 (big blind) folded before Flop
Seat 4: Dorex2007 folded before Flop (didn't bet)
Seat 6: OniTDLM collected ($0.55)
Seat 7: shuttler17 folded on the Flop
Seat 8: Almanza63 folded before Flop (didn't bet)
Seat 9: Tueni13 folded before Flop (didn't bet)



PokerStars Hand #238714316993:  Hold'em No Limit ($0.02/$0.05 USD) - 2022/09/18 13:56:45 PT [2022/09/18 16:56:45 ET]
Table 'Pavo III' 9-max Seat #2 is the button
Seat 1: MarkFitz76 ($5.50 in chips) 
Seat 2: NoFear660709 ($9.43 in chips) 
Seat 3: reddevils888 ($2.69 in chips) 
Seat 4: Dorex2007 ($6.13 in chips) 
Seat 6: OniTDLM ($4.42 in chips) 
Seat 7: shuttler17 ($1.97 in chips) 
Seat 8: Almanza63 ($14.09 in chips) 
Seat 9: Tueni13 ($4.18 in chips) 
reddevils888: posts small blind $0.02
Dorex2007: posts big blind $0.05
*** HOLE CARDS ***
Dealt to Dorex2007 [9h 8d]
OniTDLM: folds 
shuttler17: folds 
Almanza63: folds 
Tueni13: folds 
MarkFitz76: folds 
NoFear660709: calls $0.05
reddevils888: folds 
Dorex2007: checks 
*** FLOP *** [2d 8c 9s]
Dorex2007: bets $0.08
NoFear660709: calls $0.08
*** TURN *** [2d 8c 9s] [Qd]
Dorex2007: checks 
NoFear660709: checks 
*** RIVER *** [2d 8c 9s Qd] [Tc]
Dorex2007: bets $0.18
NoFear660709: folds 
Uncalled bet ($0.18) returned to Dorex2007
Dorex2007 collected $0.27 from pot
Dorex2007: doesn't show hand 
*** SUMMARY ***
Total pot $0.28 | Rake $0.01 
Board [2d 8c 9s Qd Tc]
Seat 1: MarkFitz76 folded before Flop (didn't bet)
Seat 2: NoFear660709 (button) folded on the River
Seat 3: reddevils888 (small blind) folded before Flop
Seat 4: Dorex2007 (big blind) collected ($0.27)
Seat 6: OniTDLM folded before Flop (didn't bet)
Seat 7: shuttler17 folded before Flop (didn't bet)
Seat 8: Almanza63 folded before Flop (didn't bet)
Seat 9: Tueni13 folded before Flop (didn't bet)



PokerStars Hand #238714330857:  Hold'em No Limit ($0.02/$0.05 USD) - 2022/09/18 13:57:35 PT [2022/09/18 16:57:35 ET]
Table 'Pavo III' 9-max Seat #3 is the button
Seat 1: MarkFitz76 ($5.50 in chips) 
Seat 2: NoFear660709 ($9.30 in chips) 
Seat 3: reddevils888 ($2.67 in chips) 
Seat 4: Dorex2007 ($6.27 in chips) 
Seat 6: OniTDLM ($4.42 in chips) 
Seat 7: shuttler17 ($1.97 in chips) 
Seat 8: Almanza63 ($14.09 in chips) 
Seat 9: Tueni13 ($4.18 in chips) 
Dorex2007: posts small blind $0.02
OniTDLM: posts big blind $0.05
*** HOLE CARDS ***
Dealt to Dorex2007 [Ts 3h]
shuttler17: folds 
Almanza63: folds 
Tueni13: calls $0.05
MarkFitz76: folds 
NoFear660709: calls $0.05
reddevils888: folds 
Dorex2007: folds 
OniTDLM: checks 
*** FLOP *** [8c 5d 6h]
OniTDLM: checks 
Tueni13: bets $0.05
NoFear660709: calls $0.05
OniTDLM: folds 
*** TURN *** [8c 5d 6h] [Qs]
Tueni13: bets $0.05
NoFear660709: folds 
Uncalled bet ($0.05) returned to Tueni13
Tueni13 collected $0.26 from pot
*** SUMMARY ***
Total pot $0.27 | Rake $0.01 
Board [8c 5d 6h Qs]
Seat 1: MarkFitz76 folded before Flop (didn't bet)
Seat 2: NoFear660709 folded on the Turn
Seat 3: reddevils888 (button) folded before Flop (didn't bet)
Seat 4: Dorex2007 (small blind) folded before Flop
Seat 6: OniTDLM (big blind) folded on the Flop
Seat 7: shuttler17 folded before Flop (didn't bet)
Seat 8: Almanza63 folded before Flop (didn't bet)
Seat 9: Tueni13 collected ($0.26)



PokerStars Hand #238714346581:  Hold'em No Limit ($0.02/$0.05 USD) - 2022/09/18 13:58:31 PT [2022/09/18 16:58:31 ET]
Table 'Pavo III' 9-max Seat #4 is the button
Seat 1: MarkFitz76 ($5.50 in chips) 
Seat 2: NoFear660709 ($9.20 in chips) 
Seat 3: reddevils888 ($2.67 in chips) 
Seat 4: Dorex2007 ($6.25 in chips) 
Seat 6: OniTDLM ($4.37 in chips) 
Seat 7: shuttler17 ($1.97 in chips) 
Seat 8: Almanza63 ($14.09 in chips) 
Seat 9: Tueni13 ($4.34 in chips) 
OniTDLM: posts small blind $0.02
shuttler17: posts big blind $0.05
*** HOLE CARDS ***
Dealt to Dorex2007 [4d Tc]
Almanza63 has timed out
Almanza63: folds 
Tueni13: calls $0.05
MarkFitz76: folds 
NoFear660709: folds 
reddevils888: folds 
Dorex2007: folds 
OniTDLM: folds 
shuttler17: checks 
*** FLOP *** [3d 8d Kc]
shuttler17: checks 
Tueni13: checks 
*** TURN *** [3d 8d Kc] [7d]
shuttler17: checks 
Tueni13: bets $0.05
shuttler17: calls $0.05
*** RIVER *** [3d 8d Kc 7d] [5c]
shuttler17: checks 
Tueni13: bets $0.05
shuttler17: folds 
Uncalled bet ($0.05) returned to Tueni13
Tueni13 collected $0.21 from pot
*** SUMMARY ***
Total pot $0.22 | Rake $0.01 
Board [3d 8d Kc 7d 5c]
Seat 1: MarkFitz76 folded before Flop (didn't bet)
Seat 2: NoFear660709 folded before Flop (didn't bet)
Seat 3: reddevils888 folded before Flop (didn't bet)
Seat 4: Dorex2007 (button) folded before Flop (didn't bet)
Seat 6: OniTDLM (small blind) folded before Flop
Seat 7: shuttler17 (big blind) folded on the River
Seat 8: Almanza63 folded before Flop (didn't bet)
Seat 9: Tueni13 collected ($0.21)



PokerStars Hand #238714359421:  Hold'em No Limit ($0.02/$0.05 USD) - 2022/09/18 13:59:16 PT [2022/09/18 16:59:16 ET]
Table 'Pavo III' 9-max Seat #6 is the button
Seat 1: MarkFitz76 ($5.50 in chips) 
Seat 2: NoFear660709 ($9.20 in chips) 
Seat 3: reddevils888 ($2.67 in chips) 
Seat 4: Dorex2007 ($6.25 in chips) 
Seat 6: OniTDLM ($4.35 in chips) 
Seat 7: shuttler17 ($1.87 in chips) 
Seat 8: Almanza63 ($14.09 in chips) 
Seat 9: Tueni13 ($4.45 in chips) 
shuttler17: posts small blind $0.02
Almanza63: posts big blind $0.05
*** HOLE CARDS ***
Dealt to Dorex2007 [4d 2s]
Tueni13: calls $0.05
MarkFitz76: raises $0.15 to $0.20
NoFear660709: folds 
reddevils888: folds 
Dorex2007: folds 
OniTDLM: folds 
shuttler17: folds 
Almanza63: folds 
Tueni13: calls $0.15
*** FLOP *** [Ts Ks 5h]
Tueni13: checks 
MarkFitz76: bets $0.20
Tueni13: folds 
Uncalled bet ($0.20) returned to MarkFitz76
MarkFitz76 collected $0.45 from pot
MarkFitz76: doesn't show hand 
*** SUMMARY ***
Total pot $0.47 | Rake $0.02 
Board [Ts Ks 5h]
Seat 1: MarkFitz76 collected ($0.45)
Seat 2: NoFear660709 folded before Flop (didn't bet)
Seat 3: reddevils888 folded before Flop (didn't bet)
Seat 4: Dorex2007 folded before Flop (didn't bet)
Seat 6: OniTDLM (button) folded before Flop (didn't bet)
Seat 7: shuttler17 (small blind) folded before Flop
Seat 8: Almanza63 (big blind) folded before Flop
Seat 9: Tueni13 folded on the Flop



PokerStars Hand #238714371394:  Hold'em No Limit ($0.02/$0.05 USD) - 2022/09/18 13:59:59 PT [2022/09/18 16:59:59 ET]
Table 'Pavo III' 9-max Seat #7 is the button
Seat 1: MarkFitz76 ($5.75 in chips) 
Seat 2: NoFear660709 ($9.20 in chips) 
Seat 3: reddevils888 ($2.67 in chips) 
Seat 4: Dorex2007 ($6.25 in chips) 
Seat 6: OniTDLM ($4.35 in chips) 
Seat 7: shuttler17 ($3.85 in chips) 
Seat 8: Almanza63 ($14.04 in chips) 
Seat 9: Tueni13 ($4.25 in chips) 
Almanza63: posts small blind $0.02
Tueni13: posts big blind $0.05
*** HOLE CARDS ***
Dealt to Dorex2007 [3d 4c]
MarkFitz76: raises $0.10 to $0.15
NoFear660709: folds 
reddevils888: folds 
Dorex2007: folds 
OniTDLM: folds 
shuttler17: folds 
Almanza63: calls $0.13
Tueni13: calls $0.10
*** FLOP *** [3h Kd 2d]
Almanza63: checks 
Tueni13: bets $0.05
MarkFitz76: raises $0.15 to $0.20
Almanza63: folds 
Tueni13: folds 
Uncalled bet ($0.15) returned to MarkFitz76
MarkFitz76 collected $0.53 from pot
MarkFitz76: doesn't show hand 
*** SUMMARY ***
Total pot $0.55 | Rake $0.02 
Board [3h Kd 2d]
Seat 1: MarkFitz76 collected ($0.53)
Seat 2: NoFear660709 folded before Flop (didn't bet)
Seat 3: reddevils888 folded before Flop (didn't bet)
Seat 4: Dorex2007 folded before Flop (didn't bet)
Seat 6: OniTDLM folded before Flop (didn't bet)
Seat 7: shuttler17 (button) folded before Flop (didn't bet)
Seat 8: Almanza63 (small blind) folded on the Flop
Seat 9: Tueni13 (big blind) folded on the Flop



PokerStars Hand #238714386780:  Hold'em No Limit ($0.02/$0.05 USD) - 2022/09/18 14:00:50 PT [2022/09/18 17:00:50 ET]
Table 'Pavo III' 9-max Seat #8 is the button
Seat 1: MarkFitz76 ($6.08 in chips) 
Seat 2: NoFear660709 ($9.20 in chips) 
Seat 3: reddevils888 ($2.67 in chips) 
Seat 4: Dorex2007 ($6.25 in chips) 
Seat 6: OniTDLM ($4.35 in chips) 
Seat 7: shuttler17 ($3.85 in chips) 
Seat 8: Almanza63 ($13.89 in chips) 
Seat 9: Tueni13 ($4.05 in chips) 
Tueni13: posts small blind $0.02
MarkFitz76: posts big blind $0.05
masonada213: sits out 
*** HOLE CARDS ***
Dealt to Dorex2007 [Ac 4h]
NoFear660709: folds 
reddevils888: folds 
Dorex2007: folds 
OniTDLM: calls $0.05
shuttler17: folds 
Almanza63 has timed out
Almanza63: folds 
Tueni13: raises $0.05 to $0.10
MarkFitz76: folds 
OniTDLM: calls $0.05
*** FLOP *** [Kc As 7c]
Tueni13: bets $0.12
OniTDLM: folds 
Uncalled bet ($0.12) returned to Tueni13
Tueni13 collected $0.24 from pot
*** SUMMARY ***
Total pot $0.25 | Rake $0.01 
Board [Kc As 7c]
Seat 1: MarkFitz76 (big blind) folded before Flop
Seat 2: NoFear660709 folded before Flop (didn't bet)
Seat 3: reddevils888 folded before Flop (didn't bet)
Seat 4: Dorex2007 folded before Flop (didn't bet)
Seat 6: OniTDLM folded on the Flop
Seat 7: shuttler17 folded before Flop (didn't bet)
Seat 8: Almanza63 (button) folded before Flop (didn't bet)
Seat 9: Tueni13 (small blind) collected ($0.24)



PokerStars Hand #238714407910:  Hold'em No Limit ($0.02/$0.05 USD) - 2022/09/18 14:01:49 PT [2022/09/18 17:01:49 ET]
Table 'Pavo III' 9-max Seat #9 is the button
Seat 1: MarkFitz76 ($6.03 in chips) 
Seat 2: NoFear660709 ($9.20 in chips) 
Seat 3: reddevils888 ($2.67 in chips) 
Seat 4: Dorex2007 ($6.25 in chips) 
Seat 6: OniTDLM ($4.25 in chips) 
Seat 7: shuttler17 ($3.85 in chips) 
Seat 9: Tueni13 ($4.19 in chips) 
MarkFitz76: posts small blind $0.02
NoFear660709: posts big blind $0.05
masonada213: sits out 
*** HOLE CARDS ***
Dealt to Dorex2007 [9d Ts]
reddevils888: raises $0.05 to $0.10
Dorex2007: folds 
OniTDLM: folds 
shuttler17: folds 
Tueni13: folds 
MarkFitz76: folds 
NoFear660709: calls $0.05
*** FLOP *** [5c Ac 8h]
NoFear660709: checks 
reddevils888: bets $0.15
NoFear660709: calls $0.15
*** TURN *** [5c Ac 8h] [7s]
NoFear660709: checks 
reddevils888: bets $0.38
NoFear660709: calls $0.38
*** RIVER *** [5c Ac 8h 7s] [Td]
NoFear660709: checks 
reddevils888: bets $1
NoFear660709: calls $1
*** SHOW DOWN ***
reddevils888: shows [8d Ad] (two pair, Aces and Eights)
NoFear660709: mucks hand 
reddevils888 collected $3.14 from pot
*** SUMMARY ***
Total pot $3.28 | Rake $0.14 
Board [5c Ac 8h 7s Td]
Seat 1: MarkFitz76 (small blind) folded before Flop
Seat 2: NoFear660709 (big blind) mucked [Jh 8s]
Seat 3: reddevils888 showed [8d Ad] and won ($3.14) with two pair, Aces and Eights
Seat 4: Dorex2007 folded before Flop (didn't bet)
Seat 6: OniTDLM folded before Flop (didn't bet)
Seat 7: shuttler17 folded before Flop (didn't bet)
Seat 9: Tueni13 (button) folded before Flop (didn't bet)



PokerStars Hand #238714432593:  Hold'em No Limit ($0.02/$0.05 USD) - 2022/09/18 14:02:45 PT [2022/09/18 17:02:45 ET]
Table 'Pavo III' 9-max Seat #1 is the button
Seat 1: MarkFitz76 ($6.01 in chips) 
Seat 2: NoFear660709 ($7.57 in chips) 
Seat 3: reddevils888 ($4.18 in chips) 
Seat 4: Dorex2007 ($6.25 in chips) 
Seat 6: OniTDLM ($4.25 in chips) 
Seat 7: shuttler17 ($3.85 in chips) 
Seat 8: Almanza63 ($13.89 in chips) 
Seat 9: Tueni13 ($4.19 in chips) 
NoFear660709: posts small blind $0.02
reddevils888: posts big blind $0.05
masonada213: sits out 
*** HOLE CARDS ***
Dealt to Dorex2007 [Jh Ks]
Dorex2007: folds 
OniTDLM: folds 
shuttler17: folds 
Almanza63 has timed out
Almanza63: folds 
Tueni13: calls $0.05
MarkFitz76: folds 
NoFear660709: calls $0.03
reddevils888: checks 
*** FLOP *** [As 4d 8d]
NoFear660709: checks 
reddevils888: checks 
Tueni13: bets $0.05
NoFear660709: folds 
reddevils888: folds 
Uncalled bet ($0.05) returned to Tueni13
Tueni13 collected $0.14 from pot
*** SUMMARY ***
Total pot $0.15 | Rake $0.01 
Board [As 4d 8d]
Seat 1: MarkFitz76 (button) folded before Flop (didn't bet)
Seat 2: NoFear660709 (small blind) folded on the Flop
Seat 3: reddevils888 (big blind) folded on the Flop
Seat 4: Dorex2007 folded before Flop (didn't bet)
Seat 6: OniTDLM folded before Flop (didn't bet)
Seat 7: shuttler17 folded before Flop (didn't bet)
Seat 8: Almanza63 folded before Flop (didn't bet)
Seat 9: Tueni13 collected ($0.14)



PokerStars Hand #238714471109:  Hold'em No Limit ($0.02/$0.05 USD) - 2022/09/18 14:04:10 PT [2022/09/18 17:04:10 ET]
Table 'Pavo III' 9-max Seat #2 is the button
Seat 1: MarkFitz76 ($6.01 in chips) 
Seat 2: NoFear660709 ($7.52 in chips) 
Seat 3: reddevils888 ($4.13 in chips) 
Seat 4: Dorex2007 ($6.25 in chips) 
Seat 6: OniTDLM ($4.25 in chips) 
Seat 8: Almanza63 ($13.89 in chips) 
Seat 9: Tueni13 ($4.28 in chips) 
reddevils888: posts small blind $0.02
Dorex2007: posts big blind $0.05
masonada213: sits out 
*** HOLE CARDS ***
Dealt to Dorex2007 [Qc Kh]
OniTDLM: folds 
Almanza63: folds 
Tueni13: folds 
MarkFitz76: folds 
NoFear660709: folds 
reddevils888: raises $0.05 to $0.10
Dorex2007: calls $0.05
*** FLOP *** [9d 4h 9c]
reddevils888: checks 
Dorex2007: checks 
*** TURN *** [9d 4h 9c] [2d]
reddevils888: bets $0.10
Dorex2007: calls $0.10
*** RIVER *** [9d 4h 9c 2d] [8h]
reddevils888: bets $0.40
Dorex2007: folds 
Uncalled bet ($0.40) returned to reddevils888
reddevils888 collected $0.38 from pot
*** SUMMARY ***
Total pot $0.40 | Rake $0.02 
Board [9d 4h 9c 2d 8h]
Seat 1: MarkFitz76 folded before Flop (didn't bet)
Seat 2: NoFear660709 (button) folded before Flop (didn't bet)
Seat 3: reddevils888 (small blind) collected ($0.38)
Seat 4: Dorex2007 (big blind) folded on the River
Seat 6: OniTDLM folded before Flop (didn't bet)
Seat 8: Almanza63 folded before Flop (didn't bet)
Seat 9: Tueni13 folded before Flop (didn't bet)



PokerStars Hand #238714490821:  Hold'em No Limit ($0.02/$0.05 USD) - 2022/09/18 14:04:53 PT [2022/09/18 17:04:53 ET]
Table 'Pavo III' 9-max Seat #3 is the button
Seat 1: MarkFitz76 ($6.01 in chips) 
Seat 2: NoFear660709 ($7.52 in chips) 
Seat 3: reddevils888 ($4.31 in chips) 
Seat 4: Dorex2007 ($6.05 in chips) 
Seat 5: masonada213 ($5.84 in chips) 
Seat 6: OniTDLM ($4.25 in chips) 
Seat 8: Almanza63 ($13.89 in chips) 
Seat 9: Tueni13 ($4.28 in chips) 
Dorex2007: posts small blind $0.02
masonada213: posts big blind $0.05
*** HOLE CARDS ***
Dealt to Dorex2007 [Th 9s]
OniTDLM: calls $0.05
Almanza63: folds 
Tueni13: calls $0.05
MarkFitz76: folds 
NoFear660709: calls $0.05
reddevils888: folds 
Dorex2007: folds 
masonada213: checks 
*** FLOP *** [9h 5c 5h]
masonada213: checks 
OniTDLM: checks 
Tueni13: checks 
NoFear660709: checks 
*** TURN *** [9h 5c 5h] [6d]
masonada213: bets $0.10
OniTDLM: folds 
Tueni13: folds 
NoFear660709: folds 
Uncalled bet ($0.10) returned to masonada213
masonada213 collected $0.21 from pot
masonada213: doesn't show hand 
*** SUMMARY ***
Total pot $0.22 | Rake $0.01 
Board [9h 5c 5h 6d]
Seat 1: MarkFitz76 folded before Flop (didn't bet)
Seat 2: NoFear660709 folded on the Turn
Seat 3: reddevils888 (button) folded before Flop (didn't bet)
Seat 4: Dorex2007 (small blind) folded before Flop
Seat 5: masonada213 (big blind) collected ($0.21)
Seat 6: OniTDLM folded on the Turn
Seat 8: Almanza63 folded before Flop (didn't bet)
Seat 9: Tueni13 folded on the Turn



PokerStars Hand #238714515045:  Hold'em No Limit ($0.02/$0.05 USD) - 2022/09/18 14:05:46 PT [2022/09/18 17:05:46 ET]
Table 'Pavo III' 9-max Seat #4 is the button
Seat 1: MarkFitz76 ($6.01 in chips) 
Seat 2: NoFear660709 ($7.47 in chips) 
Seat 3: reddevils888 ($4.31 in chips) 
Seat 4: Dorex2007 ($6.03 in chips) 
Seat 5: masonada213 ($6 in chips) 
Seat 6: OniTDLM ($4.20 in chips) 
Seat 8: Almanza63 ($13.89 in chips) 
Seat 9: Tueni13 ($4.23 in chips) 
masonada213: posts small blind $0.02
OniTDLM: posts big blind $0.05
*** HOLE CARDS ***
Dealt to Dorex2007 [Qd 8h]
Almanza63: folds 
Tueni13 has timed out
Tueni13: folds 
MarkFitz76: folds 
NoFear660709: folds 
reddevils888: raises $0.05 to $0.10
Dorex2007: folds 
masonada213: folds 
OniTDLM: calls $0.05
*** FLOP *** [6c Ts 9d]
OniTDLM: bets $0.05
reddevils888: calls $0.05
*** TURN *** [6c Ts 9d] [3c]
OniTDLM: bets $0.05
reddevils888: calls $0.05
*** RIVER *** [6c Ts 9d 3c] [5c]
OniTDLM: bets $0.40
reddevils888: folds 
Uncalled bet ($0.40) returned to OniTDLM
OniTDLM collected $0.40 from pot
OniTDLM: doesn't show hand 
*** SUMMARY ***
Total pot $0.42 | Rake $0.02 
Board [6c Ts 9d 3c 5c]
Seat 1: MarkFitz76 folded before Flop (didn't bet)
Seat 2: NoFear660709 folded before Flop (didn't bet)
Seat 3: reddevils888 folded on the River
Seat 4: Dorex2007 (button) folded before Flop (didn't bet)
Seat 5: masonada213 (small blind) folded before Flop
Seat 6: OniTDLM (big blind) collected ($0.40)
Seat 8: Almanza63 folded before Flop (didn't bet)
Seat 9: Tueni13 folded before Flop (didn't bet)



PokerStars Hand #238714551213:  Hold'em No Limit ($0.02/$0.05 USD) - 2022/09/18 14:07:04 PT [2022/09/18 17:07:04 ET]
Table 'Pavo III' 9-max Seat #5 is the button
Seat 1: MarkFitz76 ($6.01 in chips) 
Seat 2: NoFear660709 ($7.47 in chips) 
Seat 3: reddevils888 ($4.11 in chips) 
Seat 4: Dorex2007 ($6.03 in chips) 
Seat 5: masonada213 ($5.98 in chips) 
Seat 6: OniTDLM ($4.40 in chips) 
Seat 8: Almanza63 ($13.89 in chips) 
Seat 9: Tueni13 ($4.23 in chips) 
OniTDLM: posts small blind $0.02
Almanza63: posts big blind $0.05
*** HOLE CARDS ***
Dealt to Dorex2007 [9c Jh]
Tueni13: raises $0.05 to $0.10
MarkFitz76: folds 
NoFear660709: calls $0.10
reddevils888 has timed out
reddevils888: folds 
Dorex2007: folds 
masonada213: calls $0.10
OniTDLM: calls $0.08
Almanza63: folds 
*** FLOP *** [4d 8h 4h]
OniTDLM: checks 
Tueni13: bets $0.21
NoFear660709: folds 
masonada213: folds 
OniTDLM: folds 
Uncalled bet ($0.21) returned to Tueni13
Tueni13 collected $0.43 from pot
*** SUMMARY ***
Total pot $0.45 | Rake $0.02 
Board [4d 8h 4h]
Seat 1: MarkFitz76 folded before Flop (didn't bet)
Seat 2: NoFear660709 folded on the Flop
Seat 3: reddevils888 folded before Flop (didn't bet)
Seat 4: Dorex2007 folded before Flop (didn't bet)
Seat 5: masonada213 (button) folded on the Flop
Seat 6: OniTDLM (small blind) folded on the Flop
Seat 8: Almanza63 (big blind) folded before Flop
Seat 9: Tueni13 collected ($0.43)



PokerStars Hand #238714581982:  Hold'em No Limit ($0.02/$0.05 USD) - 2022/09/18 14:08:11 PT [2022/09/18 17:08:11 ET]
Table 'Pavo III' 9-max Seat #6 is the button
Seat 1: MarkFitz76 ($6.01 in chips) 
Seat 2: NoFear660709 ($7.37 in chips) 
Seat 3: reddevils888 ($4.11 in chips) 
Seat 4: Dorex2007 ($6.03 in chips) 
Seat 5: masonada213 ($5.88 in chips) 
Seat 6: OniTDLM ($4.30 in chips) 
Seat 8: Almanza63 ($13.84 in chips) 
Seat 9: Tueni13 ($4.56 in chips) 
Almanza63: posts small blind $0.02
Tueni13: posts big blind $0.05
*** HOLE CARDS ***
Dealt to Dorex2007 [Kh 9s]
MarkFitz76: folds 
NoFear660709: folds 
reddevils888: folds 
Dorex2007: folds 
masonada213: folds 
OniTDLM: calls $0.05
Almanza63: raises $0.08 to $0.13
Tueni13: calls $0.08
OniTDLM: calls $0.08
*** FLOP *** [Kd Jd Qc]
Almanza63: checks 
Tueni13: bets $0.05
OniTDLM: calls $0.05
Almanza63: folds 
*** TURN *** [Kd Jd Qc] [Kc]
Tueni13: bets $0.23
masonada213 leaves the table
OniTDLM: calls $0.23
*** RIVER *** [Kd Jd Qc Kc] [7c]
Tueni13: bets $0.91
OniTDLM: calls $0.91
*** SHOW DOWN ***
Tueni13: shows [8d 4d] (a pair of Kings)
OniTDLM: shows [8h Js] (two pair, Kings and Jacks)
OniTDLM collected $2.66 from pot
*** SUMMARY ***
Total pot $2.77 | Rake $0.11 
Board [Kd Jd Qc Kc 7c]
Seat 1: MarkFitz76 folded before Flop (didn't bet)
Seat 2: NoFear660709 folded before Flop (didn't bet)
Seat 3: reddevils888 folded before Flop (didn't bet)
Seat 4: Dorex2007 folded before Flop (didn't bet)
Seat 5: masonada213 folded before Flop (didn't bet)
Seat 6: OniTDLM (button) showed [8h Js] and won ($2.66) with two pair, Kings and Jacks
Seat 8: Almanza63 (small blind) folded on the Flop
Seat 9: Tueni13 (big blind) showed [8d 4d] and lost with a pair of Kings



PokerStars Hand #238714616260:  Hold'em No Limit ($0.02/$0.05 USD) - 2022/09/18 14:09:25 PT [2022/09/18 17:09:25 ET]
Table 'Pavo III' 9-max Seat #8 is the button
Seat 2: NoFear660709 ($7.37 in chips) 
Seat 3: reddevils888 ($4.11 in chips) 
Seat 4: Dorex2007 ($6.03 in chips) 
Seat 6: OniTDLM ($5.64 in chips) 
Seat 8: Almanza63 ($13.71 in chips) 
Seat 9: Tueni13 ($3.24 in chips) 
Tueni13: posts small blind $0.02
MarkFitz76: is sitting out 
NoFear660709: posts big blind $0.05
*** HOLE CARDS ***
Dealt to Dorex2007 [Qs 3d]
reddevils888: folds 
Dorex2007: folds 
MarkFitz76 leaves the table
LUKIANOV777 joins the table at seat #5 
OniTDLM: calls $0.05
Almanza63: folds 
Tueni13: calls $0.03
NoFear660709: checks 
*** FLOP *** [Ts 6c 9d]
mumisber joins the table at seat #1 
Tueni13: bets $0.05
NoFear660709: calls $0.05
OniTDLM: folds 
*** TURN *** [Ts 6c 9d] [2c]
Tueni13: bets $0.05
NoFear660709: calls $0.05
*** RIVER *** [Ts 6c 9d 2c] [Kd]
Tueni13: bets $0.34
NoFear660709: raises $6.88 to $7.22 and is all-in
Tueni13: calls $2.75 and is all-in
Uncalled bet ($4.13) returned to NoFear660709
*** SHOW DOWN ***
NoFear660709: shows [Th 4d] (a pair of Tens)
Tueni13: shows [9c Ks] (two pair, Kings and Nines)
Tueni13 collected $6.19 from pot
*** SUMMARY ***
Total pot $6.53 | Rake $0.34 
Board [Ts 6c 9d 2c Kd]
Seat 2: NoFear660709 (big blind) showed [Th 4d] and lost with a pair of Tens
Seat 3: reddevils888 folded before Flop (didn't bet)
Seat 4: Dorex2007 folded before Flop (didn't bet)
Seat 6: OniTDLM folded on the Flop
Seat 8: Almanza63 (button) folded before Flop (didn't bet)
Seat 9: Tueni13 (small blind) showed [9c Ks] and won ($6.19) with two pair, Kings and Nines



PokerStars Hand #238714654948:  Hold'em No Limit ($0.02/$0.05 USD) - 2022/09/18 14:10:50 PT [2022/09/18 17:10:50 ET]
Table 'Pavo III' 9-max Seat #9 is the button
Seat 3: reddevils888 ($4.11 in chips) 
Seat 4: Dorex2007 ($6.03 in chips) 
Seat 6: OniTDLM ($5.59 in chips) 
Seat 8: Almanza63 ($13.71 in chips) 
Seat 9: Tueni13 ($6.19 in chips) 
reddevils888: posts small blind $0.02
Dorex2007: posts big blind $0.05
LUKIANOV777: sits out 
shuttler17: sits out 
*** HOLE CARDS ***
Dealt to Dorex2007 [8d Jc]
OniTDLM: folds 
NoFear660709 leaves the table
Almanza63: raises $0.08 to $0.13
Tueni13: calls $0.13
reddevils888: calls $0.11
Dorex2007: folds 
*** FLOP *** [7c Kc 6d]
reddevils888: checks 
simiek joins the table at seat #2 
Almanza63: checks 
Tueni13: checks 
*** TURN *** [7c Kc 6d] [As]
reddevils888: bets $0.25
Almanza63: folds 
Tueni13: folds 
Uncalled bet ($0.25) returned to reddevils888
reddevils888 collected $0.42 from pot
*** SUMMARY ***
Total pot $0.44 | Rake $0.02 
Board [7c Kc 6d As]
Seat 3: reddevils888 (small blind) collected ($0.42)
Seat 4: Dorex2007 (big blind) folded before Flop
Seat 6: OniTDLM folded before Flop (didn't bet)
Seat 8: Almanza63 folded on the Turn
Seat 9: Tueni13 (button) folded on the Turn



PokerStars Hand #238714680945:  Hold'em No Limit ($0.02/$0.05 USD) - 2022/09/18 14:11:47 PT [2022/09/18 17:11:47 ET]
Table 'Pavo III' 9-max Seat #3 is the button
Seat 2: simiek ($5 in chips) 
Seat 3: reddevils888 ($4.40 in chips) 
Seat 4: Dorex2007 ($5.98 in chips) 
Seat 5: LUKIANOV777 ($5 in chips) 
Seat 6: OniTDLM ($5.59 in chips) 
Seat 8: Almanza63 ($13.58 in chips) 
Seat 9: Tueni13 ($6.06 in chips) 
Dorex2007: posts small blind $0.02
LUKIANOV777: posts big blind $0.05
shuttler17: sits out 
mumisber: sits out 
simiek: posts big blind $0.05
*** HOLE CARDS ***
Dealt to Dorex2007 [3s Jd]
OniTDLM: calls $0.05
Almanza63: raises $0.10 to $0.15
Tueni13: calls $0.15
simiek: folds 
reddevils888: folds 
Dorex2007: folds 
mumisber leaves the table
LUKIANOV777: calls $0.10
OniTDLM: calls $0.10
*** FLOP *** [Kh 2c Js]
LUKIANOV777: checks 
OniTDLM: bets $0.32
Almanza63: folds 
KOCETO_1992 joins the table at seat #1 
Tueni13: folds 
LUKIANOV777: folds 
Uncalled bet ($0.32) returned to OniTDLM
OniTDLM collected $0.64 from pot
OniTDLM: doesn't show hand 
*** SUMMARY ***
Total pot $0.67 | Rake $0.03 
Board [Kh 2c Js]
Seat 2: simiek folded before Flop (didn't bet)
Seat 3: reddevils888 (button) folded before Flop (didn't bet)
Seat 4: Dorex2007 (small blind) folded before Flop
Seat 5: LUKIANOV777 (big blind) folded on the Flop
Seat 6: OniTDLM collected ($0.64)
Seat 8: Almanza63 folded on the Flop
Seat 9: Tueni13 folded on the Flop



PokerStars Hand #238714710528:  Hold'em No Limit ($0.02/$0.05 USD) - 2022/09/18 14:12:52 PT [2022/09/18 17:12:52 ET]
Table 'Pavo III' 9-max Seat #4 is the button
Seat 2: simiek ($4.95 in chips) 
Seat 3: reddevils888 ($4.40 in chips) 
Seat 4: Dorex2007 ($5.96 in chips) 
Seat 5: LUKIANOV777 ($4.85 in chips) 
Seat 6: OniTDLM ($6.08 in chips) 
Seat 8: Almanza63 ($13.43 in chips) 
Seat 9: Tueni13 ($5.91 in chips) 
LUKIANOV777: posts small blind $0.02
OniTDLM: posts big blind $0.05
shuttler17: sits out 
KOCETO_1992: sits out 
*** HOLE CARDS ***
Dealt to Dorex2007 [9h Jc]
Almanza63: folds 
Tueni13: calls $0.05
simiek: calls $0.05
reddevils888: folds 
Dorex2007: folds 
LUKIANOV777: folds 
OniTDLM: checks 
*** FLOP *** [Ks 6c 7s]
OniTDLM: checks 
Tueni13: checks 
simiek: checks 
*** TURN *** [Ks 6c 7s] [Kc]
OniTDLM: checks 
Tueni13: checks 
simiek: bets $0.10
OniTDLM: folds 
Tueni13: calls $0.10
*** RIVER *** [Ks 6c 7s Kc] [8d]
Tueni13: checks 
simiek: bets $0.25
Tueni13: calls $0.25
*** SHOW DOWN ***
simiek: shows [5h 5s] (two pair, Kings and Fives)
Tueni13: shows [Tc 8s] (two pair, Kings and Eights)
Tueni13 collected $0.82 from pot
*** SUMMARY ***
Total pot $0.87 | Rake $0.05 
Board [Ks 6c 7s Kc 8d]
Seat 2: simiek showed [5h 5s] and lost with two pair, Kings and Fives
Seat 3: reddevils888 folded before Flop (didn't bet)
Seat 4: Dorex2007 (button) folded before Flop (didn't bet)
Seat 5: LUKIANOV777 (small blind) folded before Flop
Seat 6: OniTDLM (big blind) folded on the Turn
Seat 8: Almanza63 folded before Flop (didn't bet)
Seat 9: Tueni13 showed [Tc 8s] and won ($0.82) with two pair, Kings and Eights



PokerStars Hand #238714735221:  Hold'em No Limit ($0.02/$0.05 USD) - 2022/09/18 14:13:46 PT [2022/09/18 17:13:46 ET]
Table 'Pavo III' 9-max Seat #5 is the button
Seat 2: simiek ($4.55 in chips) 
Seat 3: reddevils888 ($4.40 in chips) 
Seat 4: Dorex2007 ($5.96 in chips) 
Seat 5: LUKIANOV777 ($4.83 in chips) 
Seat 6: OniTDLM ($6.03 in chips) 
Seat 7: shuttler17 ($3.85 in chips) 
Seat 8: Almanza63 ($13.43 in chips) 
Seat 9: Tueni13 ($6.33 in chips) 
OniTDLM: posts small blind $0.02
shuttler17: posts big blind $0.05
KOCETO_1992: sits out 
*** HOLE CARDS ***
Dealt to Dorex2007 [9c Jc]
Almanza63: folds 
Tueni13: folds 
simiek: folds 
reddevils888: folds 
Dorex2007: folds 
LUKIANOV777: raises $0.10 to $0.15
OniTDLM: folds 
shuttler17: folds 
Uncalled bet ($0.10) returned to LUKIANOV777
LUKIANOV777 collected $0.12 from pot
*** SUMMARY ***
Total pot $0.12 | Rake $0 
Seat 2: simiek folded before Flop (didn't bet)
Seat 3: reddevils888 folded before Flop (didn't bet)
Seat 4: Dorex2007 folded before Flop (didn't bet)
Seat 5: LUKIANOV777 (button) collected ($0.12)
Seat 6: OniTDLM (small blind) folded before Flop
Seat 7: shuttler17 (big blind) folded before Flop
Seat 8: Almanza63 folded before Flop (didn't bet)
Seat 9: Tueni13 folded before Flop (didn't bet)



PokerStars Hand #238714749027:  Hold'em No Limit ($0.02/$0.05 USD) - 2022/09/18 14:14:16 PT [2022/09/18 17:14:16 ET]
Table 'Pavo III' 9-max Seat #6 is the button
Seat 2: simiek ($4.55 in chips) 
Seat 3: reddevils888 ($4.40 in chips) 
Seat 4: Dorex2007 ($5.96 in chips) 
Seat 5: LUKIANOV777 ($4.90 in chips) 
Seat 6: OniTDLM ($6.01 in chips) 
Seat 7: shuttler17 ($3.80 in chips) 
Seat 8: Almanza63 ($13.43 in chips) 
Seat 9: Tueni13 ($6.33 in chips) 
shuttler17: posts small blind $0.02
Almanza63: posts big blind $0.05
KOCETO_1992: sits out 
*** HOLE CARDS ***
Dealt to Dorex2007 [6d 2h]
Tueni13: raises $0.10 to $0.15
simiek: folds 
reddevils888: raises $0.15 to $0.30
Dorex2007: folds 
LUKIANOV777: folds 
OniTDLM: folds 
shuttler17: folds 
Almanza63: folds 
Tueni13: calls $0.15
*** FLOP *** [5h 7c 3d]
Tueni13: checks 
reddevils888: checks 
*** TURN *** [5h 7c 3d] [Kc]
Tueni13: bets $0.20
reddevils888: calls $0.20
*** RIVER *** [5h 7c 3d Kc] [Ac]
Tueni13: bets $0.60
reddevils888: calls $0.60
*** SHOW DOWN ***
Tueni13: shows [7d 7s] (three of a kind, Sevens)
reddevils888: mucks hand 
Tueni13 collected $2.16 from pot
*** SUMMARY ***
Total pot $2.27 | Rake $0.11 
Board [5h 7c 3d Kc Ac]
Seat 2: simiek folded before Flop (didn't bet)
Seat 3: reddevils888 mucked [Js As]
Seat 4: Dorex2007 folded before Flop (didn't bet)
Seat 5: LUKIANOV777 folded before Flop (didn't bet)
Seat 6: OniTDLM (button) folded before Flop (didn't bet)
Seat 7: shuttler17 (small blind) folded before Flop
Seat 8: Almanza63 (big blind) folded before Flop
Seat 9: Tueni13 showed [7d 7s] and won ($2.16) with three of a kind, Sevens



PokerStars Hand #238714776816:  Hold'em No Limit ($0.02/$0.05 USD) - 2022/09/18 14:15:17 PT [2022/09/18 17:15:17 ET]
Table 'Pavo III' 9-max Seat #7 is the button
Seat 2: simiek ($4.55 in chips) 
Seat 3: reddevils888 ($3.30 in chips) 
Seat 4: Dorex2007 ($5.96 in chips) 
Seat 5: LUKIANOV777 ($4.90 in chips) 
Seat 6: OniTDLM ($6.01 in chips) 
Seat 7: shuttler17 ($3.78 in chips) 
Seat 8: Almanza63 ($13.38 in chips) 
Seat 9: Tueni13 ($7.39 in chips) 
Almanza63: posts small blind $0.02
Tueni13: posts big blind $0.05
KOCETO_1992: sits out 
*** HOLE CARDS ***
Dealt to Dorex2007 [3d 6s]
simiek: folds 
reddevils888: folds 
Dorex2007: folds 
LUKIANOV777: raises $0.10 to $0.15
OniTDLM: folds 
shuttler17: folds 
Almanza63: raises $0.34 to $0.49
Tueni13: folds 
LUKIANOV777: folds 
Uncalled bet ($0.34) returned to Almanza63
Almanza63 collected $0.35 from pot
Almanza63: doesn't show hand 
*** SUMMARY ***
Total pot $0.35 | Rake $0 
Seat 2: simiek folded before Flop (didn't bet)
Seat 3: reddevils888 folded before Flop (didn't bet)
Seat 4: Dorex2007 folded before Flop (didn't bet)
Seat 5: LUKIANOV777 folded before Flop
Seat 6: OniTDLM folded before Flop (didn't bet)
Seat 7: shuttler17 (button) folded before Flop (didn't bet)
Seat 8: Almanza63 (small blind) collected ($0.35)
Seat 9: Tueni13 (big blind) folded before Flop



PokerStars Hand #238714799075:  Hold'em No Limit ($0.02/$0.05 USD) - 2022/09/18 14:16:06 PT [2022/09/18 17:16:06 ET]
Table 'Pavo III' 9-max Seat #8 is the button
Seat 1: KOCETO_1992 ($4 in chips) 
Seat 2: simiek ($4.55 in chips) 
Seat 3: reddevils888 ($3.30 in chips) 
Seat 4: Dorex2007 ($5.96 in chips) 
Seat 5: LUKIANOV777 ($4.75 in chips) 
Seat 6: OniTDLM ($6.01 in chips) 
Seat 7: shuttler17 ($3.78 in chips) 
Seat 8: Almanza63 ($13.58 in chips) 
Seat 9: Tueni13 ($7.34 in chips) 
Tueni13: posts small blind $0.02
KOCETO_1992: posts big blind $0.05
*** HOLE CARDS ***
Dealt to Dorex2007 [3s 9c]
simiek: folds 
reddevils888: raises $0.10 to $0.15
Dorex2007: folds 
LUKIANOV777: folds 
OniTDLM: calls $0.15
shuttler17: folds 
Almanza63: folds 
Tueni13 has timed out
Tueni13: folds 
KOCETO_1992: folds 
*** FLOP *** [3d Ad 5c]
reddevils888: bets $0.17
OniTDLM: raises $0.17 to $0.34
reddevils888: raises $0.52 to $0.86
OniTDLM: calls $0.52
*** TURN *** [3d Ad 5c] [7d]
reddevils888: checks 
OniTDLM: bets $1
reddevils888: calls $1
*** RIVER *** [3d Ad 5c 7d] [7s]
reddevils888: checks 
OniTDLM: checks 
*** SHOW DOWN ***
reddevils888: shows [As 5s] (two pair, Aces and Sevens)
OniTDLM: shows [Jc Ac] (two pair, Aces and Sevens - Jack kicker)
OniTDLM collected $3.92 from pot
*** SUMMARY ***
Total pot $4.09 | Rake $0.17 
Board [3d Ad 5c 7d 7s]
Seat 1: KOCETO_1992 (big blind) folded before Flop
Seat 2: simiek folded before Flop (didn't bet)
Seat 3: reddevils888 showed [As 5s] and lost with two pair, Aces and Sevens
Seat 4: Dorex2007 folded before Flop (didn't bet)
Seat 5: LUKIANOV777 folded before Flop (didn't bet)
Seat 6: OniTDLM showed [Jc Ac] and won ($3.92) with two pair, Aces and Sevens
Seat 7: shuttler17 folded before Flop (didn't bet)
Seat 8: Almanza63 (button) folded before Flop (didn't bet)
Seat 9: Tueni13 (small blind) folded before Flop



PokerStars Hand #238714851942:  Hold'em No Limit ($0.02/$0.05 USD) - 2022/09/18 14:18:03 PT [2022/09/18 17:18:03 ET]
Table 'Pavo III' 9-max Seat #9 is the button
Seat 1: KOCETO_1992 ($3.95 in chips) 
Seat 2: simiek ($4.55 in chips) 
Seat 3: reddevils888 ($1.29 in chips) 
Seat 4: Dorex2007 ($5.96 in chips) 
Seat 5: LUKIANOV777 ($4.75 in chips) 
Seat 6: OniTDLM ($7.92 in chips) 
Seat 7: shuttler17 ($3.78 in chips) 
Seat 8: Almanza63 ($13.58 in chips) 
Seat 9: Tueni13 ($7.32 in chips) 
KOCETO_1992: posts small blind $0.02
simiek: posts big blind $0.05
*** HOLE CARDS ***
Dealt to Dorex2007 [4d Qd]
reddevils888: folds 
Dorex2007: folds 
LUKIANOV777: folds 
OniTDLM: folds 
shuttler17: folds 
Almanza63: folds 
Tueni13: calls $0.05
KOCETO_1992: calls $0.03
simiek: checks 
*** FLOP *** [Ts 8c 2d]
KOCETO_1992: bets $0.14
simiek: calls $0.14
Tueni13: folds 
*** TURN *** [Ts 8c 2d] [3d]
KOCETO_1992: bets $0.41
simiek: calls $0.41
*** RIVER *** [Ts 8c 2d 3d] [4c]
KOCETO_1992: bets $1.20
simiek: raises $1.20 to $2.40
KOCETO_1992: raises $0.95 to $3.35 and is all-in
simiek: calls $0.95
*** SHOW DOWN ***
KOCETO_1992: shows [2c 2s] (three of a kind, Deuces)
simiek: shows [8h 8d] (three of a kind, Eights)
simiek collected $7.62 from pot
*** SUMMARY ***
Total pot $7.95 | Rake $0.33 
Board [Ts 8c 2d 3d 4c]
Seat 1: KOCETO_1992 (small blind) showed [2c 2s] and lost with three of a kind, Deuces
Seat 2: simiek (big blind) showed [8h 8d] and won ($7.62) with three of a kind, Eights
Seat 3: reddevils888 folded before Flop (didn't bet)
Seat 4: Dorex2007 folded before Flop (didn't bet)
Seat 5: LUKIANOV777 folded before Flop (didn't bet)
Seat 6: OniTDLM folded before Flop (didn't bet)
Seat 7: shuttler17 folded before Flop (didn't bet)
Seat 8: Almanza63 folded before Flop (didn't bet)
Seat 9: Tueni13 (button) folded on the Flop



PokerStars Hand #238714881130:  Hold'em No Limit ($0.02/$0.05 USD) - 2022/09/18 14:19:08 PT [2022/09/18 17:19:08 ET]
Table 'Pavo III' 9-max Seat #2 is the button
Seat 2: simiek ($8.22 in chips) 
Seat 3: reddevils888 ($1.29 in chips) 
Seat 4: Dorex2007 ($5.96 in chips) 
Seat 5: LUKIANOV777 ($4.75 in chips) 
Seat 6: OniTDLM ($7.92 in chips) 
Seat 7: shuttler17 ($3.78 in chips) 
Seat 8: Almanza63 ($13.58 in chips) 
Seat 9: Tueni13 ($7.27 in chips) 
reddevils888: posts small blind $0.02
Dorex2007: posts big blind $0.05
*** HOLE CARDS ***
Dealt to Dorex2007 [Ad 7s]
LUKIANOV777: folds 
OniTDLM: calls $0.05
shuttler17: folds 
Almanza63: folds 
Tueni13: calls $0.05
simiek: calls $0.05
reddevils888: raises $0.25 to $0.30
Dorex2007: folds 
OniTDLM: calls $0.25
Tueni13: folds 
simiek: calls $0.25
*** FLOP *** [Jd 9h 5c]
reddevils888: bets $0.99 and is all-in
OniTDLM: calls $0.99
simiek: folds 
*** TURN *** [Jd 9h 5c] [6c]
*** RIVER *** [Jd 9h 5c 6c] [Kc]
*** SHOW DOWN ***
reddevils888: shows [As Jh] (a pair of Jacks)
OniTDLM: shows [Kd Ac] (a pair of Kings)
reddevils888 cashed out the hand for $2.44 | Cash Out Fee $0.02
OniTDLM cashed out the hand for $0.40
*** SUMMARY ***
Total pot $2.98 | Rake $0.12 
Board [Jd 9h 5c 6c Kc]
Seat 2: simiek (button) folded on the Flop
Seat 3: reddevils888 (small blind) showed [As Jh] and lost with a pair of Jacks (cashed out).
Seat 4: Dorex2007 (big blind) folded before Flop
Seat 5: LUKIANOV777 folded before Flop (didn't bet)
Seat 6: OniTDLM showed [Kd Ac] and won ($2.86) with a pair of Kings (pot not awarded as player cashed out)
Seat 7: shuttler17 folded before Flop (didn't bet)
Seat 8: Almanza63 folded before Flop (didn't bet)
Seat 9: Tueni13 folded before Flop



PokerStars Hand #238714908539:  Hold'em No Limit ($0.02/$0.05 USD) - 2022/09/18 14:20:09 PT [2022/09/18 17:20:09 ET]
Table 'Pavo III' 9-max Seat #3 is the button
Seat 1: KOCETO_1992 ($4 in chips) 
Seat 2: simiek ($7.92 in chips) 
Seat 3: reddevils888 ($2.44 in chips) 
Seat 4: Dorex2007 ($5.91 in chips) 
Seat 5: LUKIANOV777 ($4.75 in chips) 
Seat 6: OniTDLM ($7.03 in chips) 
Seat 7: shuttler17 ($3.78 in chips) 
Seat 8: Almanza63 ($13.58 in chips) 
Seat 9: Tueni13 ($7.22 in chips) 
Dorex2007: posts small blind $0.02
LUKIANOV777: posts big blind $0.05
*** HOLE CARDS ***
Dealt to Dorex2007 [Qd Kd]
OniTDLM: calls $0.05
shuttler17: raises $0.17 to $0.22
Almanza63: folds 
Tueni13: folds 
KOCETO_1992: folds 
simiek: folds 
reddevils888: folds 
Dorex2007: calls $0.20
LUKIANOV777: calls $0.17
OniTDLM: calls $0.17
*** FLOP *** [5d 9h Ts]
Dorex2007: checks 
LUKIANOV777: checks 
OniTDLM: checks 
shuttler17: checks 
*** TURN *** [5d 9h Ts] [Qs]
Dorex2007: bets $0.42
LUKIANOV777: calls $0.42
OniTDLM: calls $0.42
shuttler17: calls $0.42
*** RIVER *** [5d 9h Ts Qs] [4d]
Dorex2007: checks 
LUKIANOV777: checks 
OniTDLM: bets $0.60
shuttler17: calls $0.60
Dorex2007: folds 
LUKIANOV777: folds 
*** SHOW DOWN ***
OniTDLM: shows [Jc As] (high card Ace)
shuttler17: shows [Ah Qh] (a pair of Queens)
shuttler17 collected $3.56 from pot
*** SUMMARY ***
Total pot $3.76 | Rake $0.20 
Board [5d 9h Ts Qs 4d]
Seat 1: KOCETO_1992 folded before Flop (didn't bet)
Seat 2: simiek folded before Flop (didn't bet)
Seat 3: reddevils888 (button) folded before Flop (didn't bet)
Seat 4: Dorex2007 (small blind) folded on the River
Seat 5: LUKIANOV777 (big blind) folded on the River
Seat 6: OniTDLM showed [Jc As] and lost with high card Ace
Seat 7: shuttler17 showed [Ah Qh] and won ($3.56) with a pair of Queens
Seat 8: Almanza63 folded before Flop (didn't bet)
Seat 9: Tueni13 folded before Flop (didn't bet)



PokerStars Hand #238714955480:  Hold'em No Limit ($0.02/$0.05 USD) - 2022/09/18 14:21:53 PT [2022/09/18 17:21:53 ET]
Table 'Pavo III' 9-max Seat #4 is the button
Seat 1: KOCETO_1992 ($4 in chips) 
Seat 2: simiek ($7.92 in chips) 
Seat 3: reddevils888 ($2.44 in chips) 
Seat 4: Dorex2007 ($5.27 in chips) 
Seat 5: LUKIANOV777 ($4.11 in chips) 
Seat 6: OniTDLM ($5.79 in chips) 
Seat 7: shuttler17 ($6.10 in chips) 
Seat 8: Almanza63 ($13.58 in chips) 
Seat 9: Tueni13 ($7.22 in chips) 
LUKIANOV777: posts small blind $0.02
OniTDLM: posts big blind $0.05
*** HOLE CARDS ***
Dealt to Dorex2007 [Jh 3d]
shuttler17: folds 
Almanza63: folds 
Tueni13: folds 
KOCETO_1992: folds 
Tueni13 leaves the table
KOCETO_1992 leaves the table
simiek has timed out
simiek: folds 
reddevils888: folds 
Dorex2007: folds 
LUKIANOV777: folds 
Uncalled bet ($0.03) returned to OniTDLM
OniTDLM collected $0.04 from pot
OniTDLM: doesn't show hand 
*** SUMMARY ***
Total pot $0.04 | Rake $0 
Seat 1: KOCETO_1992 folded before Flop (didn't bet)
Seat 2: simiek folded before Flop (didn't bet)
Seat 3: reddevils888 folded before Flop (didn't bet)
Seat 4: Dorex2007 (button) folded before Flop (didn't bet)
Seat 5: LUKIANOV777 (small blind) folded before Flop
Seat 6: OniTDLM (big blind) collected ($0.04)
Seat 7: shuttler17 folded before Flop (didn't bet)
Seat 8: Almanza63 folded before Flop (didn't bet)
Seat 9: Tueni13 folded before Flop (didn't bet)



PokerStars Hand #238714973837:  Hold'em No Limit ($0.02/$0.05 USD) - 2022/09/18 14:22:34 PT [2022/09/18 17:22:34 ET]
Table 'Pavo III' 9-max Seat #5 is the button
Seat 2: simiek ($7.92 in chips) 
Seat 3: reddevils888 ($2.44 in chips) 
Seat 4: Dorex2007 ($5.27 in chips) 
Seat 5: LUKIANOV777 ($4.09 in chips) 
Seat 6: OniTDLM ($5.81 in chips) 
Seat 7: shuttler17 ($6.10 in chips) 
Seat 8: Almanza63 ($13.58 in chips) 
OniTDLM: posts small blind $0.02
shuttler17: posts big blind $0.05
*** HOLE CARDS ***
Dealt to Dorex2007 [8h 4h]
Sakotxx joins the table at seat #9 
Almanza63: folds 
kirusha07xa joins the table at seat #1 
simiek: folds 
reddevils888: folds 
Dorex2007: folds 
LUKIANOV777: folds 
OniTDLM: calls $0.03
shuttler17: checks 
*** FLOP *** [Td Th 8s]
OniTDLM: checks 
shuttler17: checks 
*** TURN *** [Td Th 8s] [Qc]
OniTDLM: checks 
shuttler17: checks 
*** RIVER *** [Td Th 8s Qc] [Ah]
OniTDLM: checks 
shuttler17: checks 
*** SHOW DOWN ***
OniTDLM: shows [3h 5d] (a pair of Tens)
shuttler17: shows [Jh 6h] (a pair of Tens - Ace+Queen+Jack kicker)
shuttler17 collected $0.10 from pot
*** SUMMARY ***
Total pot $0.10 | Rake $0 
Board [Td Th 8s Qc Ah]
Seat 2: simiek folded before Flop (didn't bet)
Seat 3: reddevils888 folded before Flop (didn't bet)
Seat 4: Dorex2007 folded before Flop (didn't bet)
Seat 5: LUKIANOV777 (button) folded before Flop (didn't bet)
Seat 6: OniTDLM (small blind) showed [3h 5d] and lost with a pair of Tens
Seat 7: shuttler17 (big blind) showed [Jh 6h] and won ($0.10) with a pair of Tens
Seat 8: Almanza63 folded before Flop (didn't bet)



PokerStars Hand #238714990999:  Hold'em No Limit ($0.02/$0.05 USD) - 2022/09/18 14:23:13 PT [2022/09/18 17:23:13 ET]
Table 'Pavo III' 9-max Seat #6 is the button
Seat 2: simiek ($7.92 in chips) 
Seat 3: reddevils888 ($2.44 in chips) 
Seat 4: Dorex2007 ($5.27 in chips) 
Seat 5: LUKIANOV777 ($4.09 in chips) 
Seat 6: OniTDLM ($5.76 in chips) 
Seat 7: shuttler17 ($6.15 in chips) 
Seat 8: Almanza63 ($13.58 in chips) 
Seat 9: Sakotxx ($4 in chips) 
shuttler17: posts small blind $0.02
Almanza63: posts big blind $0.05
Sakotxx: posts big blind $0.05
kirusha07xa: sits out 
*** HOLE CARDS ***
Dealt to Dorex2007 [Ah 4d]
Sakotxx: checks 
simiek: folds 
reddevils888: raises $0.10 to $0.15
Dorex2007: folds 
LUKIANOV777: folds 
OniTDLM: calls $0.15
shuttler17: folds 
Almanza63: folds 
Sakotxx: calls $0.10
*** FLOP *** [2c 7h Th]
Sakotxx: checks 
reddevils888: checks 
OniTDLM: checks 
*** TURN *** [2c 7h Th] [5d]
Sakotxx: checks 
reddevils888: checks 
OniTDLM: checks 
*** RIVER *** [2c 7h Th 5d] [Qh]
Sakotxx: checks 
reddevils888: checks 
OniTDLM: checks 
*** SHOW DOWN ***
Sakotxx: shows [Qs 9h] (a pair of Queens)
reddevils888: mucks hand 
OniTDLM: mucks hand 
Sakotxx collected $0.50 from pot
*** SUMMARY ***
Total pot $0.52 | Rake $0.02 
Board [2c 7h Th 5d Qh]
Seat 2: simiek folded before Flop (didn't bet)
Seat 3: reddevils888 mucked [Ad Jd]
Seat 4: Dorex2007 folded before Flop (didn't bet)
Seat 5: LUKIANOV777 folded before Flop (didn't bet)
Seat 6: OniTDLM (button) mucked [Jh Kc]
Seat 7: shuttler17 (small blind) folded before Flop
Seat 8: Almanza63 (big blind) folded before Flop
Seat 9: Sakotxx showed [Qs 9h] and won ($0.50) with a pair of Queens



PokerStars Hand #238715017003:  Hold'em No Limit ($0.02/$0.05 USD) - 2022/09/18 14:24:11 PT [2022/09/18 17:24:11 ET]
Table 'Pavo III' 9-max Seat #7 is the button
Seat 2: simiek ($7.92 in chips) 
Seat 3: reddevils888 ($2.29 in chips) 
Seat 4: Dorex2007 ($5.27 in chips) 
Seat 5: LUKIANOV777 ($4.09 in chips) 
Seat 6: OniTDLM ($5.61 in chips) 
Seat 7: shuttler17 ($6.13 in chips) 
Seat 8: Almanza63 ($13.53 in chips) 
Seat 9: Sakotxx ($4.35 in chips) 
Almanza63: posts small blind $0.02
Sakotxx: posts big blind $0.05
kirusha07xa: sits out 
*** HOLE CARDS ***
Dealt to Dorex2007 [Ks Qc]
simiek: folds 
reddevils888: folds 
Dorex2007: raises $0.05 to $0.10
LUKIANOV777: folds 
OniTDLM: raises $0.05 to $0.15
shuttler17: folds 
Almanza63: folds 
Sakotxx: folds 
Dorex2007: calls $0.05
*** FLOP *** [Jd Th 3s]
Dorex2007: bets $0.23
OniTDLM: calls $0.23
*** TURN *** [Jd Th 3s] [7d]
Dorex2007: bets $0.40
OniTDLM: calls $0.40
*** RIVER *** [Jd Th 3s 7d] [9d]
Dorex2007: bets $1.56
OniTDLM: raises $1.56 to $3.12
Dorex2007: raises $1.37 to $4.49 and is all-in
simiek leaves the table
OniTDLM: calls $1.37
*** SHOW DOWN ***
Dorex2007: shows [Ks Qc] (a straight, Nine to King)
OniTDLM: shows [Ad Qd] (a flush, Ace high)
OniTDLM collected $10.17 from pot
*** SUMMARY ***
Total pot $10.61 | Rake $0.44 
Board [Jd Th 3s 7d 9d]
Seat 2: simiek folded before Flop (didn't bet)
Seat 3: reddevils888 folded before Flop (didn't bet)
Seat 4: Dorex2007 showed [Ks Qc] and lost with a straight, Nine to King
Seat 5: LUKIANOV777 folded before Flop (didn't bet)
Seat 6: OniTDLM showed [Ad Qd] and won ($10.17) with a flush, Ace high
Seat 7: shuttler17 (button) folded before Flop (didn't bet)
Seat 8: Almanza63 (small blind) folded before Flop
Seat 9: Sakotxx (big blind) folded before Flop



PokerStars Hand #238715046144:  Hold'em No Limit ($0.02/$0.05 USD) - 2022/09/18 14:25:18 PT [2022/09/18 17:25:18 ET]
Table 'Pavo III' 9-max Seat #8 is the button
Seat 1: kirusha07xa ($5 in chips) 
Seat 3: reddevils888 ($2.29 in chips) 
Seat 4: Dorex2007 ($5 in chips) 
Seat 5: LUKIANOV777 ($4.09 in chips) 
Seat 6: OniTDLM ($10.51 in chips) 
Seat 7: shuttler17 ($6.13 in chips) 
Seat 8: Almanza63 ($13.51 in chips) 
Seat 9: Sakotxx ($4.30 in chips) 
Sakotxx: posts small blind $0.02
kirusha07xa: posts big blind $0.05
*** HOLE CARDS ***
Dealt to Dorex2007 [9c 7c]
daro506 joins the table at seat #2 
reddevils888: folds 
Dorex2007: folds 
LUKIANOV777: folds 
OniTDLM: folds 
shuttler17: raises $0.10 to $0.15
Almanza63: folds 
Sakotxx: calls $0.13
kirusha07xa: folds 
*** FLOP *** [Ac 8s Js]
Sakotxx: checks 
shuttler17: bets $0.25
Sakotxx: folds 
Uncalled bet ($0.25) returned to shuttler17
shuttler17 collected $0.34 from pot
shuttler17: doesn't show hand 
*** SUMMARY ***
Total pot $0.35 | Rake $0.01 
Board [Ac 8s Js]
Seat 1: kirusha07xa (big blind) folded before Flop
Seat 3: reddevils888 folded before Flop (didn't bet)
Seat 4: Dorex2007 folded before Flop (didn't bet)
Seat 5: LUKIANOV777 folded before Flop (didn't bet)
Seat 6: OniTDLM folded before Flop (didn't bet)
Seat 7: shuttler17 collected ($0.34)
Seat 8: Almanza63 (button) folded before Flop (didn't bet)
Seat 9: Sakotxx (small blind) folded on the Flop



PokerStars Hand #238715064499:  Hold'em No Limit ($0.02/$0.05 USD) - 2022/09/18 14:26:00 PT [2022/09/18 17:26:00 ET]
Table 'Pavo III' 9-max Seat #9 is the button
Seat 1: kirusha07xa ($5 in chips) 
Seat 2: daro506 ($5 in chips) 
Seat 3: reddevils888 ($2.29 in chips) 
Seat 4: Dorex2007 ($5 in chips) 
Seat 5: LUKIANOV777 ($4.09 in chips) 
Seat 6: OniTDLM ($10.51 in chips) 
Seat 7: shuttler17 ($6.32 in chips) 
Seat 8: Almanza63 ($13.51 in chips) 
Seat 9: Sakotxx ($4.15 in chips) 
kirusha07xa: posts small blind $0.02
daro506: posts big blind $0.05
*** HOLE CARDS ***
Dealt to Dorex2007 [3c 9c]
reddevils888: raises $0.05 to $0.10
Dorex2007: folds 
LUKIANOV777: folds 
OniTDLM: calls $0.10
shuttler17: folds 
Almanza63: folds 
Sakotxx: folds 
kirusha07xa: folds 
daro506: folds 
*** FLOP *** [7d Ah Js]
reddevils888: checks 
OniTDLM: bets $0.13
reddevils888: raises $0.26 to $0.39
OniTDLM: calls $0.26
*** TURN *** [7d Ah Js] [6s]
reddevils888: bets $0.55
OniTDLM: raises $0.55 to $1.10
reddevils888: raises $0.70 to $1.80 and is all-in
OniTDLM: calls $0.70
*** RIVER *** [7d Ah Js 6s] [Ac]
*** SHOW DOWN ***
reddevils888: shows [7s 7h] (a full house, Sevens full of Aces)
OniTDLM: shows [Tc Jc] (two pair, Aces and Jacks)
reddevils888 collected $4.46 from pot
*** SUMMARY ***
Total pot $4.65 | Rake $0.19 
Board [7d Ah Js 6s Ac]
Seat 1: kirusha07xa (small blind) folded before Flop
Seat 2: daro506 (big blind) folded before Flop
Seat 3: reddevils888 showed [7s 7h] and won ($4.46) with a full house, Sevens full of Aces
Seat 4: Dorex2007 folded before Flop (didn't bet)
Seat 5: LUKIANOV777 folded before Flop (didn't bet)
Seat 6: OniTDLM showed [Tc Jc] and lost with two pair, Aces and Jacks
Seat 7: shuttler17 folded before Flop (didn't bet)
Seat 8: Almanza63 folded before Flop (didn't bet)
Seat 9: Sakotxx (button) folded before Flop (didn't bet)



PokerStars Hand #238715098084:  Hold'em No Limit ($0.02/$0.05 USD) - 2022/09/18 14:27:16 PT [2022/09/18 17:27:16 ET]
Table 'Pavo III' 9-max Seat #1 is the button
Seat 1: kirusha07xa ($5 in chips) 
Seat 2: daro506 ($4.95 in chips) 
Seat 3: reddevils888 ($4.46 in chips) 
Seat 4: Dorex2007 ($5 in chips) 
Seat 5: LUKIANOV777 ($4.09 in chips) 
Seat 6: OniTDLM ($8.22 in chips) 
Seat 7: shuttler17 ($6.32 in chips) 
Seat 8: Almanza63 ($13.51 in chips) 
Seat 9: Sakotxx ($4.15 in chips) 
daro506: posts small blind $0.02
reddevils888: posts big blind $0.05
*** HOLE CARDS ***
Dealt to Dorex2007 [9s 3c]
Dorex2007: folds 
LUKIANOV777 has timed out
LUKIANOV777: folds 
OniTDLM: raises $0.05 to $0.10
shuttler17: calls $0.10
Almanza63: folds 
Sakotxx: calls $0.10
kirusha07xa: folds 
daro506: folds 
reddevils888: calls $0.05
*** FLOP *** [5c 8s Jh]
reddevils888: checks 
OniTDLM: bets $0.05
shuttler17: raises $0.30 to $0.35
Sakotxx: folds 
reddevils888: folds 
OniTDLM: folds 
Uncalled bet ($0.30) returned to shuttler17
shuttler17 collected $0.50 from pot
shuttler17: doesn't show hand 
*** SUMMARY ***
Total pot $0.52 | Rake $0.02 
Board [5c 8s Jh]
Seat 1: kirusha07xa (button) folded before Flop (didn't bet)
Seat 2: daro506 (small blind) folded before Flop
Seat 3: reddevils888 (big blind) folded on the Flop
Seat 4: Dorex2007 folded before Flop (didn't bet)
Seat 5: LUKIANOV777 folded before Flop (didn't bet)
Seat 6: OniTDLM folded on the Flop
Seat 7: shuttler17 collected ($0.50)
Seat 8: Almanza63 folded before Flop (didn't bet)
Seat 9: Sakotxx folded on the Flop



PokerStars Hand #238715130428:  Hold'em No Limit ($0.02/$0.05 USD) - 2022/09/18 14:28:29 PT [2022/09/18 17:28:29 ET]
Table 'Pavo III' 9-max Seat #2 is the button
Seat 1: kirusha07xa ($5 in chips) 
Seat 2: daro506 ($4.93 in chips) 
Seat 3: reddevils888 ($4.36 in chips) 
Seat 4: Dorex2007 ($5 in chips) 
Seat 5: LUKIANOV777 ($4.09 in chips) 
Seat 6: OniTDLM ($8.07 in chips) 
Seat 7: shuttler17 ($6.67 in chips) 
Seat 8: Almanza63 ($13.51 in chips) 
Seat 9: Sakotxx ($4.05 in chips) 
reddevils888: posts small blind $0.02
Dorex2007: posts big blind $0.05
*** HOLE CARDS ***
Dealt to Dorex2007 [5s Qd]
LUKIANOV777 has timed out
LUKIANOV777: folds 
OniTDLM: calls $0.05
shuttler17: folds 
Almanza63: folds 
Sakotxx: calls $0.05
kirusha07xa: folds 
daro506: folds 
reddevils888: folds 
Dorex2007: checks 
*** FLOP *** [7d 5d Qc]
Dorex2007: bets $0.16
OniTDLM: calls $0.16
Sakotxx: folds 
*** TURN *** [7d 5d Qc] [2h]
Dorex2007: bets $0.47
OniTDLM: calls $0.47
*** RIVER *** [7d 5d Qc 2h] [2c]
Dorex2007: bets $1.37
OniTDLM: calls $1.37
*** SHOW DOWN ***
Dorex2007: shows [5s Qd] (two pair, Queens and Fives)
OniTDLM: mucks hand 
Dorex2007 collected $4 from pot
*** SUMMARY ***
Total pot $4.17 | Rake $0.17 
Board [7d 5d Qc 2h 2c]
Seat 1: kirusha07xa folded before Flop (didn't bet)
Seat 2: daro506 (button) folded before Flop (didn't bet)
Seat 3: reddevils888 (small blind) folded before Flop
Seat 4: Dorex2007 (big blind) showed [5s Qd] and won ($4) with two pair, Queens and Fives
Seat 5: LUKIANOV777 folded before Flop (didn't bet)
Seat 6: OniTDLM mucked [6s 6c]
Seat 7: shuttler17 folded before Flop (didn't bet)
Seat 8: Almanza63 folded before Flop (didn't bet)
Seat 9: Sakotxx folded on the Flop



PokerStars Hand #238715161707:  Hold'em No Limit ($0.02/$0.05 USD) - 2022/09/18 14:29:41 PT [2022/09/18 17:29:41 ET]
Table 'Pavo III' 9-max Seat #3 is the button
Seat 1: kirusha07xa ($5 in chips) 
Seat 2: daro506 ($4.93 in chips) 
Seat 3: reddevils888 ($4.34 in chips) 
Seat 4: Dorex2007 ($6.95 in chips) 
Seat 5: LUKIANOV777 ($4.09 in chips) 
Seat 6: OniTDLM ($6.02 in chips) 
Seat 7: shuttler17 ($6.67 in chips) 
Seat 8: Almanza63 ($13.51 in chips) 
Seat 9: Sakotxx ($4 in chips) 
Dorex2007: posts small blind $0.02
LUKIANOV777: posts big blind $0.05
*** HOLE CARDS ***
Dealt to Dorex2007 [Kd 3s]
OniTDLM: folds 
shuttler17: folds 
Almanza63: folds 
Sakotxx: calls $0.05
kirusha07xa: folds 
daro506: raises $0.13 to $0.18
reddevils888: folds 
Dorex2007: folds 
LUKIANOV777: calls $0.13
Sakotxx: folds 
*** FLOP *** [5h 2h As]
LUKIANOV777: checks 
daro506: bets $0.30
LUKIANOV777: calls $0.30
*** TURN *** [5h 2h As] [3c]
LUKIANOV777: checks 
daro506: bets $0.60
LUKIANOV777: calls $0.60
*** RIVER *** [5h 2h As 3c] [4s]
LUKIANOV777: checks 
daro506: checks 
*** SHOW DOWN ***
LUKIANOV777: shows [Ad Qd] (a straight, Ace to Five)
daro506: shows [2s 2d] (a straight, Ace to Five)
LUKIANOV777 collected $1.07 from pot
daro506 collected $1.07 from pot
*** SUMMARY ***
Total pot $2.23 | Rake $0.09 
Board [5h 2h As 3c 4s]
Seat 1: kirusha07xa folded before Flop (didn't bet)
Seat 2: daro506 showed [2s 2d] and won ($1.07) with a straight, Ace to Five
Seat 3: reddevils888 (button) folded before Flop (didn't bet)
Seat 4: Dorex2007 (small blind) folded before Flop
Seat 5: LUKIANOV777 (big blind) showed [Ad Qd] and won ($1.07) with a straight, Ace to Five
Seat 6: OniTDLM folded before Flop (didn't bet)
Seat 7: shuttler17 folded before Flop (didn't bet)
Seat 8: Almanza63 folded before Flop (didn't bet)
Seat 9: Sakotxx folded before Flop



PokerStars Hand #238715201549:  Hold'em No Limit ($0.02/$0.05 USD) - 2022/09/18 14:31:12 PT [2022/09/18 17:31:12 ET]
Table 'Pavo III' 9-max Seat #4 is the button
Seat 1: kirusha07xa ($5 in chips) 
Seat 2: daro506 ($4.92 in chips) 
Seat 3: reddevils888 ($4.34 in chips) 
Seat 4: Dorex2007 ($6.93 in chips) 
Seat 5: LUKIANOV777 ($4.08 in chips) 
Seat 6: OniTDLM ($6.02 in chips) 
Seat 7: shuttler17 ($6.67 in chips) 
Seat 8: Almanza63 ($13.51 in chips) 
Seat 9: Sakotxx ($3.95 in chips) 
LUKIANOV777: posts small blind $0.02
OniTDLM: posts big blind $0.05
*** HOLE CARDS ***
Dealt to Dorex2007 [3s 4c]
shuttler17: folds 
Almanza63: folds 
Sakotxx: calls $0.05
kirusha07xa: folds 
daro506: raises $0.13 to $0.18
reddevils888 has timed out
reddevils888: folds 
Dorex2007: folds 
LUKIANOV777: folds 
OniTDLM: calls $0.13
Sakotxx: calls $0.13
*** FLOP *** [2c Jd Qd]
OniTDLM: checks 
Sakotxx: bets $0.10
daro506: raises $0.30 to $0.40
OniTDLM: folds 
Sakotxx: raises $0.30 to $0.70
daro506: raises $4.04 to $4.74 and is all-in
Sakotxx: calls $3.07 and is all-in
Uncalled bet ($0.97) returned to daro506
*** TURN *** [2c Jd Qd] [9s]
*** RIVER *** [2c Jd Qd 9s] [9h]
*** SHOW DOWN ***
Sakotxx: shows [As 2h] (two pair, Nines and Deuces)
daro506: shows [Ah Qs] (two pair, Queens and Nines)
daro506 collected $7.76 from pot
*** SUMMARY ***
Total pot $8.10 | Rake $0.34 
Board [2c Jd Qd 9s 9h]
Seat 1: kirusha07xa folded before Flop (didn't bet)
Seat 2: daro506 showed [Ah Qs] and won ($7.76) with two pair, Queens and Nines
Seat 3: reddevils888 folded before Flop (didn't bet)
Seat 4: Dorex2007 (button) folded before Flop (didn't bet)
Seat 5: LUKIANOV777 (small blind) folded before Flop
Seat 6: OniTDLM (big blind) folded on the Flop
Seat 7: shuttler17 folded before Flop (didn't bet)
Seat 8: Almanza63 folded before Flop (didn't bet)
Seat 9: Sakotxx showed [As 2h] and lost with two pair, Nines and Deuces



PokerStars Hand #238715238841:  Hold'em No Limit ($0.02/$0.05 USD) - 2022/09/18 14:32:38 PT [2022/09/18 17:32:38 ET]
Table 'Pavo III' 9-max Seat #5 is the button
Seat 1: kirusha07xa ($5 in chips) 
Seat 2: daro506 ($8.73 in chips) 
Seat 4: Dorex2007 ($6.93 in chips) 
Seat 5: LUKIANOV777 ($4.06 in chips) 
Seat 6: OniTDLM ($5.84 in chips) 
Seat 7: shuttler17 ($6.67 in chips) 
Seat 8: Almanza63 ($13.51 in chips) 
OniTDLM: posts small blind $0.02
shuttler17: posts big blind $0.05
*** HOLE CARDS ***
Dealt to Dorex2007 [9h 3h]
Almanza63: folds 
kirusha07xa: folds 
daro506: folds 
Dorex2007: folds 
LUKIANOV777: folds 
OniTDLM: calls $0.03
shuttler17: raises $0.20 to $0.25
OniTDLM: calls $0.20
*** FLOP *** [As 4s 5h]
OniTDLM: checks 
shuttler17: bets $0.30
OniTDLM: folds 
Uncalled bet ($0.30) returned to shuttler17
shuttler17 collected $0.48 from pot
shuttler17: doesn't show hand 
*** SUMMARY ***
Total pot $0.50 | Rake $0.02 
Board [As 4s 5h]
Seat 1: kirusha07xa folded before Flop (didn't bet)
Seat 2: daro506 folded before Flop (didn't bet)
Seat 4: Dorex2007 folded before Flop (didn't bet)
Seat 5: LUKIANOV777 (button) folded before Flop (didn't bet)
Seat 6: OniTDLM (small blind) folded on the Flop
Seat 7: shuttler17 (big blind) collected ($0.48)
Seat 8: Almanza63 folded before Flop (didn't bet)



PokerStars Hand #238715254998:  Hold'em No Limit ($0.02/$0.05 USD) - 2022/09/18 14:33:15 PT [2022/09/18 17:33:15 ET]
Table 'Pavo III' 9-max Seat #6 is the button
Seat 1: kirusha07xa ($5 in chips) 
Seat 2: daro506 ($8.73 in chips) 
Seat 4: Dorex2007 ($6.93 in chips) 
Seat 5: LUKIANOV777 ($4.06 in chips) 
Seat 6: OniTDLM ($5.59 in chips) 
Seat 7: shuttler17 ($6.90 in chips) 
Seat 8: Almanza63 ($13.51 in chips) 
Seat 9: Sakotxx ($5 in chips) 
shuttler17: posts small blind $0.02
Almanza63: posts big blind $0.05
*** HOLE CARDS ***
Dealt to Dorex2007 [4c 6s]
Sakotxx: raises $0.10 to $0.15
kirusha07xa: folds 
daro506: folds 
Dorex2007: folds 
LUKIANOV777: calls $0.15
OniTDLM: folds 
shuttler17: folds 
Almanza63: folds 
*** FLOP *** [7c 4s Qs]
Sakotxx: bets $0.15
LUKIANOV777: calls $0.15
*** TURN *** [7c 4s Qs] [9h]
Sakotxx: checks 
LUKIANOV777: checks 
*** RIVER *** [7c 4s Qs 9h] [5h]
Sakotxx: checks 
LUKIANOV777: checks 
*** SHOW DOWN ***
Sakotxx: shows [Th Kh] (high card King)
LUKIANOV777: shows [3d 3h] (a pair of Threes)
LUKIANOV777 collected $0.64 from pot
*** SUMMARY ***
Total pot $0.67 | Rake $0.03 
Board [7c 4s Qs 9h 5h]
Seat 1: kirusha07xa folded before Flop (didn't bet)
Seat 2: daro506 folded before Flop (didn't bet)
Seat 4: Dorex2007 folded before Flop (didn't bet)
Seat 5: LUKIANOV777 showed [3d 3h] and won ($0.64) with a pair of Threes
Seat 6: OniTDLM (button) folded before Flop (didn't bet)
Seat 7: shuttler17 (small blind) folded before Flop
Seat 8: Almanza63 (big blind) folded before Flop
Seat 9: Sakotxx showed [Th Kh] and lost with high card King



PokerStars Hand #238715279540:  Hold'em No Limit ($0.02/$0.05 USD) - 2022/09/18 14:34:12 PT [2022/09/18 17:34:12 ET]
Table 'Pavo III' 9-max Seat #7 is the button
Seat 1: kirusha07xa ($5 in chips) 
Seat 2: daro506 ($8.73 in chips) 
Seat 4: Dorex2007 ($6.93 in chips) 
Seat 5: LUKIANOV777 ($4.40 in chips) 
Seat 6: OniTDLM ($5.59 in chips) 
Seat 7: shuttler17 ($6.88 in chips) 
Seat 8: Almanza63 ($13.46 in chips) 
Seat 9: Sakotxx ($4.70 in chips) 
Almanza63: posts small blind $0.02
Sakotxx: posts big blind $0.05
*** HOLE CARDS ***
Dealt to Dorex2007 [5c 9c]
kirusha07xa: folds 
daro506: folds 
Dorex2007: folds 
LUKIANOV777: folds 
OniTDLM: raises $0.10 to $0.15
shuttler17: calls $0.15
Almanza63: folds 
Sakotxx: folds 
*** FLOP *** [9h 7h 3s]
OniTDLM: bets $0.17
shuttler17: calls $0.17
*** TURN *** [9h 7h 3s] [4c]
OniTDLM: bets $0.34
shuttler17: calls $0.34
*** RIVER *** [9h 7h 3s 4c] [Jc]
OniTDLM: bets $1.33
shuttler17: folds 
Uncalled bet ($1.33) returned to OniTDLM
OniTDLM collected $1.33 from pot
OniTDLM: doesn't show hand 
*** SUMMARY ***
Total pot $1.39 | Rake $0.06 
Board [9h 7h 3s 4c Jc]
Seat 1: kirusha07xa folded before Flop (didn't bet)
Seat 2: daro506 folded before Flop (didn't bet)
Seat 4: Dorex2007 folded before Flop (didn't bet)
Seat 5: LUKIANOV777 folded before Flop (didn't bet)
Seat 6: OniTDLM collected ($1.33)
Seat 7: shuttler17 (button) folded on the River
Seat 8: Almanza63 (small blind) folded before Flop
Seat 9: Sakotxx (big blind) folded before Flop



PokerStars Hand #238715306174:  Hold'em No Limit ($0.02/$0.05 USD) - 2022/09/18 14:35:13 PT [2022/09/18 17:35:13 ET]
Table 'Pavo III' 9-max Seat #8 is the button
Seat 1: kirusha07xa ($5 in chips) 
Seat 2: daro506 ($8.73 in chips) 
Seat 4: Dorex2007 ($6.93 in chips) 
Seat 5: LUKIANOV777 ($4.40 in chips) 
Seat 6: OniTDLM ($6.26 in chips) 
Seat 7: shuttler17 ($6.22 in chips) 
Seat 8: Almanza63 ($13.44 in chips) 
Seat 9: Sakotxx ($4.65 in chips) 
Sakotxx: posts small blind $0.02
kirusha07xa: posts big blind $0.05
*** HOLE CARDS ***
Dealt to Dorex2007 [4s 9h]
daro506: folds 
Dorex2007: folds 
LUKIANOV777: folds 
OniTDLM: calls $0.05
shuttler17: folds 
Almanza63: folds 
Sakotxx: raises $0.15 to $0.20
kirusha07xa: raises $0.40 to $0.60
OniTDLM: folds 
Sakotxx: raises $0.40 to $1
kirusha07xa: raises $4 to $5 and is all-in
Sakotxx: calls $3.65 and is all-in
Uncalled bet ($0.35) returned to kirusha07xa
*** FLOP *** [4h 3d Jh]
*** TURN *** [4h 3d Jh] [Kc]
*** RIVER *** [4h 3d Jh Kc] [Tc]
*** SHOW DOWN ***
Sakotxx: shows [7d 7h] (a pair of Sevens)
kirusha07xa: shows [Ks Ad] (a pair of Kings)
kirusha07xa collected $8.96 from pot
*** SUMMARY ***
Total pot $9.35 | Rake $0.39 
Board [4h 3d Jh Kc Tc]
Seat 1: kirusha07xa (big blind) showed [Ks Ad] and won ($8.96) with a pair of Kings
Seat 2: daro506 folded before Flop (didn't bet)
Seat 4: Dorex2007 folded before Flop (didn't bet)
Seat 5: LUKIANOV777 folded before Flop (didn't bet)
Seat 6: OniTDLM folded before Flop
Seat 7: shuttler17 folded before Flop (didn't bet)
Seat 8: Almanza63 (button) folded before Flop (didn't bet)
Seat 9: Sakotxx (small blind) showed [7d 7h] and lost with a pair of Sevens



PokerStars Hand #238715327746:  Hold'em No Limit ($0.02/$0.05 USD) - 2022/09/18 14:36:03 PT [2022/09/18 17:36:03 ET]
Table 'Pavo III' 9-max Seat #1 is the button
Seat 1: kirusha07xa ($9.31 in chips) 
Seat 2: daro506 ($8.73 in chips) 
Seat 4: Dorex2007 ($6.93 in chips) 
Seat 5: LUKIANOV777 ($4.40 in chips) 
Seat 6: OniTDLM ($6.21 in chips) 
Seat 7: shuttler17 ($6.22 in chips) 
Seat 8: Almanza63 ($13.44 in chips) 
daro506: posts small blind $0.02
Dorex2007: posts big blind $0.05
*** HOLE CARDS ***
Dealt to Dorex2007 [7c Kh]
LUKIANOV777: raises $0.10 to $0.15
OniTDLM: folds 
shuttler17: folds 
Almanza63: folds 
kirusha07xa: calls $0.15
daro506: folds 
Dorex2007: folds 
*** FLOP *** [7h 3d 2s]
LUKIANOV777: bets $0.17
kirusha07xa: folds 
Uncalled bet ($0.17) returned to LUKIANOV777
LUKIANOV777 collected $0.35 from pot
*** SUMMARY ***
Total pot $0.37 | Rake $0.02 
Board [7h 3d 2s]
Seat 1: kirusha07xa (button) folded on the Flop
Seat 2: daro506 (small blind) folded before Flop
Seat 4: Dorex2007 (big blind) folded before Flop
Seat 5: LUKIANOV777 collected ($0.35)
Seat 6: OniTDLM folded before Flop (didn't bet)
Seat 7: shuttler17 folded before Flop (didn't bet)
Seat 8: Almanza63 folded before Flop (didn't bet)



PokerStars Hand #238715340553:  Hold'em No Limit ($0.02/$0.05 USD) - 2022/09/18 14:36:32 PT [2022/09/18 17:36:32 ET]
Table 'Pavo III' 9-max Seat #2 is the button
Seat 1: kirusha07xa ($9.16 in chips) 
Seat 2: daro506 ($8.71 in chips) 
Seat 4: Dorex2007 ($6.88 in chips) 
Seat 5: LUKIANOV777 ($4.60 in chips) 
Seat 6: OniTDLM ($6.21 in chips) 
Seat 7: shuttler17 ($6.22 in chips) 
Seat 8: Almanza63 ($13.44 in chips) 
Dorex2007: posts small blind $0.02
LUKIANOV777: posts big blind $0.05
*** HOLE CARDS ***
Dealt to Dorex2007 [2c 4d]
OniTDLM: folds 
shuttler17: folds 
Almanza63: folds 
kirusha07xa: folds 
daro506: raises $0.10 to $0.15
Dorex2007: folds 
LUKIANOV777: calls $0.10
*** FLOP *** [9c 8d Qs]
LUKIANOV777: checks 
daro506: bets $0.23
LUKIANOV777: folds 
Uncalled bet ($0.23) returned to daro506
daro506 collected $0.31 from pot
*** SUMMARY ***
Total pot $0.32 | Rake $0.01 
Board [9c 8d Qs]
Seat 1: kirusha07xa folded before Flop (didn't bet)
Seat 2: daro506 (button) collected ($0.31)
Seat 4: Dorex2007 (small blind) folded before Flop
Seat 5: LUKIANOV777 (big blind) folded on the Flop
Seat 6: OniTDLM folded before Flop (didn't bet)
Seat 7: shuttler17 folded before Flop (didn't bet)
Seat 8: Almanza63 folded before Flop (didn't bet)



PokerStars Hand #238715357251:  Hold'em No Limit ($0.02/$0.05 USD) - 2022/09/18 14:37:11 PT [2022/09/18 17:37:11 ET]
Table 'Pavo III' 9-max Seat #4 is the button
Seat 1: kirusha07xa ($9.16 in chips) 
Seat 2: daro506 ($8.87 in chips) 
Seat 4: Dorex2007 ($6.86 in chips) 
Seat 5: LUKIANOV777 ($4.45 in chips) 
Seat 6: OniTDLM ($6.21 in chips) 
Seat 7: shuttler17 ($6.22 in chips) 
Seat 8: Almanza63 ($13.44 in chips) 
Seat 9: Sakotxx ($5 in chips) 
LUKIANOV777: posts small blind $0.02
OniTDLM: posts big blind $0.05
*** HOLE CARDS ***
Dealt to Dorex2007 [4s 2c]
shuttler17: folds 
Almanza63: folds 
Sakotxx: calls $0.05
kirusha07xa: folds 
daro506: folds 
Dorex2007: folds 
LUKIANOV777: folds 
OniTDLM: checks 
*** FLOP *** [5s Ks Qh]
OniTDLM: bets $0.05
Sakotxx: calls $0.05
*** TURN *** [5s Ks Qh] [8h]
OniTDLM: bets $0.05
Sakotxx: calls $0.05
*** RIVER *** [5s Ks Qh 8h] [7s]
OniTDLM: bets $0.31
Sakotxx: calls $0.31
*** SHOW DOWN ***
OniTDLM: shows [Qs 9h] (a pair of Queens)
Sakotxx: mucks hand 
OniTDLM collected $0.90 from pot
*** SUMMARY ***
Total pot $0.94 | Rake $0.04 
Board [5s Ks Qh 8h 7s]
Seat 1: kirusha07xa folded before Flop (didn't bet)
Seat 2: daro506 folded before Flop (didn't bet)
Seat 4: Dorex2007 (button) folded before Flop (didn't bet)
Seat 5: LUKIANOV777 (small blind) folded before Flop
Seat 6: OniTDLM (big blind) showed [Qs 9h] and won ($0.90) with a pair of Queens
Seat 7: shuttler17 folded before Flop (didn't bet)
Seat 8: Almanza63 folded before Flop (didn't bet)
Seat 9: Sakotxx mucked [7d Js]



PokerStars Hand #238715375036:  Hold'em No Limit ($0.02/$0.05 USD) - 2022/09/18 14:37:53 PT [2022/09/18 17:37:53 ET]
Table 'Pavo III' 9-max Seat #5 is the button
Seat 1: kirusha07xa ($9.16 in chips) 
Seat 2: daro506 ($8.87 in chips) 
Seat 4: Dorex2007 ($6.86 in chips) 
Seat 5: LUKIANOV777 ($4.43 in chips) 
Seat 6: OniTDLM ($6.65 in chips) 
Seat 7: shuttler17 ($6.22 in chips) 
Seat 8: Almanza63 ($13.44 in chips) 
Seat 9: Sakotxx ($4.54 in chips) 
OniTDLM: posts small blind $0.02
shuttler17: posts big blind $0.05
*** HOLE CARDS ***
Dealt to Dorex2007 [Ks 5d]
Almanza63: raises $0.10 to $0.15
Sakotxx: raises $0.10 to $0.25
kirusha07xa: folds 
daro506: folds 
Dorex2007: folds 
LUKIANOV777: folds 
OniTDLM: folds 
shuttler17: folds 
Almanza63: calls $0.10
*** FLOP *** [6d Td 7c]
Almanza63: checks 
Sakotxx: bets $0.15
Almanza63: calls $0.15
*** TURN *** [6d Td 7c] [Kd]
Almanza63: checks 
Sakotxx: bets $0.20
Almanza63: calls $0.20
*** RIVER *** [6d Td 7c Kd] [Qc]
Almanza63: checks 
Sakotxx: bets $0.15
Almanza63: calls $0.15
*** SHOW DOWN ***
Sakotxx: shows [Jc Qs] (a pair of Queens)
Almanza63: shows [Qh Jh] (a pair of Queens)
Almanza63 collected $0.75 from pot
Sakotxx collected $0.75 from pot
*** SUMMARY ***
Total pot $1.57 | Rake $0.07 
Board [6d Td 7c Kd Qc]
Seat 1: kirusha07xa folded before Flop (didn't bet)
Seat 2: daro506 folded before Flop (didn't bet)
Seat 4: Dorex2007 folded before Flop (didn't bet)
Seat 5: LUKIANOV777 (button) folded before Flop (didn't bet)
Seat 6: OniTDLM (small blind) folded before Flop
Seat 7: shuttler17 (big blind) folded before Flop
Seat 8: Almanza63 showed [Qh Jh] and won ($0.75) with a pair of Queens
Seat 9: Sakotxx showed [Jc Qs] and won ($0.75) with a pair of Queens



PokerStars Hand #238715402319:  Hold'em No Limit ($0.02/$0.05 USD) - 2022/09/18 14:38:56 PT [2022/09/18 17:38:56 ET]
Table 'Pavo III' 9-max Seat #6 is the button
Seat 1: kirusha07xa ($9.16 in chips) 
Seat 2: daro506 ($8.87 in chips) 
Seat 4: Dorex2007 ($6.86 in chips) 
Seat 5: LUKIANOV777 ($4.43 in chips) 
Seat 6: OniTDLM ($6.63 in chips) 
Seat 7: shuttler17 ($6.17 in chips) 
Seat 8: Almanza63 ($13.44 in chips) 
Seat 9: Sakotxx ($4.54 in chips) 
shuttler17: posts small blind $0.02
Almanza63: posts big blind $0.05
*** HOLE CARDS ***
Dealt to Dorex2007 [6d 5c]
Sakotxx: folds 
kirusha07xa: folds 
daro506: folds 
Dorex2007: folds 
LUKIANOV777 has timed out
LUKIANOV777: folds 
OniTDLM: calls $0.05
shuttler17: folds 
Almanza63: raises $0.10 to $0.15
OniTDLM: calls $0.10
*** FLOP *** [Ad Qc Qd]
Almanza63: checks 
OniTDLM: checks 
*** TURN *** [Ad Qc Qd] [4c]
Almanza63: bets $0.19
OniTDLM: folds 
Uncalled bet ($0.19) returned to Almanza63
Almanza63 collected $0.31 from pot
Almanza63: doesn't show hand 
*** SUMMARY ***
Total pot $0.32 | Rake $0.01 
Board [Ad Qc Qd 4c]
Seat 1: kirusha07xa folded before Flop (didn't bet)
Seat 2: daro506 folded before Flop (didn't bet)
Seat 4: Dorex2007 folded before Flop (didn't bet)
Seat 5: LUKIANOV777 folded before Flop (didn't bet)
Seat 6: OniTDLM (button) folded on the Turn
Seat 7: shuttler17 (small blind) folded before Flop
Seat 8: Almanza63 (big blind) collected ($0.31)
Seat 9: Sakotxx folded before Flop (didn't bet)



PokerStars Hand #238715421568:  Hold'em No Limit ($0.02/$0.05 USD) - 2022/09/18 14:39:40 PT [2022/09/18 17:39:40 ET]
Table 'Pavo III' 9-max Seat #7 is the button
Seat 1: kirusha07xa ($9.16 in chips) 
Seat 2: daro506 ($8.87 in chips) 
Seat 4: Dorex2007 ($6.86 in chips) 
Seat 6: OniTDLM ($6.48 in chips) 
Seat 7: shuttler17 ($6.15 in chips) 
Seat 8: Almanza63 ($13.60 in chips) 
Seat 9: Sakotxx ($4.54 in chips) 
Almanza63: posts small blind $0.02
Sakotxx: posts big blind $0.05
*** HOLE CARDS ***
Dealt to Dorex2007 [3c 2s]
kirusha07xa: folds 
daro506: folds 
Dorex2007: folds 
OniTDLM: raises $0.05 to $0.10
shuttler17: folds 
Almanza63: folds 
Sakotxx: calls $0.05
*** FLOP *** [4d 2c 4h]
Sakotxx: checks 
OniTDLM: bets $0.21
Sakotxx: folds 
Uncalled bet ($0.21) returned to OniTDLM
OniTDLM collected $0.21 from pot
OniTDLM: doesn't show hand 
*** SUMMARY ***
Total pot $0.22 | Rake $0.01 
Board [4d 2c 4h]
Seat 1: kirusha07xa folded before Flop (didn't bet)
Seat 2: daro506 folded before Flop (didn't bet)
Seat 4: Dorex2007 folded before Flop (didn't bet)
Seat 6: OniTDLM collected ($0.21)
Seat 7: shuttler17 (button) folded before Flop (didn't bet)
Seat 8: Almanza63 (small blind) folded before Flop
Seat 9: Sakotxx (big blind) folded on the Flop



PokerStars Hand #238715435201:  Hold'em No Limit ($0.02/$0.05 USD) - 2022/09/18 14:40:12 PT [2022/09/18 17:40:12 ET]
Table 'Pavo III' 9-max Seat #8 is the button
Seat 1: kirusha07xa ($9.16 in chips) 
Seat 2: daro506 ($8.87 in chips) 
Seat 4: Dorex2007 ($6.86 in chips) 
Seat 5: LUKIANOV777 ($4.43 in chips) 
Seat 6: OniTDLM ($6.59 in chips) 
Seat 7: shuttler17 ($6.15 in chips) 
Seat 8: Almanza63 ($13.58 in chips) 
Seat 9: Sakotxx ($4.44 in chips) 
Sakotxx: posts small blind $0.02
kirusha07xa: posts big blind $0.05
*** HOLE CARDS ***
Dealt to Dorex2007 [Kd Ks]
daro506: folds 
Dorex2007: raises $0.05 to $0.10
LUKIANOV777: folds 
OniTDLM: calls $0.10
shuttler17: folds 
Almanza63: folds 
Sakotxx: raises $0.05 to $0.15
kirusha07xa: raises $0.45 to $0.60
Dorex2007: raises $6.26 to $6.86 and is all-in
OniTDLM: calls $6.49 and is all-in
Sakotxx: calls $4.29 and is all-in
kirusha07xa: folds 
Uncalled bet ($0.27) returned to Dorex2007
*** FLOP *** [Th 6d 7h]
*** TURN *** [Th 6d 7h] [3h]
*** RIVER *** [Th 6d 7h 3h] [7d]
*** SHOW DOWN ***
Dorex2007: shows [Kd Ks] (two pair, Kings and Sevens)
OniTDLM: shows [7c 7s] (four of a kind, Sevens)
OniTDLM collected $4.12 from side pot
Sakotxx: shows [As 2d] (a pair of Sevens)
OniTDLM collected $13.34 from main pot
Dorex2007 cashed out the hand for $10.66 | Cash Out Fee $0.11
*** SUMMARY ***
Total pot $18.22 Main pot $13.34. Side pot $4.12. | Rake $0.76 
Board [Th 6d 7h 3h 7d]
Seat 1: kirusha07xa (big blind) folded before Flop
Seat 2: daro506 folded before Flop (didn't bet)
Seat 4: Dorex2007 showed [Kd Ks] and lost with two pair, Kings and Sevens (cashed out).
Seat 5: LUKIANOV777 folded before Flop (didn't bet)
Seat 6: OniTDLM showed [7c 7s] and won ($17.46) with four of a kind, Sevens
Seat 7: shuttler17 folded before Flop (didn't bet)
Seat 8: Almanza63 (button) folded before Flop (didn't bet)
Seat 9: Sakotxx (small blind) showed [As 2d] and lost with a pair of Sevens



PokerStars Hand #238715467060:  Hold'em No Limit ($0.02/$0.05 USD) - 2022/09/18 14:41:28 PT [2022/09/18 17:41:28 ET]
Table 'Pavo III' 9-max Seat #1 is the button
Seat 1: kirusha07xa ($8.56 in chips) 
Seat 2: daro506 ($8.87 in chips) 
Seat 4: Dorex2007 ($10.93 in chips) 
Seat 5: LUKIANOV777 ($4.43 in chips) 
Seat 6: OniTDLM ($17.46 in chips) 
Seat 7: shuttler17 ($6.15 in chips) 
Seat 8: Almanza63 ($13.58 in chips) 
daro506: posts small blind $0.02
Dorex2007: posts big blind $0.05
*** HOLE CARDS ***
Dealt to Dorex2007 [8c Jh]
LUKIANOV777: folds 
OniTDLM: calls $0.05
shuttler17: folds 
Almanza63: folds 
kirusha07xa: calls $0.05
daro506: folds 
Dorex2007: checks 
*** FLOP *** [Qh 4d Tc]
Dorex2007: checks 
OniTDLM: bets $0.08
kirusha07xa: folds 
Dorex2007: folds 
Uncalled bet ($0.08) returned to OniTDLM
OniTDLM collected $0.16 from pot
OniTDLM: doesn't show hand 
*** SUMMARY ***
Total pot $0.17 | Rake $0.01 
Board [Qh 4d Tc]
Seat 1: kirusha07xa (button) folded on the Flop
Seat 2: daro506 (small blind) folded before Flop
Seat 4: Dorex2007 (big blind) folded on the Flop
Seat 5: LUKIANOV777 folded before Flop (didn't bet)
Seat 6: OniTDLM collected ($0.16)
Seat 7: shuttler17 folded before Flop (didn't bet)
Seat 8: Almanza63 folded before Flop (didn't bet)



PokerStars Hand #238715486589:  Hold'em No Limit ($0.02/$0.05 USD) - 2022/09/18 14:42:14 PT [2022/09/18 17:42:14 ET]
Table 'Pavo III' 9-max Seat #2 is the button
Seat 1: kirusha07xa ($8.51 in chips) 
Seat 2: daro506 ($8.85 in chips) 
Seat 4: Dorex2007 ($10.88 in chips) 
Seat 5: LUKIANOV777 ($4.43 in chips) 
Seat 6: OniTDLM ($17.57 in chips) 
Seat 7: shuttler17 ($6.15 in chips) 
Seat 8: Almanza63 ($13.58 in chips) 
Dorex2007: posts small blind $0.02
LUKIANOV777: posts big blind $0.05
*** HOLE CARDS ***
Dealt to Dorex2007 [Ad Js]
OniTDLM: folds 
shuttler17: folds 
Almanza63: folds 
kirusha07xa: raises $0.10 to $0.15
OniTDLM leaves the table
daro506: folds 
Dorex2007: folds 
LUKIANOV777: calls $0.10
*** FLOP *** [4c 3s 3d]
LUKIANOV777: checks 
kirusha07xa: bets $0.20
LUKIANOV777: calls $0.20
*** TURN *** [4c 3s 3d] [Jc]
LUKIANOV777: checks 
Casinoguy joins the table at seat #6 
kirusha07xa: bets $0.42
LUKIANOV777: raises $0.73 to $1.15
kirusha07xa: folds 
Uncalled bet ($0.73) returned to LUKIANOV777
LUKIANOV777 collected $1.50 from pot
*** SUMMARY ***
Total pot $1.56 | Rake $0.06 
Board [4c 3s 3d Jc]
Seat 1: kirusha07xa folded on the Turn
Seat 2: daro506 (button) folded before Flop (didn't bet)
Seat 4: Dorex2007 (small blind) folded before Flop
Seat 5: LUKIANOV777 (big blind) collected ($1.50)
Seat 6: OniTDLM folded before Flop (didn't bet)
Seat 7: shuttler17 folded before Flop (didn't bet)
Seat 8: Almanza63 folded before Flop (didn't bet)



PokerStars Hand #238715518181:  Hold'em No Limit ($0.02/$0.05 USD) - 2022/09/18 14:43:29 PT [2022/09/18 17:43:29 ET]
Table 'Pavo III' 9-max Seat #4 is the button
Seat 1: kirusha07xa ($7.74 in chips) 
Seat 2: daro506 ($8.85 in chips) 
Seat 4: Dorex2007 ($10.86 in chips) 
Seat 5: LUKIANOV777 ($5.16 in chips) 
Seat 6: Casinoguy ($2 in chips) 
Seat 7: shuttler17 ($6.15 in chips) 
Seat 8: Almanza63 ($13.58 in chips) 
LUKIANOV777: posts small blind $0.02
Casinoguy: posts big blind $0.05
*** HOLE CARDS ***
Dealt to Dorex2007 [6d 3d]
shuttler17: folds 
Almanza63: folds 
kirusha07xa: folds 
daro506: raises $0.10 to $0.15
Dorex2007: folds 
LUKIANOV777: folds 
Casinoguy: folds 
Uncalled bet ($0.10) returned to daro506
daro506 collected $0.12 from pot
*** SUMMARY ***
Total pot $0.12 | Rake $0 
Seat 1: kirusha07xa folded before Flop (didn't bet)
Seat 2: daro506 collected ($0.12)
Seat 4: Dorex2007 (button) folded before Flop (didn't bet)
Seat 5: LUKIANOV777 (small blind) folded before Flop
Seat 6: Casinoguy (big blind) folded before Flop
Seat 7: shuttler17 folded before Flop (didn't bet)
Seat 8: Almanza63 folded before Flop (didn't bet)



PokerStars Hand #238715524080:  Hold'em No Limit ($0.02/$0.05 USD) - 2022/09/18 14:43:43 PT [2022/09/18 17:43:43 ET]
Table 'Pavo III' 9-max Seat #5 is the button
Seat 1: kirusha07xa ($7.74 in chips) 
Seat 2: daro506 ($8.92 in chips) 
Seat 4: Dorex2007 ($10.86 in chips) 
Seat 5: LUKIANOV777 ($5.14 in chips) 
Seat 6: Casinoguy ($1.95 in chips) 
Seat 7: shuttler17 ($6.15 in chips) 
Seat 8: Almanza63 ($13.58 in chips) 
Casinoguy: posts small blind $0.02
shuttler17: posts big blind $0.05
*** HOLE CARDS ***
Dealt to Dorex2007 [2h 3d]
Almanza63: folds 
kirusha07xa: folds 
daro506: folds 
Dorex2007: folds 
LUKIANOV777: folds 
Casinoguy: folds 
Uncalled bet ($0.03) returned to shuttler17
shuttler17 collected $0.04 from pot
shuttler17: doesn't show hand 
*** SUMMARY ***
Total pot $0.04 | Rake $0 
Seat 1: kirusha07xa folded before Flop (didn't bet)
Seat 2: daro506 folded before Flop (didn't bet)
Seat 4: Dorex2007 folded before Flop (didn't bet)
Seat 5: LUKIANOV777 (button) folded before Flop (didn't bet)
Seat 6: Casinoguy (small blind) folded before Flop
Seat 7: shuttler17 (big blind) collected ($0.04)
Seat 8: Almanza63 folded before Flop (didn't bet)



PokerStars Hand #238715529885:  Hold'em No Limit ($0.02/$0.05 USD) - 2022/09/18 14:43:57 PT [2022/09/18 17:43:57 ET]
Table 'Pavo III' 9-max Seat #6 is the button
Seat 1: kirusha07xa ($7.74 in chips) 
Seat 2: daro506 ($8.92 in chips) 
Seat 4: Dorex2007 ($10.86 in chips) 
Seat 5: LUKIANOV777 ($5.14 in chips) 
Seat 6: Casinoguy ($1.93 in chips) 
Seat 7: shuttler17 ($6.17 in chips) 
Seat 8: Almanza63 ($13.58 in chips) 
shuttler17: posts small blind $0.02
Almanza63: posts big blind $0.05
*** HOLE CARDS ***
Dealt to Dorex2007 [7d 8h]
kirusha07xa: folds 
daro506: folds 
Dorex2007: folds 
LUKIANOV777: folds 
Casinoguy: raises $0.10 to $0.15
shuttler17: calls $0.13
Almanza63: calls $0.10
*** FLOP *** [6c Jc 9c]
shuttler17: checks 
Almanza63: checks 
Casinoguy: checks 
*** TURN *** [6c Jc 9c] [Qd]
shuttler17: bets $0.21
Almanza63: folds 
Casinoguy: folds 
Uncalled bet ($0.21) returned to shuttler17
shuttler17 collected $0.43 from pot
shuttler17: doesn't show hand 
*** SUMMARY ***
Total pot $0.45 | Rake $0.02 
Board [6c Jc 9c Qd]
Seat 1: kirusha07xa folded before Flop (didn't bet)
Seat 2: daro506 folded before Flop (didn't bet)
Seat 4: Dorex2007 folded before Flop (didn't bet)
Seat 5: LUKIANOV777 folded before Flop (didn't bet)
Seat 6: Casinoguy (button) folded on the Turn
Seat 7: shuttler17 (small blind) collected ($0.43)
Seat 8: Almanza63 (big blind) folded on the Turn



PokerStars Hand #238715543372:  Hold'em No Limit ($0.02/$0.05 USD) - 2022/09/18 14:44:30 PT [2022/09/18 17:44:30 ET]
Table 'Pavo III' 9-max Seat #7 is the button
Seat 1: kirusha07xa ($7.74 in chips) 
Seat 2: daro506 ($8.92 in chips) 
Seat 4: Dorex2007 ($10.86 in chips) 
Seat 5: LUKIANOV777 ($5.14 in chips) 
Seat 6: Casinoguy ($1.78 in chips) 
Seat 7: shuttler17 ($6.45 in chips) 
Seat 8: Almanza63 ($13.43 in chips) 
Almanza63: posts small blind $0.02
kirusha07xa: posts big blind $0.05
*** HOLE CARDS ***
Dealt to Dorex2007 [7s Kd]
daro506: folds 
Dorex2007: folds 
LUKIANOV777: folds 
Casinoguy: folds 
shuttler17: folds 
Almanza63: raises $0.08 to $0.13
kirusha07xa: folds 
Uncalled bet ($0.08) returned to Almanza63
kirusha07xa leaves the table
Almanza63 collected $0.10 from pot
Almanza63: doesn't show hand 
*** SUMMARY ***
Total pot $0.10 | Rake $0 
Seat 1: kirusha07xa (big blind) folded before Flop
Seat 2: daro506 folded before Flop (didn't bet)
Seat 4: Dorex2007 folded before Flop (didn't bet)
Seat 5: LUKIANOV777 folded before Flop (didn't bet)
Seat 6: Casinoguy folded before Flop (didn't bet)
Seat 7: shuttler17 (button) folded before Flop (didn't bet)
Seat 8: Almanza63 (small blind) collected ($0.10)



PokerStars Hand #238715552501:  Hold'em No Limit ($0.02/$0.05 USD) - 2022/09/18 14:44:52 PT [2022/09/18 17:44:52 ET]
Table 'Pavo III' 9-max Seat #8 is the button
Seat 2: daro506 ($8.92 in chips) 
Seat 4: Dorex2007 ($10.86 in chips) 
Seat 5: LUKIANOV777 ($5.14 in chips) 
Seat 6: Casinoguy ($1.78 in chips) 
Seat 7: shuttler17 ($6.45 in chips) 
Seat 8: Almanza63 ($13.48 in chips) 
daro506: posts small blind $0.02
Dorex2007: posts big blind $0.05
*** HOLE CARDS ***
Dealt to Dorex2007 [7s 3h]
LUKIANOV777: folds 
Casinoguy: folds 
shuttler17: raises $0.10 to $0.15
Almanza63: calls $0.15
daro506: folds 
Dorex2007: folds 
*** FLOP *** [Qc 4s 8s]
shuttler17: bets $0.25
Almanza63: calls $0.25
*** TURN *** [Qc 4s 8s] [Jd]
shuttler17: bets $0.35
Almanza63: raises $0.56 to $0.91
shuttler17: folds 
Uncalled bet ($0.56) returned to Almanza63
Almanza63 collected $1.50 from pot
Almanza63: doesn't show hand 
*** SUMMARY ***
Total pot $1.57 | Rake $0.07 
Board [Qc 4s 8s Jd]
Seat 2: daro506 (small blind) folded before Flop
Seat 4: Dorex2007 (big blind) folded before Flop
Seat 5: LUKIANOV777 folded before Flop (didn't bet)
Seat 6: Casinoguy folded before Flop (didn't bet)
Seat 7: shuttler17 folded on the Turn
Seat 8: Almanza63 (button) collected ($1.50)



PokerStars Hand #238715567325:  Hold'em No Limit ($0.02/$0.05 USD) - 2022/09/18 14:45:28 PT [2022/09/18 17:45:28 ET]
Table 'Pavo III' 9-max Seat #2 is the button
Seat 2: daro506 ($8.90 in chips) 
Seat 4: Dorex2007 ($10.81 in chips) 
Seat 5: LUKIANOV777 ($5.14 in chips) 
Seat 6: Casinoguy ($1.78 in chips) 
Seat 7: shuttler17 ($5.70 in chips) 
Seat 8: Almanza63 ($14.23 in chips) 
Dorex2007: posts small blind $0.02
LUKIANOV777: posts big blind $0.05
*** HOLE CARDS ***
Dealt to Dorex2007 [Jh 8d]
Casinoguy: folds 
shuttler17: folds 
Almanza63: folds 
Sakotxx leaves the table
daro506: raises $0.10 to $0.15
u.e.b.o joins the table at seat #1 
Dorex2007: folds 
LUKIANOV777: folds 
Uncalled bet ($0.10) returned to daro506
daro506 collected $0.12 from pot
*** SUMMARY ***
Total pot $0.12 | Rake $0 
Seat 2: daro506 (button) collected ($0.12)
Seat 4: Dorex2007 (small blind) folded before Flop
Seat 5: LUKIANOV777 (big blind) folded before Flop
Seat 6: Casinoguy folded before Flop (didn't bet)
Seat 7: shuttler17 folded before Flop (didn't bet)
Seat 8: Almanza63 folded before Flop (didn't bet)



PokerStars Hand #238715575575:  Hold'em No Limit ($0.02/$0.05 USD) - 2022/09/18 14:45:48 PT [2022/09/18 17:45:48 ET]
Table 'Pavo III' 9-max Seat #4 is the button
Seat 2: daro506 ($8.97 in chips) 
Seat 4: Dorex2007 ($10.79 in chips) 
Seat 5: LUKIANOV777 ($5.09 in chips) 
Seat 7: shuttler17 ($5.70 in chips) 
Seat 8: Almanza63 ($14.23 in chips) 
LUKIANOV777: posts small blind $0.02
Casinoguy: is sitting out 
shuttler17: posts big blind $0.05
u.e.b.o: sits out 
*** HOLE CARDS ***
Dealt to Dorex2007 [Qd 5d]
Casinoguy leaves the table
Almanza63: raises $0.08 to $0.13
daro506: folds 
Dorex2007: folds 
LUKIANOV777: calls $0.11
shuttler17: calls $0.08
*** FLOP *** [7s 6h 9d]
LUKIANOV777: checks 
shuttler17: checks 
Almanza63: bets $0.18
LUKIANOV777: calls $0.18
shuttler17: raises $0.46 to $0.64
Almanza63: folds 
LUKIANOV777: folds 
Uncalled bet ($0.46) returned to shuttler17
shuttler17 collected $0.88 from pot
shuttler17: doesn't show hand 
*** SUMMARY ***
Total pot $0.93 | Rake $0.05 
Board [7s 6h 9d]
Seat 2: daro506 folded before Flop (didn't bet)
Seat 4: Dorex2007 (button) folded before Flop (didn't bet)
Seat 5: LUKIANOV777 (small blind) folded on the Flop
Seat 7: shuttler17 (big blind) collected ($0.88)
Seat 8: Almanza63 folded on the Flop



PokerStars Hand #238715602416:  Hold'em No Limit ($0.02/$0.05 USD) - 2022/09/18 14:46:54 PT [2022/09/18 17:46:54 ET]
Table 'Pavo III' 9-max Seat #5 is the button
Seat 2: daro506 ($8.97 in chips) 
Seat 4: Dorex2007 ($10.79 in chips) 
Seat 5: LUKIANOV777 ($4.78 in chips) 
Seat 7: shuttler17 ($6.27 in chips) 
Seat 8: Almanza63 ($13.92 in chips) 
shuttler17: posts small blind $0.02
Almanza63: posts big blind $0.05
u.e.b.o has timed out
u.e.b.o: is sitting out 
*** HOLE CARDS ***
Dealt to Dorex2007 [Jc 9h]
daro506: folds 
Dorex2007: folds 
LUKIANOV777: folds 
shuttler17: calls $0.03
Almanza63: raises $0.08 to $0.13
shuttler17: calls $0.08
*** FLOP *** [4d 2c Qh]
shuttler17: checks 
Dt_Hyde1 joins the table at seat #6 
Almanza63: bets $0.12
shuttler17: raises $0.12 to $0.24
Almanza63: calls $0.12
*** TURN *** [4d 2c Qh] [7c]
shuttler17: checks 
Almanza63: bets $0.49
shuttler17: raises $0.49 to $0.98
Almanza63: calls $0.49
*** RIVER *** [4d 2c Qh 7c] [5c]
shuttler17: bets $0.05
Almanza63: calls $0.05
*** SHOW DOWN ***
shuttler17: shows [Qd 7d] (two pair, Queens and Sevens)
Almanza63: mucks hand 
shuttler17 collected $2.65 from pot
*** SUMMARY ***
Total pot $2.80 | Rake $0.15 
Board [4d 2c Qh 7c 5c]
Seat 2: daro506 folded before Flop (didn't bet)
Seat 4: Dorex2007 folded before Flop (didn't bet)
Seat 5: LUKIANOV777 (button) folded before Flop (didn't bet)
Seat 7: shuttler17 (small blind) showed [Qd 7d] and won ($2.65) with two pair, Queens and Sevens
Seat 8: Almanza63 (big blind) mucked [Qc Ts]



PokerStars Hand #238715624911:  Hold'em No Limit ($0.02/$0.05 USD) - 2022/09/18 14:47:49 PT [2022/09/18 17:47:49 ET]
Table 'Pavo III' 9-max Seat #7 is the button
Seat 1: u.e.b.o ($5 in chips) 
Seat 2: daro506 ($8.97 in chips) 
Seat 4: Dorex2007 ($10.79 in chips) 
Seat 5: LUKIANOV777 ($4.78 in chips) 
Seat 7: shuttler17 ($7.52 in chips) 
Seat 8: Almanza63 ($12.52 in chips) 
Almanza63: posts small blind $0.02
u.e.b.o: posts big blind $0.05
Dt_Hyde1: sits out 
*** HOLE CARDS ***
Dealt to Dorex2007 [7s 7h]
daro506: folds 
Dorex2007: calls $0.05
LUKIANOV777: folds 
shuttler17: folds 
Almanza63: raises $0.08 to $0.13
u.e.b.o: folds 
Dorex2007: calls $0.08
*** FLOP *** [6s 6h 4d]
shuttler17 leaves the table
Almanza63: checks 
Dorex2007: checks 
*** TURN *** [6s 6h 4d] [Jd]
Almanza63: bets $0.15
Dorex2007: calls $0.15
*** RIVER *** [6s 6h 4d Jd] [5s]
Almanza63: bets $0.39
Dorex2007: folds 
Uncalled bet ($0.39) returned to Almanza63
Almanza63 collected $0.58 from pot
Almanza63: doesn't show hand 
*** SUMMARY ***
Total pot $0.61 | Rake $0.03 
Board [6s 6h 4d Jd 5s]
Seat 1: u.e.b.o (big blind) folded before Flop
Seat 2: daro506 folded before Flop (didn't bet)
Seat 4: Dorex2007 folded on the River
Seat 5: LUKIANOV777 folded before Flop (didn't bet)
Seat 7: shuttler17 (button) folded before Flop (didn't bet)
Seat 8: Almanza63 (small blind) collected ($0.58)



PokerStars Hand #238715643806:  Hold'em No Limit ($0.02/$0.05 USD) - 2022/09/18 14:48:36 PT [2022/09/18 17:48:36 ET]
Table 'Pavo III' 9-max Seat #8 is the button
Seat 2: daro506 ($8.97 in chips) 
Seat 4: Dorex2007 ($10.51 in chips) 
Seat 5: LUKIANOV777 ($4.78 in chips) 
Seat 8: Almanza63 ($12.82 in chips) 
u.e.b.o has timed out
u.e.b.o: is sitting out 
daro506: posts small blind $0.02
Dorex2007: posts big blind $0.05
Dt_Hyde1: sits out 
*** HOLE CARDS ***
Dealt to Dorex2007 [7d 2s]
LUKIANOV777: folds 
Almanza63: folds 
daro506: raises $0.10 to $0.15
Dorex2007: folds 
Uncalled bet ($0.10) returned to daro506
daro506 collected $0.10 from pot
reddevils888 leaves the table
UY.Scuti.2295 joins the table at seat #7 
*** SUMMARY ***
Total pot $0.10 | Rake $0 
Seat 2: daro506 (small blind) collected ($0.10)
Seat 4: Dorex2007 (big blind) folded before Flop
Seat 5: LUKIANOV777 folded before Flop (didn't bet)
Seat 8: Almanza63 (button) folded before Flop (didn't bet)



PokerStars Hand #238715654653:  Hold'em No Limit ($0.02/$0.05 USD) - 2022/09/18 14:49:02 PT [2022/09/18 17:49:02 ET]
Table 'Pavo III' 9-max Seat #2 is the button
Seat 2: daro506 ($9.02 in chips) 
Seat 4: Dorex2007 ($10.46 in chips) 
Seat 5: LUKIANOV777 ($4.78 in chips) 
Seat 7: UY.Scuti.2295 ($5 in chips) 
Seat 8: Almanza63 ($12.82 in chips) 
Dorex2007: posts small blind $0.02
LUKIANOV777: posts big blind $0.05
Dt_Hyde1: sits out 
UY.Scuti.2295 is connected 
UY.Scuti.2295: posts big blind $0.05
*** HOLE CARDS ***
Dealt to Dorex2007 [2c 6d]
UY.Scuti.2295: checks 
Almanza63: folds 
daro506: folds 
Dorex2007: folds 
LUKIANOV777: checks 
*** FLOP *** [Th 5h 8s]
GodzillaKK joins the table at seat #9 
LUKIANOV777: checks 
UY.Scuti.2295: checks 
*** TURN *** [Th 5h 8s] [Ac]
soldim327 joins the table at seat #3 
LUKIANOV777: checks 
UY.Scuti.2295: checks 
*** RIVER *** [Th 5h 8s Ac] [Qd]
LUKIANOV777: checks 
UY.Scuti.2295: checks 
*** SHOW DOWN ***
LUKIANOV777: shows [Qs 9d] (a pair of Queens)
UY.Scuti.2295: mucks hand 
LUKIANOV777 collected $0.12 from pot
*** SUMMARY ***
Total pot $0.12 | Rake $0 
Board [Th 5h 8s Ac Qd]
Seat 2: daro506 (button) folded before Flop (didn't bet)
Seat 4: Dorex2007 (small blind) folded before Flop
Seat 5: LUKIANOV777 (big blind) showed [Qs 9d] and won ($0.12) with a pair of Queens
Seat 7: UY.Scuti.2295 mucked [6s Kc]
Seat 8: Almanza63 folded before Flop (didn't bet)



PokerStars Hand #238715669089:  Hold'em No Limit ($0.02/$0.05 USD) - 2022/09/18 14:49:38 PT [2022/09/18 17:49:38 ET]
Table 'Pavo III' 9-max Seat #4 is the button
Seat 2: daro506 ($9.02 in chips) 
Seat 4: Dorex2007 ($10.44 in chips) 
Seat 5: LUKIANOV777 ($4.85 in chips) 
Seat 6: Dt_Hyde1 ($5 in chips) 
Seat 7: UY.Scuti.2295 ($4.95 in chips) 
Seat 8: Almanza63 ($12.82 in chips) 
Seat 9: GodzillaKK ($4 in chips) 
LUKIANOV777: posts small blind $0.02
Dt_Hyde1: posts big blind $0.05
GodzillaKK: posts big blind $0.05
soldim327: sits out 
*** HOLE CARDS ***
Dealt to Dorex2007 [Tc 4c]
UY.Scuti.2295: folds 
Almanza63: folds 
GodzillaKK: raises $0.10 to $0.15
daro506: folds 
Dorex2007: folds 
LUKIANOV777: folds 
Dt_Hyde1: folds 
Uncalled bet ($0.10) returned to GodzillaKK
GodzillaKK collected $0.12 from pot
*** SUMMARY ***
Total pot $0.12 | Rake $0 
Seat 2: daro506 folded before Flop (didn't bet)
Seat 4: Dorex2007 (button) folded before Flop (didn't bet)
Seat 5: LUKIANOV777 (small blind) folded before Flop
Seat 6: Dt_Hyde1 (big blind) folded before Flop
Seat 7: UY.Scuti.2295 folded before Flop (didn't bet)
Seat 8: Almanza63 folded before Flop (didn't bet)
Seat 9: GodzillaKK collected ($0.12)



PokerStars Hand #238715675933:  Hold'em No Limit ($0.02/$0.05 USD) - 2022/09/18 14:49:55 PT [2022/09/18 17:49:55 ET]
Table 'Pavo III' 9-max Seat #5 is the button
Seat 2: daro506 ($9.02 in chips) 
Seat 4: Dorex2007 ($10.44 in chips) 
Seat 5: LUKIANOV777 ($4.83 in chips) 
Seat 6: Dt_Hyde1 ($5 in chips) 
Seat 7: UY.Scuti.2295 ($4.95 in chips) 
Seat 8: Almanza63 ($12.82 in chips) 
Seat 9: GodzillaKK ($4.07 in chips) 
Dt_Hyde1: posts small blind $0.02
UY.Scuti.2295: posts big blind $0.05
u.e.b.o: sits out 
soldim327: sits out 
*** HOLE CARDS ***
Dealt to Dorex2007 [Td 9s]
Almanza63: folds 
GodzillaKK: calls $0.05
daro506: folds 
Dorex2007: folds 
LUKIANOV777: folds 
Dt_Hyde1: folds 
UY.Scuti.2295: checks 
*** FLOP *** [5h Ad 9h]
UY.Scuti.2295: checks 
GodzillaKK: checks 
*** TURN *** [5h Ad 9h] [Qd]
UY.Scuti.2295: checks 
GodzillaKK: checks 
*** RIVER *** [5h Ad 9h Qd] [Kh]
UY.Scuti.2295: checks 
GodzillaKK: checks 
*** SHOW DOWN ***
UY.Scuti.2295: shows [4c 4h] (a pair of Fours)
GodzillaKK: mucks hand 
UY.Scuti.2295 collected $0.12 from pot
*** SUMMARY ***
Total pot $0.12 | Rake $0 
Board [5h Ad 9h Qd Kh]
Seat 2: daro506 folded before Flop (didn't bet)
Seat 4: Dorex2007 folded before Flop (didn't bet)
Seat 5: LUKIANOV777 (button) folded before Flop (didn't bet)
Seat 6: Dt_Hyde1 (small blind) folded before Flop
Seat 7: UY.Scuti.2295 (big blind) showed [4c 4h] and won ($0.12) with a pair of Fours
Seat 8: Almanza63 folded before Flop (didn't bet)
Seat 9: GodzillaKK mucked [4d 6c]



PokerStars Hand #238715691996:  Hold'em No Limit ($0.02/$0.05 USD) - 2022/09/18 14:50:35 PT [2022/09/18 17:50:35 ET]
Table 'Pavo III' 9-max Seat #6 is the button
Seat 2: daro506 ($9.02 in chips) 
Seat 4: Dorex2007 ($10.44 in chips) 
Seat 5: LUKIANOV777 ($4.83 in chips) 
Seat 6: Dt_Hyde1 ($5 in chips) 
Seat 7: UY.Scuti.2295 ($5.02 in chips) 
Seat 8: Almanza63 ($12.82 in chips) 
Seat 9: GodzillaKK ($4.02 in chips) 
UY.Scuti.2295: posts small blind $0.02
Almanza63: posts big blind $0.05
u.e.b.o: sits out 
soldim327: sits out 
*** HOLE CARDS ***
Dealt to Dorex2007 [3s 7h]
GodzillaKK: raises $0.10 to $0.15
daro506: folds 
Dorex2007: folds 
LUKIANOV777: folds 
Dt_Hyde1: folds 
UY.Scuti.2295: folds 
Almanza63: folds 
Uncalled bet ($0.10) returned to GodzillaKK
GodzillaKK collected $0.12 from pot
*** SUMMARY ***
Total pot $0.12 | Rake $0 
Seat 2: daro506 folded before Flop (didn't bet)
Seat 4: Dorex2007 folded before Flop (didn't bet)
Seat 5: LUKIANOV777 folded before Flop (didn't bet)
Seat 6: Dt_Hyde1 (button) folded before Flop (didn't bet)
Seat 7: UY.Scuti.2295 (small blind) folded before Flop
Seat 8: Almanza63 (big blind) folded before Flop
Seat 9: GodzillaKK collected ($0.12)



PokerStars Hand #238715700252:  Hold'em No Limit ($0.02/$0.05 USD) - 2022/09/18 14:50:55 PT [2022/09/18 17:50:55 ET]
Table 'Pavo III' 9-max Seat #7 is the button
Seat 2: daro506 ($9.02 in chips) 
Seat 4: Dorex2007 ($10.44 in chips) 
Seat 5: LUKIANOV777 ($4.83 in chips) 
Seat 6: Dt_Hyde1 ($5 in chips) 
Seat 7: UY.Scuti.2295 ($5 in chips) 
Seat 8: Almanza63 ($12.77 in chips) 
Seat 9: GodzillaKK ($4.09 in chips) 
Almanza63: posts small blind $0.02
GodzillaKK: posts big blind $0.05
u.e.b.o: sits out 
soldim327: sits out 
*** HOLE CARDS ***
Dealt to Dorex2007 [9s Kd]
daro506: folds 
Dorex2007: folds 
LUKIANOV777: folds 
Dt_Hyde1: folds 
UY.Scuti.2295: folds 
Almanza63: raises $0.08 to $0.13
GodzillaKK: calls $0.08
*** FLOP *** [Ah 8s Qh]
Almanza63: checks 
GodzillaKK: bets $0.15
Almanza63: folds 
Uncalled bet ($0.15) returned to GodzillaKK
GodzillaKK collected $0.25 from pot
*** SUMMARY ***
Total pot $0.26 | Rake $0.01 
Board [Ah 8s Qh]
Seat 2: daro506 folded before Flop (didn't bet)
Seat 4: Dorex2007 folded before Flop (didn't bet)
Seat 5: LUKIANOV777 folded before Flop (didn't bet)
Seat 6: Dt_Hyde1 folded before Flop (didn't bet)
Seat 7: UY.Scuti.2295 (button) folded before Flop (didn't bet)
Seat 8: Almanza63 (small blind) folded on the Flop
Seat 9: GodzillaKK (big blind) collected ($0.25)



PokerStars Hand #238715727071:  Hold'em No Limit ($0.02/$0.05 USD) - 2022/09/18 14:52:01 PT [2022/09/18 17:52:01 ET]
Table 'Pavo III' 9-max Seat #8 is the button
Seat 1: u.e.b.o ($4.95 in chips) 
Seat 2: daro506 ($9.02 in chips) 
Seat 4: Dorex2007 ($10.44 in chips) 
Seat 5: LUKIANOV777 ($4.83 in chips) 
Seat 6: Dt_Hyde1 ($5 in chips) 
Seat 7: UY.Scuti.2295 ($5 in chips) 
Seat 8: Almanza63 ($12.64 in chips) 
Seat 9: GodzillaKK ($4.21 in chips) 
GodzillaKK: posts small blind $0.02
u.e.b.o: posts big blind $0.05
soldim327: sits out 
*** HOLE CARDS ***
Dealt to Dorex2007 [2s Qs]
daro506: folds 
Dorex2007: folds 
LUKIANOV777: folds 
Dt_Hyde1: folds 
UY.Scuti.2295: raises $0.05 to $0.10
Almanza63: folds 
GodzillaKK: calls $0.08
u.e.b.o: raises $0.30 to $0.40
UY.Scuti.2295: folds 
GodzillaKK: calls $0.30
*** FLOP *** [4s 4h Th]
GodzillaKK: checks 
u.e.b.o: bets $0.56
GodzillaKK: folds 
Uncalled bet ($0.56) returned to u.e.b.o
u.e.b.o collected $0.86 from pot
*** SUMMARY ***
Total pot $0.90 | Rake $0.04 
Board [4s 4h Th]
Seat 1: u.e.b.o (big blind) collected ($0.86)
Seat 2: daro506 folded before Flop (didn't bet)
Seat 4: Dorex2007 folded before Flop (didn't bet)
Seat 5: LUKIANOV777 folded before Flop (didn't bet)
Seat 6: Dt_Hyde1 folded before Flop (didn't bet)
Seat 7: UY.Scuti.2295 folded before Flop
Seat 8: Almanza63 (button) folded before Flop (didn't bet)
Seat 9: GodzillaKK (small blind) folded on the Flop



PokerStars Hand #238715746072:  Hold'em No Limit ($0.02/$0.05 USD) - 2022/09/18 14:52:49 PT [2022/09/18 17:52:49 ET]
Table 'Pavo III' 9-max Seat #9 is the button
Seat 1: u.e.b.o ($5.41 in chips) 
Seat 2: daro506 ($9.02 in chips) 
Seat 4: Dorex2007 ($10.44 in chips) 
Seat 5: LUKIANOV777 ($4.83 in chips) 
Seat 6: Dt_Hyde1 ($5 in chips) 
Seat 7: UY.Scuti.2295 ($4.90 in chips) 
Seat 8: Almanza63 ($12.64 in chips) 
Seat 9: GodzillaKK ($3.81 in chips) 
u.e.b.o: posts small blind $0.02
daro506: posts big blind $0.05
soldim327: sits out 
*** HOLE CARDS ***
Dealt to Dorex2007 [9h 5h]
Dorex2007: folds 
LUKIANOV777: folds 
LUKIANOV777 leaves the table
Dt_Hyde1: folds 
UY.Scuti.2295: raises $0.05 to $0.10
Almanza63: calls $0.10
GodzillaKK: folds 
u.e.b.o: folds 
daro506: folds 
*** FLOP *** [5d Jd Ac]
UY.Scuti.2295: bets $0.05
Almanza63: calls $0.05
*** TURN *** [5d Jd Ac] [Js]
UY.Scuti.2295: bets $0.05
Almanza63: raises $0.21 to $0.26
dovdon joins the table at seat #5 
UY.Scuti.2295: calls $0.21
*** RIVER *** [5d Jd Ac Js] [4h]
UY.Scuti.2295: bets $0.92
Almanza63: folds 
Uncalled bet ($0.92) returned to UY.Scuti.2295
UY.Scuti.2295 collected $0.85 from pot
*** SUMMARY ***
Total pot $0.89 | Rake $0.04 
Board [5d Jd Ac Js 4h]
Seat 1: u.e.b.o (small blind) folded before Flop
Seat 2: daro506 (big blind) folded before Flop
Seat 4: Dorex2007 folded before Flop (didn't bet)
Seat 5: LUKIANOV777 folded before Flop (didn't bet)
Seat 6: Dt_Hyde1 folded before Flop (didn't bet)
Seat 7: UY.Scuti.2295 collected ($0.85)
Seat 8: Almanza63 folded on the River
Seat 9: GodzillaKK (button) folded before Flop (didn't bet)



PokerStars Hand #238715777338:  Hold'em No Limit ($0.02/$0.05 USD) - 2022/09/18 14:54:08 PT [2022/09/18 17:54:08 ET]
Table 'Pavo III' 9-max Seat #1 is the button
Seat 1: u.e.b.o ($5.39 in chips) 
Seat 2: daro506 ($8.97 in chips) 
Seat 3: soldim327 ($5 in chips) 
Seat 4: Dorex2007 ($10.44 in chips) 
Seat 6: Dt_Hyde1 ($5 in chips) 
Seat 7: UY.Scuti.2295 ($5.34 in chips) 
Seat 8: Almanza63 ($12.23 in chips) 
Seat 9: GodzillaKK ($3.81 in chips) 
daro506: posts small blind $0.02
soldim327: posts big blind $0.05
dovdon: sits out 
*** HOLE CARDS ***
Dealt to Dorex2007 [6d 8s]
Dorex2007: folds 
Dt_Hyde1: raises $0.15 to $0.20
UY.Scuti.2295: folds 
Almanza63: calls $0.20
GodzillaKK: calls $0.20
u.e.b.o: folds 
daro506: folds 
soldim327: folds 
*** FLOP *** [Jd 2s Jh]
Dt_Hyde1: bets $0.38
Almanza63: folds 
GodzillaKK: folds 
Uncalled bet ($0.38) returned to Dt_Hyde1
Dt_Hyde1 collected $0.64 from pot
Dt_Hyde1: doesn't show hand 
*** SUMMARY ***
Total pot $0.67 | Rake $0.03 
Board [Jd 2s Jh]
Seat 1: u.e.b.o (button) folded before Flop (didn't bet)
Seat 2: daro506 (small blind) folded before Flop
Seat 3: soldim327 (big blind) folded before Flop
Seat 4: Dorex2007 folded before Flop (didn't bet)
Seat 6: Dt_Hyde1 collected ($0.64)
Seat 7: UY.Scuti.2295 folded before Flop (didn't bet)
Seat 8: Almanza63 folded on the Flop
Seat 9: GodzillaKK folded on the Flop



PokerStars Hand #238715790405:  Hold'em No Limit ($0.02/$0.05 USD) - 2022/09/18 14:54:41 PT [2022/09/18 17:54:41 ET]
Table 'Pavo III' 9-max Seat #2 is the button
Seat 1: u.e.b.o ($5.39 in chips) 
Seat 2: daro506 ($8.95 in chips) 
Seat 3: soldim327 ($5 in chips) 
Seat 4: Dorex2007 ($10.44 in chips) 
Seat 6: Dt_Hyde1 ($5.44 in chips) 
Seat 7: UY.Scuti.2295 ($5.34 in chips) 
Seat 8: Almanza63 ($12.03 in chips) 
Seat 9: GodzillaKK ($3.61 in chips) 
soldim327: posts small blind $0.02
Dorex2007: posts big blind $0.05
dovdon: sits out 
*** HOLE CARDS ***
Dealt to Dorex2007 [Kd 2h]
Dt_Hyde1: folds 
UY.Scuti.2295: folds 
Almanza63: folds 
GodzillaKK: calls $0.05
u.e.b.o: folds 
daro506 has timed out
daro506: folds 
soldim327: calls $0.03
Dorex2007: checks 
*** FLOP *** [Qc Kc 3d]
soldim327: checks 
Dorex2007: checks 
GodzillaKK: bets $0.05
soldim327: folds 
Dorex2007: raises $0.24 to $0.29
GodzillaKK: folds 
Uncalled bet ($0.24) returned to Dorex2007
Dorex2007 collected $0.24 from pot
Dorex2007: doesn't show hand 
*** SUMMARY ***
Total pot $0.25 | Rake $0.01 
Board [Qc Kc 3d]
Seat 1: u.e.b.o folded before Flop (didn't bet)
Seat 2: daro506 (button) folded before Flop (didn't bet)
Seat 3: soldim327 (small blind) folded on the Flop
Seat 4: Dorex2007 (big blind) collected ($0.24)
Seat 6: Dt_Hyde1 folded before Flop (didn't bet)
Seat 7: UY.Scuti.2295 folded before Flop (didn't bet)
Seat 8: Almanza63 folded before Flop (didn't bet)
Seat 9: GodzillaKK folded on the Flop



PokerStars Hand #238715807623:  Hold'em No Limit ($0.02/$0.05 USD) - 2022/09/18 14:55:36 PT [2022/09/18 17:55:36 ET]
Table 'Pavo III' 9-max Seat #3 is the button
Seat 1: u.e.b.o ($5.39 in chips) 
Seat 2: daro506 ($8.95 in chips) 
Seat 3: soldim327 ($5 in chips) 
Seat 4: Dorex2007 ($10.58 in chips) 
Seat 5: dovdon ($4 in chips) 
Seat 6: Dt_Hyde1 ($5.44 in chips) 
Seat 7: UY.Scuti.2295 ($5.34 in chips) 
Seat 8: Almanza63 ($12.03 in chips) 
Seat 9: GodzillaKK ($3.51 in chips) 
Dorex2007: posts small blind $0.02
dovdon: posts big blind $0.05
*** HOLE CARDS ***
Dealt to Dorex2007 [3c 8h]
Dt_Hyde1: folds 
UY.Scuti.2295: folds 
Almanza63: folds 
GodzillaKK: raises $0.10 to $0.15
u.e.b.o: folds 
daro506: folds 
soldim327: raises $0.33 to $0.48
Dorex2007: folds 
dovdon: calls $0.43
GodzillaKK: calls $0.33
*** FLOP *** [Kd Ah 8s]
dovdon: checks 
GodzillaKK: checks 
soldim327: bets $0.70
dovdon: calls $0.70
GodzillaKK: folds 
*** TURN *** [Kd Ah 8s] [Js]
dovdon: checks 
soldim327: bets $2.88
dovdon: folds 
Uncalled bet ($2.88) returned to soldim327
soldim327 collected $2.74 from pot
soldim327: doesn't show hand 
*** SUMMARY ***
Total pot $2.86 | Rake $0.12 
Board [Kd Ah 8s Js]
Seat 1: u.e.b.o folded before Flop (didn't bet)
Seat 2: daro506 folded before Flop (didn't bet)
Seat 3: soldim327 (button) collected ($2.74)
Seat 4: Dorex2007 (small blind) folded before Flop
Seat 5: dovdon (big blind) folded on the Turn
Seat 6: Dt_Hyde1 folded before Flop (didn't bet)
Seat 7: UY.Scuti.2295 folded before Flop (didn't bet)
Seat 8: Almanza63 folded before Flop (didn't bet)
Seat 9: GodzillaKK folded on the Flop



