PokerStars Hand #239036477952:  Hold'em No Limit ($0.02/$0.05 USD) - 2022/10/04 14:14:59 PT [2022/10/04 17:14:59 ET]
Table 'Peacock II' 9-max Seat #6 is the button
Seat 1: Guioliveirafs ($2.07 in chips) 
Seat 2: loic6000 ($1.82 in chips) 
Seat 3: GrizzlyMD ($5 in chips) 
Seat 4: deckynlr ($6.69 in chips) 
Seat 5: Dorex2007 ($5 in chips) 
Seat 6: JaskaJ666 ($6.38 in chips) 
Seat 7: Ginnungagap7 ($5.27 in chips) 
Seat 8: Vany16 ($4.69 in chips) 
Seat 9: anes.v. ($5.38 in chips) 
Ginnungagap7: posts small blind $0.02
Vany16: posts big blind $0.05
Dorex2007: posts big blind $0.05
*** HOLE CARDS ***
Dealt to Dorex2007 [Jc Ac]
anes.v.: folds 
Guioliveirafs: folds 
loic6000: calls $0.05
GrizzlyMD: folds 
deckynlr: calls $0.05
Dorex2007: raises $0.15 to $0.20
JaskaJ666: folds 
Ginnungagap7: folds 
Vany16: folds 
loic6000: calls $0.15
deckynlr: folds 
*** FLOP *** [Qc 8h Ad]
loic6000: bets $0.10
Dorex2007: raises $0.35 to $0.45
loic6000: calls $0.35
*** TURN *** [Qc 8h Ad] [8c]
loic6000: checks 
Dorex2007: bets $0.91
loic6000: folds 
Uncalled bet ($0.91) returned to Dorex2007
Dorex2007 collected $1.36 from pot
Dorex2007: doesn't show hand 
*** SUMMARY ***
Total pot $1.42 | Rake $0.06 
Board [Qc 8h Ad 8c]
Seat 1: Guioliveirafs folded before Flop (didn't bet)
Seat 2: loic6000 folded on the Turn
Seat 3: GrizzlyMD folded before Flop (didn't bet)
Seat 4: deckynlr folded before Flop
Seat 5: Dorex2007 collected ($1.36)
Seat 6: JaskaJ666 (button) folded before Flop (didn't bet)
Seat 7: Ginnungagap7 (small blind) folded before Flop
Seat 8: Vany16 (big blind) folded before Flop
Seat 9: anes.v. folded before Flop (didn't bet)



PokerStars Hand #239036503697:  Hold'em No Limit ($0.02/$0.05 USD) - 2022/10/04 14:16:09 PT [2022/10/04 17:16:09 ET]
Table 'Peacock II' 9-max Seat #7 is the button
Seat 1: Guioliveirafs ($2.07 in chips) 
Seat 2: loic6000 ($1.17 in chips) 
Seat 3: GrizzlyMD ($5 in chips) 
Seat 4: deckynlr ($6.64 in chips) 
Seat 5: Dorex2007 ($5.71 in chips) 
Seat 6: JaskaJ666 ($6.38 in chips) 
Seat 7: Ginnungagap7 ($5.25 in chips) 
Seat 8: Vany16 ($4.64 in chips) 
Seat 9: anes.v. ($5.38 in chips) 
Vany16: posts small blind $0.02
anes.v.: posts big blind $0.05
*** HOLE CARDS ***
Dealt to Dorex2007 [Td 9h]
Guioliveirafs: folds 
loic6000: folds 
GrizzlyMD: folds 
deckynlr: folds 
Dorex2007: folds 
JaskaJ666: folds 
Ginnungagap7: folds 
Vany16: folds 
Uncalled bet ($0.03) returned to anes.v.
anes.v. collected $0.04 from pot
anes.v.: doesn't show hand 
*** SUMMARY ***
Total pot $0.04 | Rake $0 
Seat 1: Guioliveirafs folded before Flop (didn't bet)
Seat 2: loic6000 folded before Flop (didn't bet)
Seat 3: GrizzlyMD folded before Flop (didn't bet)
Seat 4: deckynlr folded before Flop (didn't bet)
Seat 5: Dorex2007 folded before Flop (didn't bet)
Seat 6: JaskaJ666 folded before Flop (didn't bet)
Seat 7: Ginnungagap7 (button) folded before Flop (didn't bet)
Seat 8: Vany16 (small blind) folded before Flop
Seat 9: anes.v. (big blind) collected ($0.04)



PokerStars Hand #239036509149:  Hold'em No Limit ($0.02/$0.05 USD) - 2022/10/04 14:16:24 PT [2022/10/04 17:16:24 ET]
Table 'Peacock II' 9-max Seat #8 is the button
Seat 1: Guioliveirafs ($2.07 in chips) 
Seat 2: loic6000 ($1.17 in chips) 
Seat 3: GrizzlyMD ($5 in chips) 
Seat 4: deckynlr ($6.64 in chips) 
Seat 5: Dorex2007 ($5.71 in chips) 
Seat 6: JaskaJ666 ($6.38 in chips) 
Seat 7: Ginnungagap7 ($5.25 in chips) 
Seat 8: Vany16 ($4.62 in chips) 
Seat 9: anes.v. ($5.40 in chips) 
anes.v.: posts small blind $0.02
Guioliveirafs: posts big blind $0.05
*** HOLE CARDS ***
Dealt to Dorex2007 [4c 2c]
loic6000: raises $0.10 to $0.15
GrizzlyMD: folds 
deckynlr: folds 
Dorex2007: folds 
JaskaJ666: folds 
Ginnungagap7: folds 
Vany16: folds 
anes.v.: folds 
Guioliveirafs: calls $0.10
*** FLOP *** [5h Qh Jc]
Guioliveirafs: bets $0.31
loic6000: calls $0.31
*** TURN *** [5h Qh Jc] [Qc]
Guioliveirafs: bets $1.61 and is all-in
loic6000: calls $0.71 and is all-in
Uncalled bet ($0.90) returned to Guioliveirafs
*** RIVER *** [5h Qh Jc Qc] [6d]
*** SHOW DOWN ***
Guioliveirafs: shows [Th Kh] (a pair of Queens)
loic6000: shows [Jh Jd] (a full house, Jacks full of Queens)
loic6000 collected $2.26 from pot
*** SUMMARY ***
Total pot $2.36 | Rake $0.10 
Board [5h Qh Jc Qc 6d]
Seat 1: Guioliveirafs (big blind) showed [Th Kh] and lost with a pair of Queens
Seat 2: loic6000 showed [Jh Jd] and won ($2.26) with a full house, Jacks full of Queens
Seat 3: GrizzlyMD folded before Flop (didn't bet)
Seat 4: deckynlr folded before Flop (didn't bet)
Seat 5: Dorex2007 folded before Flop (didn't bet)
Seat 6: JaskaJ666 folded before Flop (didn't bet)
Seat 7: Ginnungagap7 folded before Flop (didn't bet)
Seat 8: Vany16 (button) folded before Flop (didn't bet)
Seat 9: anes.v. (small blind) folded before Flop



PokerStars Hand #239036530031:  Hold'em No Limit ($0.02/$0.05 USD) - 2022/10/04 14:17:21 PT [2022/10/04 17:17:21 ET]
Table 'Peacock II' 9-max Seat #9 is the button
Seat 1: Guioliveirafs ($0.90 in chips) 
Seat 2: loic6000 ($2.26 in chips) 
Seat 3: GrizzlyMD ($5 in chips) 
Seat 4: deckynlr ($6.64 in chips) 
Seat 5: Dorex2007 ($5.71 in chips) 
Seat 6: JaskaJ666 ($6.38 in chips) 
Seat 7: Ginnungagap7 ($5.25 in chips) 
Seat 8: Vany16 ($4.62 in chips) 
Seat 9: anes.v. ($5.38 in chips) 
Guioliveirafs: posts small blind $0.02
loic6000: posts big blind $0.05
*** HOLE CARDS ***
Dealt to Dorex2007 [6c 9d]
GrizzlyMD: folds 
deckynlr: folds 
Dorex2007: folds 
JaskaJ666: folds 
Ginnungagap7: raises $0.10 to $0.15
Vany16: calls $0.15
anes.v.: folds 
Guioliveirafs: raises $0.10 to $0.25
loic6000: folds 
Ginnungagap7: calls $0.10
Vany16: calls $0.10
*** FLOP *** [Qd Ad 6h]
Guioliveirafs: bets $0.65 and is all-in
Ginnungagap7: calls $0.65
Vany16: folds 
Vany16 leaves the table
*** TURN *** [Qd Ad 6h] [Td]
*** RIVER *** [Qd Ad 6h Td] [4c]
*** SHOW DOWN ***
Guioliveirafs: shows [7h 7c] (a pair of Sevens)
Ginnungagap7: shows [Jh Ah] (a pair of Aces)
Ginnungagap7 collected $2.01 from pot
*** SUMMARY ***
Total pot $2.10 | Rake $0.09 
Board [Qd Ad 6h Td 4c]
Seat 1: Guioliveirafs (small blind) showed [7h 7c] and lost with a pair of Sevens
Seat 2: loic6000 (big blind) folded before Flop
Seat 3: GrizzlyMD folded before Flop (didn't bet)
Seat 4: deckynlr folded before Flop (didn't bet)
Seat 5: Dorex2007 folded before Flop (didn't bet)
Seat 6: JaskaJ666 folded before Flop (didn't bet)
Seat 7: Ginnungagap7 showed [Jh Ah] and won ($2.01) with a pair of Aces
Seat 8: Vany16 folded on the Flop
Seat 9: anes.v. (button) folded before Flop (didn't bet)



PokerStars Hand #239036549332:  Hold'em No Limit ($0.02/$0.05 USD) - 2022/10/04 14:18:14 PT [2022/10/04 17:18:14 ET]
Table 'Peacock II' 9-max Seat #2 is the button
Seat 2: loic6000 ($2.21 in chips) 
Seat 3: GrizzlyMD ($5 in chips) 
Seat 4: deckynlr ($6.64 in chips) 
Seat 5: Dorex2007 ($5.71 in chips) 
Seat 6: JaskaJ666 ($6.38 in chips) 
Seat 7: Ginnungagap7 ($6.36 in chips) 
Seat 9: anes.v. ($5.38 in chips) 
GrizzlyMD: posts small blind $0.02
deckynlr: posts big blind $0.05
*** HOLE CARDS ***
Dealt to Dorex2007 [2s 5s]
Dorex2007: folds 
JaskaJ666: folds 
Ginnungagap7: folds 
Guioliveirafs leaves the table
anes.v.: folds 
loic6000: folds 
GrizzlyMD: folds 
Uncalled bet ($0.03) returned to deckynlr
deckynlr collected $0.04 from pot
deckynlr: doesn't show hand 
*** SUMMARY ***
Total pot $0.04 | Rake $0 
Seat 2: loic6000 (button) folded before Flop (didn't bet)
Seat 3: GrizzlyMD (small blind) folded before Flop
Seat 4: deckynlr (big blind) collected ($0.04)
Seat 5: Dorex2007 folded before Flop (didn't bet)
Seat 6: JaskaJ666 folded before Flop (didn't bet)
Seat 7: Ginnungagap7 folded before Flop (didn't bet)
Seat 9: anes.v. folded before Flop (didn't bet)



PokerStars Hand #239036553631:  Hold'em No Limit ($0.02/$0.05 USD) - 2022/10/04 14:18:26 PT [2022/10/04 17:18:26 ET]
Table 'Peacock II' 9-max Seat #3 is the button
Seat 2: loic6000 ($2.21 in chips) 
Seat 3: GrizzlyMD ($5 in chips) 
Seat 4: deckynlr ($6.66 in chips) 
Seat 5: Dorex2007 ($5.71 in chips) 
Seat 6: JaskaJ666 ($6.38 in chips) 
Seat 7: Ginnungagap7 ($6.36 in chips) 
Seat 9: anes.v. ($5.38 in chips) 
deckynlr: posts small blind $0.02
Dorex2007: posts big blind $0.05
*** HOLE CARDS ***
Dealt to Dorex2007 [2s 2c]
JaskaJ666: folds 
Ginnungagap7: folds 
anes.v.: raises $0.06 to $0.11
loic6000: folds 
GrizzlyMD: folds 
deckynlr: folds 
Dorex2007: calls $0.06
*** FLOP *** [6d Ks 6c]
Dorex2007: checks 
anes.v.: checks 
*** TURN *** [6d Ks 6c] [3d]
Dorex2007: bets $0.15
anes.v.: folds 
Uncalled bet ($0.15) returned to Dorex2007
Dorex2007 collected $0.23 from pot
Dorex2007: doesn't show hand 
*** SUMMARY ***
Total pot $0.24 | Rake $0.01 
Board [6d Ks 6c 3d]
Seat 2: loic6000 folded before Flop (didn't bet)
Seat 3: GrizzlyMD (button) folded before Flop (didn't bet)
Seat 4: deckynlr (small blind) folded before Flop
Seat 5: Dorex2007 (big blind) collected ($0.23)
Seat 6: JaskaJ666 folded before Flop (didn't bet)
Seat 7: Ginnungagap7 folded before Flop (didn't bet)
Seat 9: anes.v. folded on the Turn



PokerStars Hand #239036567131:  Hold'em No Limit ($0.02/$0.05 USD) - 2022/10/04 14:19:03 PT [2022/10/04 17:19:03 ET]
Table 'Peacock II' 9-max Seat #4 is the button
Seat 2: loic6000 ($2.21 in chips) 
Seat 3: GrizzlyMD ($5 in chips) 
Seat 4: deckynlr ($6.64 in chips) 
Seat 5: Dorex2007 ($5.83 in chips) 
Seat 6: JaskaJ666 ($6.38 in chips) 
Seat 7: Ginnungagap7 ($6.36 in chips) 
Seat 9: anes.v. ($5.27 in chips) 
Dorex2007: posts small blind $0.02
JaskaJ666: posts big blind $0.05
*** HOLE CARDS ***
Dealt to Dorex2007 [9h Th]
Ginnungagap7: folds 
anes.v.: folds 
loic6000: folds 
GrizzlyMD: raises $0.10 to $0.15
deckynlr: folds 
Dorex2007: folds 
JaskaJ666: calls $0.10
*** FLOP *** [8s Ad 4s]
JaskaJ666: checks 
GrizzlyMD: checks 
*** TURN *** [8s Ad 4s] [Jd]
JaskaJ666: bets $0.15
GrizzlyMD: calls $0.15
*** RIVER *** [8s Ad 4s Jd] [Td]
JaskaJ666: bets $0.29
GrizzlyMD: folds 
Uncalled bet ($0.29) returned to JaskaJ666
JaskaJ666 collected $0.59 from pot
JaskaJ666: doesn't show hand 
*** SUMMARY ***
Total pot $0.62 | Rake $0.03 
Board [8s Ad 4s Jd Td]
Seat 2: loic6000 folded before Flop (didn't bet)
Seat 3: GrizzlyMD folded on the River
Seat 4: deckynlr (button) folded before Flop (didn't bet)
Seat 5: Dorex2007 (small blind) folded before Flop
Seat 6: JaskaJ666 (big blind) collected ($0.59)
Seat 7: Ginnungagap7 folded before Flop (didn't bet)
Seat 9: anes.v. folded before Flop (didn't bet)



PokerStars Hand #239036584698:  Hold'em No Limit ($0.02/$0.05 USD) - 2022/10/04 14:19:50 PT [2022/10/04 17:19:50 ET]
Table 'Peacock II' 9-max Seat #5 is the button
Seat 2: loic6000 ($2.21 in chips) 
Seat 3: GrizzlyMD ($5 in chips) 
Seat 4: deckynlr ($6.64 in chips) 
Seat 5: Dorex2007 ($5.81 in chips) 
Seat 6: JaskaJ666 ($6.67 in chips) 
Seat 7: Ginnungagap7 ($6.36 in chips) 
Seat 9: anes.v. ($5.27 in chips) 
JaskaJ666: posts small blind $0.02
Ginnungagap7: posts big blind $0.05
*** HOLE CARDS ***
Dealt to Dorex2007 [Qd Kd]
anes.v.: folds 
loic6000: calls $0.05
GrizzlyMD: folds 
deckynlr: raises $0.10 to $0.15
anes.v. leaves the table
Dorex2007: calls $0.15
JaskaJ666: folds 
Ginnungagap7: folds 
loic6000: calls $0.10
*** FLOP *** [7d 2c Ad]
loic6000: checks 
deckynlr: bets $0.25
Dorex2007: calls $0.25
loic6000: folds 
*** TURN *** [7d 2c Ad] [5d]
deckynlr: bets $0.49
Dorex2007: calls $0.49
*** RIVER *** [7d 2c Ad 5d] [8s]
deckynlr: checks 
Dorex2007: bets $0.75
deckynlr: calls $0.75
*** SHOW DOWN ***
Dorex2007: shows [Qd Kd] (a flush, Ace high)
deckynlr: mucks hand 
Dorex2007 collected $3.35 from pot
*** SUMMARY ***
Total pot $3.50 | Rake $0.15 
Board [7d 2c Ad 5d 8s]
Seat 2: loic6000 folded on the Flop
Seat 3: GrizzlyMD folded before Flop (didn't bet)
Seat 4: deckynlr mucked [Ah Th]
Seat 5: Dorex2007 (button) showed [Qd Kd] and won ($3.35) with a flush, Ace high
Seat 6: JaskaJ666 (small blind) folded before Flop
Seat 7: Ginnungagap7 (big blind) folded before Flop
Seat 9: anes.v. folded before Flop (didn't bet)



PokerStars Hand #239036609193:  Hold'em No Limit ($0.02/$0.05 USD) - 2022/10/04 14:20:57 PT [2022/10/04 17:20:57 ET]
Table 'Peacock II' 9-max Seat #6 is the button
Seat 2: loic6000 ($2.06 in chips) 
Seat 3: GrizzlyMD ($5 in chips) 
Seat 4: deckynlr ($5 in chips) 
Seat 5: Dorex2007 ($7.52 in chips) 
Seat 6: JaskaJ666 ($6.65 in chips) 
Seat 7: Ginnungagap7 ($6.31 in chips) 
Ginnungagap7: posts small blind $0.02
loic6000: posts big blind $0.05
*** HOLE CARDS ***
Dealt to Dorex2007 [6s 4c]
GrizzlyMD: folds 
deckynlr: folds 
GrizzlyMD leaves the table
Dorex2007: folds 
JaskaJ666: folds 
Ginnungagap7: raises $0.10 to $0.15
loic6000: calls $0.10
*** FLOP *** [Ad 2d Ac]
GrizzlyMD joins the table at seat #8 
Ginnungagap7: bets $0.22
GrizzlyMD leaves the table
loic6000: folds 
Uncalled bet ($0.22) returned to Ginnungagap7
Ginnungagap7 collected $0.29 from pot
Ginnungagap7: doesn't show hand 
*** SUMMARY ***
Total pot $0.30 | Rake $0.01 
Board [Ad 2d Ac]
Seat 2: loic6000 (big blind) folded on the Flop
Seat 3: GrizzlyMD folded before Flop (didn't bet)
Seat 4: deckynlr folded before Flop (didn't bet)
Seat 5: Dorex2007 folded before Flop (didn't bet)
Seat 6: JaskaJ666 (button) folded before Flop (didn't bet)
Seat 7: Ginnungagap7 (small blind) collected ($0.29)



