PokerStars Hand #236827866154:  Hold'em No Limit ($0.01/$0.02 USD) - 2022/06/17 20:58:36 PT [2022/06/17 23:58:36 ET]
Table 'Krethon' 9-max Seat #5 is the button
Seat 1: Dorex2007 ($2 in chips) 
Seat 2: pinbotani ($2.13 in chips) 
Seat 5: geroyapur ($1.50 in chips) 
Seat 7: vero2610 ($0.77 in chips) 
Seat 9: teacher prof ($2.64 in chips) 
vero2610: posts small blind $0.01
teacher prof: posts big blind $0.02
Dorex2007: posts big blind $0.02
*** HOLE CARDS ***
Dealt to Dorex2007 [5d 6d]
Dorex2007: checks 
pinbotani: folds 
geroyapur: folds 
vero2610: folds 
teacher prof: checks 
*** FLOP *** [Ks Qh 3s]
teacher prof: checks 
Dorex2007: checks 
*** TURN *** [Ks Qh 3s] [8c]
smopower joins the table at seat #4 
teacher prof: checks 
Dorex2007: checks 
*** RIVER *** [Ks Qh 3s 8c] [5h]
teacher prof: checks 
Dorex2007: checks 
*** SHOW DOWN ***
teacher prof: shows [Js 9d] (high card King)
Dorex2007: shows [5d 6d] (a pair of Fives)
Dorex2007 collected $0.05 from pot
*** SUMMARY ***
Total pot $0.05 | Rake $0 
Board [Ks Qh 3s 8c 5h]
Seat 1: Dorex2007 showed [5d 6d] and won ($0.05) with a pair of Fives
Seat 2: pinbotani folded before Flop (didn't bet)
Seat 5: geroyapur (button) folded before Flop (didn't bet)
Seat 7: vero2610 (small blind) folded before Flop
Seat 9: teacher prof (big blind) showed [Js 9d] and lost with high card King



PokerStars Hand #236827872098:  Hold'em No Limit ($0.01/$0.02 USD) - 2022/06/17 20:59:22 PT [2022/06/17 23:59:22 ET]
Table 'Krethon' 9-max Seat #7 is the button
Seat 1: Dorex2007 ($2.03 in chips) 
Seat 2: pinbotani ($2.13 in chips) 
Seat 3: maxkxi ($1.20 in chips) 
Seat 5: geroyapur ($1.50 in chips) 
Seat 7: vero2610 ($0.76 in chips) 
Seat 9: teacher prof ($2.62 in chips) 
teacher prof: posts small blind $0.01
Dorex2007: posts big blind $0.02
maxkxi: posts small & big blinds $0.03
smopower: sits out 
Aldopkr89: sits out 
*** HOLE CARDS ***
Dealt to Dorex2007 [9d Ad]
pinbotani: folds 
maxkxi: checks 
geroyapur: raises $0.04 to $0.06
vero2610: calls $0.06
teacher prof: folds 
Dorex2007: calls $0.04
maxkxi: calls $0.04
*** FLOP *** [Kd Js 3d]
teacher prof leaves the table
Dorex2007: bets $0.13
maxkxi: calls $0.13
geroyapur: calls $0.13
vero2610: folds 
*** TURN *** [Kd Js 3d] [Qs]
Dorex2007: checks 
_MaTTeii_ joins the table at seat #9 
maxkxi: bets $0.16
geroyapur: raises $0.48 to $0.64
Dorex2007: folds 
maxkxi: folds [Kh]
Uncalled bet ($0.48) returned to geroyapur
geroyapur collected $0.94 from pot
geroyapur: doesn't show hand 
*** SUMMARY ***
Total pot $0.97 | Rake $0.03 
Board [Kd Js 3d Qs]
Seat 1: Dorex2007 (big blind) folded on the Turn
Seat 2: pinbotani folded before Flop (didn't bet)
Seat 3: maxkxi folded on the Turn
Seat 5: geroyapur collected ($0.94)
Seat 7: vero2610 (button) folded on the Flop
Seat 9: teacher prof (small blind) folded before Flop



