PokerStars Hand #233214214970:  Hold'em No Limit ($0.01/$0.02 USD) - 2022/01/16 22:25:54 PT [2022/01/17 1:25:54 ET]
Table 'Yildun' 9-max Seat #7 is the button
Seat 3: liselotte223 ($1.64 in chips) 
Seat 4: kaosluntik ($2 in chips) 
Seat 5: Dorex2007 ($2 in chips) 
Seat 7: mikolaj123r9 ($1.07 in chips) 
Seat 8: famedi ($1.95 in chips) 
Seat 9: JanuaryAM ($0.68 in chips) 
famedi: posts small blind $0.01
JanuaryAM: posts big blind $0.02
SlavikPuha: sits out 
JugEars88: sits out 
kompozit777 joins the table at seat #6 
Dorex2007: posts big blind $0.02
*** HOLE CARDS ***
Dealt to Dorex2007 [4d Js]
liselotte223: raises $0.02 to $0.04
kaosluntik: calls $0.04
Dorex2007: folds 
mikolaj123r9: folds 
famedi: folds 
JanuaryAM: calls $0.02
*** FLOP *** [4s Qd 6d]
JanuaryAM: checks 
liselotte223: checks 
kaosluntik: bets $0.08
JanuaryAM: folds 
liselotte223: folds 
Uncalled bet ($0.08) returned to kaosluntik
kaosluntik collected $0.14 from pot
kaosluntik: doesn't show hand 
*** SUMMARY ***
Total pot $0.15 | Rake $0.01 
Board [4s Qd 6d]
Seat 3: liselotte223 folded on the Flop
Seat 4: kaosluntik collected ($0.14)
Seat 5: Dorex2007 folded before Flop (didn't bet)
Seat 7: mikolaj123r9 (button) folded before Flop (didn't bet)
Seat 8: famedi (small blind) folded before Flop
Seat 9: JanuaryAM (big blind) folded on the Flop



PokerStars Hand #233214219243:  Hold'em No Limit ($0.01/$0.02 USD) - 2022/01/16 22:26:23 PT [2022/01/17 1:26:23 ET]
Table 'Yildun' 9-max Seat #8 is the button
Seat 1: SlavikPuha ($2.22 in chips) 
Seat 3: liselotte223 ($1.60 in chips) 
Seat 4: kaosluntik ($2.10 in chips) 
Seat 5: Dorex2007 ($2 in chips) 
Seat 6: kompozit777 ($1.60 in chips) 
Seat 7: mikolaj123r9 ($1.07 in chips) 
Seat 8: famedi ($1.94 in chips) 
Seat 9: JanuaryAM ($0.64 in chips) 
JanuaryAM: posts small blind $0.01
SlavikPuha: posts big blind $0.02
JugEars88: sits out 
kompozit777: posts big blind $0.02
*** HOLE CARDS ***
Dealt to Dorex2007 [Ts 4c]
liselotte223: calls $0.02
kaosluntik: folds 
Dorex2007: folds 
kompozit777: checks 
mikolaj123r9: folds 
famedi: folds 
JanuaryAM: folds 
SlavikPuha: raises $0.18 to $0.20
mikolaj123r9 leaves the table
liselotte223: folds 
kompozit777 has timed out
kompozit777: folds 
Uncalled bet ($0.18) returned to SlavikPuha
SlavikPuha collected $0.07 from pot
SlavikPuha: doesn't show hand 
*** SUMMARY ***
Total pot $0.07 | Rake $0 
Seat 1: SlavikPuha (big blind) collected ($0.07)
Seat 3: liselotte223 folded before Flop
Seat 4: kaosluntik folded before Flop (didn't bet)
Seat 5: Dorex2007 folded before Flop (didn't bet)
Seat 6: kompozit777 folded before Flop (didn't bet)
Seat 7: mikolaj123r9 folded before Flop (didn't bet)
Seat 8: famedi (button) folded before Flop (didn't bet)
Seat 9: JanuaryAM (small blind) folded before Flop



PokerStars Hand #233214226924:  Hold'em No Limit ($0.01/$0.02 USD) - 2022/01/16 22:27:18 PT [2022/01/17 1:27:18 ET]
Table 'Yildun' 9-max Seat #9 is the button
Seat 1: SlavikPuha ($2.27 in chips) 
Seat 2: JugEars88 ($2 in chips) 
Seat 3: liselotte223 ($1.58 in chips) 
Seat 4: kaosluntik ($2.10 in chips) 
Seat 5: Dorex2007 ($2 in chips) 
Seat 6: kompozit777 ($1.58 in chips) 
Seat 8: famedi ($1.94 in chips) 
Seat 9: JanuaryAM ($0.63 in chips) 
SlavikPuha: posts small blind $0.01
JugEars88: posts big blind $0.02
*** HOLE CARDS ***
Dealt to Dorex2007 [3d 2d]
cjral333 joins the table at seat #7 
liselotte223: folds 
kaosluntik: folds 
Dorex2007: folds 
kompozit777: raises $0.06 to $0.08
famedi: folds 
JanuaryAM: folds 
SlavikPuha: calls $0.07
JugEars88: folds 
*** FLOP *** [6h Qd 3s]
SlavikPuha: checks 
kompozit777: bets $0.06
SlavikPuha: calls $0.06
*** TURN *** [6h Qd 3s] [9c]
SlavikPuha: checks 
kompozit777: bets $0.18
SlavikPuha: folds 
Uncalled bet ($0.18) returned to kompozit777
kompozit777 collected $0.29 from pot
*** SUMMARY ***
Total pot $0.30 | Rake $0.01 
Board [6h Qd 3s 9c]
Seat 1: SlavikPuha (small blind) folded on the Turn
Seat 2: JugEars88 (big blind) folded before Flop
Seat 3: liselotte223 folded before Flop (didn't bet)
Seat 4: kaosluntik folded before Flop (didn't bet)
Seat 5: Dorex2007 folded before Flop (didn't bet)
Seat 6: kompozit777 collected ($0.29)
Seat 8: famedi folded before Flop (didn't bet)
Seat 9: JanuaryAM (button) folded before Flop (didn't bet)



PokerStars Hand #233214234436:  Hold'em No Limit ($0.01/$0.02 USD) - 2022/01/16 22:28:10 PT [2022/01/17 1:28:10 ET]
Table 'Yildun' 9-max Seat #1 is the button
Seat 1: SlavikPuha ($2.13 in chips) 
Seat 2: JugEars88 ($1.98 in chips) 
Seat 3: liselotte223 ($1.58 in chips) 
Seat 4: kaosluntik ($2.10 in chips) 
Seat 5: Dorex2007 ($2 in chips) 
Seat 6: kompozit777 ($1.73 in chips) 
Seat 8: famedi ($1.94 in chips) 
Seat 9: JanuaryAM ($0.63 in chips) 
JugEars88: posts small blind $0.01
liselotte223: posts big blind $0.02
cjral333: sits out 
*** HOLE CARDS ***
Dealt to Dorex2007 [2d Qc]
kaosluntik: raises $0.03 to $0.05
Dorex2007: folds 
kompozit777: folds 
famedi: folds 
JanuaryAM: folds 
SlavikPuha: folds 
famedi leaves the table
JugEars88: folds 
liselotte223: calls $0.03
*** FLOP *** [5c Ad 2c]
liselotte223: checks 
kaosluntik: checks 
*** TURN *** [5c Ad 2c] [8h]
liselotte223: bets $0.02
kaosluntik: folds 
Uncalled bet ($0.02) returned to liselotte223
liselotte223 collected $0.11 from pot
liselotte223: doesn't show hand 
*** SUMMARY ***
Total pot $0.11 | Rake $0 
Board [5c Ad 2c 8h]
Seat 1: SlavikPuha (button) folded before Flop (didn't bet)
Seat 2: JugEars88 (small blind) folded before Flop
Seat 3: liselotte223 (big blind) collected ($0.11)
Seat 4: kaosluntik folded on the Turn
Seat 5: Dorex2007 folded before Flop (didn't bet)
Seat 6: kompozit777 folded before Flop (didn't bet)
Seat 8: famedi folded before Flop (didn't bet)
Seat 9: JanuaryAM folded before Flop (didn't bet)



PokerStars Hand #233214241468:  Hold'em No Limit ($0.01/$0.02 USD) - 2022/01/16 22:28:58 PT [2022/01/17 1:28:58 ET]
Table 'Yildun' 9-max Seat #2 is the button
Seat 1: SlavikPuha ($2.13 in chips) 
Seat 2: JugEars88 ($1.97 in chips) 
Seat 3: liselotte223 ($1.64 in chips) 
Seat 4: kaosluntik ($2.05 in chips) 
Seat 5: Dorex2007 ($2 in chips) 
Seat 6: kompozit777 ($1.73 in chips) 
Seat 9: JanuaryAM ($0.63 in chips) 
liselotte223: posts small blind $0.01
kaosluntik: posts big blind $0.02
cjral333: sits out 
*** HOLE CARDS ***
Dealt to Dorex2007 [6s 7s]
Dorex2007: folds 
kompozit777: folds 
JanuaryAM: calls $0.02
SlavikPuha: folds 
JugEars88: raises $0.06 to $0.08
liselotte223: folds 
kaosluntik: folds 
JanuaryAM: calls $0.06
*** FLOP *** [9s 8s Jh]
JanuaryAM: bets $0.09
Dimon_pudge joins the table at seat #8 
JugEars88: folds 
Uncalled bet ($0.09) returned to JanuaryAM
JanuaryAM collected $0.18 from pot
JanuaryAM: doesn't show hand 
*** SUMMARY ***
Total pot $0.19 | Rake $0.01 
Board [9s 8s Jh]
Seat 1: SlavikPuha folded before Flop (didn't bet)
Seat 2: JugEars88 (button) folded on the Flop
Seat 3: liselotte223 (small blind) folded before Flop
Seat 4: kaosluntik (big blind) folded before Flop
Seat 5: Dorex2007 folded before Flop (didn't bet)
Seat 6: kompozit777 folded before Flop (didn't bet)
Seat 9: JanuaryAM collected ($0.18)



PokerStars Hand #233214246695:  Hold'em No Limit ($0.01/$0.02 USD) - 2022/01/16 22:29:34 PT [2022/01/17 1:29:34 ET]
Table 'Yildun' 9-max Seat #3 is the button
Seat 1: SlavikPuha ($2.13 in chips) 
Seat 2: JugEars88 ($1.89 in chips) 
Seat 3: liselotte223 ($1.63 in chips) 
Seat 4: kaosluntik ($2.03 in chips) 
Seat 5: Dorex2007 ($2 in chips) 
Seat 6: kompozit777 ($1.73 in chips) 
Seat 9: JanuaryAM ($0.73 in chips) 
kaosluntik: posts small blind $0.01
Dorex2007: posts big blind $0.02
cjral333: sits out 
Dimon_pudge: sits out 
*** HOLE CARDS ***
Dealt to Dorex2007 [Kc 2c]
kompozit777: calls $0.02
JanuaryAM: folds 
SlavikPuha: raises $0.04 to $0.06
JugEars88: calls $0.06
liselotte223: folds 
kaosluntik: calls $0.05
Dorex2007: folds 
kompozit777: calls $0.04
*** FLOP *** [7d 5d 6d]
kaosluntik: checks 
kompozit777: checks 
SlavikPuha: checks 
JugEars88: checks 
*** TURN *** [7d 5d 6d] [4c]
kaosluntik: checks 
kompozit777: checks 
SlavikPuha: checks 
JugEars88: checks 
*** RIVER *** [7d 5d 6d 4c] [2d]
kaosluntik: checks 
kompozit777: checks 
SlavikPuha: checks 
JugEars88: checks 
*** SHOW DOWN ***
kaosluntik: shows [7s 9s] (a pair of Sevens)
kompozit777: mucks hand 
SlavikPuha: mucks hand 
JugEars88: shows [Js Td] (a flush, Ten high)
JugEars88 collected $0.25 from pot
*** SUMMARY ***
Total pot $0.26 | Rake $0.01 
Board [7d 5d 6d 4c 2d]
Seat 1: SlavikPuha mucked [2h Ah]
Seat 2: JugEars88 showed [Js Td] and won ($0.25) with a flush, Ten high
Seat 3: liselotte223 (button) folded before Flop (didn't bet)
Seat 4: kaosluntik (small blind) showed [7s 9s] and lost with a pair of Sevens
Seat 5: Dorex2007 (big blind) folded before Flop
Seat 6: kompozit777 mucked [Qc 9h]
Seat 9: JanuaryAM folded before Flop (didn't bet)



PokerStars Hand #233214255696:  Hold'em No Limit ($0.01/$0.02 USD) - 2022/01/16 22:30:37 PT [2022/01/17 1:30:37 ET]
Table 'Yildun' 9-max Seat #4 is the button
Seat 1: SlavikPuha ($2.07 in chips) 
Seat 2: JugEars88 ($2.08 in chips) 
Seat 3: liselotte223 ($1.63 in chips) 
Seat 4: kaosluntik ($2 in chips) 
Seat 5: Dorex2007 ($2 in chips) 
Seat 6: kompozit777 ($1.67 in chips) 
Seat 8: Dimon_pudge ($1.60 in chips) 
Seat 9: JanuaryAM ($0.73 in chips) 
Dorex2007: posts small blind $0.01
kompozit777: posts big blind $0.02
cjral333: sits out 
Dimon_pudge: posts big blind $0.02
*** HOLE CARDS ***
Dealt to Dorex2007 [Td 9d]
Dimon_pudge: raises $0.02 to $0.04
JanuaryAM: folds 
SlavikPuha: folds 
JugEars88: folds 
liselotte223: folds 
kaosluntik: folds 
Dorex2007: calls $0.03
kompozit777: calls $0.02
*** FLOP *** [8c 2d 6d]
Dorex2007: bets $0.06
kompozit777: calls $0.06
Dimon_pudge: calls $0.06
*** TURN *** [8c 2d 6d] [9h]
Dorex2007: bets $0.29
kompozit777: folds 
Dimon_pudge: calls $0.29
*** RIVER *** [8c 2d 6d 9h] [8s]
Dorex2007: bets $0.85
Dimon_pudge: calls $0.85
*** SHOW DOWN ***
Dorex2007: shows [Td 9d] (two pair, Nines and Eights)
Dimon_pudge: shows [9c Kd] (two pair, Nines and Eights - King kicker)
Dimon_pudge collected $2.49 from pot
*** SUMMARY ***
Total pot $2.58 | Rake $0.09 
Board [8c 2d 6d 9h 8s]
Seat 1: SlavikPuha folded before Flop (didn't bet)
Seat 2: JugEars88 folded before Flop (didn't bet)
Seat 3: liselotte223 folded before Flop (didn't bet)
Seat 4: kaosluntik (button) folded before Flop (didn't bet)
Seat 5: Dorex2007 (small blind) showed [Td 9d] and lost with two pair, Nines and Eights
Seat 6: kompozit777 (big blind) folded on the Turn
Seat 8: Dimon_pudge showed [9c Kd] and won ($2.49) with two pair, Nines and Eights
Seat 9: JanuaryAM folded before Flop (didn't bet)



PokerStars Hand #233214266481:  Hold'em No Limit ($0.01/$0.02 USD) - 2022/01/16 22:31:53 PT [2022/01/17 1:31:53 ET]
Table 'Yildun' 9-max Seat #5 is the button
Seat 1: SlavikPuha ($2.07 in chips) 
Seat 2: JugEars88 ($2.08 in chips) 
Seat 3: liselotte223 ($1.63 in chips) 
Seat 4: kaosluntik ($2 in chips) 
Seat 5: Dorex2007 ($2 in chips) 
Seat 6: kompozit777 ($1.57 in chips) 
Seat 7: cjral333 ($1.60 in chips) 
Seat 8: Dimon_pudge ($2.85 in chips) 
Seat 9: JanuaryAM ($0.73 in chips) 
kompozit777: posts small blind $0.01
cjral333: posts big blind $0.02
*** HOLE CARDS ***
Dealt to Dorex2007 [Tc Jd]
Dimon_pudge: folds 
JanuaryAM: raises $0.02 to $0.04
SlavikPuha: folds 
JugEars88: folds 
liselotte223: folds 
kaosluntik: folds 
Dorex2007: folds 
kompozit777: calls $0.03
cjral333: calls $0.02
*** FLOP *** [Qh Ah 3h]
kompozit777: checks 
cjral333: checks 
JanuaryAM: bets $0.12
kompozit777: calls $0.12
cjral333: folds 
*** TURN *** [Qh Ah 3h] [6c]
kompozit777: checks 
JanuaryAM: bets $0.35
kompozit777: folds 
Uncalled bet ($0.35) returned to JanuaryAM
JanuaryAM collected $0.35 from pot
JanuaryAM: doesn't show hand 
*** SUMMARY ***
Total pot $0.36 | Rake $0.01 
Board [Qh Ah 3h 6c]
Seat 1: SlavikPuha folded before Flop (didn't bet)
Seat 2: JugEars88 folded before Flop (didn't bet)
Seat 3: liselotte223 folded before Flop (didn't bet)
Seat 4: kaosluntik folded before Flop (didn't bet)
Seat 5: Dorex2007 (button) folded before Flop (didn't bet)
Seat 6: kompozit777 (small blind) folded on the Turn
Seat 7: cjral333 (big blind) folded on the Flop
Seat 8: Dimon_pudge folded before Flop (didn't bet)
Seat 9: JanuaryAM collected ($0.35)



PokerStars Hand #233214281535:  Hold'em No Limit ($0.01/$0.02 USD) - 2022/01/16 22:33:39 PT [2022/01/17 1:33:39 ET]
Table 'Yildun' 9-max Seat #6 is the button
Seat 1: SlavikPuha ($2.07 in chips) 
Seat 2: JugEars88 ($2.08 in chips) 
Seat 3: liselotte223 ($1.63 in chips) 
Seat 4: kaosluntik ($2 in chips) 
Seat 5: Dorex2007 ($2 in chips) 
Seat 6: kompozit777 ($1.41 in chips) 
Seat 7: cjral333 ($1.56 in chips) 
Seat 8: Dimon_pudge ($2.85 in chips) 
Seat 9: JanuaryAM ($0.92 in chips) 
cjral333: posts small blind $0.01
Dimon_pudge: posts big blind $0.02
*** HOLE CARDS ***
Dealt to Dorex2007 [Td 3s]
JanuaryAM: folds 
SlavikPuha: folds 
JugEars88: raises $0.05 to $0.07
liselotte223: folds 
kaosluntik: folds 
Dorex2007: folds 
kompozit777: folds 
cjral333: folds 
Dimon_pudge: calls $0.05
*** FLOP *** [Qh 6s 8d]
Dimon_pudge: checks 
JugEars88: checks 
*** TURN *** [Qh 6s 8d] [9c]
Dimon_pudge: bets $0.07
JugEars88: calls $0.07
*** RIVER *** [Qh 6s 8d 9c] [7c]
Dimon_pudge: checks 
JugEars88: bets $0.14
Dimon_pudge: folds 
Uncalled bet ($0.14) returned to JugEars88
JugEars88 collected $0.28 from pot
JugEars88: doesn't show hand 
*** SUMMARY ***
Total pot $0.29 | Rake $0.01 
Board [Qh 6s 8d 9c 7c]
Seat 1: SlavikPuha folded before Flop (didn't bet)
Seat 2: JugEars88 collected ($0.28)
Seat 3: liselotte223 folded before Flop (didn't bet)
Seat 4: kaosluntik folded before Flop (didn't bet)
Seat 5: Dorex2007 folded before Flop (didn't bet)
Seat 6: kompozit777 (button) folded before Flop (didn't bet)
Seat 7: cjral333 (small blind) folded before Flop
Seat 8: Dimon_pudge (big blind) folded on the River
Seat 9: JanuaryAM folded before Flop (didn't bet)



PokerStars Hand #233214288016:  Hold'em No Limit ($0.01/$0.02 USD) - 2022/01/16 22:34:24 PT [2022/01/17 1:34:24 ET]
Table 'Yildun' 9-max Seat #7 is the button
Seat 1: SlavikPuha ($2.07 in chips) 
Seat 2: JugEars88 ($2.22 in chips) 
Seat 3: liselotte223 ($1.63 in chips) 
Seat 4: kaosluntik ($2 in chips) 
Seat 5: Dorex2007 ($2 in chips) 
Seat 6: kompozit777 ($1.41 in chips) 
Seat 7: cjral333 ($1.55 in chips) 
Seat 8: Dimon_pudge ($2.71 in chips) 
Seat 9: JanuaryAM ($0.92 in chips) 
Dimon_pudge: posts small blind $0.01
JanuaryAM: posts big blind $0.02
*** HOLE CARDS ***
Dealt to Dorex2007 [9h 8c]
Dorex2007 said, "Couldn't figure out how you won that hand Dimon. LOL I misread my cards. Thought I had a boat"
SlavikPuha: folds 
JugEars88: folds 
liselotte223: folds 
kaosluntik: folds 
Dorex2007: folds 
kompozit777: folds 
cjral333: folds 
Dimon_pudge: folds 
Uncalled bet ($0.01) returned to JanuaryAM
Dimon_pudge leaves the table
JanuaryAM collected $0.02 from pot
JanuaryAM: doesn't show hand 
*** SUMMARY ***
Total pot $0.02 | Rake $0 
Seat 1: SlavikPuha folded before Flop (didn't bet)
Seat 2: JugEars88 folded before Flop (didn't bet)
Seat 3: liselotte223 folded before Flop (didn't bet)
Seat 4: kaosluntik folded before Flop (didn't bet)
Seat 5: Dorex2007 folded before Flop (didn't bet)
Seat 6: kompozit777 folded before Flop (didn't bet)
Seat 7: cjral333 (button) folded before Flop (didn't bet)
Seat 8: Dimon_pudge (small blind) folded before Flop
Seat 9: JanuaryAM (big blind) collected ($0.02)



PokerStars Hand #233214290589:  Hold'em No Limit ($0.01/$0.02 USD) - 2022/01/16 22:34:42 PT [2022/01/17 1:34:42 ET]
Table 'Yildun' 9-max Seat #9 is the button
Seat 1: SlavikPuha ($2.07 in chips) 
Seat 2: JugEars88 ($2.22 in chips) 
Seat 3: liselotte223 ($1.63 in chips) 
Seat 4: kaosluntik ($2 in chips) 
Seat 5: Dorex2007 ($2 in chips) 
Seat 6: kompozit777 ($1.41 in chips) 
Seat 7: cjral333 ($1.55 in chips) 
Seat 9: JanuaryAM ($0.93 in chips) 
SlavikPuha: posts small blind $0.01
JugEars88: posts big blind $0.02
*** HOLE CARDS ***
Dealt to Dorex2007 [7c 6c]
liselotte223: folds 
kaosluntik: folds 
Dorex2007: folds 
bos1763 joins the table at seat #8 
kompozit777: folds 
cjral333: folds 
JanuaryAM: folds 
SlavikPuha: folds 
Uncalled bet ($0.01) returned to JugEars88
JugEars88 collected $0.02 from pot
JugEars88: doesn't show hand 
*** SUMMARY ***
Total pot $0.02 | Rake $0 
Seat 1: SlavikPuha (small blind) folded before Flop
Seat 2: JugEars88 (big blind) collected ($0.02)
Seat 3: liselotte223 folded before Flop (didn't bet)
Seat 4: kaosluntik folded before Flop (didn't bet)
Seat 5: Dorex2007 folded before Flop (didn't bet)
Seat 6: kompozit777 folded before Flop (didn't bet)
Seat 7: cjral333 folded before Flop (didn't bet)
Seat 9: JanuaryAM (button) folded before Flop (didn't bet)



PokerStars Hand #233214293229:  Hold'em No Limit ($0.01/$0.02 USD) - 2022/01/16 22:35:01 PT [2022/01/17 1:35:01 ET]
Table 'Yildun' 9-max Seat #1 is the button
Seat 1: SlavikPuha ($2.06 in chips) 
Seat 2: JugEars88 ($2.23 in chips) 
Seat 3: liselotte223 ($1.63 in chips) 
Seat 4: kaosluntik ($2 in chips) 
Seat 5: Dorex2007 ($2 in chips) 
Seat 6: kompozit777 ($1.41 in chips) 
Seat 7: cjral333 ($1.55 in chips) 
Seat 8: bos1763 ($0.80 in chips) 
Seat 9: JanuaryAM ($0.93 in chips) 
JugEars88: posts small blind $0.01
liselotte223: posts big blind $0.02
bos1763: posts big blind $0.02
*** HOLE CARDS ***
Dealt to Dorex2007 [Qd Jh]
kaosluntik: folds 
Dorex2007: folds 
kompozit777: folds 
cjral333: calls $0.02
bos1763: checks 
JanuaryAM: folds 
SlavikPuha: folds 
JugEars88: calls $0.01
liselotte223: checks 
*** FLOP *** [5h Jc Td]
JugEars88: checks 
liselotte223: checks 
cjral333: checks 
bos1763: checks 
*** TURN *** [5h Jc Td] [7d]
JugEars88: checks 
liselotte223: checks 
cjral333: checks 
bos1763: checks 
*** RIVER *** [5h Jc Td 7d] [3c]
JugEars88: checks 
liselotte223: checks 
cjral333: checks 
bos1763: checks 
*** SHOW DOWN ***
JugEars88: shows [3s 4c] (a pair of Threes)
liselotte223: shows [5s 8h] (a pair of Fives)
cjral333: mucks hand 
bos1763: mucks hand 
liselotte223 collected $0.08 from pot
*** SUMMARY ***
Total pot $0.08 | Rake $0 
Board [5h Jc Td 7d 3c]
Seat 1: SlavikPuha (button) folded before Flop (didn't bet)
Seat 2: JugEars88 (small blind) showed [3s 4c] and lost with a pair of Threes
Seat 3: liselotte223 (big blind) showed [5s 8h] and won ($0.08) with a pair of Fives
Seat 4: kaosluntik folded before Flop (didn't bet)
Seat 5: Dorex2007 folded before Flop (didn't bet)
Seat 6: kompozit777 folded before Flop (didn't bet)
Seat 7: cjral333 mucked [As 8s]
Seat 8: bos1763 mucked [Ks 3h]
Seat 9: JanuaryAM folded before Flop (didn't bet)



PokerStars Hand #233214302962:  Hold'em No Limit ($0.01/$0.02 USD) - 2022/01/16 22:36:08 PT [2022/01/17 1:36:08 ET]
Table 'Yildun' 9-max Seat #2 is the button
Seat 1: SlavikPuha ($2.06 in chips) 
Seat 2: JugEars88 ($2.21 in chips) 
Seat 3: liselotte223 ($1.69 in chips) 
Seat 4: kaosluntik ($2 in chips) 
Seat 5: Dorex2007 ($2 in chips) 
Seat 6: kompozit777 ($1.41 in chips) 
Seat 7: cjral333 ($1.53 in chips) 
Seat 8: bos1763 ($0.78 in chips) 
Seat 9: JanuaryAM ($0.93 in chips) 
liselotte223: posts small blind $0.01
kaosluntik: posts big blind $0.02
*** HOLE CARDS ***
Dealt to Dorex2007 [Td 5d]
Dorex2007: folds 
kompozit777: folds 
cjral333: folds 
bos1763: raises $0.06 to $0.08
JanuaryAM: folds 
SlavikPuha: folds 
JugEars88: calls $0.08
liselotte223: folds 
kaosluntik: folds 
*** FLOP *** [Jd 8d Jh]
bos1763: bets $0.10
JugEars88: folds 
Uncalled bet ($0.10) returned to bos1763
bos1763 collected $0.18 from pot
bos1763: doesn't show hand 
*** SUMMARY ***
Total pot $0.19 | Rake $0.01 
Board [Jd 8d Jh]
Seat 1: SlavikPuha folded before Flop (didn't bet)
Seat 2: JugEars88 (button) folded on the Flop
Seat 3: liselotte223 (small blind) folded before Flop
Seat 4: kaosluntik (big blind) folded before Flop
Seat 5: Dorex2007 folded before Flop (didn't bet)
Seat 6: kompozit777 folded before Flop (didn't bet)
Seat 7: cjral333 folded before Flop (didn't bet)
Seat 8: bos1763 collected ($0.18)
Seat 9: JanuaryAM folded before Flop (didn't bet)



PokerStars Hand #233214308727:  Hold'em No Limit ($0.01/$0.02 USD) - 2022/01/16 22:36:48 PT [2022/01/17 1:36:48 ET]
Table 'Yildun' 9-max Seat #3 is the button
Seat 1: SlavikPuha ($2.06 in chips) 
Seat 2: JugEars88 ($2.13 in chips) 
Seat 3: liselotte223 ($1.68 in chips) 
Seat 4: kaosluntik ($2 in chips) 
Seat 5: Dorex2007 ($2 in chips) 
Seat 6: kompozit777 ($1.41 in chips) 
Seat 7: cjral333 ($1.53 in chips) 
Seat 8: bos1763 ($0.88 in chips) 
Seat 9: JanuaryAM ($0.93 in chips) 
kaosluntik: posts small blind $0.01
Dorex2007: posts big blind $0.02
*** HOLE CARDS ***
Dealt to Dorex2007 [5h 6c]
kompozit777 has timed out
kompozit777: folds 
cjral333: folds 
bos1763: calls $0.02
JanuaryAM: calls $0.02
SlavikPuha: folds 
JugEars88: folds 
JugEars88 leaves the table
liselotte223: folds 
kaosluntik: calls $0.01
Dorex2007: checks 
*** FLOP *** [Ah 9c As]
kaosluntik: checks 
Dorex2007: checks 
bos1763: bets $0.02
JanuaryAM: calls $0.02
kaosluntik: folds 
Dorex2007: folds 
*** TURN *** [Ah 9c As] [7c]
bos1763: bets $0.02
JanuaryAM: raises $0.02 to $0.04
bos1763: calls $0.02
*** RIVER *** [Ah 9c As 7c] [Jh]
bos1763: checks 
JanuaryAM: bets $0.10
bos1763: raises $0.10 to $0.20
JanuaryAM: raises $0.10 to $0.30
bos1763: folds 
Uncalled bet ($0.10) returned to JanuaryAM
bos1763 leaves the table
JanuaryAM collected $0.58 from pot
juiccyc joins the table at seat #2 
*** SUMMARY ***
Total pot $0.60 | Rake $0.02 
Board [Ah 9c As 7c Jh]
Seat 1: SlavikPuha folded before Flop (didn't bet)
Seat 2: JugEars88 folded before Flop (didn't bet)
Seat 3: liselotte223 (button) folded before Flop (didn't bet)
Seat 4: kaosluntik (small blind) folded on the Flop
Seat 5: Dorex2007 (big blind) folded on the Flop
Seat 6: kompozit777 folded before Flop (didn't bet)
Seat 7: cjral333 folded before Flop (didn't bet)
Seat 8: bos1763 folded on the River
Seat 9: JanuaryAM collected ($0.58)



PokerStars Hand #233214319381:  Hold'em No Limit ($0.01/$0.02 USD) - 2022/01/16 22:38:01 PT [2022/01/17 1:38:01 ET]
Table 'Yildun' 9-max Seat #4 is the button
Seat 1: SlavikPuha ($2.06 in chips) 
Seat 3: liselotte223 ($1.68 in chips) 
Seat 4: kaosluntik ($2 in chips) 
Seat 5: Dorex2007 ($2 in chips) 
Seat 6: kompozit777 ($1.41 in chips) 
Seat 7: cjral333 ($1.53 in chips) 
Seat 9: JanuaryAM ($1.23 in chips) 
Dorex2007: posts small blind $0.01
kompozit777: posts big blind $0.02
juiccyc: sits out 
*** HOLE CARDS ***
Dealt to Dorex2007 [2d 4c]
cjral333: folds 
JanuaryAM: calls $0.02
SlavikPuha: folds 
liselotte223: folds 
liselotte223 leaves the table
kaosluntik: raises $0.04 to $0.06
Dorex2007: folds 
kompozit777: calls $0.04
JanuaryAM: folds 
*** FLOP *** [9d 3s 2s]
kompozit777: bets $0.07
kaosluntik: folds 
Uncalled bet ($0.07) returned to kompozit777
kompozit777 collected $0.14 from pot
*** SUMMARY ***
Total pot $0.15 | Rake $0.01 
Board [9d 3s 2s]
Seat 1: SlavikPuha folded before Flop (didn't bet)
Seat 3: liselotte223 folded before Flop (didn't bet)
Seat 4: kaosluntik (button) folded on the Flop
Seat 5: Dorex2007 (small blind) folded before Flop
Seat 6: kompozit777 (big blind) collected ($0.14)
Seat 7: cjral333 folded before Flop (didn't bet)
Seat 9: JanuaryAM folded before Flop



PokerStars Hand #233214324685:  Hold'em No Limit ($0.01/$0.02 USD) - 2022/01/16 22:38:38 PT [2022/01/17 1:38:38 ET]
Table 'Yildun' 9-max Seat #5 is the button
Seat 1: SlavikPuha ($2.06 in chips) 
Seat 2: juiccyc ($1.54 in chips) 
Seat 4: kaosluntik ($2 in chips) 
Seat 5: Dorex2007 ($2 in chips) 
Seat 6: kompozit777 ($1.49 in chips) 
Seat 7: cjral333 ($1.53 in chips) 
Seat 9: JanuaryAM ($1.21 in chips) 
kompozit777: posts small blind $0.01
cjral333: posts big blind $0.02
juiccyc: posts big blind $0.02
*** HOLE CARDS ***
Dealt to Dorex2007 [4c Kd]
JanuaryAM: folds 
SlavikPuha: folds 
juiccyc: raises $0.02 to $0.04
kaosluntik: folds 
Dorex2007: folds 
kompozit777: raises $0.10 to $0.14
cjral333: folds 
juiccyc: calls $0.10
*** FLOP *** [7d 3h Kc]
kompozit777: bets $0.15
juiccyc: raises $0.15 to $0.30
kompozit777: raises $1.05 to $1.35 and is all-in
juiccyc: folds 
Uncalled bet ($1.05) returned to kompozit777
kompozit777 collected $0.87 from pot
*** SUMMARY ***
Total pot $0.90 | Rake $0.03 
Board [7d 3h Kc]
Seat 1: SlavikPuha folded before Flop (didn't bet)
Seat 2: juiccyc folded on the Flop
Seat 4: kaosluntik folded before Flop (didn't bet)
Seat 5: Dorex2007 (button) folded before Flop (didn't bet)
Seat 6: kompozit777 (small blind) collected ($0.87)
Seat 7: cjral333 (big blind) folded before Flop
Seat 9: JanuaryAM folded before Flop (didn't bet)



PokerStars Hand #233214329642:  Hold'em No Limit ($0.01/$0.02 USD) - 2022/01/16 22:39:12 PT [2022/01/17 1:39:12 ET]
Table 'Yildun' 9-max Seat #6 is the button
Seat 1: SlavikPuha ($2.06 in chips) 
Seat 2: juiccyc ($1.10 in chips) 
Seat 4: kaosluntik ($2 in chips) 
Seat 5: Dorex2007 ($2 in chips) 
Seat 6: kompozit777 ($1.92 in chips) 
Seat 7: cjral333 ($1.51 in chips) 
Seat 9: JanuaryAM ($1.21 in chips) 
cjral333: posts small blind $0.01
JanuaryAM: posts big blind $0.02
*** HOLE CARDS ***
Dealt to Dorex2007 [6h 9d]
SlavikPuha: folds 
juiccyc: calls $0.02
kaosluntik: folds 
Dorex2007: folds 
kompozit777: raises $0.02 to $0.04
cjral333: calls $0.03
goalie39 joins the table at seat #3 
JanuaryAM: folds 
juiccyc: calls $0.02
*** FLOP *** [5c Kh 7d]
cjral333: checks 
juiccyc: bets $0.02
kompozit777: folds 
nadokesh joins the table at seat #8 
cjral333: calls $0.02
*** TURN *** [5c Kh 7d] [Qd]
cjral333: checks 
juiccyc: bets $0.08
cjral333: folds 
Uncalled bet ($0.08) returned to juiccyc
juiccyc collected $0.17 from pot
juiccyc: doesn't show hand 
*** SUMMARY ***
Total pot $0.18 | Rake $0.01 
Board [5c Kh 7d Qd]
Seat 1: SlavikPuha folded before Flop (didn't bet)
Seat 2: juiccyc collected ($0.17)
Seat 4: kaosluntik folded before Flop (didn't bet)
Seat 5: Dorex2007 folded before Flop (didn't bet)
Seat 6: kompozit777 (button) folded on the Flop
Seat 7: cjral333 (small blind) folded on the Turn
Seat 9: JanuaryAM (big blind) folded before Flop



PokerStars Hand #233214346252:  Hold'em No Limit ($0.01/$0.02 USD) - 2022/01/16 22:40:00 PT [2022/01/17 1:40:00 ET]
Table 'Yildun' 9-max Seat #7 is the button
Seat 1: SlavikPuha ($2.06 in chips) 
Seat 2: juiccyc ($1.21 in chips) 
Seat 3: goalie39 ($1.60 in chips) 
Seat 4: kaosluntik ($2 in chips) 
Seat 5: Dorex2007 ($2 in chips) 
Seat 6: kompozit777 ($1.88 in chips) 
Seat 7: cjral333 ($1.45 in chips) 
Seat 9: JanuaryAM ($1.19 in chips) 
JanuaryAM: posts small blind $0.01
SlavikPuha: posts big blind $0.02
goalie39: posts big blind $0.02
*** HOLE CARDS ***
Dealt to Dorex2007 [8h 8s]
juiccyc: folds 
goalie39: checks 
kaosluntik: raises $0.03 to $0.05
Dorex2007: calls $0.05
kompozit777: folds 
cjral333: folds 
JanuaryAM: folds 
SlavikPuha: folds 
goalie39: calls $0.03
*** FLOP *** [Th Ac Qs]
goalie39: checks 
kaosluntik: checks 
Dorex2007: bets $0.11
goalie39: folds 
kaosluntik: folds 
Uncalled bet ($0.11) returned to Dorex2007
Dorex2007 collected $0.17 from pot
Dorex2007: doesn't show hand 
*** SUMMARY ***
Total pot $0.18 | Rake $0.01 
Board [Th Ac Qs]
Seat 1: SlavikPuha (big blind) folded before Flop
Seat 2: juiccyc folded before Flop (didn't bet)
Seat 3: goalie39 folded on the Flop
Seat 4: kaosluntik folded on the Flop
Seat 5: Dorex2007 collected ($0.17)
Seat 6: kompozit777 folded before Flop (didn't bet)
Seat 7: cjral333 (button) folded before Flop (didn't bet)
Seat 9: JanuaryAM (small blind) folded before Flop



PokerStars Hand #233214353225:  Hold'em No Limit ($0.01/$0.02 USD) - 2022/01/16 22:40:49 PT [2022/01/17 1:40:49 ET]
Table 'Yildun' 9-max Seat #9 is the button
Seat 1: SlavikPuha ($2.04 in chips) 
Seat 2: juiccyc ($1.21 in chips) 
Seat 3: goalie39 ($1.55 in chips) 
Seat 4: kaosluntik ($2 in chips) 
Seat 5: Dorex2007 ($2.12 in chips) 
Seat 6: kompozit777 ($1.88 in chips) 
Seat 7: cjral333 ($1.45 in chips) 
Seat 9: JanuaryAM ($1.18 in chips) 
SlavikPuha: posts small blind $0.01
juiccyc: posts big blind $0.02
nadokesh: sits out 
*** HOLE CARDS ***
Dealt to Dorex2007 [Qc 8d]
goalie39: folds 
kaosluntik: folds 
Dorex2007: folds 
kompozit777: folds 
cjral333: folds 
JanuaryAM: calls $0.02
SlavikPuha: folds 
juiccyc: checks 
*** FLOP *** [9h 2h 6d]
juiccyc: checks 
JanuaryAM: bets $0.03
juiccyc: calls $0.03
*** TURN *** [9h 2h 6d] [3h]
juiccyc: checks 
JanuaryAM: bets $0.11
juiccyc: folds 
Uncalled bet ($0.11) returned to JanuaryAM
JanuaryAM collected $0.11 from pot
JanuaryAM: doesn't show hand 
*** SUMMARY ***
Total pot $0.11 | Rake $0 
Board [9h 2h 6d 3h]
Seat 1: SlavikPuha (small blind) folded before Flop
Seat 2: juiccyc (big blind) folded on the Turn
Seat 3: goalie39 folded before Flop (didn't bet)
Seat 4: kaosluntik folded before Flop (didn't bet)
Seat 5: Dorex2007 folded before Flop (didn't bet)
Seat 6: kompozit777 folded before Flop (didn't bet)
Seat 7: cjral333 folded before Flop (didn't bet)
Seat 9: JanuaryAM (button) collected ($0.11)



PokerStars Hand #233214358909:  Hold'em No Limit ($0.01/$0.02 USD) - 2022/01/16 22:41:29 PT [2022/01/17 1:41:29 ET]
Table 'Yildun' 9-max Seat #1 is the button
Seat 1: SlavikPuha ($2.03 in chips) 
Seat 2: juiccyc ($1.16 in chips) 
Seat 3: goalie39 ($1.55 in chips) 
Seat 4: kaosluntik ($2 in chips) 
Seat 5: Dorex2007 ($2.12 in chips) 
Seat 6: kompozit777 ($1.88 in chips) 
Seat 7: cjral333 ($1.45 in chips) 
Seat 9: JanuaryAM ($1.24 in chips) 
juiccyc: posts small blind $0.01
goalie39: posts big blind $0.02
nadokesh: sits out 
*** HOLE CARDS ***
Dealt to Dorex2007 [8s 5s]
kaosluntik: folds 
Dorex2007: folds 
kompozit777: raises $0.02 to $0.04
cjral333: folds 
JanuaryAM: folds 
SlavikPuha: folds 
juiccyc: calls $0.03
goalie39: folds 
*** FLOP *** [Jh Qs Ad]
juiccyc: bets $0.02
kompozit777: calls $0.02
*** TURN *** [Jh Qs Ad] [Qd]
juiccyc: bets $0.02
kompozit777: raises $0.09 to $0.11
juiccyc: calls $0.09
*** RIVER *** [Jh Qs Ad Qd] [6d]
juiccyc: bets $0.02
kompozit777: raises $0.32 to $0.34
juiccyc: calls $0.32
*** SHOW DOWN ***
kompozit777: shows [8c As] (two pair, Aces and Queens)
juiccyc: mucks hand 
kompozit777 collected $1 from pot
*** SUMMARY ***
Total pot $1.04 | Rake $0.04 
Board [Jh Qs Ad Qd 6d]
Seat 1: SlavikPuha (button) folded before Flop (didn't bet)
Seat 2: juiccyc (small blind) mucked [Jd Kh]
Seat 3: goalie39 (big blind) folded before Flop
Seat 4: kaosluntik folded before Flop (didn't bet)
Seat 5: Dorex2007 folded before Flop (didn't bet)
Seat 6: kompozit777 showed [8c As] and won ($1) with two pair, Aces and Queens
Seat 7: cjral333 folded before Flop (didn't bet)
Seat 9: JanuaryAM folded before Flop (didn't bet)



PokerStars Hand #233214367291:  Hold'em No Limit ($0.01/$0.02 USD) - 2022/01/16 22:42:28 PT [2022/01/17 1:42:28 ET]
Table 'Yildun' 9-max Seat #2 is the button
Seat 1: SlavikPuha ($2.03 in chips) 
Seat 2: juiccyc ($0.65 in chips) 
Seat 3: goalie39 ($1.53 in chips) 
Seat 5: Dorex2007 ($2.12 in chips) 
Seat 6: kompozit777 ($2.37 in chips) 
Seat 7: cjral333 ($1.45 in chips) 
Seat 9: JanuaryAM ($1.24 in chips) 
goalie39: posts small blind $0.01
kaosluntik: is sitting out 
kaosluntik leaves the table
Dorex2007: posts big blind $0.02
nadokesh: sits out 
*** HOLE CARDS ***
Dealt to Dorex2007 [4c 2h]
kompozit777: raises $0.04 to $0.06
cjral333: folds 
JanuaryAM: folds 
SlavikPuha: folds 
juiccyc: folds 
goalie39: folds 
Dorex2007: folds 
Uncalled bet ($0.04) returned to kompozit777
kompozit777 collected $0.05 from pot
*** SUMMARY ***
Total pot $0.05 | Rake $0 
Seat 1: SlavikPuha folded before Flop (didn't bet)
Seat 2: juiccyc (button) folded before Flop (didn't bet)
Seat 3: goalie39 (small blind) folded before Flop
Seat 5: Dorex2007 (big blind) folded before Flop
Seat 6: kompozit777 collected ($0.05)
Seat 7: cjral333 folded before Flop (didn't bet)
Seat 9: JanuaryAM folded before Flop (didn't bet)



PokerStars Hand #233214369250:  Hold'em No Limit ($0.01/$0.02 USD) - 2022/01/16 22:42:41 PT [2022/01/17 1:42:41 ET]
Table 'Yildun' 9-max Seat #3 is the button
Seat 1: SlavikPuha ($2.03 in chips) 
Seat 2: juiccyc ($0.65 in chips) 
Seat 3: goalie39 ($1.52 in chips) 
Seat 5: Dorex2007 ($2.10 in chips) 
Seat 6: kompozit777 ($2.40 in chips) 
Seat 7: cjral333 ($1.45 in chips) 
Seat 9: JanuaryAM ($1.24 in chips) 
Dorex2007: posts small blind $0.01
kompozit777: posts big blind $0.02
nadokesh: sits out 
*** HOLE CARDS ***
Dealt to Dorex2007 [2d 5h]
cjral333: folds 
JanuaryAM: folds 
SlavikPuha: folds 
juiccyc: calls $0.02
goalie39: calls $0.02
Dorex2007: folds 
kompozit777: checks 
*** FLOP *** [9h Jd 3h]
kompozit777: checks 
juiccyc: bets $0.02
goalie39: calls $0.02
kompozit777: folds 
*** TURN *** [9h Jd 3h] [2s]
juiccyc: bets $0.02
goalie39: calls $0.02
*** RIVER *** [9h Jd 3h 2s] [Jh]
juiccyc: checks 
goalie39: bets $0.14
juiccyc: folds 
Uncalled bet ($0.14) returned to goalie39
goalie39 collected $0.14 from pot
goalie39: doesn't show hand 
*** SUMMARY ***
Total pot $0.15 | Rake $0.01 
Board [9h Jd 3h 2s Jh]
Seat 1: SlavikPuha folded before Flop (didn't bet)
Seat 2: juiccyc folded on the River
Seat 3: goalie39 (button) collected ($0.14)
Seat 5: Dorex2007 (small blind) folded before Flop
Seat 6: kompozit777 (big blind) folded on the Flop
Seat 7: cjral333 folded before Flop (didn't bet)
Seat 9: JanuaryAM folded before Flop (didn't bet)



PokerStars Hand #233214376371:  Hold'em No Limit ($0.01/$0.02 USD) - 2022/01/16 22:43:31 PT [2022/01/17 1:43:31 ET]
Table 'Yildun' 9-max Seat #5 is the button
Seat 1: SlavikPuha ($2.03 in chips) 
Seat 2: juiccyc ($0.59 in chips) 
Seat 3: goalie39 ($1.60 in chips) 
Seat 5: Dorex2007 ($2.09 in chips) 
Seat 6: kompozit777 ($2.38 in chips) 
Seat 7: cjral333 ($1.45 in chips) 
kompozit777: posts small blind $0.01
cjral333: posts big blind $0.02
nadokesh: sits out 
*** HOLE CARDS ***
Dealt to Dorex2007 [5d 5c]
SlavikPuha: raises $0.04 to $0.06
kallasa88 joins the table at seat #4 
juiccyc: calls $0.06
goalie39: folds 
Dorex2007: calls $0.06
kompozit777: folds 
cjral333: folds 
*** FLOP *** [Ad 9c Jd]
SlavikPuha is disconnected 
SlavikPuha is connected 
SlavikPuha: bets $0.20
juiccyc: folds 
Dorex2007: folds 
Uncalled bet ($0.20) returned to SlavikPuha
SlavikPuha collected $0.20 from pot
SlavikPuha: doesn't show hand 
*** SUMMARY ***
Total pot $0.21 | Rake $0.01 
Board [Ad 9c Jd]
Seat 1: SlavikPuha collected ($0.20)
Seat 2: juiccyc folded on the Flop
Seat 3: goalie39 folded before Flop (didn't bet)
Seat 5: Dorex2007 (button) folded on the Flop
Seat 6: kompozit777 (small blind) folded before Flop
Seat 7: cjral333 (big blind) folded before Flop



PokerStars Hand #233214391188:  Hold'em No Limit ($0.01/$0.02 USD) - 2022/01/16 22:45:14 PT [2022/01/17 1:45:14 ET]
Table 'Yildun' 9-max Seat #6 is the button
Seat 1: SlavikPuha ($2.17 in chips) 
Seat 2: juiccyc ($0.53 in chips) 
Seat 3: goalie39 ($1.60 in chips) 
Seat 5: Dorex2007 ($2.03 in chips) 
Seat 6: kompozit777 ($2.37 in chips) 
Seat 7: cjral333 ($1.43 in chips) 
Seat 8: nadokesh ($2 in chips) 
cjral333: posts small blind $0.01
nadokesh: posts big blind $0.02
kallasa88: sits out 
*** HOLE CARDS ***
Dealt to Dorex2007 [Jh 4c]
SlavikPuha: folds 
juiccyc: calls $0.02
goalie39: calls $0.02
Dorex2007: folds 
kompozit777: calls $0.02
cjral333: calls $0.01
nadokesh: checks 
*** FLOP *** [4d Jc Td]
cjral333: checks 
nadokesh: checks 
juiccyc: checks 
goalie39: checks 
kompozit777: bets $0.05
cjral333: calls $0.05
nadokesh: folds 
juiccyc: raises $0.05 to $0.10
goalie39: folds 
kompozit777: calls $0.05
cjral333: calls $0.05
*** TURN *** [4d Jc Td] [2c]
cjral333: checks 
juiccyc: bets $0.19
kompozit777: calls $0.19
cjral333: folds 
*** RIVER *** [4d Jc Td 2c] [5h]
juiccyc: bets $0.22 and is all-in
kompozit777: folds 
Uncalled bet ($0.22) returned to juiccyc
juiccyc collected $0.75 from pot
juiccyc: doesn't show hand 
*** SUMMARY ***
Total pot $0.78 | Rake $0.03 
Board [4d Jc Td 2c 5h]
Seat 1: SlavikPuha folded before Flop (didn't bet)
Seat 2: juiccyc collected ($0.75)
Seat 3: goalie39 folded on the Flop
Seat 5: Dorex2007 folded before Flop (didn't bet)
Seat 6: kompozit777 (button) folded on the River
Seat 7: cjral333 (small blind) folded on the Turn
Seat 8: nadokesh (big blind) folded on the Flop



PokerStars Hand #233214403298:  Hold'em No Limit ($0.01/$0.02 USD) - 2022/01/16 22:46:39 PT [2022/01/17 1:46:39 ET]
Table 'Yildun' 9-max Seat #7 is the button
Seat 1: SlavikPuha ($2.17 in chips) 
Seat 2: juiccyc ($0.97 in chips) 
Seat 3: goalie39 ($1.58 in chips) 
Seat 5: Dorex2007 ($2.03 in chips) 
Seat 6: kompozit777 ($2.06 in chips) 
Seat 7: cjral333 ($1.31 in chips) 
Seat 8: nadokesh ($2 in chips) 
Seat 9: JanuaryAM ($1.24 in chips) 
nadokesh: posts small blind $0.01
JanuaryAM: posts big blind $0.02
kallasa88: sits out 
*** HOLE CARDS ***
Dealt to Dorex2007 [6c 2h]
SlavikPuha: folds 
juiccyc: calls $0.02
goalie39: calls $0.02
Dorex2007: folds 
kompozit777: folds 
cjral333: folds 
nadokesh: folds 
JanuaryAM: checks 
*** FLOP *** [2d 7h 2s]
JanuaryAM: checks 
juiccyc: bets $0.02
goalie39: calls $0.02
JanuaryAM: folds 
*** TURN *** [2d 7h 2s] [4c]
juiccyc: bets $0.05
goalie39: folds 
Uncalled bet ($0.05) returned to juiccyc
juiccyc collected $0.11 from pot
juiccyc: doesn't show hand 
*** SUMMARY ***
Total pot $0.11 | Rake $0 
Board [2d 7h 2s 4c]
Seat 1: SlavikPuha folded before Flop (didn't bet)
Seat 2: juiccyc collected ($0.11)
Seat 3: goalie39 folded on the Turn
Seat 5: Dorex2007 folded before Flop (didn't bet)
Seat 6: kompozit777 folded before Flop (didn't bet)
Seat 7: cjral333 (button) folded before Flop (didn't bet)
Seat 8: nadokesh (small blind) folded before Flop
Seat 9: JanuaryAM (big blind) folded on the Flop



PokerStars Hand #233214409255:  Hold'em No Limit ($0.01/$0.02 USD) - 2022/01/16 22:47:21 PT [2022/01/17 1:47:21 ET]
Table 'Yildun' 9-max Seat #8 is the button
Seat 2: juiccyc ($1.04 in chips) 
Seat 3: goalie39 ($1.54 in chips) 
Seat 5: Dorex2007 ($2.03 in chips) 
Seat 6: kompozit777 ($2.06 in chips) 
Seat 7: cjral333 ($1.31 in chips) 
Seat 8: nadokesh ($2 in chips) 
Seat 9: JanuaryAM ($1.22 in chips) 
JanuaryAM: posts small blind $0.01
SlavikPuha: is sitting out 
juiccyc: posts big blind $0.02
kallasa88: sits out 
*** HOLE CARDS ***
Dealt to Dorex2007 [7c Kd]
goalie39: folds 
Dorex2007: folds 
kompozit777: folds 
cjral333: folds 
nadokesh: raises $0.04 to $0.06
JanuaryAM: folds 
juiccyc: folds 
Uncalled bet ($0.04) returned to nadokesh
nadokesh collected $0.05 from pot
nadokesh: doesn't show hand 
*** SUMMARY ***
Total pot $0.05 | Rake $0 
Seat 2: juiccyc (big blind) folded before Flop
Seat 3: goalie39 folded before Flop (didn't bet)
Seat 5: Dorex2007 folded before Flop (didn't bet)
Seat 6: kompozit777 folded before Flop (didn't bet)
Seat 7: cjral333 folded before Flop (didn't bet)
Seat 8: nadokesh (button) collected ($0.05)
Seat 9: JanuaryAM (small blind) folded before Flop



PokerStars Hand #233214412456:  Hold'em No Limit ($0.01/$0.02 USD) - 2022/01/16 22:47:44 PT [2022/01/17 1:47:44 ET]
Table 'Yildun' 9-max Seat #9 is the button
Seat 2: juiccyc ($1.02 in chips) 
Seat 3: goalie39 ($1.54 in chips) 
Seat 5: Dorex2007 ($2.03 in chips) 
Seat 6: kompozit777 ($2.06 in chips) 
Seat 7: cjral333 ($1.31 in chips) 
Seat 8: nadokesh ($2.03 in chips) 
Seat 9: JanuaryAM ($1.21 in chips) 
juiccyc: posts small blind $0.01
goalie39: posts big blind $0.02
kallasa88: sits out 
*** HOLE CARDS ***
Dealt to Dorex2007 [6c 4d]
Dorex2007: folds 
kompozit777: calls $0.02
cjral333: calls $0.02
nadokesh: folds 
JanuaryAM: folds 
juiccyc: calls $0.01
goalie39: raises $0.08 to $0.10
kompozit777: folds 
cjral333: folds 
juiccyc: calls $0.08
*** FLOP *** [3c Ks Ts]
juiccyc: checks 
goalie39: checks 
*** TURN *** [3c Ks Ts] [8h]
juiccyc: checks 
goalie39: bets $0.11
juiccyc: folds 
Uncalled bet ($0.11) returned to goalie39
goalie39 collected $0.23 from pot
goalie39: doesn't show hand 
*** SUMMARY ***
Total pot $0.24 | Rake $0.01 
Board [3c Ks Ts 8h]
Seat 2: juiccyc (small blind) folded on the Turn
Seat 3: goalie39 (big blind) collected ($0.23)
Seat 5: Dorex2007 folded before Flop (didn't bet)
Seat 6: kompozit777 folded before Flop
Seat 7: cjral333 folded before Flop
Seat 8: nadokesh folded before Flop (didn't bet)
Seat 9: JanuaryAM (button) folded before Flop (didn't bet)



PokerStars Hand #233214423778:  Hold'em No Limit ($0.01/$0.02 USD) - 2022/01/16 22:48:30 PT [2022/01/17 1:48:30 ET]
Table 'Yildun' 9-max Seat #2 is the button
Seat 2: juiccyc ($0.92 in chips) 
Seat 3: goalie39 ($1.67 in chips) 
Seat 4: kallasa88 ($0.80 in chips) 
Seat 5: Dorex2007 ($2.03 in chips) 
Seat 6: kompozit777 ($2.04 in chips) 
Seat 7: cjral333 ($1.29 in chips) 
Seat 8: nadokesh ($2.03 in chips) 
Seat 9: JanuaryAM ($1.21 in chips) 
goalie39: posts small blind $0.01
kallasa88: posts big blind $0.02
SlavikPuha: sits out 
*** HOLE CARDS ***
Dealt to Dorex2007 [2c Kh]
Dorex2007: folds 
kompozit777: folds 
cjral333: raises $0.02 to $0.04
nadokesh: folds 
JanuaryAM: folds 
juiccyc: calls $0.04
goalie39: folds 
kallasa88: folds 
*** FLOP *** [Ac 5h As]
cjral333: checks 
juiccyc: checks 
*** TURN *** [Ac 5h As] [Ah]
cjral333: bets $0.04
juiccyc: calls $0.04
*** RIVER *** [Ac 5h As Ah] [Kd]
cjral333: bets $0.04
juiccyc: calls $0.04
*** SHOW DOWN ***
cjral333: shows [7d 7c] (a full house, Aces full of Sevens)
juiccyc: mucks hand 
cjral333 collected $0.26 from pot
*** SUMMARY ***
Total pot $0.27 | Rake $0.01 
Board [Ac 5h As Ah Kd]
Seat 2: juiccyc (button) mucked [Js 8d]
Seat 3: goalie39 (small blind) folded before Flop
Seat 4: kallasa88 (big blind) folded before Flop
Seat 5: Dorex2007 folded before Flop (didn't bet)
Seat 6: kompozit777 folded before Flop (didn't bet)
Seat 7: cjral333 showed [7d 7c] and won ($0.26) with a full house, Aces full of Sevens
Seat 8: nadokesh folded before Flop (didn't bet)
Seat 9: JanuaryAM folded before Flop (didn't bet)



PokerStars Hand #233214428677:  Hold'em No Limit ($0.01/$0.02 USD) - 2022/01/16 22:49:04 PT [2022/01/17 1:49:04 ET]
Table 'Yildun' 9-max Seat #3 is the button
Seat 2: juiccyc ($0.80 in chips) 
Seat 3: goalie39 ($1.66 in chips) 
Seat 4: kallasa88 ($0.78 in chips) 
Seat 5: Dorex2007 ($2.03 in chips) 
Seat 6: kompozit777 ($2.04 in chips) 
Seat 7: cjral333 ($1.43 in chips) 
Seat 8: nadokesh ($2.03 in chips) 
Seat 9: JanuaryAM ($1.21 in chips) 
kallasa88: posts small blind $0.01
Dorex2007: posts big blind $0.02
SlavikPuha: sits out 
*** HOLE CARDS ***
Dealt to Dorex2007 [9s 2d]
kompozit777: folds 
cjral333: folds 
nadokesh has timed out
nadokesh: folds 
JanuaryAM: folds 
juiccyc: calls $0.02
goalie39: calls $0.02
kallasa88: folds 
Dorex2007: checks 
*** FLOP *** [Ks 6h 4s]
Dorex2007: checks 
juiccyc: bets $0.02
goalie39: calls $0.02
Dorex2007: folds 
*** TURN *** [Ks 6h 4s] [8s]
juiccyc: bets $0.02
goalie39: calls $0.02
*** RIVER *** [Ks 6h 4s 8s] [2h]
juiccyc: bets $0.02
goalie39: calls $0.02
*** SHOW DOWN ***
juiccyc: shows [4d Jd] (a pair of Fours)
goalie39: shows [8c 7s] (a pair of Eights)
goalie39 collected $0.18 from pot
*** SUMMARY ***
Total pot $0.19 | Rake $0.01 
Board [Ks 6h 4s 8s 2h]
Seat 2: juiccyc showed [4d Jd] and lost with a pair of Fours
Seat 3: goalie39 (button) showed [8c 7s] and won ($0.18) with a pair of Eights
Seat 4: kallasa88 (small blind) folded before Flop
Seat 5: Dorex2007 (big blind) folded on the Flop
Seat 6: kompozit777 folded before Flop (didn't bet)
Seat 7: cjral333 folded before Flop (didn't bet)
Seat 8: nadokesh folded before Flop (didn't bet)
Seat 9: JanuaryAM folded before Flop (didn't bet)



PokerStars Hand #233214436145:  Hold'em No Limit ($0.01/$0.02 USD) - 2022/01/16 22:49:57 PT [2022/01/17 1:49:57 ET]
Table 'Yildun' 9-max Seat #4 is the button
Seat 2: juiccyc ($0.72 in chips) 
Seat 3: goalie39 ($1.76 in chips) 
Seat 4: kallasa88 ($0.77 in chips) 
Seat 5: Dorex2007 ($2.01 in chips) 
Seat 6: kompozit777 ($2.04 in chips) 
Seat 7: cjral333 ($1.43 in chips) 
Seat 9: JanuaryAM ($1.21 in chips) 
Dorex2007: posts small blind $0.01
kompozit777: posts big blind $0.02
SlavikPuha: sits out 
*** HOLE CARDS ***
Dealt to Dorex2007 [Jc Jd]
cjral333: calls $0.02
JanuaryAM: raises $0.04 to $0.06
juiccyc: folds 
goalie39: folds 
kallasa88: folds 
Dorex2007: raises $0.12 to $0.18
kompozit777: calls $0.16
cjral333: folds 
JanuaryAM: calls $0.12
*** FLOP *** [Th 9s Ah]
Dorex2007: bets $0.27
kompozit777: calls $0.27
JanuaryAM: calls $0.27
*** TURN *** [Th 9s Ah] [8s]
Dorex2007: checks 
kompozit777: bets $1.59 and is all-in
JanuaryAM: folds 
Dorex2007: folds 
Uncalled bet ($1.59) returned to kompozit777
kompozit777 collected $1.32 from pot
*** SUMMARY ***
Total pot $1.37 | Rake $0.05 
Board [Th 9s Ah 8s]
Seat 2: juiccyc folded before Flop (didn't bet)
Seat 3: goalie39 folded before Flop (didn't bet)
Seat 4: kallasa88 (button) folded before Flop (didn't bet)
Seat 5: Dorex2007 (small blind) folded on the Turn
Seat 6: kompozit777 (big blind) collected ($1.32)
Seat 7: cjral333 folded before Flop
Seat 9: JanuaryAM folded on the Turn



PokerStars Hand #233214446173:  Hold'em No Limit ($0.01/$0.02 USD) - 2022/01/16 22:51:08 PT [2022/01/17 1:51:08 ET]
Table 'Yildun' 9-max Seat #5 is the button
Seat 2: juiccyc ($0.72 in chips) 
Seat 3: goalie39 ($1.76 in chips) 
Seat 4: kallasa88 ($0.77 in chips) 
Seat 5: Dorex2007 ($2 in chips) 
Seat 6: kompozit777 ($2.91 in chips) 
Seat 7: cjral333 ($1.41 in chips) 
Seat 8: nadokesh ($2.03 in chips) 
Seat 9: JanuaryAM ($0.76 in chips) 
kompozit777: posts small blind $0.01
cjral333: posts big blind $0.02
SlavikPuha: sits out 
*** HOLE CARDS ***
Dealt to Dorex2007 [6c 3h]
nadokesh: folds 
JanuaryAM: folds 
juiccyc: folds 
goalie39: folds 
kallasa88: raises $0.04 to $0.06
Dorex2007: folds 
kompozit777: folds 
cjral333: calls $0.04
*** FLOP *** [7h 4c 9c]
cjral333: checks 
kallasa88: bets $0.07
cjral333: raises $0.07 to $0.14
kallasa88: folds 
Uncalled bet ($0.07) returned to cjral333
cjral333 collected $0.26 from pot
cjral333: doesn't show hand 
*** SUMMARY ***
Total pot $0.27 | Rake $0.01 
Board [7h 4c 9c]
Seat 2: juiccyc folded before Flop (didn't bet)
Seat 3: goalie39 folded before Flop (didn't bet)
Seat 4: kallasa88 folded on the Flop
Seat 5: Dorex2007 (button) folded before Flop (didn't bet)
Seat 6: kompozit777 (small blind) folded before Flop
Seat 7: cjral333 (big blind) collected ($0.26)
Seat 8: nadokesh folded before Flop (didn't bet)
Seat 9: JanuaryAM folded before Flop (didn't bet)



PokerStars Hand #233214451117:  Hold'em No Limit ($0.01/$0.02 USD) - 2022/01/16 22:51:43 PT [2022/01/17 1:51:43 ET]
Table 'Yildun' 9-max Seat #6 is the button
Seat 2: juiccyc ($0.72 in chips) 
Seat 3: goalie39 ($1.76 in chips) 
Seat 4: kallasa88 ($0.64 in chips) 
Seat 5: Dorex2007 ($2 in chips) 
Seat 6: kompozit777 ($2.90 in chips) 
Seat 7: cjral333 ($1.54 in chips) 
Seat 8: nadokesh ($2.03 in chips) 
Seat 9: JanuaryAM ($0.76 in chips) 
cjral333: posts small blind $0.01
nadokesh: posts big blind $0.02
SlavikPuha: sits out 
*** HOLE CARDS ***
Dealt to Dorex2007 [5s Tc]
JanuaryAM: raises $0.02 to $0.04
juiccyc: calls $0.04
goalie39: calls $0.04
kallasa88: folds 
Dorex2007: folds 
kompozit777: folds 
cjral333: calls $0.03
nadokesh: folds 
*** FLOP *** [Ac 7h 5h]
cjral333: checks 
JanuaryAM: bets $0.09
juiccyc: raises $0.59 to $0.68 and is all-in
goalie39: folds 
cjral333: folds 
JanuaryAM: calls $0.59
*** TURN *** [Ac 7h 5h] [9c]
*** RIVER *** [Ac 7h 5h 9c] [2s]
*** SHOW DOWN ***
JanuaryAM: shows [Ad Qd] (a pair of Aces)
juiccyc: shows [5c Qc] (a pair of Fives)
JanuaryAM collected $1.49 from pot
*** SUMMARY ***
Total pot $1.54 | Rake $0.05 
Board [Ac 7h 5h 9c 2s]
Seat 2: juiccyc showed [5c Qc] and lost with a pair of Fives
Seat 3: goalie39 folded on the Flop
Seat 4: kallasa88 folded before Flop (didn't bet)
Seat 5: Dorex2007 folded before Flop (didn't bet)
Seat 6: kompozit777 (button) folded before Flop (didn't bet)
Seat 7: cjral333 (small blind) folded on the Flop
Seat 8: nadokesh (big blind) folded before Flop
Seat 9: JanuaryAM showed [Ad Qd] and won ($1.49) with a pair of Aces



PokerStars Hand #233214459481:  Hold'em No Limit ($0.01/$0.02 USD) - 2022/01/16 22:52:41 PT [2022/01/17 1:52:41 ET]
Table 'Yildun' 9-max Seat #7 is the button
Seat 3: goalie39 ($1.72 in chips) 
Seat 4: kallasa88 ($0.64 in chips) 
Seat 5: Dorex2007 ($2 in chips) 
Seat 6: kompozit777 ($2.90 in chips) 
Seat 7: cjral333 ($1.50 in chips) 
Seat 8: nadokesh ($2.01 in chips) 
Seat 9: JanuaryAM ($1.53 in chips) 
nadokesh: posts small blind $0.01
JanuaryAM: posts big blind $0.02
SlavikPuha: sits out 
*** HOLE CARDS ***
Dealt to Dorex2007 [Jc 5s]
goalie39: folds 
kallasa88: calls $0.02
Dorex2007: folds 
kompozit777: folds 
cjral333: calls $0.02
nadokesh: calls $0.01
juiccyc is disconnected 
JanuaryAM: checks 
*** FLOP *** [Kh 4s Js]
juiccyc is disconnected 
nadokesh: checks 
JanuaryAM: checks 
kallasa88: checks 
cjral333: checks 
*** TURN *** [Kh 4s Js] [9h]
nadokesh: checks 
JanuaryAM: checks 
kallasa88: checks 
cjral333: bets $0.04
nadokesh: folds 
JanuaryAM: folds 
kallasa88: calls $0.04
*** RIVER *** [Kh 4s Js 9h] [Ks]
kallasa88: checks 
cjral333: checks 
*** SHOW DOWN ***
kallasa88: shows [8d 9d] (two pair, Kings and Nines)
cjral333: mucks hand 
kallasa88 collected $0.15 from pot
*** SUMMARY ***
Total pot $0.16 | Rake $0.01 
Board [Kh 4s Js 9h Ks]
Seat 3: goalie39 folded before Flop (didn't bet)
Seat 4: kallasa88 showed [8d 9d] and won ($0.15) with two pair, Kings and Nines
Seat 5: Dorex2007 folded before Flop (didn't bet)
Seat 6: kompozit777 folded before Flop (didn't bet)
Seat 7: cjral333 (button) mucked [5h 3h]
Seat 8: nadokesh (small blind) folded on the Turn
Seat 9: JanuaryAM (big blind) folded on the Turn



PokerStars Hand #233214471316:  Hold'em No Limit ($0.01/$0.02 USD) - 2022/01/16 22:54:04 PT [2022/01/17 1:54:04 ET]
Table 'Yildun' 9-max Seat #8 is the button
Seat 1: SlavikPuha ($2.17 in chips) 
Seat 3: goalie39 ($1.72 in chips) 
Seat 4: kallasa88 ($0.73 in chips) 
Seat 5: Dorex2007 ($2 in chips) 
Seat 6: kompozit777 ($2.90 in chips) 
Seat 7: cjral333 ($1.44 in chips) 
Seat 8: nadokesh ($2 in chips) 
Seat 9: JanuaryAM ($1.51 in chips) 
JanuaryAM: posts small blind $0.01
SlavikPuha: posts big blind $0.02
*** HOLE CARDS ***
Dealt to Dorex2007 [Ah Jd]
goalie39: folds 
kallasa88: raises $0.02 to $0.04
Dorex2007: calls $0.04
kompozit777: folds 
cjral333: folds 
nadokesh: folds 
JanuaryAM: folds 
SlavikPuha: folds 
*** FLOP *** [Tc 6c 5d]
kallasa88: checks 
Dorex2007: bets $0.07
kallasa88: raises $0.13 to $0.20
Dorex2007: calls $0.13
*** TURN *** [Tc 6c 5d] [Ac]
kallasa88: bets $0.49 and is all-in
Dorex2007: calls $0.49
*** RIVER *** [Tc 6c 5d Ac] [3h]
*** SHOW DOWN ***
kallasa88: shows [Ks Kc] (a pair of Kings)
Dorex2007: shows [Ah Jd] (a pair of Aces)
Dorex2007 cashed out the hand for $1.07 | Cash Out Fee $0.01
*** SUMMARY ***
Total pot $1.49 | Rake $0.05 
Board [Tc 6c 5d Ac 3h]
Seat 1: SlavikPuha (big blind) folded before Flop
Seat 3: goalie39 folded before Flop (didn't bet)
Seat 4: kallasa88 showed [Ks Kc] and lost with a pair of Kings
Seat 5: Dorex2007 showed [Ah Jd] and won ($1.44) with a pair of Aces (pot not awarded as player cashed out)
Seat 6: kompozit777 folded before Flop (didn't bet)
Seat 7: cjral333 folded before Flop (didn't bet)
Seat 8: nadokesh (button) folded before Flop (didn't bet)
Seat 9: JanuaryAM (small blind) folded before Flop



PokerStars Hand #233214480816:  Hold'em No Limit ($0.01/$0.02 USD) - 2022/01/16 22:55:10 PT [2022/01/17 1:55:10 ET]
Table 'Yildun' 9-max Seat #9 is the button
Seat 1: SlavikPuha ($2.15 in chips) 
Seat 3: goalie39 ($1.72 in chips) 
Seat 5: Dorex2007 ($2.34 in chips) 
Seat 6: kompozit777 ($2.90 in chips) 
Seat 7: cjral333 ($1.44 in chips) 
Seat 8: nadokesh ($2 in chips) 
Seat 9: JanuaryAM ($1.50 in chips) 
SlavikPuha: posts small blind $0.01
goalie39: posts big blind $0.02
*** HOLE CARDS ***
Dealt to Dorex2007 [Kc 4s]
Dorex2007: folds 
kompozit777: raises $0.02 to $0.04
cjral333: folds 
nadokesh: folds 
JanuaryAM: folds 
SlavikPuha: folds 
goalie39: folds 
Uncalled bet ($0.02) returned to kompozit777
kompozit777 collected $0.05 from pot
*** SUMMARY ***
Total pot $0.05 | Rake $0 
Seat 1: SlavikPuha (small blind) folded before Flop
Seat 3: goalie39 (big blind) folded before Flop
Seat 5: Dorex2007 folded before Flop (didn't bet)
Seat 6: kompozit777 collected ($0.05)
Seat 7: cjral333 folded before Flop (didn't bet)
Seat 8: nadokesh folded before Flop (didn't bet)
Seat 9: JanuaryAM (button) folded before Flop (didn't bet)



PokerStars Hand #233214482564:  Hold'em No Limit ($0.01/$0.02 USD) - 2022/01/16 22:55:24 PT [2022/01/17 1:55:24 ET]
Table 'Yildun' 9-max Seat #1 is the button
Seat 1: SlavikPuha ($2.14 in chips) 
Seat 3: goalie39 ($1.70 in chips) 
Seat 4: kallasa88 ($0.80 in chips) 
Seat 5: Dorex2007 ($2.34 in chips) 
Seat 6: kompozit777 ($2.93 in chips) 
Seat 7: cjral333 ($1.44 in chips) 
Seat 8: nadokesh ($2 in chips) 
Seat 9: JanuaryAM ($1.50 in chips) 
goalie39: posts small blind $0.01
kallasa88: posts big blind $0.02
*** HOLE CARDS ***
Dealt to Dorex2007 [7d 3d]
Dorex2007: folds 
kompozit777: folds 
cjral333: folds 
nadokesh: folds 
JanuaryAM: folds 
SlavikPuha: folds 
goalie39: raises $0.02 to $0.04
kallasa88: folds 
Uncalled bet ($0.02) returned to goalie39
goalie39 collected $0.04 from pot
goalie39: doesn't show hand 
*** SUMMARY ***
Total pot $0.04 | Rake $0 
Seat 1: SlavikPuha (button) folded before Flop (didn't bet)
Seat 3: goalie39 (small blind) collected ($0.04)
Seat 4: kallasa88 (big blind) folded before Flop
Seat 5: Dorex2007 folded before Flop (didn't bet)
Seat 6: kompozit777 folded before Flop (didn't bet)
Seat 7: cjral333 folded before Flop (didn't bet)
Seat 8: nadokesh folded before Flop (didn't bet)
Seat 9: JanuaryAM folded before Flop (didn't bet)



PokerStars Hand #233214484866:  Hold'em No Limit ($0.01/$0.02 USD) - 2022/01/16 22:55:42 PT [2022/01/17 1:55:42 ET]
Table 'Yildun' 9-max Seat #3 is the button
Seat 1: SlavikPuha ($2.14 in chips) 
Seat 3: goalie39 ($1.72 in chips) 
Seat 4: kallasa88 ($0.78 in chips) 
Seat 5: Dorex2007 ($2.34 in chips) 
Seat 6: kompozit777 ($2.93 in chips) 
Seat 7: cjral333 ($1.44 in chips) 
Seat 8: nadokesh ($2 in chips) 
Seat 9: JanuaryAM ($1.50 in chips) 
kallasa88: posts small blind $0.01
Dorex2007: posts big blind $0.02
*** HOLE CARDS ***
Dealt to Dorex2007 [Js 4h]
kompozit777: folds 
cjral333: folds 
nadokesh: raises $0.04 to $0.06
JanuaryAM: raises $0.04 to $0.10
SlavikPuha: folds 
goalie39: folds 
kallasa88: folds 
Dorex2007: folds 
nadokesh: calls $0.04
*** FLOP *** [8d 5h Tc]
nadokesh: checks 
JanuaryAM: checks 
*** TURN *** [8d 5h Tc] [Ks]
nadokesh: checks 
JanuaryAM: bets $0.22
nadokesh: folds 
Uncalled bet ($0.22) returned to JanuaryAM
JanuaryAM collected $0.22 from pot
JanuaryAM: doesn't show hand 
*** SUMMARY ***
Total pot $0.23 | Rake $0.01 
Board [8d 5h Tc Ks]
Seat 1: SlavikPuha folded before Flop (didn't bet)
Seat 3: goalie39 (button) folded before Flop (didn't bet)
Seat 4: kallasa88 (small blind) folded before Flop
Seat 5: Dorex2007 (big blind) folded before Flop
Seat 6: kompozit777 folded before Flop (didn't bet)
Seat 7: cjral333 folded before Flop (didn't bet)
Seat 8: nadokesh folded on the Turn
Seat 9: JanuaryAM collected ($0.22)



PokerStars Hand #233214492390:  Hold'em No Limit ($0.01/$0.02 USD) - 2022/01/16 22:56:41 PT [2022/01/17 1:56:41 ET]
Table 'Yildun' 9-max Seat #4 is the button
Seat 1: SlavikPuha ($2.14 in chips) 
Seat 3: goalie39 ($1.72 in chips) 
Seat 4: kallasa88 ($0.77 in chips) 
Seat 5: Dorex2007 ($2.32 in chips) 
Seat 6: kompozit777 ($2.93 in chips) 
Seat 7: cjral333 ($1.44 in chips) 
Seat 8: nadokesh ($2 in chips) 
Seat 9: JanuaryAM ($1.62 in chips) 
Dorex2007: posts small blind $0.01
kompozit777: posts big blind $0.02
*** HOLE CARDS ***
Dealt to Dorex2007 [Qs 8h]
cjral333: folds 
nadokesh: folds 
JanuaryAM: folds 
SlavikPuha has timed out
SlavikPuha: folds 
goalie39: raises $0.04 to $0.06
kallasa88: folds 
Dorex2007: folds 
kompozit777: folds 
Uncalled bet ($0.04) returned to goalie39
goalie39 collected $0.05 from pot
goalie39: doesn't show hand 
*** SUMMARY ***
Total pot $0.05 | Rake $0 
Seat 1: SlavikPuha folded before Flop (didn't bet)
Seat 3: goalie39 collected ($0.05)
Seat 4: kallasa88 (button) folded before Flop (didn't bet)
Seat 5: Dorex2007 (small blind) folded before Flop
Seat 6: kompozit777 (big blind) folded before Flop
Seat 7: cjral333 folded before Flop (didn't bet)
Seat 8: nadokesh folded before Flop (didn't bet)
Seat 9: JanuaryAM folded before Flop (didn't bet)



PokerStars Hand #233214496048:  Hold'em No Limit ($0.01/$0.02 USD) - 2022/01/16 22:57:09 PT [2022/01/17 1:57:09 ET]
Table 'Yildun' 9-max Seat #5 is the button
Seat 3: goalie39 ($1.75 in chips) 
Seat 4: kallasa88 ($0.77 in chips) 
Seat 5: Dorex2007 ($2.31 in chips) 
Seat 6: kompozit777 ($2.91 in chips) 
Seat 7: cjral333 ($1.44 in chips) 
Seat 8: nadokesh ($2 in chips) 
Seat 9: JanuaryAM ($1.62 in chips) 
kompozit777: posts small blind $0.01
cjral333: posts big blind $0.02
*** HOLE CARDS ***
Dealt to Dorex2007 [As Ad]
nadokesh has timed out
nadokesh: folds 
JanuaryAM: folds 
goalie39: calls $0.02
kallasa88: folds 
Dorex2007: raises $0.06 to $0.08
kompozit777: folds 
cjral333: calls $0.06
goalie39: calls $0.06
*** FLOP *** [Js Jd 8d]
cjral333: checks 
goalie39: checks 
Dorex2007: bets $0.24
cjral333: folds 
goalie39: folds 
Uncalled bet ($0.24) returned to Dorex2007
Dorex2007 collected $0.24 from pot
Dorex2007: doesn't show hand 
*** SUMMARY ***
Total pot $0.25 | Rake $0.01 
Board [Js Jd 8d]
Seat 3: goalie39 folded on the Flop
Seat 4: kallasa88 folded before Flop (didn't bet)
Seat 5: Dorex2007 (button) collected ($0.24)
Seat 6: kompozit777 (small blind) folded before Flop
Seat 7: cjral333 (big blind) folded on the Flop
Seat 8: nadokesh folded before Flop (didn't bet)
Seat 9: JanuaryAM folded before Flop (didn't bet)



PokerStars Hand #233214503450:  Hold'em No Limit ($0.01/$0.02 USD) - 2022/01/16 22:58:07 PT [2022/01/17 1:58:07 ET]
Table 'Yildun' 9-max Seat #6 is the button
Seat 1: SlavikPuha ($2.14 in chips) 
Seat 3: goalie39 ($1.67 in chips) 
Seat 4: kallasa88 ($0.77 in chips) 
Seat 5: Dorex2007 ($2.47 in chips) 
Seat 6: kompozit777 ($2.90 in chips) 
Seat 7: cjral333 ($1.36 in chips) 
Seat 9: JanuaryAM ($1.62 in chips) 
cjral333: posts small blind $0.01
JanuaryAM: posts big blind $0.02
*** HOLE CARDS ***
Dealt to Dorex2007 [4c 4s]
SlavikPuha: folds 
goalie39: raises $0.05 to $0.07
kallasa88: folds 
Dorex2007: folds 
kompozit777: folds 
cjral333: calls $0.06
JanuaryAM: folds 
*** FLOP *** [2h Qh 9h]
cjral333: checks 
goalie39: bets $0.07
cjral333: calls $0.07
*** TURN *** [2h Qh 9h] [Td]
cjral333: checks 
goalie39: bets $0.14
cjral333: calls $0.14
*** RIVER *** [2h Qh 9h Td] [Qs]
cjral333: checks 
goalie39: bets $0.28
cjral333: calls $0.28
*** SHOW DOWN ***
goalie39: shows [Kh Ks] (two pair, Kings and Queens)
cjral333: shows [2s 2c] (a full house, Deuces full of Queens)
cjral333 collected $1.10 from pot
*** SUMMARY ***
Total pot $1.14 | Rake $0.04 
Board [2h Qh 9h Td Qs]
Seat 1: SlavikPuha folded before Flop (didn't bet)
Seat 3: goalie39 showed [Kh Ks] and lost with two pair, Kings and Queens
Seat 4: kallasa88 folded before Flop (didn't bet)
Seat 5: Dorex2007 folded before Flop (didn't bet)
Seat 6: kompozit777 (button) folded before Flop (didn't bet)
Seat 7: cjral333 (small blind) showed [2s 2c] and won ($1.10) with a full house, Deuces full of Queens
Seat 9: JanuaryAM (big blind) folded before Flop



PokerStars Hand #233214510280:  Hold'em No Limit ($0.01/$0.02 USD) - 2022/01/16 22:59:01 PT [2022/01/17 1:59:01 ET]
Table 'Yildun' 9-max Seat #7 is the button
Seat 1: SlavikPuha ($2.14 in chips) 
Seat 3: goalie39 ($1.11 in chips) 
Seat 4: kallasa88 ($0.77 in chips) 
Seat 5: Dorex2007 ($2.47 in chips) 
Seat 6: kompozit777 ($2.90 in chips) 
Seat 7: cjral333 ($1.90 in chips) 
Seat 9: JanuaryAM ($1.60 in chips) 
JanuaryAM: posts small blind $0.01
SlavikPuha: posts big blind $0.02
*** HOLE CARDS ***
Dealt to Dorex2007 [7s 3s]
goalie39: folds 
kallasa88: folds 
Dorex2007: folds 
kompozit777: raises $0.02 to $0.04
cjral333: folds 
JanuaryAM: calls $0.03
SlavikPuha: folds 
*** FLOP *** [8d 8h Td]
JanuaryAM: bets $0.05
kompozit777: calls $0.05
*** TURN *** [8d 8h Td] [6h]
JanuaryAM: bets $0.19
kompozit777: calls $0.19
*** RIVER *** [8d 8h Td 6h] [4c]
JanuaryAM: checks 
kompozit777: checks 
*** SHOW DOWN ***
JanuaryAM: shows [2h Ah] (a pair of Eights)
kompozit777: shows [As 3d] (a pair of Eights)
JanuaryAM collected $0.28 from pot
kompozit777 collected $0.28 from pot
*** SUMMARY ***
Total pot $0.58 | Rake $0.02 
Board [8d 8h Td 6h 4c]
Seat 1: SlavikPuha (big blind) folded before Flop
Seat 3: goalie39 folded before Flop (didn't bet)
Seat 4: kallasa88 folded before Flop (didn't bet)
Seat 5: Dorex2007 folded before Flop (didn't bet)
Seat 6: kompozit777 showed [As 3d] and won ($0.28) with a pair of Eights
Seat 7: cjral333 (button) folded before Flop (didn't bet)
Seat 9: JanuaryAM (small blind) showed [2h Ah] and won ($0.28) with a pair of Eights



PokerStars Hand #233214519529:  Hold'em No Limit ($0.01/$0.02 USD) - 2022/01/16 23:00:13 PT [2022/01/17 2:00:13 ET]
Table 'Yildun' 9-max Seat #9 is the button
Seat 1: SlavikPuha ($2.12 in chips) 
Seat 3: goalie39 ($1.11 in chips) 
Seat 4: kallasa88 ($0.77 in chips) 
Seat 5: Dorex2007 ($2.47 in chips) 
Seat 6: kompozit777 ($2.90 in chips) 
Seat 7: cjral333 ($1.90 in chips) 
Seat 9: JanuaryAM ($1.60 in chips) 
SlavikPuha: posts small blind $0.01
goalie39: posts big blind $0.02
nadokesh: sits out 
*** HOLE CARDS ***
Dealt to Dorex2007 [5c 2c]
kallasa88: raises $0.04 to $0.06
Dorex2007: folds 
kompozit777: folds 
cjral333: calls $0.06
JanuaryAM: folds 
SlavikPuha: raises $0.20 to $0.26
goalie39: folds 
kallasa88: folds 
cjral333: folds 
Uncalled bet ($0.20) returned to SlavikPuha
SlavikPuha collected $0.20 from pot
SlavikPuha: doesn't show hand 
*** SUMMARY ***
Total pot $0.20 | Rake $0 
Seat 1: SlavikPuha (small blind) collected ($0.20)
Seat 3: goalie39 (big blind) folded before Flop
Seat 4: kallasa88 folded before Flop
Seat 5: Dorex2007 folded before Flop (didn't bet)
Seat 6: kompozit777 folded before Flop (didn't bet)
Seat 7: cjral333 folded before Flop
Seat 9: JanuaryAM (button) folded before Flop (didn't bet)



PokerStars Hand #233214527823:  Hold'em No Limit ($0.01/$0.02 USD) - 2022/01/16 23:01:14 PT [2022/01/17 2:01:14 ET]
Table 'Yildun' 9-max Seat #1 is the button
Seat 1: SlavikPuha ($2.26 in chips) 
Seat 3: goalie39 ($1.09 in chips) 
Seat 4: kallasa88 ($0.71 in chips) 
Seat 5: Dorex2007 ($2.47 in chips) 
Seat 6: kompozit777 ($2.90 in chips) 
Seat 7: cjral333 ($1.84 in chips) 
Seat 9: JanuaryAM ($1.60 in chips) 
goalie39: posts small blind $0.01
kallasa88: posts big blind $0.02
nadokesh: sits out 
*** HOLE CARDS ***
Dealt to Dorex2007 [8h Td]
Dorex2007: folds 
kompozit777 has timed out
kompozit777: folds 
cjral333: raises $0.02 to $0.04
JanuaryAM: folds 
SlavikPuha has timed out
SlavikPuha: folds 
goalie39: folds 
kallasa88: folds 
Uncalled bet ($0.02) returned to cjral333
cjral333 collected $0.05 from pot
cjral333: doesn't show hand 
*** SUMMARY ***
Total pot $0.05 | Rake $0 
Seat 1: SlavikPuha (button) folded before Flop (didn't bet)
Seat 3: goalie39 (small blind) folded before Flop
Seat 4: kallasa88 (big blind) folded before Flop
Seat 5: Dorex2007 folded before Flop (didn't bet)
Seat 6: kompozit777 folded before Flop (didn't bet)
Seat 7: cjral333 collected ($0.05)
Seat 9: JanuaryAM folded before Flop (didn't bet)



PokerStars Hand #233214533198:  Hold'em No Limit ($0.01/$0.02 USD) - 2022/01/16 23:01:52 PT [2022/01/17 2:01:52 ET]
Table 'Yildun' 9-max Seat #3 is the button
Seat 3: goalie39 ($1.08 in chips) 
Seat 4: kallasa88 ($0.69 in chips) 
Seat 5: Dorex2007 ($2.47 in chips) 
Seat 6: kompozit777 ($2.90 in chips) 
Seat 7: cjral333 ($1.87 in chips) 
Seat 9: JanuaryAM ($1.60 in chips) 
kallasa88: posts small blind $0.01
Dorex2007: posts big blind $0.02
nadokesh: sits out 
*** HOLE CARDS ***
Dealt to Dorex2007 [Js 4h]
kompozit777: folds 
cjral333: folds 
JanuaryAM: raises $0.02 to $0.04
goalie39: raises $0.06 to $0.10
kallasa88: folds 
Dorex2007: folds 
JanuaryAM: calls $0.06
*** FLOP *** [3d Kh As]
JanuaryAM: bets $0.11
goalie39: calls $0.11
*** TURN *** [3d Kh As] [Ks]
JanuaryAM: bets $0.43
goalie39: calls $0.43
*** RIVER *** [3d Kh As Ks] [Jh]
JanuaryAM: bets $0.96 and is all-in
goalie39: calls $0.44 and is all-in
Uncalled bet ($0.52) returned to JanuaryAM
*** SHOW DOWN ***
JanuaryAM: shows [Qd Jd] (two pair, Kings and Jacks)
goalie39: shows [Kc Ah] (a full house, Kings full of Aces)
goalie39 collected $2.11 from pot
*** SUMMARY ***
Total pot $2.19 | Rake $0.08 
Board [3d Kh As Ks Jh]
Seat 3: goalie39 (button) showed [Kc Ah] and won ($2.11) with a full house, Kings full of Aces
Seat 4: kallasa88 (small blind) folded before Flop
Seat 5: Dorex2007 (big blind) folded before Flop
Seat 6: kompozit777 folded before Flop (didn't bet)
Seat 7: cjral333 folded before Flop (didn't bet)
Seat 9: JanuaryAM showed [Qd Jd] and lost with two pair, Kings and Jacks



PokerStars Hand #233214541089:  Hold'em No Limit ($0.01/$0.02 USD) - 2022/01/16 23:02:49 PT [2022/01/17 2:02:49 ET]
Table 'Yildun' 9-max Seat #4 is the button
Seat 3: goalie39 ($2.11 in chips) 
Seat 4: kallasa88 ($0.68 in chips) 
Seat 5: Dorex2007 ($2.45 in chips) 
Seat 6: kompozit777 ($2.90 in chips) 
Seat 7: cjral333 ($1.87 in chips) 
Seat 9: JanuaryAM ($0.52 in chips) 
Dorex2007: posts small blind $0.01
kompozit777: posts big blind $0.02
nadokesh: sits out 
*** HOLE CARDS ***
Dealt to Dorex2007 [5c 8d]
cjral333: folds 
JanuaryAM: folds 
goalie39: raises $0.04 to $0.06
kallasa88: folds 
Dorex2007: folds 
kompozit777: raises $0.13 to $0.19
goalie39: folds 
Uncalled bet ($0.13) returned to kompozit777
kompozit777 collected $0.13 from pot
juiccyc leaves the table
*** SUMMARY ***
Total pot $0.13 | Rake $0 
Seat 3: goalie39 folded before Flop
Seat 4: kallasa88 (button) folded before Flop (didn't bet)
Seat 5: Dorex2007 (small blind) folded before Flop
Seat 6: kompozit777 (big blind) collected ($0.13)
Seat 7: cjral333 folded before Flop (didn't bet)
Seat 9: JanuaryAM folded before Flop (didn't bet)



PokerStars Hand #233214545378:  Hold'em No Limit ($0.01/$0.02 USD) - 2022/01/16 23:03:19 PT [2022/01/17 2:03:19 ET]
Table 'Yildun' 9-max Seat #5 is the button
Seat 3: goalie39 ($2.05 in chips) 
Seat 4: kallasa88 ($0.68 in chips) 
Seat 5: Dorex2007 ($2.44 in chips) 
Seat 6: kompozit777 ($2.97 in chips) 
Seat 7: cjral333 ($1.87 in chips) 
Seat 9: JanuaryAM ($0.52 in chips) 
kompozit777: posts small blind $0.01
cjral333: posts big blind $0.02
nadokesh: sits out 
*** HOLE CARDS ***
Dealt to Dorex2007 [7h Tc]
JanuaryAM: folds 
goalie39: calls $0.02
goldlamboo joins the table at seat #2 
kallasa88: folds 
Dorex2007: folds 
kompozit777: calls $0.01
cjral333: checks 
*** FLOP *** [4c 8h 2h]
kompozit777: checks 
cjral333: bets $0.03
goalie39: calls $0.03
kompozit777: folds 
*** TURN *** [4c 8h 2h] [Kd]
cjral333: checks 
goalie39: bets $0.06
cjral333: calls $0.06
*** RIVER *** [4c 8h 2h Kd] [4h]
cjral333: checks 
goalie39: checks 
*** SHOW DOWN ***
cjral333: shows [9s 8s] (two pair, Eights and Fours)
goalie39: mucks hand 
cjral333 collected $0.23 from pot
*** SUMMARY ***
Total pot $0.24 | Rake $0.01 
Board [4c 8h 2h Kd 4h]
Seat 3: goalie39 mucked [Ah Jd]
Seat 4: kallasa88 folded before Flop (didn't bet)
Seat 5: Dorex2007 (button) folded before Flop (didn't bet)
Seat 6: kompozit777 (small blind) folded on the Flop
Seat 7: cjral333 (big blind) showed [9s 8s] and won ($0.23) with two pair, Eights and Fours
Seat 9: JanuaryAM folded before Flop (didn't bet)



PokerStars Hand #233214554954:  Hold'em No Limit ($0.01/$0.02 USD) - 2022/01/16 23:04:27 PT [2022/01/17 2:04:27 ET]
Table 'Yildun' 9-max Seat #6 is the button
Seat 3: goalie39 ($1.94 in chips) 
Seat 4: kallasa88 ($0.68 in chips) 
Seat 5: Dorex2007 ($2.44 in chips) 
Seat 6: kompozit777 ($2.95 in chips) 
Seat 7: cjral333 ($1.99 in chips) 
Seat 8: nadokesh ($2 in chips) 
Seat 9: JanuaryAM ($0.52 in chips) 
cjral333: posts small blind $0.01
nadokesh: posts big blind $0.02
goldlamboo: sits out 
*** HOLE CARDS ***
Dealt to Dorex2007 [Qd Qs]
JanuaryAM: folds 
goalie39: folds 
kallasa88: folds 
Dorex2007: raises $0.04 to $0.06
kompozit777: folds 
cjral333: folds 
nadokesh: folds 
Uncalled bet ($0.04) returned to Dorex2007
Dorex2007 collected $0.05 from pot
Dorex2007: doesn't show hand 
*** SUMMARY ***
Total pot $0.05 | Rake $0 
Seat 3: goalie39 folded before Flop (didn't bet)
Seat 4: kallasa88 folded before Flop (didn't bet)
Seat 5: Dorex2007 collected ($0.05)
Seat 6: kompozit777 (button) folded before Flop (didn't bet)
Seat 7: cjral333 (small blind) folded before Flop
Seat 8: nadokesh (big blind) folded before Flop
Seat 9: JanuaryAM folded before Flop (didn't bet)



PokerStars Hand #233214560872:  Hold'em No Limit ($0.01/$0.02 USD) - 2022/01/16 23:05:08 PT [2022/01/17 2:05:08 ET]
Table 'Yildun' 9-max Seat #7 is the button
Seat 2: goldlamboo ($2 in chips) 
Seat 3: goalie39 ($1.94 in chips) 
Seat 4: kallasa88 ($0.68 in chips) 
Seat 5: Dorex2007 ($2.47 in chips) 
Seat 6: kompozit777 ($2.95 in chips) 
Seat 7: cjral333 ($1.98 in chips) 
Seat 8: nadokesh ($2 in chips) 
nadokesh: posts small blind $0.01
goldlamboo: posts big blind $0.02
*** HOLE CARDS ***
Dealt to Dorex2007 [2c Kh]
goalie39: calls $0.02
kallasa88: folds 
Dorex2007: folds 
kompozit777: folds 
cjral333: folds 
nadokesh: folds 
goldlamboo: checks 
*** FLOP *** [6d 6s 3s]
goldlamboo: bets $0.03
goalie39: calls $0.03
*** TURN *** [6d 6s 3s] [Ad]
goldlamboo: bets $0.06
goalie39: calls $0.06
*** RIVER *** [6d 6s 3s Ad] [8h]
goldlamboo: bets $0.11
goalie39: calls $0.11
*** SHOW DOWN ***
goldlamboo: shows [Ah 8s] (two pair, Aces and Eights)
goalie39: mucks hand 
goldlamboo collected $0.43 from pot
*** SUMMARY ***
Total pot $0.45 | Rake $0.02 
Board [6d 6s 3s Ad 8h]
Seat 2: goldlamboo (big blind) showed [Ah 8s] and won ($0.43) with two pair, Aces and Eights
Seat 3: goalie39 mucked [9c 9h]
Seat 4: kallasa88 folded before Flop (didn't bet)
Seat 5: Dorex2007 folded before Flop (didn't bet)
Seat 6: kompozit777 folded before Flop (didn't bet)
Seat 7: cjral333 (button) folded before Flop (didn't bet)
Seat 8: nadokesh (small blind) folded before Flop



PokerStars Hand #233214567857:  Hold'em No Limit ($0.01/$0.02 USD) - 2022/01/16 23:05:57 PT [2022/01/17 2:05:57 ET]
Table 'Yildun' 9-max Seat #8 is the button
Seat 2: goldlamboo ($2.21 in chips) 
Seat 3: goalie39 ($1.72 in chips) 
Seat 4: kallasa88 ($0.68 in chips) 
Seat 5: Dorex2007 ($2.47 in chips) 
Seat 6: kompozit777 ($2.95 in chips) 
Seat 7: cjral333 ($1.98 in chips) 
Seat 8: nadokesh ($2 in chips) 
goldlamboo: posts small blind $0.01
goalie39: posts big blind $0.02
*** HOLE CARDS ***
Dealt to Dorex2007 [2s 7c]
kallasa88: folds 
Dorex2007: folds 
kompozit777: folds 
cjral333: raises $0.02 to $0.04
nadokesh: folds 
goldlamboo: calls $0.03
goalie39: folds 
*** FLOP *** [Js 3d 3h]
goldlamboo: bets $0.02
cjral333: calls $0.02
*** TURN *** [Js 3d 3h] [6h]
goldlamboo: checks 
cjral333: bets $0.04
goldlamboo: folds 
Uncalled bet ($0.04) returned to cjral333
cjral333 collected $0.14 from pot
cjral333: doesn't show hand 
*** SUMMARY ***
Total pot $0.14 | Rake $0 
Board [Js 3d 3h 6h]
Seat 2: goldlamboo (small blind) folded on the Turn
Seat 3: goalie39 (big blind) folded before Flop
Seat 4: kallasa88 folded before Flop (didn't bet)
Seat 5: Dorex2007 folded before Flop (didn't bet)
Seat 6: kompozit777 folded before Flop (didn't bet)
Seat 7: cjral333 collected ($0.14)
Seat 8: nadokesh (button) folded before Flop (didn't bet)



PokerStars Hand #233214574358:  Hold'em No Limit ($0.01/$0.02 USD) - 2022/01/16 23:06:43 PT [2022/01/17 2:06:43 ET]
Table 'Yildun' 9-max Seat #2 is the button
Seat 2: goldlamboo ($2.15 in chips) 
Seat 3: goalie39 ($1.70 in chips) 
Seat 4: kallasa88 ($0.68 in chips) 
Seat 5: Dorex2007 ($2.47 in chips) 
Seat 6: kompozit777 ($2.95 in chips) 
Seat 7: cjral333 ($2.06 in chips) 
Seat 8: nadokesh ($2 in chips) 
Seat 9: JanuaryAM ($0.52 in chips) 
goalie39: posts small blind $0.01
kallasa88: posts big blind $0.02
JanuaryAM: posts small & big blinds $0.03
*** HOLE CARDS ***
Dealt to Dorex2007 [4h Js]
Dorex2007: folds 
kompozit777 has timed out
kompozit777: folds 
cjral333: folds 
nadokesh: folds 
JanuaryAM: checks 
goldlamboo: folds 
goalie39: folds 
kallasa88: checks 
*** FLOP *** [5d 4s Qh]
kallasa88: checks 
JanuaryAM: bets $0.02
kallasa88: folds 
Uncalled bet ($0.02) returned to JanuaryAM
JanuaryAM collected $0.06 from pot
JanuaryAM: doesn't show hand 
*** SUMMARY ***
Total pot $0.06 | Rake $0 
Board [5d 4s Qh]
Seat 2: goldlamboo (button) folded before Flop (didn't bet)
Seat 3: goalie39 (small blind) folded before Flop
Seat 4: kallasa88 (big blind) folded on the Flop
Seat 5: Dorex2007 folded before Flop (didn't bet)
Seat 6: kompozit777 folded before Flop (didn't bet)
Seat 7: cjral333 folded before Flop (didn't bet)
Seat 8: nadokesh folded before Flop (didn't bet)
Seat 9: JanuaryAM collected ($0.06)



PokerStars Hand #233214579859:  Hold'em No Limit ($0.01/$0.02 USD) - 2022/01/16 23:07:21 PT [2022/01/17 2:07:21 ET]
Table 'Yildun' 9-max Seat #3 is the button
Seat 2: goldlamboo ($2.15 in chips) 
Seat 3: goalie39 ($1.69 in chips) 
Seat 4: kallasa88 ($0.66 in chips) 
Seat 5: Dorex2007 ($2.47 in chips) 
Seat 6: kompozit777 ($2.95 in chips) 
Seat 7: cjral333 ($2.06 in chips) 
Seat 8: nadokesh ($2 in chips) 
Seat 9: JanuaryAM ($0.55 in chips) 
kallasa88: posts small blind $0.01
Dorex2007: posts big blind $0.02
*** HOLE CARDS ***
Dealt to Dorex2007 [9h Ac]
kompozit777: folds 
cjral333: folds 
nadokesh: folds 
JanuaryAM: folds 
goldlamboo: calls $0.02
goalie39: raises $0.06 to $0.08
kallasa88: folds 
Dorex2007: folds 
goldlamboo: calls $0.06
*** FLOP *** [9d Kd 8h]
goldlamboo: bets $0.09
goalie39: calls $0.09
*** TURN *** [9d Kd 8h] [Ah]
goldlamboo: bets $0.18
goalie39: folds 
Uncalled bet ($0.18) returned to goldlamboo
goldlamboo collected $0.36 from pot
goldlamboo: doesn't show hand 
*** SUMMARY ***
Total pot $0.37 | Rake $0.01 
Board [9d Kd 8h Ah]
Seat 2: goldlamboo collected ($0.36)
Seat 3: goalie39 (button) folded on the Turn
Seat 4: kallasa88 (small blind) folded before Flop
Seat 5: Dorex2007 (big blind) folded before Flop
Seat 6: kompozit777 folded before Flop (didn't bet)
Seat 7: cjral333 folded before Flop (didn't bet)
Seat 8: nadokesh folded before Flop (didn't bet)
Seat 9: JanuaryAM folded before Flop (didn't bet)



PokerStars Hand #233214587425:  Hold'em No Limit ($0.01/$0.02 USD) - 2022/01/16 23:08:13 PT [2022/01/17 2:08:13 ET]
Table 'Yildun' 9-max Seat #4 is the button
Seat 2: goldlamboo ($2.34 in chips) 
Seat 3: goalie39 ($1.52 in chips) 
Seat 4: kallasa88 ($0.65 in chips) 
Seat 5: Dorex2007 ($2.45 in chips) 
Seat 6: kompozit777 ($2.95 in chips) 
Seat 7: cjral333 ($2.06 in chips) 
Seat 8: nadokesh ($2 in chips) 
Seat 9: JanuaryAM ($0.55 in chips) 
Dorex2007: posts small blind $0.01
kompozit777: posts big blind $0.02
*** HOLE CARDS ***
Dealt to Dorex2007 [Qd 2h]
cjral333: folds 
nadokesh: folds 
JanuaryAM: raises $0.04 to $0.06
goldlamboo: folds 
goalie39: calls $0.06
kallasa88: folds 
Dorex2007: folds 
kompozit777: calls $0.04
*** FLOP *** [4c Td Ac]
kompozit777: bets $0.10
JanuaryAM: folds 
goalie39: calls $0.10
*** TURN *** [4c Td Ac] [9s]
kompozit777: bets $0.08
JanuaryAM leaves the table
goalie39: calls $0.08
*** RIVER *** [4c Td Ac 9s] [5s]
kompozit777: checks 
goalie39: bets $0.40
kompozit777: calls $0.40
*** SHOW DOWN ***
goalie39: shows [Ts Tc] (three of a kind, Tens)
kompozit777: mucks hand 
nikita-201018 joins the table at seat #9 
goalie39 collected $1.30 from pot
*** SUMMARY ***
Total pot $1.35 | Rake $0.05 
Board [4c Td Ac 9s 5s]
Seat 2: goldlamboo folded before Flop (didn't bet)
Seat 3: goalie39 showed [Ts Tc] and won ($1.30) with three of a kind, Tens
Seat 4: kallasa88 (button) folded before Flop (didn't bet)
Seat 5: Dorex2007 (small blind) folded before Flop
Seat 6: kompozit777 (big blind) mucked [7s As]
Seat 7: cjral333 folded before Flop (didn't bet)
Seat 8: nadokesh folded before Flop (didn't bet)
Seat 9: JanuaryAM folded on the Flop



PokerStars Hand #233214598983:  Hold'em No Limit ($0.01/$0.02 USD) - 2022/01/16 23:09:33 PT [2022/01/17 2:09:33 ET]
Table 'Yildun' 9-max Seat #5 is the button
Seat 2: goldlamboo ($2.34 in chips) 
Seat 3: goalie39 ($2.18 in chips) 
Seat 4: kallasa88 ($0.65 in chips) 
Seat 5: Dorex2007 ($2.44 in chips) 
Seat 6: kompozit777 ($2.31 in chips) 
Seat 7: cjral333 ($2.06 in chips) 
Seat 8: nadokesh ($2 in chips) 
kompozit777: posts small blind $0.01
cjral333: posts big blind $0.02
nikita-201018: sits out 
*** HOLE CARDS ***
Dealt to Dorex2007 [3h 5s]
nadokesh: folds 
goldlamboo: folds 
goalie39: calls $0.02
kallasa88: raises $0.04 to $0.06
Dorex2007: folds 
kompozit777: folds 
cjral333: calls $0.04
goalie39: calls $0.04
*** FLOP *** [2d 2s Ad]
cjral333: checks 
goalie39: checks 
kallasa88: bets $0.09
cjral333: calls $0.09
goalie39: folds 
*** TURN *** [2d 2s Ad] [Qs]
cjral333: checks 
kallasa88: bets $0.50 and is all-in
cjral333: folds 
Uncalled bet ($0.50) returned to kallasa88
kallasa88 collected $0.36 from pot
kallasa88: doesn't show hand 
*** SUMMARY ***
Total pot $0.37 | Rake $0.01 
Board [2d 2s Ad Qs]
Seat 2: goldlamboo folded before Flop (didn't bet)
Seat 3: goalie39 folded on the Flop
Seat 4: kallasa88 collected ($0.36)
Seat 5: Dorex2007 (button) folded before Flop (didn't bet)
Seat 6: kompozit777 (small blind) folded before Flop
Seat 7: cjral333 (big blind) folded on the Turn
Seat 8: nadokesh folded before Flop (didn't bet)



PokerStars Hand #233214608030:  Hold'em No Limit ($0.01/$0.02 USD) - 2022/01/16 23:10:35 PT [2022/01/17 2:10:35 ET]
Table 'Yildun' 9-max Seat #6 is the button
Seat 2: goldlamboo ($2.34 in chips) 
Seat 3: goalie39 ($2.12 in chips) 
Seat 4: kallasa88 ($0.86 in chips) 
Seat 5: Dorex2007 ($2.44 in chips) 
Seat 6: kompozit777 ($2.30 in chips) 
Seat 7: cjral333 ($1.91 in chips) 
Seat 8: nadokesh ($2 in chips) 
Seat 9: nikita-201018 ($1.60 in chips) 
cjral333: posts small blind $0.01
nadokesh: posts big blind $0.02
nikita-201018: posts big blind $0.02
*** HOLE CARDS ***
Dealt to Dorex2007 [Tc 8c]
nikita-201018: checks 
goldlamboo: folds 
goalie39: folds 
kallasa88: folds 
Dorex2007: folds 
kompozit777: raises $0.07 to $0.09
cjral333: folds 
nadokesh: folds 
nikita-201018: calls $0.07
*** FLOP *** [9d 9h Th]
nikita-201018: checks 
kompozit777: bets $0.10
nikita-201018: folds 
Uncalled bet ($0.10) returned to kompozit777
kompozit777 collected $0.20 from pot
*** SUMMARY ***
Total pot $0.21 | Rake $0.01 
Board [9d 9h Th]
Seat 2: goldlamboo folded before Flop (didn't bet)
Seat 3: goalie39 folded before Flop (didn't bet)
Seat 4: kallasa88 folded before Flop (didn't bet)
Seat 5: Dorex2007 folded before Flop (didn't bet)
Seat 6: kompozit777 (button) collected ($0.20)
Seat 7: cjral333 (small blind) folded before Flop
Seat 8: nadokesh (big blind) folded before Flop
Seat 9: nikita-201018 folded on the Flop



PokerStars Hand #233214612368:  Hold'em No Limit ($0.01/$0.02 USD) - 2022/01/16 23:11:05 PT [2022/01/17 2:11:05 ET]
Table 'Yildun' 9-max Seat #7 is the button
Seat 2: goldlamboo ($2.34 in chips) 
Seat 3: goalie39 ($2.12 in chips) 
Seat 4: kallasa88 ($0.86 in chips) 
Seat 5: Dorex2007 ($2.44 in chips) 
Seat 6: kompozit777 ($2.41 in chips) 
Seat 7: cjral333 ($1.90 in chips) 
Seat 8: nadokesh ($2 in chips) 
Seat 9: nikita-201018 ($1.51 in chips) 
nadokesh: posts small blind $0.01
nikita-201018: posts big blind $0.02
*** HOLE CARDS ***
Dealt to Dorex2007 [7h Qd]
goldlamboo: folds 
goalie39: folds 
kallasa88: raises $0.05 to $0.07
Dorex2007: folds 
kompozit777: calls $0.07
cjral333: folds 
nadokesh: folds 
nikita-201018: raises $1.44 to $1.51 and is all-in
kallasa88: calls $0.79 and is all-in
kompozit777: folds 
Uncalled bet ($0.65) returned to nikita-201018
*** FLOP *** [7d 6d Ah]
*** TURN *** [7d 6d Ah] [9d]
*** RIVER *** [7d 6d Ah 9d] [5d]
*** SHOW DOWN ***
nikita-201018: shows [Ks Jd] (a flush, Jack high)
kallasa88: shows [Ad Kd] (a flush, Ace high)
kallasa88 collected $1.74 from pot
*** SUMMARY ***
Total pot $1.80 | Rake $0.06 
Board [7d 6d Ah 9d 5d]
Seat 2: goldlamboo folded before Flop (didn't bet)
Seat 3: goalie39 folded before Flop (didn't bet)
Seat 4: kallasa88 showed [Ad Kd] and won ($1.74) with a flush, Ace high
Seat 5: Dorex2007 folded before Flop (didn't bet)
Seat 6: kompozit777 folded before Flop
Seat 7: cjral333 (button) folded before Flop (didn't bet)
Seat 8: nadokesh (small blind) folded before Flop
Seat 9: nikita-201018 (big blind) showed [Ks Jd] and lost with a flush, Jack high



PokerStars Hand #233214617377:  Hold'em No Limit ($0.01/$0.02 USD) - 2022/01/16 23:11:41 PT [2022/01/17 2:11:41 ET]
Table 'Yildun' 9-max Seat #8 is the button
Seat 2: goldlamboo ($2.34 in chips) 
Seat 3: goalie39 ($2.12 in chips) 
Seat 4: kallasa88 ($1.74 in chips) 
Seat 5: Dorex2007 ($2.44 in chips) 
Seat 6: kompozit777 ($2.34 in chips) 
Seat 7: cjral333 ($1.90 in chips) 
Seat 8: nadokesh ($2 in chips) 
Seat 9: nikita-201018 ($0.65 in chips) 
nikita-201018: posts small blind $0.01
goldlamboo: posts big blind $0.02
*** HOLE CARDS ***
Dealt to Dorex2007 [Qd Ts]
goalie39: folds 
kallasa88: folds 
Dorex2007: folds 
kompozit777: folds 
cjral333: folds 
nadokesh: raises $0.03 to $0.05
nikita-201018: folds 
goldlamboo: folds 
Uncalled bet ($0.03) returned to nadokesh
nikita-201018 leaves the table
nadokesh collected $0.05 from pot
nadokesh: doesn't show hand 
*** SUMMARY ***
Total pot $0.05 | Rake $0 
Seat 2: goldlamboo (big blind) folded before Flop
Seat 3: goalie39 folded before Flop (didn't bet)
Seat 4: kallasa88 folded before Flop (didn't bet)
Seat 5: Dorex2007 folded before Flop (didn't bet)
Seat 6: kompozit777 folded before Flop (didn't bet)
Seat 7: cjral333 folded before Flop (didn't bet)
Seat 8: nadokesh (button) collected ($0.05)
Seat 9: nikita-201018 (small blind) folded before Flop



PokerStars Hand #233214620089:  Hold'em No Limit ($0.01/$0.02 USD) - 2022/01/16 23:12:00 PT [2022/01/17 2:12:00 ET]
Table 'Yildun' 9-max Seat #2 is the button
Seat 2: goldlamboo ($2.32 in chips) 
Seat 3: goalie39 ($2.12 in chips) 
Seat 4: kallasa88 ($1.74 in chips) 
Seat 5: Dorex2007 ($2.44 in chips) 
Seat 6: kompozit777 ($2.34 in chips) 
Seat 7: cjral333 ($1.90 in chips) 
Seat 8: nadokesh ($2.03 in chips) 
goalie39: posts small blind $0.01
kallasa88: posts big blind $0.02
SlavikPuha: sits out 
*** HOLE CARDS ***
Dealt to Dorex2007 [2c Ah]
Dorex2007: folds 
kompozit777 has timed out
kompozit777: folds 
cjral333: folds 
nadokesh: folds 
goldlamboo: raises $0.04 to $0.06
goalie39: calls $0.05
kallasa88: folds 
*** FLOP *** [7d 7h Th]
goalie39: bets $0.05
nikki565 joins the table at seat #9 
goldlamboo: calls $0.05
*** TURN *** [7d 7h Th] [4d]
goalie39: checks 
goldlamboo: checks 
*** RIVER *** [7d 7h Th 4d] [9c]
goalie39: bets $0.10
goldlamboo: folds 
Uncalled bet ($0.10) returned to goalie39
kompozit777 is disconnected 
goalie39 collected $0.23 from pot
goalie39: doesn't show hand 
*** SUMMARY ***
Total pot $0.24 | Rake $0.01 
Board [7d 7h Th 4d 9c]
Seat 2: goldlamboo (button) folded on the River
Seat 3: goalie39 (small blind) collected ($0.23)
Seat 4: kallasa88 (big blind) folded before Flop
Seat 5: Dorex2007 folded before Flop (didn't bet)
Seat 6: kompozit777 folded before Flop (didn't bet)
Seat 7: cjral333 folded before Flop (didn't bet)
Seat 8: nadokesh folded before Flop (didn't bet)



PokerStars Hand #233214634176:  Hold'em No Limit ($0.01/$0.02 USD) - 2022/01/16 23:13:40 PT [2022/01/17 2:13:40 ET]
Table 'Yildun' 9-max Seat #3 is the button
Seat 2: goldlamboo ($2.21 in chips) 
Seat 3: goalie39 ($2.24 in chips) 
Seat 4: kallasa88 ($1.72 in chips) 
Seat 5: Dorex2007 ($2.44 in chips) 
Seat 6: kompozit777 ($2.34 in chips) 
Seat 7: cjral333 ($1.90 in chips) 
Seat 8: nadokesh ($2.03 in chips) 
Seat 9: nikki565 ($1.60 in chips) 
kallasa88: posts small blind $0.01
Dorex2007: posts big blind $0.02
nikki565: posts big blind $0.02
SlavikPuha: sits out 
*** HOLE CARDS ***
Dealt to Dorex2007 [9c 6d]
kompozit777 has timed out while disconnected
kompozit777: folds 
cjral333: calls $0.02
nadokesh: folds 
nikki565: checks 
goldlamboo: folds 
goalie39: folds 
kallasa88: raises $0.08 to $0.10
Dorex2007: folds 
cjral333: calls $0.08
nikki565: folds 
*** FLOP *** [7c 4s Ac]
kallasa88: bets $0.23
cjral333: folds 
Uncalled bet ($0.23) returned to kallasa88
kallasa88 collected $0.23 from pot
kallasa88: doesn't show hand 
*** SUMMARY ***
Total pot $0.24 | Rake $0.01 
Board [7c 4s Ac]
Seat 2: goldlamboo folded before Flop (didn't bet)
Seat 3: goalie39 (button) folded before Flop (didn't bet)
Seat 4: kallasa88 (small blind) collected ($0.23)
Seat 5: Dorex2007 (big blind) folded before Flop
Seat 6: kompozit777 folded before Flop (didn't bet)
Seat 7: cjral333 folded on the Flop
Seat 8: nadokesh folded before Flop (didn't bet)
Seat 9: nikki565 folded before Flop (didn't bet)



PokerStars Hand #233214639018:  Hold'em No Limit ($0.01/$0.02 USD) - 2022/01/16 23:14:14 PT [2022/01/17 2:14:14 ET]
Table 'Yildun' 9-max Seat #4 is the button
Seat 2: goldlamboo ($2.21 in chips) 
Seat 3: goalie39 ($2.24 in chips) 
Seat 4: kallasa88 ($1.85 in chips) 
Seat 5: Dorex2007 ($2.42 in chips) 
Seat 7: cjral333 ($1.80 in chips) 
Seat 8: nadokesh ($2.03 in chips) 
Seat 9: nikki565 ($1.58 in chips) 
Dorex2007: posts small blind $0.01
cjral333: posts big blind $0.02
SlavikPuha: sits out 
*** HOLE CARDS ***
Dealt to Dorex2007 [6s 4c]
nadokesh: raises $0.04 to $0.06
nikki565: folds 
goldlamboo: calls $0.06
goalie39: folds 
kallasa88: folds 
Dorex2007: folds 
cjral333: folds 
*** FLOP *** [7h Kd Ts]
nadokesh: bets $0.07
goldlamboo: calls $0.07
*** TURN *** [7h Kd Ts] [Jc]
nadokesh: checks 
goldlamboo: bets $0.28
nadokesh: folds 
Uncalled bet ($0.28) returned to goldlamboo
goldlamboo collected $0.28 from pot
goldlamboo: doesn't show hand 
*** SUMMARY ***
Total pot $0.29 | Rake $0.01 
Board [7h Kd Ts Jc]
Seat 2: goldlamboo collected ($0.28)
Seat 3: goalie39 folded before Flop (didn't bet)
Seat 4: kallasa88 (button) folded before Flop (didn't bet)
Seat 5: Dorex2007 (small blind) folded before Flop
Seat 7: cjral333 (big blind) folded before Flop
Seat 8: nadokesh folded on the Turn
Seat 9: nikki565 folded before Flop (didn't bet)



PokerStars Hand #233214645784:  Hold'em No Limit ($0.01/$0.02 USD) - 2022/01/16 23:15:00 PT [2022/01/17 2:15:00 ET]
Table 'Yildun' 9-max Seat #5 is the button
Seat 2: goldlamboo ($2.36 in chips) 
Seat 3: goalie39 ($2.24 in chips) 
Seat 4: kallasa88 ($1.85 in chips) 
Seat 5: Dorex2007 ($2.41 in chips) 
Seat 7: cjral333 ($1.78 in chips) 
Seat 8: nadokesh ($2 in chips) 
Seat 9: nikki565 ($1.58 in chips) 
cjral333: posts small blind $0.01
nadokesh: posts big blind $0.02
SlavikPuha: sits out 
*** HOLE CARDS ***
Dealt to Dorex2007 [7d 5s]
nikki565: folds 
goldlamboo: folds 
goalie39: folds 
kallasa88: raises $0.04 to $0.06
Dorex2007: folds 
cjral333: folds 
nadokesh: folds 
Uncalled bet ($0.04) returned to kallasa88
kallasa88 collected $0.05 from pot
kallasa88: doesn't show hand 
*** SUMMARY ***
Total pot $0.05 | Rake $0 
Seat 2: goldlamboo folded before Flop (didn't bet)
Seat 3: goalie39 folded before Flop (didn't bet)
Seat 4: kallasa88 collected ($0.05)
Seat 5: Dorex2007 (button) folded before Flop (didn't bet)
Seat 7: cjral333 (small blind) folded before Flop
Seat 8: nadokesh (big blind) folded before Flop
Seat 9: nikki565 folded before Flop (didn't bet)



PokerStars Hand #233214648706:  Hold'em No Limit ($0.01/$0.02 USD) - 2022/01/16 23:15:20 PT [2022/01/17 2:15:20 ET]
Table 'Yildun' 9-max Seat #7 is the button
Seat 2: goldlamboo ($2.36 in chips) 
Seat 3: goalie39 ($2.24 in chips) 
Seat 4: kallasa88 ($1.88 in chips) 
Seat 5: Dorex2007 ($2.41 in chips) 
Seat 7: cjral333 ($1.77 in chips) 
Seat 8: nadokesh ($2 in chips) 
Seat 9: nikki565 ($1.58 in chips) 
nadokesh: posts small blind $0.01
nikki565: posts big blind $0.02
SlavikPuha: sits out 
*** HOLE CARDS ***
Dealt to Dorex2007 [Ts Jh]
goldlamboo: folds 
goalie39: folds 
kallasa88: folds 
Dorex2007: folds 
cjral333: calls $0.02
nadokesh: calls $0.01
nikki565: checks 
*** FLOP *** [9c 8h 8s]
nadokesh: checks 
nikki565: checks 
cjral333: bets $0.03
nadokesh: folds 
nikki565: folds 
Uncalled bet ($0.03) returned to cjral333
cjral333 collected $0.06 from pot
cjral333: doesn't show hand 
*** SUMMARY ***
Total pot $0.06 | Rake $0 
Board [9c 8h 8s]
Seat 2: goldlamboo folded before Flop (didn't bet)
Seat 3: goalie39 folded before Flop (didn't bet)
Seat 4: kallasa88 folded before Flop (didn't bet)
Seat 5: Dorex2007 folded before Flop (didn't bet)
Seat 7: cjral333 (button) collected ($0.06)
Seat 8: nadokesh (small blind) folded on the Flop
Seat 9: nikki565 (big blind) folded on the Flop



PokerStars Hand #233214660685:  Hold'em No Limit ($0.01/$0.02 USD) - 2022/01/16 23:15:49 PT [2022/01/17 2:15:49 ET]
Table 'Yildun' 9-max Seat #8 is the button
Seat 1: SlavikPuha ($2.26 in chips) 
Seat 2: goldlamboo ($2.36 in chips) 
Seat 3: goalie39 ($2.24 in chips) 
Seat 4: kallasa88 ($1.88 in chips) 
Seat 5: Dorex2007 ($2.41 in chips) 
Seat 7: cjral333 ($1.81 in chips) 
Seat 8: nadokesh ($2 in chips) 
Seat 9: nikki565 ($1.56 in chips) 
nikki565: posts small blind $0.01
SlavikPuha: posts big blind $0.02
*** HOLE CARDS ***
Dealt to Dorex2007 [Js 4s]
goldlamboo: folds 
goalie39: folds 
kallasa88: folds 
Dorex2007: folds 
cjral333: folds 
nadokesh: folds 
nikki565: raises $0.04 to $0.06
SlavikPuha: folds 
Uncalled bet ($0.04) returned to nikki565
nikki565 collected $0.04 from pot
*** SUMMARY ***
Total pot $0.04 | Rake $0 
Seat 1: SlavikPuha (big blind) folded before Flop
Seat 2: goldlamboo folded before Flop (didn't bet)
Seat 3: goalie39 folded before Flop (didn't bet)
Seat 4: kallasa88 folded before Flop (didn't bet)
Seat 5: Dorex2007 folded before Flop (didn't bet)
Seat 7: cjral333 folded before Flop (didn't bet)
Seat 8: nadokesh (button) folded before Flop (didn't bet)
Seat 9: nikki565 (small blind) collected ($0.04)



PokerStars Hand #233214663915:  Hold'em No Limit ($0.01/$0.02 USD) - 2022/01/16 23:16:11 PT [2022/01/17 2:16:11 ET]
Table 'Yildun' 9-max Seat #9 is the button
Seat 1: SlavikPuha ($2.24 in chips) 
Seat 2: goldlamboo ($2.36 in chips) 
Seat 3: goalie39 ($2.24 in chips) 
Seat 4: kallasa88 ($1.88 in chips) 
Seat 5: Dorex2007 ($2.41 in chips) 
Seat 7: cjral333 ($1.81 in chips) 
Seat 8: nadokesh ($2 in chips) 
Seat 9: nikki565 ($1.58 in chips) 
SlavikPuha: posts small blind $0.01
goldlamboo: posts big blind $0.02
*** HOLE CARDS ***
Dealt to Dorex2007 [3d 3h]
goalie39: folds 
kallasa88: folds 
Dorex2007: calls $0.02
cjral333: calls $0.02
nadokesh: folds 
nikki565: folds 
SlavikPuha: folds 
goldlamboo: checks 
*** FLOP *** [5s 7s 6d]
goalie39 leaves the table
califani96 joins the table at seat #3 
goldlamboo: checks 
Dorex2007: checks 
cjral333: checks 
*** TURN *** [5s 7s 6d] [3c]
goldlamboo: checks 
Dorex2007: bets $0.07
cjral333: folds 
goldlamboo: folds 
Uncalled bet ($0.07) returned to Dorex2007
Dorex2007 collected $0.07 from pot
Dorex2007: doesn't show hand 
*** SUMMARY ***
Total pot $0.07 | Rake $0 
Board [5s 7s 6d 3c]
Seat 1: SlavikPuha (small blind) folded before Flop
Seat 2: goldlamboo (big blind) folded on the Turn
Seat 3: goalie39 folded before Flop (didn't bet)
Seat 4: kallasa88 folded before Flop (didn't bet)
Seat 5: Dorex2007 collected ($0.07)
Seat 7: cjral333 folded on the Turn
Seat 8: nadokesh folded before Flop (didn't bet)
Seat 9: nikki565 (button) folded before Flop (didn't bet)



PokerStars Hand #233214668370:  Hold'em No Limit ($0.01/$0.02 USD) - 2022/01/16 23:16:42 PT [2022/01/17 2:16:42 ET]
Table 'Yildun' 9-max Seat #1 is the button
Seat 1: SlavikPuha ($2.23 in chips) 
Seat 2: goldlamboo ($2.34 in chips) 
Seat 3: califani96 ($2 in chips) 
Seat 4: kallasa88 ($1.88 in chips) 
Seat 5: Dorex2007 ($2.46 in chips) 
Seat 7: cjral333 ($1.79 in chips) 
Seat 8: nadokesh ($2 in chips) 
Seat 9: nikki565 ($1.58 in chips) 
goldlamboo: posts small blind $0.01
califani96: posts big blind $0.02
*** HOLE CARDS ***
Dealt to Dorex2007 [7h 7c]
kallasa88: folds 
Dorex2007: calls $0.02
cjral333: folds 
nadokesh: folds 
nikki565: folds 
SlavikPuha: calls $0.02
goldlamboo: calls $0.01
califani96: raises $0.04 to $0.06
Dorex2007: calls $0.04
SlavikPuha: calls $0.04
goldlamboo: calls $0.04
*** FLOP *** [Qs 8d Qc]
goldlamboo: checks 
califani96: checks 
Dorex2007: bets $0.15
SlavikPuha: folds 
goldlamboo: calls $0.15
califani96: calls $0.15
*** TURN *** [Qs 8d Qc] [3d]
goldlamboo: checks 
califani96: checks 
Dorex2007: bets $0.34
goldlamboo: folds 
califani96: folds 
Uncalled bet ($0.34) returned to Dorex2007
Dorex2007 collected $0.67 from pot
Dorex2007: doesn't show hand 
*** SUMMARY ***
Total pot $0.69 | Rake $0.02 
Board [Qs 8d Qc 3d]
Seat 1: SlavikPuha (button) folded on the Flop
Seat 2: goldlamboo (small blind) folded on the Turn
Seat 3: califani96 (big blind) folded on the Turn
Seat 4: kallasa88 folded before Flop (didn't bet)
Seat 5: Dorex2007 collected ($0.67)
Seat 7: cjral333 folded before Flop (didn't bet)
Seat 8: nadokesh folded before Flop (didn't bet)
Seat 9: nikki565 folded before Flop (didn't bet)



PokerStars Hand #233214677518:  Hold'em No Limit ($0.01/$0.02 USD) - 2022/01/16 23:17:45 PT [2022/01/17 2:17:45 ET]
Table 'Yildun' 9-max Seat #2 is the button
Seat 1: SlavikPuha ($2.17 in chips) 
Seat 2: goldlamboo ($2.13 in chips) 
Seat 3: califani96 ($1.79 in chips) 
Seat 4: kallasa88 ($1.88 in chips) 
Seat 5: Dorex2007 ($2.92 in chips) 
Seat 7: cjral333 ($1.79 in chips) 
Seat 8: nadokesh ($2 in chips) 
Seat 9: nikki565 ($1.58 in chips) 
califani96: posts small blind $0.01
kallasa88: posts big blind $0.02
kompozit777: sits out 
*** HOLE CARDS ***
Dealt to Dorex2007 [Kc 5s]
Dorex2007: folds 
cjral333: raises $0.02 to $0.04
nadokesh: folds 
nikki565: calls $0.04
SlavikPuha: folds 
goldlamboo: folds 
califani96: folds 
kallasa88: folds 
*** FLOP *** [9h 4d 5h]
cjral333: checks 
nikki565: bets $0.06
cjral333: calls $0.06
*** TURN *** [9h 4d 5h] [2c]
cjral333: checks 
nikki565: checks 
*** RIVER *** [9h 4d 5h 2c] [7s]
cjral333: bets $0.08
nikki565: calls $0.08
*** SHOW DOWN ***
cjral333: shows [8s 8d] (a pair of Eights)
nikki565: mucks hand 
cjral333 collected $0.38 from pot
*** SUMMARY ***
Total pot $0.39 | Rake $0.01 
Board [9h 4d 5h 2c 7s]
Seat 1: SlavikPuha folded before Flop (didn't bet)
Seat 2: goldlamboo (button) folded before Flop (didn't bet)
Seat 3: califani96 (small blind) folded before Flop
Seat 4: kallasa88 (big blind) folded before Flop
Seat 5: Dorex2007 folded before Flop (didn't bet)
Seat 7: cjral333 showed [8s 8d] and won ($0.38) with a pair of Eights
Seat 8: nadokesh folded before Flop (didn't bet)
Seat 9: nikki565 mucked [3h 3c]



PokerStars Hand #233214682289:  Hold'em No Limit ($0.01/$0.02 USD) - 2022/01/16 23:18:19 PT [2022/01/17 2:18:19 ET]
Table 'Yildun' 9-max Seat #3 is the button
Seat 1: SlavikPuha ($2.17 in chips) 
Seat 2: goldlamboo ($2.13 in chips) 
Seat 3: califani96 ($1.78 in chips) 
Seat 4: kallasa88 ($1.86 in chips) 
Seat 5: Dorex2007 ($2.92 in chips) 
Seat 7: cjral333 ($1.99 in chips) 
Seat 8: nadokesh ($2 in chips) 
Seat 9: nikki565 ($1.40 in chips) 
kallasa88: posts small blind $0.01
Dorex2007: posts big blind $0.02
kompozit777: sits out 
*** HOLE CARDS ***
Dealt to Dorex2007 [Kh 8h]
cjral333: folds 
nadokesh: raises $0.03 to $0.05
nikki565: folds 
SlavikPuha: folds 
goldlamboo: calls $0.05
califani96: folds 
kallasa88: folds 
Dorex2007: calls $0.03
*** FLOP *** [Js 2h Qs]
Dorex2007: checks 
nadokesh: checks 
goldlamboo: checks 
*** TURN *** [Js 2h Qs] [Qh]
Dorex2007: bets $0.10
nadokesh: folds 
goldlamboo: calls $0.10
*** RIVER *** [Js 2h Qs Qh] [6c]
Dorex2007: bets $0.18
goldlamboo: calls $0.18
*** SHOW DOWN ***
Dorex2007: shows [Kh 8h] (a pair of Queens)
goldlamboo: shows [Jc Ad] (two pair, Queens and Jacks)
goldlamboo collected $0.69 from pot
*** SUMMARY ***
Total pot $0.72 | Rake $0.03 
Board [Js 2h Qs Qh 6c]
Seat 1: SlavikPuha folded before Flop (didn't bet)
Seat 2: goldlamboo showed [Jc Ad] and won ($0.69) with two pair, Queens and Jacks
Seat 3: califani96 (button) folded before Flop (didn't bet)
Seat 4: kallasa88 (small blind) folded before Flop
Seat 5: Dorex2007 (big blind) showed [Kh 8h] and lost with a pair of Queens
Seat 7: cjral333 folded before Flop (didn't bet)
Seat 8: nadokesh folded on the Turn
Seat 9: nikki565 folded before Flop (didn't bet)



PokerStars Hand #233214690273:  Hold'em No Limit ($0.01/$0.02 USD) - 2022/01/16 23:19:14 PT [2022/01/17 2:19:14 ET]
Table 'Yildun' 9-max Seat #4 is the button
Seat 1: SlavikPuha ($2.17 in chips) 
Seat 2: goldlamboo ($2.49 in chips) 
Seat 3: califani96 ($1.78 in chips) 
Seat 4: kallasa88 ($1.85 in chips) 
Seat 5: Dorex2007 ($2.59 in chips) 
Seat 6: kompozit777 ($2.34 in chips) 
Seat 7: cjral333 ($1.99 in chips) 
Seat 8: nadokesh ($2 in chips) 
Seat 9: nikki565 ($1.40 in chips) 
Dorex2007: posts small blind $0.01
kompozit777: posts big blind $0.02
*** HOLE CARDS ***
Dealt to Dorex2007 [7c Jh]
cjral333: calls $0.02
nadokesh: folds 
nikki565: folds 
SlavikPuha: folds 
goldlamboo: folds 
califani96: raises $0.04 to $0.06
kallasa88: folds 
Dorex2007: folds 
kompozit777: folds 
cjral333: calls $0.04
*** FLOP *** [2h Tc Ks]
cjral333: checks 
califani96: checks 
*** TURN *** [2h Tc Ks] [2d]
cjral333: bets $0.04
califani96: raises $0.04 to $0.08
cjral333: calls $0.04
*** RIVER *** [2h Tc Ks 2d] [9s]
cjral333: checks 
califani96: bets $0.15
cjral333: folds 
Uncalled bet ($0.15) returned to califani96
califani96 collected $0.30 from pot
califani96: doesn't show hand 
*** SUMMARY ***
Total pot $0.31 | Rake $0.01 
Board [2h Tc Ks 2d 9s]
Seat 1: SlavikPuha folded before Flop (didn't bet)
Seat 2: goldlamboo folded before Flop (didn't bet)
Seat 3: califani96 collected ($0.30)
Seat 4: kallasa88 (button) folded before Flop (didn't bet)
Seat 5: Dorex2007 (small blind) folded before Flop
Seat 6: kompozit777 (big blind) folded before Flop
Seat 7: cjral333 folded on the River
Seat 8: nadokesh folded before Flop (didn't bet)
Seat 9: nikki565 folded before Flop (didn't bet)



PokerStars Hand #233214706948:  Hold'em No Limit ($0.01/$0.02 USD) - 2022/01/16 23:20:21 PT [2022/01/17 2:20:21 ET]
Table 'Yildun' 9-max Seat #5 is the button
Seat 1: SlavikPuha ($2.17 in chips) 
Seat 2: goldlamboo ($2.49 in chips) 
Seat 3: califani96 ($1.94 in chips) 
Seat 4: kallasa88 ($1.85 in chips) 
Seat 5: Dorex2007 ($2.58 in chips) 
Seat 6: kompozit777 ($2.32 in chips) 
Seat 7: cjral333 ($1.85 in chips) 
Seat 8: nadokesh ($2 in chips) 
Seat 9: nikki565 ($1.40 in chips) 
kompozit777: posts small blind $0.01
cjral333: posts big blind $0.02
*** HOLE CARDS ***
Dealt to Dorex2007 [6s 2h]
nadokesh: folds 
nikki565: folds 
SlavikPuha: raises $0.04 to $0.06
goldlamboo: folds 
califani96: calls $0.06
kallasa88: folds 
Dorex2007: folds 
kompozit777: folds 
cjral333: calls $0.04
*** FLOP *** [7s 3s 7h]
cjral333: checks 
SlavikPuha: checks 
califani96: checks 
*** TURN *** [7s 3s 7h] [3d]
cjral333: checks 
SlavikPuha: checks 
califani96: checks 
*** RIVER *** [7s 3s 7h 3d] [4h]
cjral333: checks 
SlavikPuha: checks 
califani96: bets $0.12
cjral333: folds 
SlavikPuha: folds 
Uncalled bet ($0.12) returned to califani96
califani96 collected $0.18 from pot
califani96: doesn't show hand 
*** SUMMARY ***
Total pot $0.19 | Rake $0.01 
Board [7s 3s 7h 3d 4h]
Seat 1: SlavikPuha folded on the River
Seat 2: goldlamboo folded before Flop (didn't bet)
Seat 3: califani96 collected ($0.18)
Seat 4: kallasa88 folded before Flop (didn't bet)
Seat 5: Dorex2007 (button) folded before Flop (didn't bet)
Seat 6: kompozit777 (small blind) folded before Flop
Seat 7: cjral333 (big blind) folded on the River
Seat 8: nadokesh folded before Flop (didn't bet)
Seat 9: nikki565 folded before Flop (didn't bet)



PokerStars Hand #233214715389:  Hold'em No Limit ($0.01/$0.02 USD) - 2022/01/16 23:21:21 PT [2022/01/17 2:21:21 ET]
Table 'Yildun' 9-max Seat #6 is the button
Seat 1: SlavikPuha ($2.11 in chips) 
Seat 2: goldlamboo ($2.49 in chips) 
Seat 3: califani96 ($2.06 in chips) 
Seat 4: kallasa88 ($1.85 in chips) 
Seat 5: Dorex2007 ($2.58 in chips) 
Seat 6: kompozit777 ($2.31 in chips) 
Seat 7: cjral333 ($1.79 in chips) 
Seat 8: nadokesh ($2 in chips) 
Seat 9: nikki565 ($1.40 in chips) 
cjral333: posts small blind $0.01
nadokesh: posts big blind $0.02
*** HOLE CARDS ***
Dealt to Dorex2007 [Td 9h]
nikki565: calls $0.02
SlavikPuha: folds 
goldlamboo: folds 
califani96: calls $0.02
kallasa88: folds 
Dorex2007: folds 
kompozit777: raises $0.04 to $0.06
cjral333: folds 
nadokesh: folds 
nikki565: folds 
califani96: calls $0.04
*** FLOP *** [8s 6h 8h]
califani96: checks 
kompozit777: checks 
*** TURN *** [8s 6h 8h] [Tc]
califani96: checks 
kompozit777: checks 
*** RIVER *** [8s 6h 8h Tc] [Qs]
califani96: bets $0.10
kompozit777: raises $0.18 to $0.28
califani96: calls $0.18
*** SHOW DOWN ***
kompozit777: shows [Js Qd] (two pair, Queens and Eights)
califani96: mucks hand 
kompozit777 collected $0.70 from pot
*** SUMMARY ***
Total pot $0.73 | Rake $0.03 
Board [8s 6h 8h Tc Qs]
Seat 1: SlavikPuha folded before Flop (didn't bet)
Seat 2: goldlamboo folded before Flop (didn't bet)
Seat 3: califani96 mucked [Ah Ts]
Seat 4: kallasa88 folded before Flop (didn't bet)
Seat 5: Dorex2007 folded before Flop (didn't bet)
Seat 6: kompozit777 (button) showed [Js Qd] and won ($0.70) with two pair, Queens and Eights
Seat 7: cjral333 (small blind) folded before Flop
Seat 8: nadokesh (big blind) folded before Flop
Seat 9: nikki565 folded before Flop



PokerStars Hand #233214726093:  Hold'em No Limit ($0.01/$0.02 USD) - 2022/01/16 23:22:35 PT [2022/01/17 2:22:35 ET]
Table 'Yildun' 9-max Seat #7 is the button
Seat 1: SlavikPuha ($2.11 in chips) 
Seat 2: goldlamboo ($2.49 in chips) 
Seat 3: califani96 ($1.72 in chips) 
Seat 4: kallasa88 ($1.85 in chips) 
Seat 5: Dorex2007 ($2.58 in chips) 
Seat 6: kompozit777 ($2.67 in chips) 
Seat 7: cjral333 ($1.78 in chips) 
Seat 8: nadokesh ($2 in chips) 
Seat 9: nikki565 ($1.38 in chips) 
nadokesh: posts small blind $0.01
nikki565: posts big blind $0.02
*** HOLE CARDS ***
Dealt to Dorex2007 [6c 4d]
SlavikPuha: raises $0.04 to $0.06
goldlamboo: folds 
califani96: calls $0.06
kallasa88: folds 
Dorex2007: folds 
kompozit777: folds 
cjral333: folds 
nadokesh: folds 
nikki565: folds 
*** FLOP *** [2h 3d Jh]
SlavikPuha: bets $0.07
califani96: raises $0.11 to $0.18
SlavikPuha: calls $0.11
*** TURN *** [2h 3d Jh] [4c]
SlavikPuha: checks 
califani96: bets $0.24
SlavikPuha: calls $0.24
*** RIVER *** [2h 3d Jh 4c] [Jc]
SlavikPuha: checks 
califani96: bets $1.24 and is all-in
SlavikPuha: folds 
Uncalled bet ($1.24) returned to califani96
califani96 collected $0.96 from pot
califani96: doesn't show hand 
*** SUMMARY ***
Total pot $0.99 | Rake $0.03 
Board [2h 3d Jh 4c Jc]
Seat 1: SlavikPuha folded on the River
Seat 2: goldlamboo folded before Flop (didn't bet)
Seat 3: califani96 collected ($0.96)
Seat 4: kallasa88 folded before Flop (didn't bet)
Seat 5: Dorex2007 folded before Flop (didn't bet)
Seat 6: kompozit777 folded before Flop (didn't bet)
Seat 7: cjral333 (button) folded before Flop (didn't bet)
Seat 8: nadokesh (small blind) folded before Flop
Seat 9: nikki565 (big blind) folded before Flop



PokerStars Hand #233214732761:  Hold'em No Limit ($0.01/$0.02 USD) - 2022/01/16 23:23:21 PT [2022/01/17 2:23:21 ET]
Table 'Yildun' 9-max Seat #8 is the button
Seat 1: SlavikPuha ($2 in chips) 
Seat 2: goldlamboo ($2.49 in chips) 
Seat 3: califani96 ($2.20 in chips) 
Seat 4: kallasa88 ($1.85 in chips) 
Seat 5: Dorex2007 ($2.58 in chips) 
Seat 6: kompozit777 ($2.67 in chips) 
Seat 7: cjral333 ($1.78 in chips) 
Seat 8: nadokesh ($2 in chips) 
Seat 9: nikki565 ($1.36 in chips) 
nikki565: posts small blind $0.01
SlavikPuha: posts big blind $0.02
*** HOLE CARDS ***
Dealt to Dorex2007 [7d 2h]
goldlamboo: folds 
califani96: raises $0.08 to $0.10
kallasa88: folds 
Dorex2007: folds 
kompozit777: calls $0.10
cjral333: folds 
nadokesh: folds 
nikki565: folds 
SlavikPuha: folds 
*** FLOP *** [9c 4h 8s]
califani96: bets $0.15
kompozit777: calls $0.15
*** TURN *** [9c 4h 8s] [Jh]
califani96: checks 
kompozit777: bets $0.26
califani96: raises $1.69 to $1.95 and is all-in
kompozit777 has timed out
kompozit777: folds 
Uncalled bet ($1.69) returned to califani96
califani96 collected $1.01 from pot
califani96: doesn't show hand 
*** SUMMARY ***
Total pot $1.05 | Rake $0.04 
Board [9c 4h 8s Jh]
Seat 1: SlavikPuha (big blind) folded before Flop
Seat 2: goldlamboo folded before Flop (didn't bet)
Seat 3: califani96 collected ($1.01)
Seat 4: kallasa88 folded before Flop (didn't bet)
Seat 5: Dorex2007 folded before Flop (didn't bet)
Seat 6: kompozit777 folded on the Turn
Seat 7: cjral333 folded before Flop (didn't bet)
Seat 8: nadokesh (button) folded before Flop (didn't bet)
Seat 9: nikki565 (small blind) folded before Flop



PokerStars Hand #233214746528:  Hold'em No Limit ($0.01/$0.02 USD) - 2022/01/16 23:24:56 PT [2022/01/17 2:24:56 ET]
Table 'Yildun' 9-max Seat #9 is the button
Seat 1: SlavikPuha ($2 in chips) 
Seat 2: goldlamboo ($2.49 in chips) 
Seat 3: califani96 ($2.70 in chips) 
Seat 4: kallasa88 ($1.85 in chips) 
Seat 5: Dorex2007 ($2.58 in chips) 
Seat 6: kompozit777 ($2.16 in chips) 
Seat 7: cjral333 ($1.78 in chips) 
Seat 8: nadokesh ($2 in chips) 
Seat 9: nikki565 ($1.35 in chips) 
SlavikPuha: posts small blind $0.01
goldlamboo: posts big blind $0.02
*** HOLE CARDS ***
Dealt to Dorex2007 [8d 5s]
califani96: folds 
kallasa88: folds 
Dorex2007: folds 
kompozit777: raises $0.04 to $0.06
cjral333: folds 
nadokesh: folds 
nikki565: folds 
SlavikPuha: folds 
goldlamboo: folds 
Uncalled bet ($0.04) returned to kompozit777
kompozit777 collected $0.05 from pot
*** SUMMARY ***
Total pot $0.05 | Rake $0 
Seat 1: SlavikPuha (small blind) folded before Flop
Seat 2: goldlamboo (big blind) folded before Flop
Seat 3: califani96 folded before Flop (didn't bet)
Seat 4: kallasa88 folded before Flop (didn't bet)
Seat 5: Dorex2007 folded before Flop (didn't bet)
Seat 6: kompozit777 collected ($0.05)
Seat 7: cjral333 folded before Flop (didn't bet)
Seat 8: nadokesh folded before Flop (didn't bet)
Seat 9: nikki565 (button) folded before Flop (didn't bet)



PokerStars Hand #233214749286:  Hold'em No Limit ($0.01/$0.02 USD) - 2022/01/16 23:25:15 PT [2022/01/17 2:25:15 ET]
Table 'Yildun' 9-max Seat #1 is the button
Seat 1: SlavikPuha ($2 in chips) 
Seat 2: goldlamboo ($2.47 in chips) 
Seat 3: califani96 ($2.70 in chips) 
Seat 4: kallasa88 ($1.85 in chips) 
Seat 5: Dorex2007 ($2.58 in chips) 
Seat 6: kompozit777 ($2.19 in chips) 
Seat 7: cjral333 ($1.78 in chips) 
Seat 8: nadokesh ($2 in chips) 
Seat 9: nikki565 ($1.35 in chips) 
goldlamboo: posts small blind $0.01
califani96: posts big blind $0.02
*** HOLE CARDS ***
Dealt to Dorex2007 [7s Ad]
kallasa88: raises $0.04 to $0.06
Dorex2007: folds 
kompozit777: folds 
cjral333: folds 
nadokesh: folds 
nikki565: folds 
SlavikPuha: folds 
goldlamboo: folds 
califani96: folds 
Uncalled bet ($0.04) returned to kallasa88
kallasa88 collected $0.05 from pot
kallasa88: doesn't show hand 
*** SUMMARY ***
Total pot $0.05 | Rake $0 
Seat 1: SlavikPuha (button) folded before Flop (didn't bet)
Seat 2: goldlamboo (small blind) folded before Flop
Seat 3: califani96 (big blind) folded before Flop
Seat 4: kallasa88 collected ($0.05)
Seat 5: Dorex2007 folded before Flop (didn't bet)
Seat 6: kompozit777 folded before Flop (didn't bet)
Seat 7: cjral333 folded before Flop (didn't bet)
Seat 8: nadokesh folded before Flop (didn't bet)
Seat 9: nikki565 folded before Flop (didn't bet)



PokerStars Hand #233214752672:  Hold'em No Limit ($0.01/$0.02 USD) - 2022/01/16 23:25:37 PT [2022/01/17 2:25:37 ET]
Table 'Yildun' 9-max Seat #2 is the button
Seat 1: SlavikPuha ($2 in chips) 
Seat 2: goldlamboo ($2.46 in chips) 
Seat 3: califani96 ($2.68 in chips) 
Seat 4: kallasa88 ($1.88 in chips) 
Seat 5: Dorex2007 ($2.58 in chips) 
Seat 6: kompozit777 ($2.19 in chips) 
Seat 7: cjral333 ($1.78 in chips) 
Seat 8: nadokesh ($2 in chips) 
Seat 9: nikki565 ($1.35 in chips) 
califani96: posts small blind $0.01
kallasa88: posts big blind $0.02
*** HOLE CARDS ***
Dealt to Dorex2007 [8s 8c]
Dorex2007: folds 
kompozit777: raises $0.02 to $0.04
cjral333: calls $0.04
nadokesh: folds 
nikki565: folds 
SlavikPuha: calls $0.04
goldlamboo: calls $0.04
califani96: folds 
kallasa88: folds 
*** FLOP *** [Kh 5s 9c]
kompozit777: checks 
cjral333: checks 
SlavikPuha: bets $0.09
goldlamboo: calls $0.09
kompozit777: folds 
cjral333: calls $0.09
*** TURN *** [Kh 5s 9c] [2s]
cjral333: checks 
SlavikPuha: bets $0.22
goldlamboo: calls $0.22
cjral333: folds 
*** RIVER *** [Kh 5s 9c 2s] [3d]
SlavikPuha: bets $0.30
goldlamboo: calls $0.30
*** SHOW DOWN ***
SlavikPuha: shows [Kd Ts] (a pair of Kings)
goldlamboo: shows [Td Kc] (a pair of Kings)
SlavikPuha collected $0.73 from pot
goldlamboo collected $0.72 from pot
*** SUMMARY ***
Total pot $1.50 | Rake $0.05 
Board [Kh 5s 9c 2s 3d]
Seat 1: SlavikPuha showed [Kd Ts] and won ($0.73) with a pair of Kings
Seat 2: goldlamboo (button) showed [Td Kc] and won ($0.72) with a pair of Kings
Seat 3: califani96 (small blind) folded before Flop
Seat 4: kallasa88 (big blind) folded before Flop
Seat 5: Dorex2007 folded before Flop (didn't bet)
Seat 6: kompozit777 folded on the Flop
Seat 7: cjral333 folded on the Turn
Seat 8: nadokesh folded before Flop (didn't bet)
Seat 9: nikki565 folded before Flop (didn't bet)



PokerStars Hand #233214766634:  Hold'em No Limit ($0.01/$0.02 USD) - 2022/01/16 23:27:13 PT [2022/01/17 2:27:13 ET]
Table 'Yildun' 9-max Seat #3 is the button
Seat 1: SlavikPuha ($2.08 in chips) 
Seat 2: goldlamboo ($2.53 in chips) 
Seat 3: califani96 ($2.67 in chips) 
Seat 4: kallasa88 ($1.86 in chips) 
Seat 5: Dorex2007 ($2.58 in chips) 
Seat 6: kompozit777 ($2.15 in chips) 
Seat 7: cjral333 ($1.65 in chips) 
Seat 8: nadokesh ($2 in chips) 
Seat 9: nikki565 ($1.35 in chips) 
kallasa88: posts small blind $0.01
Dorex2007: posts big blind $0.02
*** HOLE CARDS ***
Dealt to Dorex2007 [Ah As]
kompozit777 has timed out
kompozit777: folds 
cjral333: folds 
nadokesh: folds 
nikki565: folds 
SlavikPuha: folds 
goldlamboo: folds 
califani96: folds 
kallasa88: folds 
Uncalled bet ($0.01) returned to Dorex2007
Dorex2007 collected $0.02 from pot
Dorex2007: doesn't show hand 
*** SUMMARY ***
Total pot $0.02 | Rake $0 
Seat 1: SlavikPuha folded before Flop (didn't bet)
Seat 2: goldlamboo folded before Flop (didn't bet)
Seat 3: califani96 (button) folded before Flop (didn't bet)
Seat 4: kallasa88 (small blind) folded before Flop
Seat 5: Dorex2007 (big blind) collected ($0.02)
Seat 6: kompozit777 folded before Flop (didn't bet)
Seat 7: cjral333 folded before Flop (didn't bet)
Seat 8: nadokesh folded before Flop (didn't bet)
Seat 9: nikki565 folded before Flop (didn't bet)



PokerStars Hand #233214769909:  Hold'em No Limit ($0.01/$0.02 USD) - 2022/01/16 23:27:36 PT [2022/01/17 2:27:36 ET]
Table 'Yildun' 9-max Seat #4 is the button
Seat 1: SlavikPuha ($2.08 in chips) 
Seat 2: goldlamboo ($2.53 in chips) 
Seat 3: califani96 ($2.67 in chips) 
Seat 4: kallasa88 ($1.85 in chips) 
Seat 5: Dorex2007 ($2.59 in chips) 
Seat 6: kompozit777 ($2.15 in chips) 
Seat 7: cjral333 ($1.65 in chips) 
Seat 8: nadokesh ($2 in chips) 
Seat 9: nikki565 ($1.35 in chips) 
Dorex2007: posts small blind $0.01
kompozit777: posts big blind $0.02
*** HOLE CARDS ***
Dealt to Dorex2007 [4s Js]
cjral333: folds 
nadokesh: raises $0.04 to $0.06
nikki565: calls $0.06
SlavikPuha: folds 
goldlamboo: folds 
califani96: folds 
kallasa88: folds 
Dorex2007: folds 
kompozit777: calls $0.04
*** FLOP *** [2h Th Ks]
kompozit777: checks 
nadokesh: bets $0.14
nikki565: folds 
kompozit777: folds 
Uncalled bet ($0.14) returned to nadokesh
nadokesh collected $0.18 from pot
nadokesh: doesn't show hand 
*** SUMMARY ***
Total pot $0.19 | Rake $0.01 
Board [2h Th Ks]
Seat 1: SlavikPuha folded before Flop (didn't bet)
Seat 2: goldlamboo folded before Flop (didn't bet)
Seat 3: califani96 folded before Flop (didn't bet)
Seat 4: kallasa88 (button) folded before Flop (didn't bet)
Seat 5: Dorex2007 (small blind) folded before Flop
Seat 6: kompozit777 (big blind) folded on the Flop
Seat 7: cjral333 folded before Flop (didn't bet)
Seat 8: nadokesh collected ($0.18)
Seat 9: nikki565 folded on the Flop



PokerStars Hand #233214776596:  Hold'em No Limit ($0.01/$0.02 USD) - 2022/01/16 23:28:22 PT [2022/01/17 2:28:22 ET]
Table 'Yildun' 9-max Seat #5 is the button
Seat 1: SlavikPuha ($2.08 in chips) 
Seat 2: goldlamboo ($2.53 in chips) 
Seat 3: califani96 ($2.67 in chips) 
Seat 4: kallasa88 ($1.85 in chips) 
Seat 5: Dorex2007 ($2.58 in chips) 
Seat 6: kompozit777 ($2.09 in chips) 
Seat 7: cjral333 ($1.65 in chips) 
Seat 8: nadokesh ($2.12 in chips) 
Seat 9: nikki565 ($1.29 in chips) 
kompozit777: posts small blind $0.01
cjral333: posts big blind $0.02
*** HOLE CARDS ***
Dealt to Dorex2007 [Qd As]
nadokesh: folds 
nikki565: folds 
SlavikPuha: folds 
goldlamboo: folds 
califani96 has timed out
califani96: folds 
kallasa88: folds 
Dorex2007: raises $0.04 to $0.06
kompozit777: raises $0.16 to $0.22
cjral333: folds 
Dorex2007: folds 
Uncalled bet ($0.16) returned to kompozit777
kompozit777 collected $0.14 from pot
*** SUMMARY ***
Total pot $0.14 | Rake $0 
Seat 1: SlavikPuha folded before Flop (didn't bet)
Seat 2: goldlamboo folded before Flop (didn't bet)
Seat 3: califani96 folded before Flop (didn't bet)
Seat 4: kallasa88 folded before Flop (didn't bet)
Seat 5: Dorex2007 (button) folded before Flop
Seat 6: kompozit777 (small blind) collected ($0.14)
Seat 7: cjral333 (big blind) folded before Flop
Seat 8: nadokesh folded before Flop (didn't bet)
Seat 9: nikki565 folded before Flop (didn't bet)



PokerStars Hand #233214783251:  Hold'em No Limit ($0.01/$0.02 USD) - 2022/01/16 23:29:07 PT [2022/01/17 2:29:07 ET]
Table 'Yildun' 9-max Seat #6 is the button
Seat 1: SlavikPuha ($2.08 in chips) 
Seat 2: goldlamboo ($2.53 in chips) 
Seat 3: califani96 ($2.67 in chips) 
Seat 4: kallasa88 ($1.85 in chips) 
Seat 5: Dorex2007 ($2.52 in chips) 
Seat 6: kompozit777 ($2.17 in chips) 
Seat 7: cjral333 ($1.63 in chips) 
Seat 8: nadokesh ($2.12 in chips) 
Seat 9: nikki565 ($1.29 in chips) 
cjral333: posts small blind $0.01
nadokesh: posts big blind $0.02
*** HOLE CARDS ***
Dealt to Dorex2007 [7d Kc]
nikki565: calls $0.02
SlavikPuha: folds 
goldlamboo: folds 
califani96: folds 
kallasa88: folds 
Dorex2007: folds 
kompozit777: raises $0.04 to $0.06
cjral333: calls $0.05
nadokesh: folds 
nikki565: calls $0.04
*** FLOP *** [7h 8h Kd]
cjral333: checks 
nikki565: bets $1.23 and is all-in
kompozit777: folds 
cjral333: folds 
Uncalled bet ($1.23) returned to nikki565
nikki565 collected $0.19 from pot
*** SUMMARY ***
Total pot $0.20 | Rake $0.01 
Board [7h 8h Kd]
Seat 1: SlavikPuha folded before Flop (didn't bet)
Seat 2: goldlamboo folded before Flop (didn't bet)
Seat 3: califani96 folded before Flop (didn't bet)
Seat 4: kallasa88 folded before Flop (didn't bet)
Seat 5: Dorex2007 folded before Flop (didn't bet)
Seat 6: kompozit777 (button) folded on the Flop
Seat 7: cjral333 (small blind) folded on the Flop
Seat 8: nadokesh (big blind) folded before Flop
Seat 9: nikki565 collected ($0.19)



PokerStars Hand #233214791500:  Hold'em No Limit ($0.01/$0.02 USD) - 2022/01/16 23:30:03 PT [2022/01/17 2:30:03 ET]
Table 'Yildun' 9-max Seat #7 is the button
Seat 1: SlavikPuha ($2.08 in chips) 
Seat 2: goldlamboo ($2.53 in chips) 
Seat 3: califani96 ($2.67 in chips) 
Seat 4: kallasa88 ($1.85 in chips) 
Seat 5: Dorex2007 ($2.52 in chips) 
Seat 6: kompozit777 ($2.11 in chips) 
Seat 7: cjral333 ($1.57 in chips) 
Seat 8: nadokesh ($2.10 in chips) 
Seat 9: nikki565 ($1.42 in chips) 
nadokesh: posts small blind $0.01
nikki565: posts big blind $0.02
*** HOLE CARDS ***
Dealt to Dorex2007 [3d 2d]
SlavikPuha: folds 
goldlamboo: folds 
califani96 has timed out
califani96: folds 
kallasa88: folds 
Dorex2007: folds 
kompozit777 has timed out
kompozit777: folds 
cjral333: folds 
nadokesh: folds 
Uncalled bet ($0.01) returned to nikki565
nikki565 collected $0.02 from pot
*** SUMMARY ***
Total pot $0.02 | Rake $0 
Seat 1: SlavikPuha folded before Flop (didn't bet)
Seat 2: goldlamboo folded before Flop (didn't bet)
Seat 3: califani96 folded before Flop (didn't bet)
Seat 4: kallasa88 folded before Flop (didn't bet)
Seat 5: Dorex2007 folded before Flop (didn't bet)
Seat 6: kompozit777 folded before Flop (didn't bet)
Seat 7: cjral333 (button) folded before Flop (didn't bet)
Seat 8: nadokesh (small blind) folded before Flop
Seat 9: nikki565 (big blind) collected ($0.02)



PokerStars Hand #233214796143:  Hold'em No Limit ($0.01/$0.02 USD) - 2022/01/16 23:30:34 PT [2022/01/17 2:30:34 ET]
Table 'Yildun' 9-max Seat #8 is the button
Seat 1: SlavikPuha ($2.08 in chips) 
Seat 2: goldlamboo ($2.53 in chips) 
Seat 4: kallasa88 ($1.85 in chips) 
Seat 5: Dorex2007 ($2.52 in chips) 
Seat 7: cjral333 ($1.57 in chips) 
Seat 8: nadokesh ($2.09 in chips) 
Seat 9: nikki565 ($1.43 in chips) 
nikki565: posts small blind $0.01
SlavikPuha: posts big blind $0.02
*** HOLE CARDS ***
Dealt to Dorex2007 [3c 6c]
goldlamboo: folds 
kallasa88: folds 
Dorex2007: folds 
goldlamboo leaves the table
cjral333: raises $0.08 to $0.10
nadokesh: folds 
nikki565: folds 
SlavikPuha: folds 
Uncalled bet ($0.08) returned to cjral333
cjral333 collected $0.05 from pot
cjral333: doesn't show hand 
*** SUMMARY ***
Total pot $0.05 | Rake $0 
Seat 1: SlavikPuha (big blind) folded before Flop
Seat 2: goldlamboo folded before Flop (didn't bet)
Seat 4: kallasa88 folded before Flop (didn't bet)
Seat 5: Dorex2007 folded before Flop (didn't bet)
Seat 7: cjral333 collected ($0.05)
Seat 8: nadokesh (button) folded before Flop (didn't bet)
Seat 9: nikki565 (small blind) folded before Flop



PokerStars Hand #233214799384:  Hold'em No Limit ($0.01/$0.02 USD) - 2022/01/16 23:30:56 PT [2022/01/17 2:30:56 ET]
Table 'Yildun' 9-max Seat #9 is the button
Seat 1: SlavikPuha ($2.06 in chips) 
Seat 3: califani96 ($2.67 in chips) 
Seat 4: kallasa88 ($1.85 in chips) 
Seat 5: Dorex2007 ($2.52 in chips) 
Seat 7: cjral333 ($1.60 in chips) 
Seat 8: nadokesh ($2.09 in chips) 
Seat 9: nikki565 ($1.42 in chips) 
SlavikPuha: posts small blind $0.01
califani96: posts big blind $0.02
*** HOLE CARDS ***
Dealt to Dorex2007 [Ks 9d]
kallasa88: raises $0.04 to $0.06
Dorex2007: folds 
cjral333: folds 
nadokesh: folds 
nikki565: folds 
SlavikPuha: folds 
califani96: folds 
Uncalled bet ($0.04) returned to kallasa88
kallasa88 collected $0.05 from pot
kallasa88: doesn't show hand 
*** SUMMARY ***
Total pot $0.05 | Rake $0 
Seat 1: SlavikPuha (small blind) folded before Flop
Seat 3: califani96 (big blind) folded before Flop
Seat 4: kallasa88 collected ($0.05)
Seat 5: Dorex2007 folded before Flop (didn't bet)
Seat 7: cjral333 folded before Flop (didn't bet)
Seat 8: nadokesh folded before Flop (didn't bet)
Seat 9: nikki565 (button) folded before Flop (didn't bet)



PokerStars Hand #233214803158:  Hold'em No Limit ($0.01/$0.02 USD) - 2022/01/16 23:31:22 PT [2022/01/17 2:31:22 ET]
Table 'Yildun' 9-max Seat #1 is the button
Seat 1: SlavikPuha ($2.05 in chips) 
Seat 3: califani96 ($2.65 in chips) 
Seat 4: kallasa88 ($1.88 in chips) 
Seat 5: Dorex2007 ($2.52 in chips) 
Seat 7: cjral333 ($1.60 in chips) 
Seat 8: nadokesh ($2.09 in chips) 
Seat 9: nikki565 ($1.42 in chips) 
califani96: posts small blind $0.01
kallasa88: posts big blind $0.02
*** HOLE CARDS ***
Dealt to Dorex2007 [2h Js]
Dorex2007: folds 
cjral333: calls $0.02
nadokesh: folds 
nikki565: folds 
SlavikPuha: folds 
califani96: folds 
kallasa88: checks 
*** FLOP *** [Kd 6d 3d]
kallasa88: bets $0.02
cjral333: folds 
Uncalled bet ($0.02) returned to kallasa88
kallasa88 collected $0.05 from pot
kallasa88: doesn't show hand 
*** SUMMARY ***
Total pot $0.05 | Rake $0 
Board [Kd 6d 3d]
Seat 1: SlavikPuha (button) folded before Flop (didn't bet)
Seat 3: califani96 (small blind) folded before Flop
Seat 4: kallasa88 (big blind) collected ($0.05)
Seat 5: Dorex2007 folded before Flop (didn't bet)
Seat 7: cjral333 folded on the Flop
Seat 8: nadokesh folded before Flop (didn't bet)
Seat 9: nikki565 folded before Flop (didn't bet)



PokerStars Hand #233214810929:  Hold'em No Limit ($0.01/$0.02 USD) - 2022/01/16 23:32:15 PT [2022/01/17 2:32:15 ET]
Table 'Yildun' 9-max Seat #3 is the button
Seat 1: SlavikPuha ($2.05 in chips) 
Seat 3: califani96 ($2.64 in chips) 
Seat 4: kallasa88 ($1.91 in chips) 
Seat 5: Dorex2007 ($2.52 in chips) 
Seat 6: kompozit777 ($2.11 in chips) 
Seat 7: cjral333 ($1.58 in chips) 
Seat 8: nadokesh ($2.09 in chips) 
Seat 9: nikki565 ($1.42 in chips) 
kallasa88: posts small blind $0.01
Dorex2007: posts big blind $0.02
*** HOLE CARDS ***
Dealt to Dorex2007 [4d Qs]
kompozit777: folds 
cjral333: folds 
nadokesh: folds 
nikki565: folds 
SlavikPuha: folds 
califani96 has timed out
califani96: folds 
kallasa88: folds 
Uncalled bet ($0.01) returned to Dorex2007
Dorex2007 collected $0.02 from pot
Dorex2007: doesn't show hand 
*** SUMMARY ***
Total pot $0.02 | Rake $0 
Seat 1: SlavikPuha folded before Flop (didn't bet)
Seat 3: califani96 (button) folded before Flop (didn't bet)
Seat 4: kallasa88 (small blind) folded before Flop
Seat 5: Dorex2007 (big blind) collected ($0.02)
Seat 6: kompozit777 folded before Flop (didn't bet)
Seat 7: cjral333 folded before Flop (didn't bet)
Seat 8: nadokesh folded before Flop (didn't bet)
Seat 9: nikki565 folded before Flop (didn't bet)



PokerStars Hand #233214815607:  Hold'em No Limit ($0.01/$0.02 USD) - 2022/01/16 23:32:47 PT [2022/01/17 2:32:47 ET]
Table 'Yildun' 9-max Seat #4 is the button
Seat 1: SlavikPuha ($2.05 in chips) 
Seat 4: kallasa88 ($1.90 in chips) 
Seat 5: Dorex2007 ($2.53 in chips) 
Seat 6: kompozit777 ($2.11 in chips) 
Seat 7: cjral333 ($1.58 in chips) 
Seat 8: nadokesh ($2.09 in chips) 
Seat 9: nikki565 ($1.42 in chips) 
Dorex2007: posts small blind $0.01
kompozit777: posts big blind $0.02
*** HOLE CARDS ***
Dealt to Dorex2007 [6h Kc]
cjral333: folds 
nadokesh: calls $0.02
nikki565: folds 
SlavikPuha: folds 
kallasa88: folds 
califani96 is disconnected 
Dorex2007: calls $0.01
cjral333 leaves the table
kompozit777 has timed out
kompozit777: checks 
*** FLOP *** [7s 7c 9s]
Dorex2007: checks 
kompozit777: checks 
nadokesh: checks 
*** TURN *** [7s 7c 9s] [Qd]
Dorex2007: checks 
kompozit777: checks 
nadokesh: checks 
*** RIVER *** [7s 7c 9s Qd] [4d]
Dorex2007: checks 
kompozit777: checks 
nadokesh: checks 
*** SHOW DOWN ***
Dorex2007: shows [6h Kc] (a pair of Sevens)
kompozit777: shows [Kh 5s] (a pair of Sevens)
nadokesh: shows [3s 3h] (two pair, Sevens and Threes)
nadokesh collected $0.06 from pot
*** SUMMARY ***
Total pot $0.06 | Rake $0 
Board [7s 7c 9s Qd 4d]
Seat 1: SlavikPuha folded before Flop (didn't bet)
Seat 4: kallasa88 (button) folded before Flop (didn't bet)
Seat 5: Dorex2007 (small blind) showed [6h Kc] and lost with a pair of Sevens
Seat 6: kompozit777 (big blind) showed [Kh 5s] and lost with a pair of Sevens
Seat 7: cjral333 folded before Flop (didn't bet)
Seat 8: nadokesh showed [3s 3h] and won ($0.06) with two pair, Sevens and Threes
Seat 9: nikki565 folded before Flop (didn't bet)



PokerStars Hand #233214829192:  Hold'em No Limit ($0.01/$0.02 USD) - 2022/01/16 23:34:19 PT [2022/01/17 2:34:19 ET]
Table 'Yildun' 9-max Seat #5 is the button
Seat 1: SlavikPuha ($2.05 in chips) 
Seat 3: califani96 ($2.64 in chips) 
Seat 4: kallasa88 ($1.90 in chips) 
Seat 5: Dorex2007 ($2.51 in chips) 
Seat 6: kompozit777 ($2.09 in chips) 
Seat 8: nadokesh ($2.13 in chips) 
Seat 9: nikki565 ($1.42 in chips) 
kompozit777: posts small blind $0.01
nadokesh: posts big blind $0.02
*** HOLE CARDS ***
Dealt to Dorex2007 [5s Ac]
nikki565: calls $0.02
SlavikPuha: raises $0.04 to $0.06
califani96: calls $0.06
TuneIn23 joins the table at seat #2 
kallasa88: calls $0.06
Dorex2007: folds 
kompozit777 has timed out
kompozit777: folds 
nadokesh: folds 
nikki565: calls $0.04
*** FLOP *** [Th 8h 4c]
Vorontsov28 joins the table at seat #7 
nikki565: checks 
SlavikPuha: bets $0.13
califani96 is disconnected 
Vorontsov28 leaves the table
califani96 has timed out while disconnected
califani96: folds 
kallasa88: folds 
nikki565: folds 
Uncalled bet ($0.13) returned to SlavikPuha
SlavikPuha collected $0.26 from pot
SlavikPuha: doesn't show hand 
*** SUMMARY ***
Total pot $0.27 | Rake $0.01 
Board [Th 8h 4c]
Seat 1: SlavikPuha collected ($0.26)
Seat 3: califani96 folded on the Flop
Seat 4: kallasa88 folded on the Flop
Seat 5: Dorex2007 (button) folded before Flop (didn't bet)
Seat 6: kompozit777 (small blind) folded before Flop
Seat 8: nadokesh (big blind) folded before Flop
Seat 9: nikki565 folded on the Flop



PokerStars Hand #233214846143:  Hold'em No Limit ($0.01/$0.02 USD) - 2022/01/16 23:36:14 PT [2022/01/17 2:36:14 ET]
Table 'Yildun' 9-max Seat #6 is the button
Seat 1: SlavikPuha ($2.25 in chips) 
Seat 2: TuneIn23 ($1.46 in chips) 
Seat 4: kallasa88 ($1.84 in chips) 
Seat 5: Dorex2007 ($2.51 in chips) 
Seat 6: kompozit777 ($2.08 in chips) 
Seat 8: nadokesh ($2.11 in chips) 
Seat 9: nikki565 ($1.36 in chips) 
nadokesh: posts small blind $0.01
nikki565: posts big blind $0.02
TuneIn23: posts big blind $0.02
*** HOLE CARDS ***
Dealt to Dorex2007 [Th 4c]
zeppelin707 joins the table at seat #7 
SlavikPuha: folds 
TuneIn23: checks 
kallasa88: folds 
Dorex2007: folds 
kompozit777 has timed out
kompozit777: folds 
nadokesh: calls $0.01
nikki565: checks 
*** FLOP *** [Js 9d 9s]
nadokesh: checks 
nikki565: bets $0.04
TuneIn23: folds 
nadokesh: folds 
Uncalled bet ($0.04) returned to nikki565
nikki565 collected $0.06 from pot
*** SUMMARY ***
Total pot $0.06 | Rake $0 
Board [Js 9d 9s]
Seat 1: SlavikPuha folded before Flop (didn't bet)
Seat 2: TuneIn23 folded on the Flop (didn't bet)
Seat 4: kallasa88 folded before Flop (didn't bet)
Seat 5: Dorex2007 folded before Flop (didn't bet)
Seat 6: kompozit777 (button) folded before Flop (didn't bet)
Seat 8: nadokesh (small blind) folded on the Flop
Seat 9: nikki565 (big blind) collected ($0.06)



PokerStars Hand #233214853871:  Hold'em No Limit ($0.01/$0.02 USD) - 2022/01/16 23:37:06 PT [2022/01/17 2:37:06 ET]
Table 'Yildun' 9-max Seat #8 is the button
Seat 1: SlavikPuha ($2.25 in chips) 
Seat 2: TuneIn23 ($1.44 in chips) 
Seat 4: kallasa88 ($1.84 in chips) 
Seat 5: Dorex2007 ($2.51 in chips) 
Seat 8: nadokesh ($2.09 in chips) 
Seat 9: nikki565 ($1.40 in chips) 
nikki565: posts small blind $0.01
SlavikPuha: posts big blind $0.02
zeppelin707: sits out 
*** HOLE CARDS ***
Dealt to Dorex2007 [7s Kd]
TuneIn23 has timed out
TuneIn23: folds 
kallasa88: folds 
Dorex2007: folds 
nadokesh: folds 
nikki565: calls $0.01
SlavikPuha: checks 
*** FLOP *** [6s Ad 9s]
nikki565: checks 
kallasa88 leaves the table
SlavikPuha has timed out
SlavikPuha: checks 
*** TURN *** [6s Ad 9s] [Jd]
nikki565: checks 
SlavikPuha has timed out
SlavikPuha: checks 
*** RIVER *** [6s Ad 9s Jd] [7c]
kiling1 joins the table at seat #4 
nikki565: bets $0.02
SlavikPuha has timed out
SlavikPuha: folds 
Uncalled bet ($0.02) returned to nikki565
nikki565 collected $0.04 from pot
*** SUMMARY ***
Total pot $0.04 | Rake $0 
Board [6s Ad 9s Jd 7c]
Seat 1: SlavikPuha (big blind) folded on the River
Seat 2: TuneIn23 folded before Flop (didn't bet)
Seat 4: kallasa88 folded before Flop (didn't bet)
Seat 5: Dorex2007 folded before Flop (didn't bet)
Seat 8: nadokesh (button) folded before Flop (didn't bet)
Seat 9: nikki565 (small blind) collected ($0.04)



PokerStars Hand #233214868343:  Hold'em No Limit ($0.01/$0.02 USD) - 2022/01/16 23:38:45 PT [2022/01/17 2:38:45 ET]
Table 'Yildun' 9-max Seat #9 is the button
Seat 2: TuneIn23 ($1.44 in chips) 
Seat 4: kiling1 ($2 in chips) 
Seat 5: Dorex2007 ($2.51 in chips) 
Seat 6: kompozit777 ($2.08 in chips) 
Seat 7: zeppelin707 ($1.60 in chips) 
Seat 8: nadokesh ($2.09 in chips) 
Seat 9: nikki565 ($1.42 in chips) 
TuneIn23: posts small blind $0.01
kiling1: posts big blind $0.02
zeppelin707: posts big blind $0.02
*** HOLE CARDS ***
Dealt to Dorex2007 [9c 6d]
Dorex2007: folds 
kompozit777 has timed out
kompozit777: folds 
zeppelin707: checks 
nadokesh: folds 
nikki565: folds 
TuneIn23: raises $1.42 to $1.44 and is all-in
kiling1: folds 
zeppelin707: folds 
Uncalled bet ($1.42) returned to TuneIn23
TuneIn23 collected $0.06 from pot
TuneIn23: doesn't show hand 
*** SUMMARY ***
Total pot $0.06 | Rake $0 
Seat 2: TuneIn23 (small blind) collected ($0.06)
Seat 4: kiling1 (big blind) folded before Flop
Seat 5: Dorex2007 folded before Flop (didn't bet)
Seat 6: kompozit777 folded before Flop (didn't bet)
Seat 7: zeppelin707 folded before Flop (didn't bet)
Seat 8: nadokesh folded before Flop (didn't bet)
Seat 9: nikki565 (button) folded before Flop (didn't bet)



PokerStars Hand #233214873449:  Hold'em No Limit ($0.01/$0.02 USD) - 2022/01/16 23:39:20 PT [2022/01/17 2:39:20 ET]
Table 'Yildun' 9-max Seat #2 is the button
Seat 2: TuneIn23 ($1.48 in chips) 
Seat 4: kiling1 ($1.98 in chips) 
Seat 5: Dorex2007 ($2.51 in chips) 
Seat 7: zeppelin707 ($1.58 in chips) 
Seat 8: nadokesh ($2.09 in chips) 
Seat 9: nikki565 ($1.42 in chips) 
kiling1: posts small blind $0.01
Dorex2007: posts big blind $0.02
*** HOLE CARDS ***
Dealt to Dorex2007 [9c 2h]
zeppelin707: folds 
nadokesh: folds 
nikki565: calls $0.02
TuneIn23: calls $0.02
kiling1: folds 
Dorex2007: checks 
*** FLOP *** [6h 5d 6s]
Dorex2007: checks 
nikki565: bets $0.06
TuneIn23: folds 
Dorex2007: folds 
Uncalled bet ($0.06) returned to nikki565
nikki565 collected $0.07 from pot
*** SUMMARY ***
Total pot $0.07 | Rake $0 
Board [6h 5d 6s]
Seat 2: TuneIn23 (button) folded on the Flop
Seat 4: kiling1 (small blind) folded before Flop
Seat 5: Dorex2007 (big blind) folded on the Flop
Seat 7: zeppelin707 folded before Flop (didn't bet)
Seat 8: nadokesh folded before Flop (didn't bet)
Seat 9: nikki565 collected ($0.07)



PokerStars Hand #233214878392:  Hold'em No Limit ($0.01/$0.02 USD) - 2022/01/16 23:39:53 PT [2022/01/17 2:39:53 ET]
Table 'Yildun' 9-max Seat #4 is the button
Seat 2: TuneIn23 ($1.46 in chips) 
Seat 4: kiling1 ($1.97 in chips) 
Seat 5: Dorex2007 ($2.49 in chips) 
Seat 7: zeppelin707 ($1.58 in chips) 
Seat 8: nadokesh ($2.09 in chips) 
Seat 9: nikki565 ($1.47 in chips) 
Dorex2007: posts small blind $0.01
zeppelin707: posts big blind $0.02
*** HOLE CARDS ***
Dealt to Dorex2007 [Ad Qc]
nadokesh: folds 
nikki565: folds 
TuneIn23: calls $0.02
kiling1: folds 
Dorex2007: raises $0.04 to $0.06
zeppelin707: folds 
TuneIn23: calls $0.04
*** FLOP *** [5c 6d 7h]
Dorex2007: bets $0.14
TuneIn23: folds 
Uncalled bet ($0.14) returned to Dorex2007
Dorex2007 collected $0.14 from pot
Dorex2007: doesn't show hand 
*** SUMMARY ***
Total pot $0.14 | Rake $0 
Board [5c 6d 7h]
Seat 2: TuneIn23 folded on the Flop
Seat 4: kiling1 (button) folded before Flop (didn't bet)
Seat 5: Dorex2007 (small blind) collected ($0.14)
Seat 7: zeppelin707 (big blind) folded before Flop
Seat 8: nadokesh folded before Flop (didn't bet)
Seat 9: nikki565 folded before Flop (didn't bet)



PokerStars Hand #233214881585:  Hold'em No Limit ($0.01/$0.02 USD) - 2022/01/16 23:40:14 PT [2022/01/17 2:40:14 ET]
Table 'Yildun' 9-max Seat #5 is the button
Seat 2: TuneIn23 ($1.40 in chips) 
Seat 3: califani96 ($2.58 in chips) 
Seat 4: kiling1 ($1.97 in chips) 
Seat 5: Dorex2007 ($2.57 in chips) 
Seat 7: zeppelin707 ($1.56 in chips) 
Seat 8: nadokesh ($2.09 in chips) 
Seat 9: nikki565 ($1.47 in chips) 
zeppelin707: posts small blind $0.01
nadokesh: posts big blind $0.02
SlavikPuha: sits out 
califani96: posts small & big blinds $0.03
*** HOLE CARDS ***
Dealt to Dorex2007 [Ts Jc]
nikki565: calls $0.02
TuneIn23: calls $0.02
califani96: checks 
kiling1: raises $0.12 to $0.14
Dorex2007: folds 
zeppelin707: folds 
nadokesh: folds 
nikki565: folds 
TuneIn23: calls $0.12
califani96: calls $0.12
*** FLOP *** [Qc Qs 6d]
TuneIn23: checks 
califani96: checks 
kiling1: bets $0.23
TuneIn23: folds 
califani96: calls $0.23
*** TURN *** [Qc Qs 6d] [6c]
califani96: checks 
kiling1: checks 
*** RIVER *** [Qc Qs 6d 6c] [8h]
califani96: bets $0.45
kiling1: folds 
Uncalled bet ($0.45) returned to califani96
califani96 collected $0.91 from pot
califani96: doesn't show hand 
*** SUMMARY ***
Total pot $0.94 | Rake $0.03 
Board [Qc Qs 6d 6c 8h]
Seat 2: TuneIn23 folded on the Flop
Seat 3: califani96 collected ($0.91)
Seat 4: kiling1 folded on the River
Seat 5: Dorex2007 (button) folded before Flop (didn't bet)
Seat 7: zeppelin707 (small blind) folded before Flop
Seat 8: nadokesh (big blind) folded before Flop
Seat 9: nikki565 folded before Flop



PokerStars Hand #233214899999:  Hold'em No Limit ($0.01/$0.02 USD) - 2022/01/16 23:42:16 PT [2022/01/17 2:42:16 ET]
Table 'Yildun' 9-max Seat #7 is the button
Seat 2: TuneIn23 ($1.26 in chips) 
Seat 3: califani96 ($3.11 in chips) 
Seat 4: kiling1 ($1.60 in chips) 
Seat 5: Dorex2007 ($2.57 in chips) 
Seat 7: zeppelin707 ($1.55 in chips) 
Seat 8: nadokesh ($2.07 in chips) 
Seat 9: nikki565 ($1.45 in chips) 
nadokesh: posts small blind $0.01
nikki565: posts big blind $0.02
SlavikPuha: sits out 
kompozit777: sits out 
*** HOLE CARDS ***
Dealt to Dorex2007 [Kc 9c]
TuneIn23: calls $0.02
califani96: folds 
kiling1: folds 
Dorex2007: calls $0.02
zeppelin707: folds 
nadokesh: raises $0.17 to $0.19
nikki565: folds 
TuneIn23: calls $0.17
Dorex2007: folds 
*** FLOP *** [Qd 3d Ac]
nadokesh: bets $0.14
TuneIn23: folds 
Uncalled bet ($0.14) returned to nadokesh
nadokesh collected $0.41 from pot
nadokesh: doesn't show hand 
*** SUMMARY ***
Total pot $0.42 | Rake $0.01 
Board [Qd 3d Ac]
Seat 2: TuneIn23 folded on the Flop
Seat 3: califani96 folded before Flop (didn't bet)
Seat 4: kiling1 folded before Flop (didn't bet)
Seat 5: Dorex2007 folded before Flop
Seat 7: zeppelin707 (button) folded before Flop (didn't bet)
Seat 8: nadokesh (small blind) collected ($0.41)
Seat 9: nikki565 (big blind) folded before Flop



PokerStars Hand #233214907797:  Hold'em No Limit ($0.01/$0.02 USD) - 2022/01/16 23:43:08 PT [2022/01/17 2:43:08 ET]
Table 'Yildun' 9-max Seat #8 is the button
Seat 1: SlavikPuha ($2.23 in chips) 
Seat 2: TuneIn23 ($1.07 in chips) 
Seat 3: califani96 ($3.11 in chips) 
Seat 4: kiling1 ($2 in chips) 
Seat 5: Dorex2007 ($2.55 in chips) 
Seat 7: zeppelin707 ($1.55 in chips) 
Seat 8: nadokesh ($2.29 in chips) 
Seat 9: nikki565 ($1.43 in chips) 
nikki565: posts small blind $0.01
SlavikPuha: posts big blind $0.02
kompozit777 has timed out
kompozit777: is sitting out 
*** HOLE CARDS ***
Dealt to Dorex2007 [2d 4h]
TuneIn23: folds 
kompozit777 is disconnected 
califani96 has timed out
califani96: folds 
kiling1: folds 
Dorex2007: folds 
zeppelin707: folds 
nadokesh: raises $0.03 to $0.05
nikki565: calls $0.04
SlavikPuha: folds 
*** FLOP *** [5c 9s 3h]
nikki565: checks 
nadokesh: checks 
*** TURN *** [5c 9s 3h] [Qs]
nikki565: checks 
nadokesh: checks 
*** RIVER *** [5c 9s 3h Qs] [7s]
nikki565: checks 
nadokesh: checks 
*** SHOW DOWN ***
nikki565: shows [6h 9h] (a pair of Nines)
nadokesh: mucks hand 
nikki565 collected $0.12 from pot
*** SUMMARY ***
Total pot $0.12 | Rake $0 
Board [5c 9s 3h Qs 7s]
Seat 1: SlavikPuha (big blind) folded before Flop
Seat 2: TuneIn23 folded before Flop (didn't bet)
Seat 3: califani96 folded before Flop (didn't bet)
Seat 4: kiling1 folded before Flop (didn't bet)
Seat 5: Dorex2007 folded before Flop (didn't bet)
Seat 7: zeppelin707 folded before Flop (didn't bet)
Seat 8: nadokesh (button) mucked [Jc Tc]
Seat 9: nikki565 (small blind) showed [6h 9h] and won ($0.12) with a pair of Nines



PokerStars Hand #233214915648:  Hold'em No Limit ($0.01/$0.02 USD) - 2022/01/16 23:44:00 PT [2022/01/17 2:44:00 ET]
Table 'Yildun' 9-max Seat #9 is the button
Seat 1: SlavikPuha ($2.21 in chips) 
Seat 2: TuneIn23 ($1.07 in chips) 
Seat 3: califani96 ($3.11 in chips) 
Seat 4: kiling1 ($2 in chips) 
Seat 5: Dorex2007 ($2.55 in chips) 
Seat 7: zeppelin707 ($1.55 in chips) 
Seat 8: nadokesh ($2.24 in chips) 
Seat 9: nikki565 ($1.50 in chips) 
SlavikPuha: posts small blind $0.01
TuneIn23: posts big blind $0.02
*** HOLE CARDS ***
Dealt to Dorex2007 [8s Qh]
califani96 has timed out
califani96: folds 
kiling1: folds 
Dorex2007: folds 
zeppelin707: folds 
nadokesh: folds 
nikki565: folds 
SlavikPuha: raises $0.04 to $0.06
TuneIn23: raises $1.01 to $1.07 and is all-in
SlavikPuha: calls $1.01
*** FLOP *** [Kd Td 9s]
*** TURN *** [Kd Td 9s] [2s]
*** RIVER *** [Kd Td 9s 2s] [7h]
*** SHOW DOWN ***
SlavikPuha: shows [Ac Qd] (high card Ace)
TuneIn23: shows [Js Ad] (high card Ace - lower kicker)
SlavikPuha cashed out the hand for $1.51 | Cash Out Fee $0.02
*** SUMMARY ***
Total pot $2.14 | Rake $0.07 
Board [Kd Td 9s 2s 7h]
Seat 1: SlavikPuha (small blind) showed [Ac Qd] and won ($2.07) with high card Ace (pot not awarded as player cashed out)
Seat 2: TuneIn23 (big blind) showed [Js Ad] and lost with high card Ace
Seat 3: califani96 folded before Flop (didn't bet)
Seat 4: kiling1 folded before Flop (didn't bet)
Seat 5: Dorex2007 folded before Flop (didn't bet)
Seat 7: zeppelin707 folded before Flop (didn't bet)
Seat 8: nadokesh folded before Flop (didn't bet)
Seat 9: nikki565 (button) folded before Flop (didn't bet)



PokerStars Hand #233214922103:  Hold'em No Limit ($0.01/$0.02 USD) - 2022/01/16 23:44:37 PT [2022/01/17 2:44:37 ET]
Table 'Yildun' 9-max Seat #1 is the button
Seat 1: SlavikPuha ($2.65 in chips) 
Seat 4: kiling1 ($2 in chips) 
Seat 5: Dorex2007 ($2.55 in chips) 
Seat 7: zeppelin707 ($1.55 in chips) 
Seat 8: nadokesh ($2.24 in chips) 
Seat 9: nikki565 ($1.50 in chips) 
kiling1: posts small blind $0.01
Dorex2007: posts big blind $0.02
*** HOLE CARDS ***
Dealt to Dorex2007 [6d Jc]
zeppelin707: raises $0.05 to $0.07
nadokesh: folds 
nikki565: folds 
SlavikPuha: folds 
kiling1: folds 
Dorex2007: folds 
Uncalled bet ($0.05) returned to zeppelin707
zeppelin707 collected $0.05 from pot
*** SUMMARY ***
Total pot $0.05 | Rake $0 
Seat 1: SlavikPuha (button) folded before Flop (didn't bet)
Seat 4: kiling1 (small blind) folded before Flop
Seat 5: Dorex2007 (big blind) folded before Flop
Seat 7: zeppelin707 collected ($0.05)
Seat 8: nadokesh folded before Flop (didn't bet)
Seat 9: nikki565 folded before Flop (didn't bet)



PokerStars Hand #233214923777:  Hold'em No Limit ($0.01/$0.02 USD) - 2022/01/16 23:44:48 PT [2022/01/17 2:44:48 ET]
Table 'Yildun' 9-max Seat #4 is the button
Seat 1: SlavikPuha ($2.65 in chips) 
Seat 4: kiling1 ($1.99 in chips) 
Seat 5: Dorex2007 ($2.53 in chips) 
Seat 7: zeppelin707 ($1.58 in chips) 
Seat 8: nadokesh ($2.24 in chips) 
Seat 9: nikki565 ($1.50 in chips) 
Dorex2007: posts small blind $0.01
zeppelin707: posts big blind $0.02
*** HOLE CARDS ***
Dealt to Dorex2007 [Tc As]
TuneIn23 is disconnected 
nadokesh: raises $0.04 to $0.06
nikki565: folds 
SlavikPuha: calls $0.06
kiling1: folds 
Dorex2007: folds 
zeppelin707: folds 
*** FLOP *** [Ac 5s Qc]
nadokesh: checks 
SlavikPuha: checks 
*** TURN *** [Ac 5s Qc] [7c]
nadokesh: checks 
SlavikPuha: bets $0.07
nadokesh: calls $0.07
*** RIVER *** [Ac 5s Qc 7c] [2s]
nadokesh: checks 
SlavikPuha: checks 
*** SHOW DOWN ***
nadokesh: shows [Js Jc] (a pair of Jacks)
SlavikPuha: shows [Ah 4h] (a pair of Aces)
SlavikPuha collected $0.28 from pot
*** SUMMARY ***
Total pot $0.29 | Rake $0.01 
Board [Ac 5s Qc 7c 2s]
Seat 1: SlavikPuha showed [Ah 4h] and won ($0.28) with a pair of Aces
Seat 4: kiling1 (button) folded before Flop (didn't bet)
Seat 5: Dorex2007 (small blind) folded before Flop
Seat 7: zeppelin707 (big blind) folded before Flop
Seat 8: nadokesh showed [Js Jc] and lost with a pair of Jacks
Seat 9: nikki565 folded before Flop (didn't bet)



PokerStars Hand #233214927821:  Hold'em No Limit ($0.01/$0.02 USD) - 2022/01/16 23:45:15 PT [2022/01/17 2:45:15 ET]
Table 'Yildun' 9-max Seat #5 is the button
Seat 1: SlavikPuha ($2.80 in chips) 
Seat 3: califani96 ($3.11 in chips) 
Seat 4: kiling1 ($1.99 in chips) 
Seat 5: Dorex2007 ($2.52 in chips) 
Seat 7: zeppelin707 ($1.56 in chips) 
Seat 8: nadokesh ($2.11 in chips) 
Seat 9: nikki565 ($1.50 in chips) 
zeppelin707: posts small blind $0.01
nadokesh: posts big blind $0.02
califani96: posts small blind $0.01
*** HOLE CARDS ***
Dealt to Dorex2007 [Ad 8d]
nikki565: folds 
SlavikPuha: folds 
califani96 has timed out
califani96: folds 
kiling1: folds 
Dorex2007: raises $0.02 to $0.04
zeppelin707: calls $0.03
nadokesh: folds 
*** FLOP *** [9d Tc Jh]
zeppelin707: checks 
Dorex2007: bets $0.07
zeppelin707: folds 
Uncalled bet ($0.07) returned to Dorex2007
Dorex2007 collected $0.11 from pot
Dorex2007: doesn't show hand 
*** SUMMARY ***
Total pot $0.11 | Rake $0 
Board [9d Tc Jh]
Seat 1: SlavikPuha folded before Flop (didn't bet)
Seat 3: califani96 folded before Flop (didn't bet)
Seat 4: kiling1 folded before Flop (didn't bet)
Seat 5: Dorex2007 (button) collected ($0.11)
Seat 7: zeppelin707 (small blind) folded on the Flop
Seat 8: nadokesh (big blind) folded before Flop
Seat 9: nikki565 folded before Flop (didn't bet)



PokerStars Hand #233214932238:  Hold'em No Limit ($0.01/$0.02 USD) - 2022/01/16 23:45:45 PT [2022/01/17 2:45:45 ET]
Table 'Yildun' 9-max Seat #7 is the button
Seat 1: SlavikPuha ($2.80 in chips) 
Seat 3: califani96 ($3.10 in chips) 
Seat 4: kiling1 ($1.99 in chips) 
Seat 5: Dorex2007 ($2.59 in chips) 
Seat 7: zeppelin707 ($1.52 in chips) 
Seat 8: nadokesh ($2.09 in chips) 
Seat 9: nikki565 ($1.50 in chips) 
nadokesh: posts small blind $0.01
nikki565: posts big blind $0.02
*** HOLE CARDS ***
Dealt to Dorex2007 [2h Ts]
SlavikPuha: folds 
califani96 has timed out
califani96: folds 
kiling1: folds 
Dorex2007: folds 
zeppelin707: calls $0.02
nadokesh: folds 
nikki565: raises $0.12 to $0.14
zeppelin707: calls $0.12
*** FLOP *** [4d Ah 8h]
nikki565: bets $0.42
zeppelin707: folds 
Uncalled bet ($0.42) returned to nikki565
nikki565 collected $0.28 from pot
*** SUMMARY ***
Total pot $0.29 | Rake $0.01 
Board [4d Ah 8h]
Seat 1: SlavikPuha folded before Flop (didn't bet)
Seat 3: califani96 folded before Flop (didn't bet)
Seat 4: kiling1 folded before Flop (didn't bet)
Seat 5: Dorex2007 folded before Flop (didn't bet)
Seat 7: zeppelin707 (button) folded on the Flop
Seat 8: nadokesh (small blind) folded before Flop
Seat 9: nikki565 (big blind) collected ($0.28)



PokerStars Hand #233214939365:  Hold'em No Limit ($0.01/$0.02 USD) - 2022/01/16 23:46:33 PT [2022/01/17 2:46:33 ET]
Table 'Yildun' 9-max Seat #8 is the button
Seat 1: SlavikPuha ($2.80 in chips) 
Seat 3: califani96 ($3.10 in chips) 
Seat 4: kiling1 ($1.99 in chips) 
Seat 5: Dorex2007 ($2.59 in chips) 
Seat 7: zeppelin707 ($1.38 in chips) 
Seat 8: nadokesh ($2.08 in chips) 
Seat 9: nikki565 ($1.64 in chips) 
nikki565: posts small blind $0.01
SlavikPuha: posts big blind $0.02
*** HOLE CARDS ***
Dealt to Dorex2007 [9s 7s]
califani96: folds 
kiling1: folds 
Dorex2007: folds 
zeppelin707: folds 
nadokesh: folds 
nikki565: calls $0.01
SlavikPuha: checks 
*** FLOP *** [6h 5c Qh]
nikki565: bets $0.04
SlavikPuha: folds 
Uncalled bet ($0.04) returned to nikki565
nikki565 collected $0.04 from pot
*** SUMMARY ***
Total pot $0.04 | Rake $0 
Board [6h 5c Qh]
Seat 1: SlavikPuha (big blind) folded on the Flop
Seat 3: califani96 folded before Flop (didn't bet)
Seat 4: kiling1 folded before Flop (didn't bet)
Seat 5: Dorex2007 folded before Flop (didn't bet)
Seat 7: zeppelin707 folded before Flop (didn't bet)
Seat 8: nadokesh (button) folded before Flop (didn't bet)
Seat 9: nikki565 (small blind) collected ($0.04)



PokerStars Hand #233214942292:  Hold'em No Limit ($0.01/$0.02 USD) - 2022/01/16 23:46:53 PT [2022/01/17 2:46:53 ET]
Table 'Yildun' 9-max Seat #9 is the button
Seat 1: SlavikPuha ($2.78 in chips) 
Seat 3: califani96 ($3.10 in chips) 
Seat 4: kiling1 ($1.99 in chips) 
Seat 5: Dorex2007 ($2.59 in chips) 
Seat 7: zeppelin707 ($1.38 in chips) 
Seat 8: nadokesh ($2.08 in chips) 
Seat 9: nikki565 ($1.66 in chips) 
SlavikPuha: posts small blind $0.01
califani96: posts big blind $0.02
*** HOLE CARDS ***
Dealt to Dorex2007 [2c Qs]
kiling1: folds 
Dorex2007: folds 
zeppelin707: folds 
nadokesh: raises $0.03 to $0.05
nikki565: folds 
SlavikPuha: raises $0.12 to $0.17
califani96: folds 
nadokesh: folds 
Uncalled bet ($0.12) returned to SlavikPuha
SlavikPuha collected $0.12 from pot
SlavikPuha: doesn't show hand 
*** SUMMARY ***
Total pot $0.12 | Rake $0 
Seat 1: SlavikPuha (small blind) collected ($0.12)
Seat 3: califani96 (big blind) folded before Flop
Seat 4: kiling1 folded before Flop (didn't bet)
Seat 5: Dorex2007 folded before Flop (didn't bet)
Seat 7: zeppelin707 folded before Flop (didn't bet)
Seat 8: nadokesh folded before Flop
Seat 9: nikki565 (button) folded before Flop (didn't bet)



PokerStars Hand #233214946627:  Hold'em No Limit ($0.01/$0.02 USD) - 2022/01/16 23:47:20 PT [2022/01/17 2:47:20 ET]
Table 'Yildun' 9-max Seat #1 is the button
Seat 1: SlavikPuha ($2.85 in chips) 
Seat 3: califani96 ($3.08 in chips) 
Seat 4: kiling1 ($1.99 in chips) 
Seat 5: Dorex2007 ($2.59 in chips) 
Seat 7: zeppelin707 ($1.38 in chips) 
Seat 8: nadokesh ($2.03 in chips) 
Seat 9: nikki565 ($1.66 in chips) 
califani96: posts small blind $0.01
kiling1: posts big blind $0.02
*** HOLE CARDS ***
Dealt to Dorex2007 [Jh 4h]
Dorex2007: folds 
zeppelin707: folds 
nadokesh: folds 
nikki565: folds 
SlavikPuha: raises $0.04 to $0.06
califani96: calls $0.05
kiling1: calls $0.04
*** FLOP *** [Ac Qs 5h]
califani96: checks 
kiling1: checks 
SlavikPuha: bets $0.09
califani96: calls $0.09
kiling1: folds 
*** TURN *** [Ac Qs 5h] [9h]
califani96: bets $0.17
SlavikPuha: raises $0.17 to $0.34
califani96: calls $0.17
*** RIVER *** [Ac Qs 5h 9h] [Jd]
califani96: checks 
SlavikPuha: checks 
*** SHOW DOWN ***
califani96: shows [9d Qd] (two pair, Queens and Nines)
SlavikPuha: mucks hand 
califani96 collected $1 from pot
*** SUMMARY ***
Total pot $1.04 | Rake $0.04 
Board [Ac Qs 5h 9h Jd]
Seat 1: SlavikPuha (button) mucked [Ah Ts]
Seat 3: califani96 (small blind) showed [9d Qd] and won ($1) with two pair, Queens and Nines
Seat 4: kiling1 (big blind) folded on the Flop
Seat 5: Dorex2007 folded before Flop (didn't bet)
Seat 7: zeppelin707 folded before Flop (didn't bet)
Seat 8: nadokesh folded before Flop (didn't bet)
Seat 9: nikki565 folded before Flop (didn't bet)



PokerStars Hand #233214957966:  Hold'em No Limit ($0.01/$0.02 USD) - 2022/01/16 23:48:34 PT [2022/01/17 2:48:34 ET]
Table 'Yildun' 9-max Seat #3 is the button
Seat 1: SlavikPuha ($2.36 in chips) 
Seat 3: califani96 ($3.59 in chips) 
Seat 4: kiling1 ($1.93 in chips) 
Seat 5: Dorex2007 ($2.59 in chips) 
Seat 7: zeppelin707 ($1.38 in chips) 
Seat 8: nadokesh ($2.03 in chips) 
Seat 9: nikki565 ($1.66 in chips) 
kiling1: posts small blind $0.01
Dorex2007: posts big blind $0.02
*** HOLE CARDS ***
Dealt to Dorex2007 [Ks Kd]
zeppelin707: calls $0.02
nadokesh: folds 
nikki565 has timed out
nikki565: folds 
SlavikPuha: raises $0.04 to $0.06
califani96: folds 
kiling1: folds 
Dorex2007: raises $0.08 to $0.14
zeppelin707: folds 
SlavikPuha: calls $0.08
*** FLOP *** [6c 5s Kc]
Dorex2007: checks 
SlavikPuha: checks 
*** TURN *** [6c 5s Kc] [2s]
Dorex2007: bets $0.30
SlavikPuha: folds 
Uncalled bet ($0.30) returned to Dorex2007
Dorex2007 collected $0.30 from pot
Dorex2007: doesn't show hand 
*** SUMMARY ***
Total pot $0.31 | Rake $0.01 
Board [6c 5s Kc 2s]
Seat 1: SlavikPuha folded on the Turn
Seat 3: califani96 (button) folded before Flop (didn't bet)
Seat 4: kiling1 (small blind) folded before Flop
Seat 5: Dorex2007 (big blind) collected ($0.30)
Seat 7: zeppelin707 folded before Flop
Seat 8: nadokesh folded before Flop (didn't bet)
Seat 9: nikki565 folded before Flop (didn't bet)



PokerStars Hand #233214965096:  Hold'em No Limit ($0.01/$0.02 USD) - 2022/01/16 23:49:21 PT [2022/01/17 2:49:21 ET]
Table 'Yildun' 9-max Seat #4 is the button
Seat 1: SlavikPuha ($2.22 in chips) 
Seat 3: califani96 ($3.59 in chips) 
Seat 4: kiling1 ($1.92 in chips) 
Seat 5: Dorex2007 ($2.75 in chips) 
Seat 6: kompozit777 ($2.08 in chips) 
Seat 7: zeppelin707 ($1.36 in chips) 
Seat 8: nadokesh ($2.03 in chips) 
Seat 9: nikki565 ($1.66 in chips) 
Dorex2007: posts small blind $0.01
kompozit777: posts big blind $0.02
*** HOLE CARDS ***
Dealt to Dorex2007 [2c 2d]
zeppelin707: raises $0.05 to $0.07
nadokesh: folds 
nikki565: folds 
SlavikPuha: calls $0.07
califani96: calls $0.07
kiling1: folds 
Dorex2007: folds 
kompozit777: calls $0.05
*** FLOP *** [Jc Ks 9c]
kompozit777: bets $0.04
zeppelin707: calls $0.04
SlavikPuha: calls $0.04
califani96: calls $0.04
*** TURN *** [Jc Ks 9c] [4s]
kompozit777 has timed out
kompozit777: checks 
zeppelin707: checks 
SlavikPuha: checks 
califani96: bets $0.21
kompozit777 has timed out
kompozit777: folds 
zeppelin707: folds 
SlavikPuha: folds 
Uncalled bet ($0.21) returned to califani96
califani96 collected $0.43 from pot
califani96: doesn't show hand 
*** SUMMARY ***
Total pot $0.45 | Rake $0.02 
Board [Jc Ks 9c 4s]
Seat 1: SlavikPuha folded on the Turn
Seat 3: califani96 collected ($0.43)
Seat 4: kiling1 (button) folded before Flop (didn't bet)
Seat 5: Dorex2007 (small blind) folded before Flop
Seat 6: kompozit777 (big blind) folded on the Turn
Seat 7: zeppelin707 folded on the Turn
Seat 8: nadokesh folded before Flop (didn't bet)
Seat 9: nikki565 folded before Flop (didn't bet)



PokerStars Hand #233214979166:  Hold'em No Limit ($0.01/$0.02 USD) - 2022/01/16 23:50:54 PT [2022/01/17 2:50:54 ET]
Table 'Yildun' 9-max Seat #5 is the button
Seat 1: SlavikPuha ($2.11 in chips) 
Seat 3: califani96 ($3.91 in chips) 
Seat 4: kiling1 ($1.92 in chips) 
Seat 5: Dorex2007 ($2.74 in chips) 
Seat 7: zeppelin707 ($1.25 in chips) 
Seat 8: nadokesh ($2.03 in chips) 
Seat 9: nikki565 ($1.66 in chips) 
zeppelin707: posts small blind $0.01
nadokesh: posts big blind $0.02
*** HOLE CARDS ***
Dealt to Dorex2007 [4d Td]
nikki565: folds 
SlavikPuha: folds 
nikki565 leaves the table
califani96: folds 
kiling1 has timed out
kiling1: folds 
Dorex2007: folds 
zeppelin707: calls $0.01
nadokesh: checks 
*** FLOP *** [3d 9c 4c]
zeppelin707: checks 
nadokesh: checks 
*** TURN *** [3d 9c 4c] [Ac]
zeppelin707: checks 
nadokesh: bets $0.02
zeppelin707: folds 
Uncalled bet ($0.02) returned to nadokesh
nadokesh collected $0.04 from pot
nadokesh: doesn't show hand 
*** SUMMARY ***
Total pot $0.04 | Rake $0 
Board [3d 9c 4c Ac]
Seat 1: SlavikPuha folded before Flop (didn't bet)
Seat 3: califani96 folded before Flop (didn't bet)
Seat 4: kiling1 folded before Flop (didn't bet)
Seat 5: Dorex2007 (button) folded before Flop (didn't bet)
Seat 7: zeppelin707 (small blind) folded on the Turn
Seat 8: nadokesh (big blind) collected ($0.04)
Seat 9: nikki565 folded before Flop (didn't bet)



PokerStars Hand #233214985557:  Hold'em No Limit ($0.01/$0.02 USD) - 2022/01/16 23:51:37 PT [2022/01/17 2:51:37 ET]
Table 'Yildun' 9-max Seat #7 is the button
Seat 1: SlavikPuha ($2.11 in chips) 
Seat 3: califani96 ($3.91 in chips) 
Seat 4: kiling1 ($1.92 in chips) 
Seat 5: Dorex2007 ($2.74 in chips) 
Seat 7: zeppelin707 ($1.23 in chips) 
Seat 8: nadokesh ($2.05 in chips) 
nadokesh: posts small blind $0.01
SlavikPuha: posts big blind $0.02
*** HOLE CARDS ***
Dealt to Dorex2007 [2s Qd]
califani96: folds 
kiling1: folds 
Dorex2007: folds 
zeppelin707: folds 
nadokesh: raises $0.03 to $0.05
SlavikPuha: folds 
Uncalled bet ($0.03) returned to nadokesh
nadokesh collected $0.04 from pot
nadokesh: doesn't show hand 
*** SUMMARY ***
Total pot $0.04 | Rake $0 
Seat 1: SlavikPuha (big blind) folded before Flop
Seat 3: califani96 folded before Flop (didn't bet)
Seat 4: kiling1 folded before Flop (didn't bet)
Seat 5: Dorex2007 folded before Flop (didn't bet)
Seat 7: zeppelin707 (button) folded before Flop (didn't bet)
Seat 8: nadokesh (small blind) collected ($0.04)



PokerStars Hand #233214988407:  Hold'em No Limit ($0.01/$0.02 USD) - 2022/01/16 23:51:56 PT [2022/01/17 2:51:56 ET]
Table 'Yildun' 9-max Seat #8 is the button
Seat 1: SlavikPuha ($2.09 in chips) 
Seat 3: califani96 ($3.91 in chips) 
Seat 4: kiling1 ($1.92 in chips) 
Seat 5: Dorex2007 ($2.74 in chips) 
Seat 7: zeppelin707 ($1.23 in chips) 
Seat 8: nadokesh ($2.07 in chips) 
SlavikPuha: posts small blind $0.01
califani96: posts big blind $0.02
*** HOLE CARDS ***
Dealt to Dorex2007 [Td 3d]
kiling1: folds 
Dorex2007: folds 
zeppelin707: folds 
nadokesh: folds 
SlavikPuha: folds 
Uncalled bet ($0.01) returned to califani96
califani96 collected $0.02 from pot
califani96: doesn't show hand 
*** SUMMARY ***
Total pot $0.02 | Rake $0 
Seat 1: SlavikPuha (small blind) folded before Flop
Seat 3: califani96 (big blind) collected ($0.02)
Seat 4: kiling1 folded before Flop (didn't bet)
Seat 5: Dorex2007 folded before Flop (didn't bet)
Seat 7: zeppelin707 folded before Flop (didn't bet)
Seat 8: nadokesh (button) folded before Flop (didn't bet)



PokerStars Hand #233214989667:  Hold'em No Limit ($0.01/$0.02 USD) - 2022/01/16 23:52:04 PT [2022/01/17 2:52:04 ET]
Table 'Yildun' 9-max Seat #1 is the button
Seat 1: SlavikPuha ($2.08 in chips) 
Seat 3: califani96 ($3.92 in chips) 
Seat 4: kiling1 ($1.92 in chips) 
Seat 5: Dorex2007 ($2.74 in chips) 
Seat 7: zeppelin707 ($1.23 in chips) 
Seat 8: nadokesh ($2.07 in chips) 
califani96: posts small blind $0.01
kiling1: posts big blind $0.02
*** HOLE CARDS ***
Dealt to Dorex2007 [Ac 4h]
Dorex2007: folds 
zeppelin707: folds 
nadokesh: folds 
SlavikPuha: folds 
califani96: folds 
Uncalled bet ($0.01) returned to kiling1
kiling1 collected $0.02 from pot
kiling1: doesn't show hand 
*** SUMMARY ***
Total pot $0.02 | Rake $0 
Seat 1: SlavikPuha (button) folded before Flop (didn't bet)
Seat 3: califani96 (small blind) folded before Flop
Seat 4: kiling1 (big blind) collected ($0.02)
Seat 5: Dorex2007 folded before Flop (didn't bet)
Seat 7: zeppelin707 folded before Flop (didn't bet)
Seat 8: nadokesh folded before Flop (didn't bet)



PokerStars Hand #233214992671:  Hold'em No Limit ($0.01/$0.02 USD) - 2022/01/16 23:52:23 PT [2022/01/17 2:52:23 ET]
Table 'Yildun' 9-max Seat #3 is the button
Seat 1: SlavikPuha ($2.08 in chips) 
Seat 3: califani96 ($3.91 in chips) 
Seat 4: kiling1 ($1.93 in chips) 
Seat 5: Dorex2007 ($2.74 in chips) 
Seat 7: zeppelin707 ($1.23 in chips) 
Seat 8: nadokesh ($2.07 in chips) 
kiling1: posts small blind $0.01
Dorex2007: posts big blind $0.02
*** HOLE CARDS ***
Dealt to Dorex2007 [Ah 9d]
zeppelin707: folds 
nadokesh: folds 
SlavikPuha: folds 
califani96: folds 
kiling1: folds 
Uncalled bet ($0.01) returned to Dorex2007
Dorex2007 collected $0.02 from pot
Dorex2007: doesn't show hand 
*** SUMMARY ***
Total pot $0.02 | Rake $0 
Seat 1: SlavikPuha folded before Flop (didn't bet)
Seat 3: califani96 (button) folded before Flop (didn't bet)
Seat 4: kiling1 (small blind) folded before Flop
Seat 5: Dorex2007 (big blind) collected ($0.02)
Seat 7: zeppelin707 folded before Flop (didn't bet)
Seat 8: nadokesh folded before Flop (didn't bet)



PokerStars Hand #233214994635:  Hold'em No Limit ($0.01/$0.02 USD) - 2022/01/16 23:52:36 PT [2022/01/17 2:52:36 ET]
Table 'Yildun' 9-max Seat #4 is the button
Seat 1: SlavikPuha ($2.08 in chips) 
Seat 3: califani96 ($3.91 in chips) 
Seat 4: kiling1 ($1.92 in chips) 
Seat 5: Dorex2007 ($2.75 in chips) 
Seat 7: zeppelin707 ($1.23 in chips) 
Seat 8: nadokesh ($2.07 in chips) 
Dorex2007: posts small blind $0.01
zeppelin707: posts big blind $0.02
*** HOLE CARDS ***
Dealt to Dorex2007 [6s 4d]
nadokesh: folds 
dipastino joins the table at seat #9 
SlavikPuha: folds 
califani96: folds 
kiling1: raises $0.03 to $0.05
Dorex2007: folds 
zeppelin707: folds 
Uncalled bet ($0.03) returned to kiling1
kiling1 collected $0.05 from pot
kiling1: doesn't show hand 
*** SUMMARY ***
Total pot $0.05 | Rake $0 
Seat 1: SlavikPuha folded before Flop (didn't bet)
Seat 3: califani96 folded before Flop (didn't bet)
Seat 4: kiling1 (button) collected ($0.05)
Seat 5: Dorex2007 (small blind) folded before Flop
Seat 7: zeppelin707 (big blind) folded before Flop
Seat 8: nadokesh folded before Flop (didn't bet)



PokerStars Hand #233214998304:  Hold'em No Limit ($0.01/$0.02 USD) - 2022/01/16 23:53:00 PT [2022/01/17 2:53:00 ET]
Table 'Yildun' 9-max Seat #5 is the button
Seat 1: SlavikPuha ($2.08 in chips) 
Seat 3: califani96 ($3.91 in chips) 
Seat 4: kiling1 ($1.95 in chips) 
Seat 5: Dorex2007 ($2.74 in chips) 
Seat 7: zeppelin707 ($1.21 in chips) 
Seat 8: nadokesh ($2.07 in chips) 
zeppelin707: posts small blind $0.01
nadokesh: posts big blind $0.02
dipastino: sits out 
*** HOLE CARDS ***
Dealt to Dorex2007 [4c Qc]
SlavikPuha: folds 
califani96 has timed out
califani96: folds 
kiling1: folds 
Dorex2007: folds 
zeppelin707: folds 
Uncalled bet ($0.01) returned to nadokesh
nadokesh collected $0.02 from pot
nadokesh: doesn't show hand 
*** SUMMARY ***
Total pot $0.02 | Rake $0 
Seat 1: SlavikPuha folded before Flop (didn't bet)
Seat 3: califani96 folded before Flop (didn't bet)
Seat 4: kiling1 folded before Flop (didn't bet)
Seat 5: Dorex2007 (button) folded before Flop (didn't bet)
Seat 7: zeppelin707 (small blind) folded before Flop
Seat 8: nadokesh (big blind) collected ($0.02)



PokerStars Hand #233215001357:  Hold'em No Limit ($0.01/$0.02 USD) - 2022/01/16 23:53:21 PT [2022/01/17 2:53:21 ET]
Table 'Yildun' 9-max Seat #7 is the button
Seat 1: SlavikPuha ($2.08 in chips) 
Seat 4: kiling1 ($1.95 in chips) 
Seat 5: Dorex2007 ($2.74 in chips) 
Seat 7: zeppelin707 ($1.20 in chips) 
Seat 8: nadokesh ($2.08 in chips) 
Seat 9: dipastino ($0.80 in chips) 
nadokesh: posts small blind $0.01
dipastino: posts big blind $0.02
*** HOLE CARDS ***
Dealt to Dorex2007 [6h Qc]
SlavikPuha: folds 
kiling1: raises $0.04 to $0.06
Dorex2007: folds 
zeppelin707: folds 
nadokesh: folds 
dipastino: folds 
Uncalled bet ($0.04) returned to kiling1
kiling1 collected $0.05 from pot
kiling1: doesn't show hand 
*** SUMMARY ***
Total pot $0.05 | Rake $0 
Seat 1: SlavikPuha folded before Flop (didn't bet)
Seat 4: kiling1 collected ($0.05)
Seat 5: Dorex2007 folded before Flop (didn't bet)
Seat 7: zeppelin707 (button) folded before Flop (didn't bet)
Seat 8: nadokesh (small blind) folded before Flop
Seat 9: dipastino (big blind) folded before Flop



PokerStars Hand #233215004453:  Hold'em No Limit ($0.01/$0.02 USD) - 2022/01/16 23:53:41 PT [2022/01/17 2:53:41 ET]
Table 'Yildun' 9-max Seat #8 is the button
Seat 1: SlavikPuha ($2.08 in chips) 
Seat 3: califani96 ($3.91 in chips) 
Seat 4: kiling1 ($1.98 in chips) 
Seat 5: Dorex2007 ($2.74 in chips) 
Seat 7: zeppelin707 ($1.20 in chips) 
Seat 8: nadokesh ($2.07 in chips) 
Seat 9: dipastino ($0.78 in chips) 
dipastino: posts small blind $0.01
SlavikPuha: posts big blind $0.02
*** HOLE CARDS ***
Dealt to Dorex2007 [3c 4h]
califani96 has timed out
califani96: folds 
kiling1: raises $0.04 to $0.06
Dorex2007: folds 
zeppelin707: folds 
nadokesh: folds 
dipastino: folds 
SlavikPuha: folds 
Uncalled bet ($0.04) returned to kiling1
kiling1 collected $0.05 from pot
kiling1: doesn't show hand 
*** SUMMARY ***
Total pot $0.05 | Rake $0 
Seat 1: SlavikPuha (big blind) folded before Flop
Seat 3: califani96 folded before Flop (didn't bet)
Seat 4: kiling1 collected ($0.05)
Seat 5: Dorex2007 folded before Flop (didn't bet)
Seat 7: zeppelin707 folded before Flop (didn't bet)
Seat 8: nadokesh (button) folded before Flop (didn't bet)
Seat 9: dipastino (small blind) folded before Flop



PokerStars Hand #233215011432:  Hold'em No Limit ($0.01/$0.02 USD) - 2022/01/16 23:54:07 PT [2022/01/17 2:54:07 ET]
Table 'Yildun' 9-max Seat #9 is the button
Seat 1: SlavikPuha ($2.06 in chips) 
Seat 3: califani96 ($3.91 in chips) 
Seat 4: kiling1 ($2.01 in chips) 
Seat 5: Dorex2007 ($2.74 in chips) 
Seat 7: zeppelin707 ($1.20 in chips) 
Seat 8: nadokesh ($2.07 in chips) 
Seat 9: dipastino ($0.77 in chips) 
SlavikPuha: posts small blind $0.01
califani96: posts big blind $0.02
*** HOLE CARDS ***
Dealt to Dorex2007 [7d 8s]
kiling1: folds 
Dorex2007: folds 
zeppelin707: folds 
nadokesh: folds 
dipastino: raises $0.04 to $0.06
SlavikPuha: folds 
califani96: calls $0.04
*** FLOP *** [9c 6s Qd]
califani96: checks 
dipastino: checks 
*** TURN *** [9c 6s Qd] [5d]
TuneIn23 leaves the table
califani96 has timed out
califani96: checks 
dipastino: bets $0.07
califani96: folds 
Uncalled bet ($0.07) returned to dipastino
dipastino collected $0.13 from pot
dipastino: doesn't show hand 
*** SUMMARY ***
Total pot $0.13 | Rake $0 
Board [9c 6s Qd 5d]
Seat 1: SlavikPuha (small blind) folded before Flop
Seat 3: califani96 (big blind) folded on the Turn
Seat 4: kiling1 folded before Flop (didn't bet)
Seat 5: Dorex2007 folded before Flop (didn't bet)
Seat 7: zeppelin707 folded before Flop (didn't bet)
Seat 8: nadokesh folded before Flop (didn't bet)
Seat 9: dipastino (button) collected ($0.13)



PokerStars Hand #233215019679:  Hold'em No Limit ($0.01/$0.02 USD) - 2022/01/16 23:55:00 PT [2022/01/17 2:55:00 ET]
Table 'Yildun' 9-max Seat #1 is the button
Seat 1: SlavikPuha ($2.05 in chips) 
Seat 3: califani96 ($3.85 in chips) 
Seat 4: kiling1 ($2.01 in chips) 
Seat 5: Dorex2007 ($2.74 in chips) 
Seat 7: zeppelin707 ($1.20 in chips) 
Seat 8: nadokesh ($2.07 in chips) 
Seat 9: dipastino ($0.84 in chips) 
califani96: posts small blind $0.01
kiling1: posts big blind $0.02
*** HOLE CARDS ***
Dealt to Dorex2007 [9s Jc]
Dorex2007: folds 
bober2702 joins the table at seat #2 
zeppelin707: calls $0.02
nadokesh: folds 
dipastino: folds 
SlavikPuha: folds 
califani96 has timed out
califani96: folds 
kiling1: checks 
*** FLOP *** [3s 4c 2c]
kiling1: checks 
zeppelin707: checks 
*** TURN *** [3s 4c 2c] [Jh]
kiling1: bets $0.04
zeppelin707: folds 
Uncalled bet ($0.04) returned to kiling1
kiling1 collected $0.05 from pot
kiling1: doesn't show hand 
*** SUMMARY ***
Total pot $0.05 | Rake $0 
Board [3s 4c 2c Jh]
Seat 1: SlavikPuha (button) folded before Flop (didn't bet)
Seat 3: califani96 (small blind) folded before Flop
Seat 4: kiling1 (big blind) collected ($0.05)
Seat 5: Dorex2007 folded before Flop (didn't bet)
Seat 7: zeppelin707 folded on the Turn
Seat 8: nadokesh folded before Flop (didn't bet)
Seat 9: dipastino folded before Flop (didn't bet)



PokerStars Hand #233215030460:  Hold'em No Limit ($0.01/$0.02 USD) - 2022/01/16 23:56:19 PT [2022/01/17 2:56:19 ET]
Table 'Yildun' 9-max Seat #3 is the button
Seat 1: SlavikPuha ($2.05 in chips) 
Seat 2: bober2702 ($2 in chips) 
Seat 3: califani96 ($3.84 in chips) 
Seat 4: kiling1 ($2.04 in chips) 
Seat 5: Dorex2007 ($2.74 in chips) 
Seat 7: zeppelin707 ($1.18 in chips) 
Seat 8: nadokesh ($2.07 in chips) 
Seat 9: dipastino ($0.84 in chips) 
kiling1: posts small blind $0.01
Dorex2007: posts big blind $0.02
bober2702: posts big blind $0.02
*** HOLE CARDS ***
Dealt to Dorex2007 [Jh Qh]
zeppelin707: raises $0.10 to $0.12
nadokesh: folds 
dipastino: folds 
SlavikPuha: folds 
bober2702: folds 
califani96: calls $0.12
kiling1: folds 
Dorex2007: calls $0.10
*** FLOP *** [3d Kh 9h]
Dorex2007: checks 
zeppelin707: bets $1.06 and is all-in
califani96: calls $1.06
Dorex2007: calls $1.06
*** TURN *** [3d Kh 9h] [Js]
Dorex2007: bets $1.56 and is all-in
califani96: folds 
Uncalled bet ($1.56) returned to Dorex2007
*** RIVER *** [3d Kh 9h Js] [8s]
*** SHOW DOWN ***
Dorex2007: shows [Jh Qh] (a pair of Jacks)
zeppelin707: shows [Ac Ah] (a pair of Aces)
Dorex2007 cashed out the hand for $1.25 | Cash Out Fee $0.01
zeppelin707 cashed out the hand for $2.17 | Cash Out Fee $0.02
*** SUMMARY ***
Total pot $3.57 | Rake $0.12 
Board [3d Kh 9h Js 8s]
Seat 1: SlavikPuha folded before Flop (didn't bet)
Seat 2: bober2702 folded before Flop (didn't bet)
Seat 3: califani96 (button) folded on the Turn
Seat 4: kiling1 (small blind) folded before Flop
Seat 5: Dorex2007 (big blind) showed [Jh Qh] and lost with a pair of Jacks (cashed out).
Seat 7: zeppelin707 showed [Ac Ah] and won ($3.45) with a pair of Aces (pot not awarded as player cashed out)
Seat 8: nadokesh folded before Flop (didn't bet)
Seat 9: dipastino folded before Flop (didn't bet)



PokerStars Hand #233215040170:  Hold'em No Limit ($0.01/$0.02 USD) - 2022/01/16 23:57:31 PT [2022/01/17 2:57:31 ET]
Table 'Yildun' 9-max Seat #4 is the button
Seat 1: SlavikPuha ($2.05 in chips) 
Seat 2: bober2702 ($1.98 in chips) 
Seat 3: califani96 ($2.66 in chips) 
Seat 4: kiling1 ($2.03 in chips) 
Seat 5: Dorex2007 ($2.81 in chips) 
Seat 7: zeppelin707 ($2.17 in chips) 
Seat 8: nadokesh ($2.07 in chips) 
Seat 9: dipastino ($0.84 in chips) 
Dorex2007: posts small blind $0.01
zeppelin707: posts big blind $0.02
*** HOLE CARDS ***
Dealt to Dorex2007 [Qs Ah]
nadokesh: folds 
dipastino: folds 
SlavikPuha: raises $0.04 to $0.06
bober2702: folds 
califani96: folds 
kiling1: folds 
Dorex2007: calls $0.05
zeppelin707: folds 
*** FLOP *** [Tc 4d 3s]
Dorex2007: checks 
SlavikPuha: bets $0.14
Dorex2007: folds 
Uncalled bet ($0.14) returned to SlavikPuha
SlavikPuha collected $0.14 from pot
SlavikPuha: doesn't show hand 
*** SUMMARY ***
Total pot $0.14 | Rake $0 
Board [Tc 4d 3s]
Seat 1: SlavikPuha collected ($0.14)
Seat 2: bober2702 folded before Flop (didn't bet)
Seat 3: califani96 folded before Flop (didn't bet)
Seat 4: kiling1 (button) folded before Flop (didn't bet)
Seat 5: Dorex2007 (small blind) folded on the Flop
Seat 7: zeppelin707 (big blind) folded before Flop
Seat 8: nadokesh folded before Flop (didn't bet)
Seat 9: dipastino folded before Flop (didn't bet)



PokerStars Hand #233215044155:  Hold'em No Limit ($0.01/$0.02 USD) - 2022/01/16 23:58:01 PT [2022/01/17 2:58:01 ET]
Table 'Yildun' 9-max Seat #5 is the button
Seat 1: SlavikPuha ($2.13 in chips) 
Seat 2: bober2702 ($1.98 in chips) 
Seat 3: califani96 ($2.66 in chips) 
Seat 4: kiling1 ($2.03 in chips) 
Seat 5: Dorex2007 ($2.75 in chips) 
Seat 7: zeppelin707 ($2.15 in chips) 
Seat 8: nadokesh ($2.07 in chips) 
Seat 9: dipastino ($0.84 in chips) 
zeppelin707: posts small blind $0.01
nadokesh: posts big blind $0.02
*** HOLE CARDS ***
Dealt to Dorex2007 [9s 5h]
dipastino: folds 
SlavikPuha: folds 
bober2702: raises $0.03 to $0.05
califani96: calls $0.05
kiling1: folds 
Dorex2007: folds 
zeppelin707: calls $0.04
nadokesh: folds 
*** FLOP *** [6h 3h 8h]
zeppelin707: checks 
bober2702: bets $0.05
califani96: calls $0.05
zeppelin707: folds 
*** TURN *** [6h 3h 8h] [9h]
bober2702: checks 
califani96: checks 
*** RIVER *** [6h 3h 8h 9h] [Jc]
bober2702: checks 
califani96: checks 
*** SHOW DOWN ***
bober2702: shows [Td Qd] (a straight, Eight to Queen)
califani96: mucks hand 
bober2702 collected $0.26 from pot
*** SUMMARY ***
Total pot $0.27 | Rake $0.01 
Board [6h 3h 8h 9h Jc]
Seat 1: SlavikPuha folded before Flop (didn't bet)
Seat 2: bober2702 showed [Td Qd] and won ($0.26) with a straight, Eight to Queen
Seat 3: califani96 mucked [Kc Jd]
Seat 4: kiling1 folded before Flop (didn't bet)
Seat 5: Dorex2007 (button) folded before Flop (didn't bet)
Seat 7: zeppelin707 (small blind) folded on the Flop
Seat 8: nadokesh (big blind) folded before Flop
Seat 9: dipastino folded before Flop (didn't bet)



PokerStars Hand #233215049291:  Hold'em No Limit ($0.01/$0.02 USD) - 2022/01/16 23:58:39 PT [2022/01/17 2:58:39 ET]
Table 'Yildun' 9-max Seat #7 is the button
Seat 1: SlavikPuha ($2.13 in chips) 
Seat 2: bober2702 ($2.14 in chips) 
Seat 3: califani96 ($2.56 in chips) 
Seat 4: kiling1 ($2.03 in chips) 
Seat 5: Dorex2007 ($2.75 in chips) 
Seat 7: zeppelin707 ($2.10 in chips) 
Seat 8: nadokesh ($2.05 in chips) 
Seat 9: dipastino ($0.84 in chips) 
nadokesh: posts small blind $0.01
dipastino: posts big blind $0.02
*** HOLE CARDS ***
Dealt to Dorex2007 [Qc 8s]
SlavikPuha: folds 
bober2702: folds 
califani96: calls $0.02
kiling1: folds 
Dorex2007: folds 
zeppelin707: calls $0.02
nadokesh: folds 
dipastino: checks 
*** FLOP *** [Js 5c Qd]
dipastino: checks 
califani96: checks 
zeppelin707: bets $0.02
dipastino: folds 
califani96: raises $0.06 to $0.08
zeppelin707: folds 
Uncalled bet ($0.06) returned to califani96
califani96 collected $0.11 from pot
califani96: doesn't show hand 
*** SUMMARY ***
Total pot $0.11 | Rake $0 
Board [Js 5c Qd]
Seat 1: SlavikPuha folded before Flop (didn't bet)
Seat 2: bober2702 folded before Flop (didn't bet)
Seat 3: califani96 collected ($0.11)
Seat 4: kiling1 folded before Flop (didn't bet)
Seat 5: Dorex2007 folded before Flop (didn't bet)
Seat 7: zeppelin707 (button) folded on the Flop
Seat 8: nadokesh (small blind) folded before Flop
Seat 9: dipastino (big blind) folded on the Flop



PokerStars Hand #233215053929:  Hold'em No Limit ($0.01/$0.02 USD) - 2022/01/16 23:59:13 PT [2022/01/17 2:59:13 ET]
Table 'Yildun' 9-max Seat #8 is the button
Seat 1: SlavikPuha ($2.13 in chips) 
Seat 2: bober2702 ($2.14 in chips) 
Seat 3: califani96 ($2.63 in chips) 
Seat 4: kiling1 ($2.03 in chips) 
Seat 5: Dorex2007 ($2.75 in chips) 
Seat 7: zeppelin707 ($2.06 in chips) 
Seat 8: nadokesh ($2.04 in chips) 
Seat 9: dipastino ($0.82 in chips) 
dipastino: posts small blind $0.01
SlavikPuha: posts big blind $0.02
*** HOLE CARDS ***
Dealt to Dorex2007 [Qd Tc]
bober2702: folds 
califani96: folds 
kiling1: calls $0.02
Dorex2007: calls $0.02
zeppelin707: calls $0.02
nadokesh: folds 
dipastino: folds 
SlavikPuha: checks 
*** FLOP *** [4s 3d Jd]
SlavikPuha: checks 
kiling1: bets $0.09
Dorex2007: folds 
zeppelin707: folds 
SlavikPuha: folds 
Uncalled bet ($0.09) returned to kiling1
kiling1 collected $0.09 from pot
kiling1: doesn't show hand 
*** SUMMARY ***
Total pot $0.09 | Rake $0 
Board [4s 3d Jd]
Seat 1: SlavikPuha (big blind) folded on the Flop
Seat 2: bober2702 folded before Flop (didn't bet)
Seat 3: califani96 folded before Flop (didn't bet)
Seat 4: kiling1 collected ($0.09)
Seat 5: Dorex2007 folded on the Flop
Seat 7: zeppelin707 folded on the Flop
Seat 8: nadokesh (button) folded before Flop (didn't bet)
Seat 9: dipastino (small blind) folded before Flop



PokerStars Hand #233215058175:  Hold'em No Limit ($0.01/$0.02 USD) - 2022/01/16 23:59:44 PT [2022/01/17 2:59:44 ET]
Table 'Yildun' 9-max Seat #9 is the button
Seat 1: SlavikPuha ($2.11 in chips) 
Seat 2: bober2702 ($2.14 in chips) 
Seat 3: califani96 ($2.63 in chips) 
Seat 4: kiling1 ($2.10 in chips) 
Seat 5: Dorex2007 ($2.73 in chips) 
Seat 7: zeppelin707 ($2.04 in chips) 
Seat 8: nadokesh ($2.04 in chips) 
Seat 9: dipastino ($0.81 in chips) 
SlavikPuha: posts small blind $0.01
bober2702: posts big blind $0.02
*** HOLE CARDS ***
Dealt to Dorex2007 [5h 9c]
califani96: folds 
kiling1: folds 
Dorex2007: folds 
zeppelin707: calls $0.02
nadokesh: folds 
dipastino: raises $0.04 to $0.06
SlavikPuha: folds 
bober2702: folds 
zeppelin707: calls $0.04
*** FLOP *** [9s Jd 2d]
zeppelin707: bets $0.14
dipastino: calls $0.14
*** TURN *** [9s Jd 2d] [Qc]
zeppelin707: checks 
dipastino: bets $0.41
zeppelin707: folds 
Uncalled bet ($0.41) returned to dipastino
dipastino collected $0.41 from pot
dipastino: doesn't show hand 
*** SUMMARY ***
Total pot $0.43 | Rake $0.02 
Board [9s Jd 2d Qc]
Seat 1: SlavikPuha (small blind) folded before Flop
Seat 2: bober2702 (big blind) folded before Flop
Seat 3: califani96 folded before Flop (didn't bet)
Seat 4: kiling1 folded before Flop (didn't bet)
Seat 5: Dorex2007 folded before Flop (didn't bet)
Seat 7: zeppelin707 folded on the Turn
Seat 8: nadokesh folded before Flop (didn't bet)
Seat 9: dipastino (button) collected ($0.41)



PokerStars Hand #233215064304:  Hold'em No Limit ($0.01/$0.02 USD) - 2022/01/17 0:00:29 PT [2022/01/17 3:00:29 ET]
Table 'Yildun' 9-max Seat #1 is the button
Seat 1: SlavikPuha ($2.10 in chips) 
Seat 2: bober2702 ($2.12 in chips) 
Seat 3: califani96 ($2.63 in chips) 
Seat 4: kiling1 ($2.10 in chips) 
Seat 5: Dorex2007 ($2.73 in chips) 
Seat 7: zeppelin707 ($1.84 in chips) 
Seat 8: nadokesh ($2.04 in chips) 
Seat 9: dipastino ($1.02 in chips) 
bober2702: posts small blind $0.01
califani96: posts big blind $0.02
*** HOLE CARDS ***
Dealt to Dorex2007 [4c 6h]
kiling1: folds 
Dorex2007: folds 
zeppelin707: folds 
nadokesh: folds 
dipastino: folds 
SlavikPuha: folds 
bober2702: folds 
Uncalled bet ($0.01) returned to califani96
califani96 collected $0.02 from pot
califani96: doesn't show hand 
*** SUMMARY ***
Total pot $0.02 | Rake $0 
Seat 1: SlavikPuha (button) folded before Flop (didn't bet)
Seat 2: bober2702 (small blind) folded before Flop
Seat 3: califani96 (big blind) collected ($0.02)
Seat 4: kiling1 folded before Flop (didn't bet)
Seat 5: Dorex2007 folded before Flop (didn't bet)
Seat 7: zeppelin707 folded before Flop (didn't bet)
Seat 8: nadokesh folded before Flop (didn't bet)
Seat 9: dipastino folded before Flop (didn't bet)



PokerStars Hand #233215066667:  Hold'em No Limit ($0.01/$0.02 USD) - 2022/01/17 0:00:46 PT [2022/01/17 3:00:46 ET]
Table 'Yildun' 9-max Seat #2 is the button
Seat 1: SlavikPuha ($2.10 in chips) 
Seat 2: bober2702 ($2.11 in chips) 
Seat 3: califani96 ($2.64 in chips) 
Seat 4: kiling1 ($2.10 in chips) 
Seat 5: Dorex2007 ($2.73 in chips) 
Seat 7: zeppelin707 ($1.84 in chips) 
Seat 8: nadokesh ($2.04 in chips) 
Seat 9: dipastino ($1.02 in chips) 
califani96: posts small blind $0.01
kiling1: posts big blind $0.02
*** HOLE CARDS ***
Dealt to Dorex2007 [5s 8s]
Dorex2007: folds 
zeppelin707: folds 
nadokesh: folds 
dipastino: folds 
SlavikPuha: raises $0.04 to $0.06
bober2702: folds 
califani96: calls $0.05
kiling1: calls $0.04
*** FLOP *** [4d Ks 3c]
califani96: checks 
kiling1: checks 
SlavikPuha: checks 
*** TURN *** [4d Ks 3c] [Kc]
califani96: bets $0.08
kiling1: folds 
SlavikPuha: folds 
Uncalled bet ($0.08) returned to califani96
califani96 collected $0.17 from pot
califani96: doesn't show hand 
*** SUMMARY ***
Total pot $0.18 | Rake $0.01 
Board [4d Ks 3c Kc]
Seat 1: SlavikPuha folded on the Turn
Seat 2: bober2702 (button) folded before Flop (didn't bet)
Seat 3: califani96 (small blind) collected ($0.17)
Seat 4: kiling1 (big blind) folded on the Turn
Seat 5: Dorex2007 folded before Flop (didn't bet)
Seat 7: zeppelin707 folded before Flop (didn't bet)
Seat 8: nadokesh folded before Flop (didn't bet)
Seat 9: dipastino folded before Flop (didn't bet)



PokerStars Hand #233215076899:  Hold'em No Limit ($0.01/$0.02 USD) - 2022/01/17 0:01:55 PT [2022/01/17 3:01:55 ET]
Table 'Yildun' 9-max Seat #3 is the button
Seat 1: SlavikPuha ($2.04 in chips) 
Seat 2: bober2702 ($2.11 in chips) 
Seat 3: califani96 ($2.75 in chips) 
Seat 4: kiling1 ($2.04 in chips) 
Seat 5: Dorex2007 ($2.73 in chips) 
Seat 7: zeppelin707 ($1.84 in chips) 
Seat 8: nadokesh ($2.04 in chips) 
Seat 9: dipastino ($1.02 in chips) 
kiling1: posts small blind $0.01
Dorex2007: posts big blind $0.02
*** HOLE CARDS ***
Dealt to Dorex2007 [5s 9d]
zeppelin707: folds 
nadokesh: folds 
dipastino: folds 
SlavikPuha: folds 
bober2702: folds 
califani96: folds 
kiling1: folds 
Uncalled bet ($0.01) returned to Dorex2007
Dorex2007 collected $0.02 from pot
Dorex2007: doesn't show hand 
*** SUMMARY ***
Total pot $0.02 | Rake $0 
Seat 1: SlavikPuha folded before Flop (didn't bet)
Seat 2: bober2702 folded before Flop (didn't bet)
Seat 3: califani96 (button) folded before Flop (didn't bet)
Seat 4: kiling1 (small blind) folded before Flop
Seat 5: Dorex2007 (big blind) collected ($0.02)
Seat 7: zeppelin707 folded before Flop (didn't bet)
Seat 8: nadokesh folded before Flop (didn't bet)
Seat 9: dipastino folded before Flop (didn't bet)



PokerStars Hand #233215079247:  Hold'em No Limit ($0.01/$0.02 USD) - 2022/01/17 0:02:10 PT [2022/01/17 3:02:10 ET]
Table 'Yildun' 9-max Seat #4 is the button
Seat 1: SlavikPuha ($2.04 in chips) 
Seat 2: bober2702 ($2.11 in chips) 
Seat 3: califani96 ($2.75 in chips) 
Seat 4: kiling1 ($2.03 in chips) 
Seat 5: Dorex2007 ($2.74 in chips) 
Seat 7: zeppelin707 ($1.84 in chips) 
Seat 8: nadokesh ($2.04 in chips) 
Seat 9: dipastino ($1.02 in chips) 
Dorex2007: posts small blind $0.01
zeppelin707: posts big blind $0.02
*** HOLE CARDS ***
Dealt to Dorex2007 [Ac 3d]
nadokesh: folds 
dipastino: folds 
SlavikPuha: folds 
bober2702: folds 
califani96 has timed out
califani96: folds 
kiling1: folds 
Dorex2007: folds 
Uncalled bet ($0.01) returned to zeppelin707
zeppelin707 collected $0.02 from pot
kompozit777 leaves the table
*** SUMMARY ***
Total pot $0.02 | Rake $0 
Seat 1: SlavikPuha folded before Flop (didn't bet)
Seat 2: bober2702 folded before Flop (didn't bet)
Seat 3: califani96 folded before Flop (didn't bet)
Seat 4: kiling1 (button) folded before Flop (didn't bet)
Seat 5: Dorex2007 (small blind) folded before Flop
Seat 7: zeppelin707 (big blind) collected ($0.02)
Seat 8: nadokesh folded before Flop (didn't bet)
Seat 9: dipastino folded before Flop (didn't bet)



PokerStars Hand #233215082948:  Hold'em No Limit ($0.01/$0.02 USD) - 2022/01/17 0:02:35 PT [2022/01/17 3:02:35 ET]
Table 'Yildun' 9-max Seat #5 is the button
Seat 1: SlavikPuha ($2.04 in chips) 
Seat 2: bober2702 ($2.11 in chips) 
Seat 3: califani96 ($2.75 in chips) 
Seat 4: kiling1 ($2.03 in chips) 
Seat 5: Dorex2007 ($2.73 in chips) 
Seat 7: zeppelin707 ($1.85 in chips) 
Seat 8: nadokesh ($2.04 in chips) 
Seat 9: dipastino ($1.02 in chips) 
zeppelin707: posts small blind $0.01
nadokesh: posts big blind $0.02
*** HOLE CARDS ***
Dealt to Dorex2007 [4c As]
dipastino: folds 
SlavikPuha: folds 
bober2702: folds 
califani96 has timed out
califani96: folds 
kiling1: raises $0.04 to $0.06
Dorex2007: folds 
zeppelin707: folds 
nadokesh: calls $0.04
*** FLOP *** [2c 2d Js]
zeppelin707 leaves the table
nadokesh: checks 
kiling1: bets $0.04
nadokesh: calls $0.04
*** TURN *** [2c 2d Js] [3c]
nadokesh: checks 
kiling1: bets $0.14
nadokesh: folds 
Uncalled bet ($0.14) returned to kiling1
kiling1 collected $0.20 from pot
kiling1: doesn't show hand 
*** SUMMARY ***
Total pot $0.21 | Rake $0.01 
Board [2c 2d Js 3c]
Seat 1: SlavikPuha folded before Flop (didn't bet)
Seat 2: bober2702 folded before Flop (didn't bet)
Seat 3: califani96 folded before Flop (didn't bet)
Seat 4: kiling1 collected ($0.20)
Seat 5: Dorex2007 (button) folded before Flop (didn't bet)
Seat 7: zeppelin707 (small blind) folded before Flop
Seat 8: nadokesh (big blind) folded on the Turn
Seat 9: dipastino folded before Flop (didn't bet)



PokerStars Hand #233215090362:  Hold'em No Limit ($0.01/$0.02 USD) - 2022/01/17 0:03:23 PT [2022/01/17 3:03:23 ET]
Table 'Yildun' 9-max Seat #8 is the button
Seat 1: SlavikPuha ($2.04 in chips) 
Seat 2: bober2702 ($2.11 in chips) 
Seat 3: califani96 ($2.75 in chips) 
Seat 4: kiling1 ($2.13 in chips) 
Seat 5: Dorex2007 ($2.73 in chips) 
Seat 8: nadokesh ($2 in chips) 
Seat 9: dipastino ($1.02 in chips) 
dipastino: posts small blind $0.01
SlavikPuha: posts big blind $0.02
*** HOLE CARDS ***
Dealt to Dorex2007 [7h 9h]
bober2702: folds 
califani96: folds 
kiling1: calls $0.02
Dorex2007: folds 
nadokesh: folds 
dipastino: raises $0.04 to $0.06
SlavikPuha: folds 
kiling1: folds 
Uncalled bet ($0.04) returned to dipastino
dipastino collected $0.06 from pot
dipastino: doesn't show hand 
*** SUMMARY ***
Total pot $0.06 | Rake $0 
Seat 1: SlavikPuha (big blind) folded before Flop
Seat 2: bober2702 folded before Flop (didn't bet)
Seat 3: califani96 folded before Flop (didn't bet)
Seat 4: kiling1 folded before Flop
Seat 5: Dorex2007 folded before Flop (didn't bet)
Seat 8: nadokesh (button) folded before Flop (didn't bet)
Seat 9: dipastino (small blind) collected ($0.06)



PokerStars Hand #233215094179:  Hold'em No Limit ($0.01/$0.02 USD) - 2022/01/17 0:03:48 PT [2022/01/17 3:03:48 ET]
Table 'Yildun' 9-max Seat #9 is the button
Seat 1: SlavikPuha ($2.02 in chips) 
Seat 2: bober2702 ($2.11 in chips) 
Seat 3: califani96 ($2.75 in chips) 
Seat 4: kiling1 ($2.11 in chips) 
Seat 5: Dorex2007 ($2.73 in chips) 
Seat 8: nadokesh ($2 in chips) 
Seat 9: dipastino ($1.06 in chips) 
SlavikPuha: posts small blind $0.01
bober2702: posts big blind $0.02
*** HOLE CARDS ***
Dealt to Dorex2007 [3h Ac]
califani96 has timed out
califani96: folds 
kiling1: folds 
Dorex2007: folds 
nadokesh: folds 
dipastino: folds 
SlavikPuha: folds 
Uncalled bet ($0.01) returned to bober2702
bober2702 collected $0.02 from pot
bober2702: doesn't show hand 
*** SUMMARY ***
Total pot $0.02 | Rake $0 
Seat 1: SlavikPuha (small blind) folded before Flop
Seat 2: bober2702 (big blind) collected ($0.02)
Seat 3: califani96 folded before Flop (didn't bet)
Seat 4: kiling1 folded before Flop (didn't bet)
Seat 5: Dorex2007 folded before Flop (didn't bet)
Seat 8: nadokesh folded before Flop (didn't bet)
Seat 9: dipastino (button) folded before Flop (didn't bet)



PokerStars Hand #233215098672:  Hold'em No Limit ($0.01/$0.02 USD) - 2022/01/17 0:04:17 PT [2022/01/17 3:04:17 ET]
Table 'Yildun' 9-max Seat #1 is the button
Seat 1: SlavikPuha ($2.01 in chips) 
Seat 2: bober2702 ($2.12 in chips) 
Seat 4: kiling1 ($2.11 in chips) 
Seat 5: Dorex2007 ($2.73 in chips) 
Seat 8: nadokesh ($2 in chips) 
Seat 9: dipastino ($1.06 in chips) 
califani96 is disconnected 
bober2702: posts small blind $0.01
kiling1: posts big blind $0.02
*** HOLE CARDS ***
Dealt to Dorex2007 [9s 4s]
Dorex2007: folds 
nadokesh: folds 
dipastino: folds 
SlavikPuha: folds 
bober2702: folds 
Uncalled bet ($0.01) returned to kiling1
kiling1 collected $0.02 from pot
kiling1: doesn't show hand 
*** SUMMARY ***
Total pot $0.02 | Rake $0 
Seat 1: SlavikPuha (button) folded before Flop (didn't bet)
Seat 2: bober2702 (small blind) folded before Flop
Seat 4: kiling1 (big blind) collected ($0.02)
Seat 5: Dorex2007 folded before Flop (didn't bet)
Seat 8: nadokesh folded before Flop (didn't bet)
Seat 9: dipastino folded before Flop (didn't bet)



PokerStars Hand #233215099992:  Hold'em No Limit ($0.01/$0.02 USD) - 2022/01/17 0:04:26 PT [2022/01/17 3:04:26 ET]
Table 'Yildun' 9-max Seat #2 is the button
Seat 1: SlavikPuha ($2.01 in chips) 
Seat 2: bober2702 ($2.11 in chips) 
Seat 4: kiling1 ($2.12 in chips) 
Seat 5: Dorex2007 ($2.73 in chips) 
Seat 8: nadokesh ($2 in chips) 
Seat 9: dipastino ($1.06 in chips) 
kiling1: posts small blind $0.01
Dorex2007: posts big blind $0.02
*** HOLE CARDS ***
Dealt to Dorex2007 [Ah Th]
nadokesh: folds 
dipastino: folds 
SlavikPuha: raises $0.04 to $0.06
bober2702: folds 
kiling1: folds 
Dorex2007: calls $0.04
*** FLOP *** [Jc 6d 5c]
Dorex2007: checks 
SlavikPuha: checks 
*** TURN *** [Jc 6d 5c] [2c]
Dorex2007: bets $0.07
SlavikPuha: folds 
Uncalled bet ($0.07) returned to Dorex2007
Dorex2007 collected $0.13 from pot
Dorex2007: doesn't show hand 
*** SUMMARY ***
Total pot $0.13 | Rake $0 
Board [Jc 6d 5c 2c]
Seat 1: SlavikPuha folded on the Turn
Seat 2: bober2702 (button) folded before Flop (didn't bet)
Seat 4: kiling1 (small blind) folded before Flop
Seat 5: Dorex2007 (big blind) collected ($0.13)
Seat 8: nadokesh folded before Flop (didn't bet)
Seat 9: dipastino folded before Flop (didn't bet)



PokerStars Hand #233215103225:  Hold'em No Limit ($0.01/$0.02 USD) - 2022/01/17 0:04:47 PT [2022/01/17 3:04:47 ET]
Table 'Yildun' 9-max Seat #4 is the button
Seat 1: SlavikPuha ($2 in chips) 
Seat 2: bober2702 ($2.11 in chips) 
Seat 3: califani96 ($2.75 in chips) 
Seat 4: kiling1 ($2.11 in chips) 
Seat 5: Dorex2007 ($2.80 in chips) 
Dorex2007: posts small blind $0.01
nadokesh: is sitting out 
dipastino: is sitting out 
SlavikPuha: posts big blind $0.02
califani96: posts small & big blinds $0.03
*** HOLE CARDS ***
Dealt to Dorex2007 [Ah 9d]
nadokesh leaves the table
bober2702: raises $0.07 to $0.09
dipastino leaves the table
califani96: folds 
kiling1: folds 
Dorex2007: folds 
SlavikPuha: raises $0.27 to $0.36
bober2702: folds 
Uncalled bet ($0.27) returned to SlavikPuha
SlavikPuha collected $0.22 from pot
SlavikPuha: doesn't show hand 
*** SUMMARY ***
Total pot $0.22 | Rake $0 
Seat 1: SlavikPuha (big blind) collected ($0.22)
Seat 2: bober2702 folded before Flop
Seat 3: califani96 folded before Flop (didn't bet)
Seat 4: kiling1 (button) folded before Flop (didn't bet)
Seat 5: Dorex2007 (small blind) folded before Flop



PokerStars Hand #233215110749:  Hold'em No Limit ($0.01/$0.02 USD) - 2022/01/17 0:05:35 PT [2022/01/17 3:05:35 ET]
Table 'Yildun' 9-max Seat #5 is the button
Seat 1: SlavikPuha ($2.13 in chips) 
Seat 2: bober2702 ($2.02 in chips) 
Seat 3: califani96 ($2.72 in chips) 
Seat 4: kiling1 ($2.11 in chips) 
Seat 5: Dorex2007 ($2.79 in chips) 
SlavikPuha: posts small blind $0.01
bober2702: posts big blind $0.02
*** HOLE CARDS ***
Dealt to Dorex2007 [3d As]
califani96: folds 
kiling1: folds 
Dorex2007: folds 
SlavikPuha: folds 
Uncalled bet ($0.01) returned to bober2702
bober2702 collected $0.02 from pot
bober2702: doesn't show hand 
*** SUMMARY ***
Total pot $0.02 | Rake $0 
Seat 1: SlavikPuha (small blind) folded before Flop
Seat 2: bober2702 (big blind) collected ($0.02)
Seat 3: califani96 folded before Flop (didn't bet)
Seat 4: kiling1 folded before Flop (didn't bet)
Seat 5: Dorex2007 (button) folded before Flop (didn't bet)



