PokerStars Hand #237688580701:  Hold'em No Limit ($0.02/$0.05 USD) - 2022/07/30 14:46:17 PT [2022/07/30 17:46:17 ET]
Table 'Equinox II' 9-max Seat #1 is the button
Seat 1: romasever777 ($3.74 in chips) 
Seat 2: cubicroot ($5.65 in chips) 
Seat 3: AnderEj ($10.10 in chips) 
Seat 4: Castaignoss101 ($8.80 in chips) 
Seat 5: EuGanheiDeNovo ($5.54 in chips) 
Seat 6: qzmp123 ($5 in chips) 
Seat 7: Ramkha ($5 in chips) 
Seat 8: megtorlo2244 ($4 in chips) 
Seat 9: Dorex2007 ($5 in chips) 
cubicroot: posts small blind $0.02
AnderEj: posts big blind $0.05
Dorex2007: posts big blind $0.05
*** HOLE CARDS ***
Dealt to Dorex2007 [6h 3c]
Castaignoss101: calls $0.05
EuGanheiDeNovo: raises $0.20 to $0.25
qzmp123: folds 
Ramkha: folds 
megtorlo2244: folds 
Dorex2007: folds 
romasever777: folds 
cubicroot: folds 
AnderEj: folds 
Castaignoss101: calls $0.20
*** FLOP *** [6d Td 4c]
Castaignoss101: bets $0.05
EuGanheiDeNovo: raises $0.69 to $0.74
Castaignoss101: folds 
Uncalled bet ($0.69) returned to EuGanheiDeNovo
EuGanheiDeNovo collected $0.69 from pot
EuGanheiDeNovo: doesn't show hand 
*** SUMMARY ***
Total pot $0.72 | Rake $0.03 
Board [6d Td 4c]
Seat 1: romasever777 (button) folded before Flop (didn't bet)
Seat 2: cubicroot (small blind) folded before Flop
Seat 3: AnderEj (big blind) folded before Flop
Seat 4: Castaignoss101 folded on the Flop
Seat 5: EuGanheiDeNovo collected ($0.69)
Seat 6: qzmp123 folded before Flop (didn't bet)
Seat 7: Ramkha folded before Flop (didn't bet)
Seat 8: megtorlo2244 folded before Flop (didn't bet)
Seat 9: Dorex2007 folded before Flop (didn't bet)



PokerStars Hand #237688596964:  Hold'em No Limit ($0.02/$0.05 USD) - 2022/07/30 14:47:05 PT [2022/07/30 17:47:05 ET]
Table 'Equinox II' 9-max Seat #2 is the button
Seat 1: romasever777 ($3.74 in chips) 
Seat 2: cubicroot ($5.63 in chips) 
Seat 3: AnderEj ($10.05 in chips) 
Seat 4: Castaignoss101 ($8.50 in chips) 
Seat 5: EuGanheiDeNovo ($5.93 in chips) 
Seat 6: qzmp123 ($5 in chips) 
Seat 7: Ramkha ($5 in chips) 
Seat 8: megtorlo2244 ($4 in chips) 
Seat 9: Dorex2007 ($5 in chips) 
AnderEj: posts small blind $0.02
Castaignoss101: posts big blind $0.05
*** HOLE CARDS ***
Dealt to Dorex2007 [4s 6c]
EuGanheiDeNovo: calls $0.05
qzmp123 has timed out
qzmp123: folds 
Ramkha: folds 
megtorlo2244: folds 
Dorex2007: folds 
romasever777: calls $0.05
cubicroot: folds 
AnderEj: folds 
Castaignoss101: raises $0.05 to $0.10
EuGanheiDeNovo: calls $0.05
romasever777: calls $0.05
*** FLOP *** [7h 6s 7s]
Ramkha leaves the table
Castaignoss101: checks 
EuGanheiDeNovo: checks 
romasever777: checks 
*** TURN *** [7h 6s 7s] [9c]
Castaignoss101: bets $0.10
EuGanheiDeNovo: calls $0.10
romasever777: calls $0.10
*** RIVER *** [7h 6s 7s 9c] [8s]
Castaignoss101: bets $0.10
EuGanheiDeNovo: calls $0.10
romasever777: raises $1.05 to $1.15
Castaignoss101: folds 
EuGanheiDeNovo: calls $1.05
*** SHOW DOWN ***
romasever777: shows [4h 5c] (a straight, Five to Nine)
EuGanheiDeNovo: shows [Ad Tc] (a straight, Six to Ten)
EuGanheiDeNovo collected $2.89 from pot
*** SUMMARY ***
Total pot $3.02 | Rake $0.13 
Board [7h 6s 7s 9c 8s]
Seat 1: romasever777 showed [4h 5c] and lost with a straight, Five to Nine
Seat 2: cubicroot (button) folded before Flop (didn't bet)
Seat 3: AnderEj (small blind) folded before Flop
Seat 4: Castaignoss101 (big blind) folded on the River
Seat 5: EuGanheiDeNovo showed [Ad Tc] and won ($2.89) with a straight, Six to Ten
Seat 6: qzmp123 folded before Flop (didn't bet)
Seat 7: Ramkha folded before Flop (didn't bet)
Seat 8: megtorlo2244 folded before Flop (didn't bet)
Seat 9: Dorex2007 folded before Flop (didn't bet)



PokerStars Hand #237688624858:  Hold'em No Limit ($0.02/$0.05 USD) - 2022/07/30 14:48:28 PT [2022/07/30 17:48:28 ET]
Table 'Equinox II' 9-max Seat #3 is the button
Seat 1: romasever777 ($2.39 in chips) 
Seat 2: cubicroot ($5.63 in chips) 
Seat 3: AnderEj ($10.03 in chips) 
Seat 4: Castaignoss101 ($8.20 in chips) 
Seat 5: EuGanheiDeNovo ($7.47 in chips) 
Seat 6: qzmp123 ($5 in chips) 
Seat 8: megtorlo2244 ($4 in chips) 
Seat 9: Dorex2007 ($5 in chips) 
Castaignoss101: posts small blind $0.02
EuGanheiDeNovo: posts big blind $0.05
*** HOLE CARDS ***
Dealt to Dorex2007 [Td 6d]
qzmp123: folds 
megtorlo2244: folds 
Dorex2007: folds 
romasever777: raises $2.34 to $2.39 and is all-in
cubicroot: folds 
AnderEj: folds 
Castaignoss101: calls $2.37
EuGanheiDeNovo: folds 
*** FLOP *** [6s 8c 2s]
*** TURN *** [6s 8c 2s] [Kd]
*** RIVER *** [6s 8c 2s Kd] [9s]
*** SHOW DOWN ***
Castaignoss101: shows [Ts 9h] (a pair of Nines)
romasever777: shows [Tc 7c] (a straight, Six to Ten)
romasever777 collected $4.63 from pot
*** SUMMARY ***
Total pot $4.83 | Rake $0.20 
Board [6s 8c 2s Kd 9s]
Seat 1: romasever777 showed [Tc 7c] and won ($4.63) with a straight, Six to Ten
Seat 2: cubicroot folded before Flop (didn't bet)
Seat 3: AnderEj (button) folded before Flop (didn't bet)
Seat 4: Castaignoss101 (small blind) showed [Ts 9h] and lost with a pair of Nines
Seat 5: EuGanheiDeNovo (big blind) folded before Flop
Seat 6: qzmp123 folded before Flop (didn't bet)
Seat 8: megtorlo2244 folded before Flop (didn't bet)
Seat 9: Dorex2007 folded before Flop (didn't bet)



PokerStars Hand #237688646272:  Hold'em No Limit ($0.02/$0.05 USD) - 2022/07/30 14:49:31 PT [2022/07/30 17:49:31 ET]
Table 'Equinox II' 9-max Seat #4 is the button
Seat 1: romasever777 ($4.63 in chips) 
Seat 2: cubicroot ($5.63 in chips) 
Seat 3: AnderEj ($10.03 in chips) 
Seat 4: Castaignoss101 ($5.81 in chips) 
Seat 5: EuGanheiDeNovo ($7.42 in chips) 
Seat 6: qzmp123 ($5 in chips) 
Seat 8: megtorlo2244 ($4 in chips) 
Seat 9: Dorex2007 ($5 in chips) 
EuGanheiDeNovo: posts small blind $0.02
qzmp123: posts big blind $0.05
*** HOLE CARDS ***
Dealt to Dorex2007 [Qc 4s]
megtorlo2244: folds 
Dorex2007: folds 
romasever777: raises $1.55 to $1.60
WesternDuck12 joins the table at seat #7 
cubicroot: folds 
AnderEj: folds 
Castaignoss101: calls $1.60
EuGanheiDeNovo: folds 
qzmp123: raises $3.40 to $5 and is all-in
romasever777: calls $3.03 and is all-in
Castaignoss101: calls $3.40
*** FLOP *** [2s 5s 3c]
*** TURN *** [2s 5s 3c] [Kh]
*** RIVER *** [2s 5s 3c Kh] [8s]
*** SHOW DOWN ***
qzmp123: shows [2h Ah] (a pair of Deuces)
Castaignoss101: shows [6c 5c] (a pair of Fives)
Castaignoss101 collected $0.71 from side pot
romasever777: shows [9s 6s] (a flush, Nine high)
romasever777 collected $13.33 from main pot
*** SUMMARY ***
Total pot $14.65 Main pot $13.33. Side pot $0.71. | Rake $0.61 
Board [2s 5s 3c Kh 8s]
Seat 1: romasever777 showed [9s 6s] and won ($13.33) with a flush, Nine high
Seat 2: cubicroot folded before Flop (didn't bet)
Seat 3: AnderEj folded before Flop (didn't bet)
Seat 4: Castaignoss101 (button) showed [6c 5c] and won ($0.71) with a pair of Fives
Seat 5: EuGanheiDeNovo (small blind) folded before Flop
Seat 6: qzmp123 (big blind) showed [2h Ah] and lost with a pair of Deuces
Seat 8: megtorlo2244 folded before Flop (didn't bet)
Seat 9: Dorex2007 folded before Flop (didn't bet)



PokerStars Hand #237688664900:  Hold'em No Limit ($0.02/$0.05 USD) - 2022/07/30 14:50:27 PT [2022/07/30 17:50:27 ET]
Table 'Equinox II' 9-max Seat #5 is the button
Seat 1: romasever777 ($13.33 in chips) 
Seat 2: cubicroot ($5.63 in chips) 
Seat 3: AnderEj ($10.03 in chips) 
Seat 4: Castaignoss101 ($1.52 in chips) 
Seat 5: EuGanheiDeNovo ($7.40 in chips) 
Seat 6: qzmp123 ($5 in chips) 
Seat 7: WesternDuck12 ($5 in chips) 
Seat 8: megtorlo2244 ($4 in chips) 
Seat 9: Dorex2007 ($5 in chips) 
qzmp123: posts small blind $0.02
WesternDuck12: posts big blind $0.05
*** HOLE CARDS ***
Dealt to Dorex2007 [9s 3h]
megtorlo2244: folds 
Dorex2007: folds 
romasever777: calls $0.05
cubicroot: calls $0.05
AnderEj: folds 
Castaignoss101: raises $0.05 to $0.10
EuGanheiDeNovo: calls $0.10
qzmp123: folds 
WesternDuck12: calls $0.05
romasever777: calls $0.05
cubicroot: calls $0.05
*** FLOP *** [2c Qc 6h]
WesternDuck12: checks 
romasever777: checks 
cubicroot: bets $0.50
Castaignoss101: folds 
EuGanheiDeNovo: folds 
WesternDuck12: folds 
romasever777: folds 
Uncalled bet ($0.50) returned to cubicroot
cubicroot collected $0.50 from pot
cubicroot: doesn't show hand 
*** SUMMARY ***
Total pot $0.52 | Rake $0.02 
Board [2c Qc 6h]
Seat 1: romasever777 folded on the Flop
Seat 2: cubicroot collected ($0.50)
Seat 3: AnderEj folded before Flop (didn't bet)
Seat 4: Castaignoss101 folded on the Flop
Seat 5: EuGanheiDeNovo (button) folded on the Flop
Seat 6: qzmp123 (small blind) folded before Flop
Seat 7: WesternDuck12 (big blind) folded on the Flop
Seat 8: megtorlo2244 folded before Flop (didn't bet)
Seat 9: Dorex2007 folded before Flop (didn't bet)



PokerStars Hand #237688684285:  Hold'em No Limit ($0.02/$0.05 USD) - 2022/07/30 14:51:26 PT [2022/07/30 17:51:26 ET]
Table 'Equinox II' 9-max Seat #6 is the button
Seat 1: romasever777 ($13.23 in chips) 
Seat 2: cubicroot ($6.03 in chips) 
Seat 3: AnderEj ($10.03 in chips) 
Seat 4: Castaignoss101 ($4.90 in chips) 
Seat 5: EuGanheiDeNovo ($7.30 in chips) 
Seat 6: qzmp123 ($5 in chips) 
Seat 7: WesternDuck12 ($4.90 in chips) 
Seat 8: megtorlo2244 ($4 in chips) 
Seat 9: Dorex2007 ($5 in chips) 
WesternDuck12: posts small blind $0.02
megtorlo2244: posts big blind $0.05
*** HOLE CARDS ***
Dealt to Dorex2007 [Ks 9c]
Dorex2007: folds 
romasever777: folds 
cubicroot: folds 
AnderEj: folds 
Castaignoss101: calls $0.05
EuGanheiDeNovo: folds 
qzmp123: folds 
WesternDuck12: calls $0.03
megtorlo2244: raises $0.15 to $0.20
Castaignoss101: calls $0.15
WesternDuck12: folds 
*** FLOP *** [Ts 8s 9d]
megtorlo2244: checks 
Castaignoss101: bets $0.15
megtorlo2244: raises $0.15 to $0.30
Castaignoss101: calls $0.15
*** TURN *** [Ts 8s 9d] [Ah]
megtorlo2244: checks 
Castaignoss101: checks 
*** RIVER *** [Ts 8s 9d Ah] [Kc]
megtorlo2244: bets $0.30
Castaignoss101: calls $0.30
*** SHOW DOWN ***
megtorlo2244: shows [Js Ac] (a pair of Aces)
Castaignoss101: mucks hand 
megtorlo2244 collected $1.58 from pot
*** SUMMARY ***
Total pot $1.65 | Rake $0.07 
Board [Ts 8s 9d Ah Kc]
Seat 1: romasever777 folded before Flop (didn't bet)
Seat 2: cubicroot folded before Flop (didn't bet)
Seat 3: AnderEj folded before Flop (didn't bet)
Seat 4: Castaignoss101 mucked [Tc 2s]
Seat 5: EuGanheiDeNovo folded before Flop (didn't bet)
Seat 6: qzmp123 (button) folded before Flop (didn't bet)
Seat 7: WesternDuck12 (small blind) folded before Flop
Seat 8: megtorlo2244 (big blind) showed [Js Ac] and won ($1.58) with a pair of Aces
Seat 9: Dorex2007 folded before Flop (didn't bet)



PokerStars Hand #237688696553:  Hold'em No Limit ($0.02/$0.05 USD) - 2022/07/30 14:52:03 PT [2022/07/30 17:52:03 ET]
Table 'Equinox II' 9-max Seat #7 is the button
Seat 1: romasever777 ($13.23 in chips) 
Seat 2: cubicroot ($6.03 in chips) 
Seat 3: AnderEj ($10.03 in chips) 
Seat 4: Castaignoss101 ($4.10 in chips) 
Seat 5: EuGanheiDeNovo ($7.30 in chips) 
Seat 6: qzmp123 ($5 in chips) 
Seat 7: WesternDuck12 ($4.85 in chips) 
Seat 8: megtorlo2244 ($4.78 in chips) 
Seat 9: Dorex2007 ($5 in chips) 
megtorlo2244: posts small blind $0.02
Dorex2007: posts big blind $0.05
*** HOLE CARDS ***
Dealt to Dorex2007 [3h 5s]
romasever777: folds 
cubicroot: folds 
AnderEj: folds 
romasever777 leaves the table
Castaignoss101: raises $0.05 to $0.10
EuGanheiDeNovo: folds 
qzmp123: raises $0.20 to $0.30
WesternDuck12: folds 
megtorlo2244: folds 
Dorex2007: folds 
Castaignoss101: raises $0.20 to $0.50
qzmp123: calls $0.20
*** FLOP *** [As 3d 9s]
johnlukas13 joins the table at seat #1 
Castaignoss101: bets $0.20
qzmp123: folds 
Uncalled bet ($0.20) returned to Castaignoss101
Castaignoss101 collected $1.03 from pot
Castaignoss101: doesn't show hand 
*** SUMMARY ***
Total pot $1.07 | Rake $0.04 
Board [As 3d 9s]
Seat 1: romasever777 folded before Flop (didn't bet)
Seat 2: cubicroot folded before Flop (didn't bet)
Seat 3: AnderEj folded before Flop (didn't bet)
Seat 4: Castaignoss101 collected ($1.03)
Seat 5: EuGanheiDeNovo folded before Flop (didn't bet)
Seat 6: qzmp123 folded on the Flop
Seat 7: WesternDuck12 (button) folded before Flop (didn't bet)
Seat 8: megtorlo2244 (small blind) folded before Flop
Seat 9: Dorex2007 (big blind) folded before Flop



PokerStars Hand #237688721521:  Hold'em No Limit ($0.02/$0.05 USD) - 2022/07/30 14:53:03 PT [2022/07/30 17:53:03 ET]
Table 'Equinox II' 9-max Seat #8 is the button
Seat 1: johnlukas13 ($5 in chips) 
Seat 2: cubicroot ($6.03 in chips) 
Seat 3: AnderEj ($10.03 in chips) 
Seat 4: Castaignoss101 ($4.63 in chips) 
Seat 5: EuGanheiDeNovo ($7.30 in chips) 
Seat 6: qzmp123 ($5 in chips) 
Seat 7: WesternDuck12 ($4.85 in chips) 
Seat 8: megtorlo2244 ($4.76 in chips) 
Seat 9: Dorex2007 ($5 in chips) 
Dorex2007: posts small blind $0.02
johnlukas13: posts big blind $0.05
*** HOLE CARDS ***
Dealt to Dorex2007 [Ad Kc]
cubicroot: folds 
AnderEj: folds 
Castaignoss101: raises $0.05 to $0.10
EuGanheiDeNovo: folds 
qzmp123: folds 
WesternDuck12: folds 
megtorlo2244: folds 
Dorex2007: raises $0.20 to $0.30
johnlukas13: folds 
Castaignoss101: calls $0.20
*** FLOP *** [3d 9c 9s]
Dorex2007: bets $0.31
Castaignoss101: calls $0.31
*** TURN *** [3d 9c 9s] [Qc]
Dorex2007: checks 
Castaignoss101: checks 
*** RIVER *** [3d 9c 9s Qc] [8h]
Dorex2007: bets $0.61
Castaignoss101: raises $0.61 to $1.22
Dorex2007: folds 
Uncalled bet ($0.61) returned to Castaignoss101
Castaignoss101 collected $2.39 from pot
Castaignoss101: doesn't show hand 
*** SUMMARY ***
Total pot $2.49 | Rake $0.10 
Board [3d 9c 9s Qc 8h]
Seat 1: johnlukas13 (big blind) folded before Flop
Seat 2: cubicroot folded before Flop (didn't bet)
Seat 3: AnderEj folded before Flop (didn't bet)
Seat 4: Castaignoss101 collected ($2.39)
Seat 5: EuGanheiDeNovo folded before Flop (didn't bet)
Seat 6: qzmp123 folded before Flop (didn't bet)
Seat 7: WesternDuck12 folded before Flop (didn't bet)
Seat 8: megtorlo2244 (button) folded before Flop (didn't bet)
Seat 9: Dorex2007 (small blind) folded on the River



PokerStars Hand #237688741443:  Hold'em No Limit ($0.02/$0.05 USD) - 2022/07/30 14:54:04 PT [2022/07/30 17:54:04 ET]
Table 'Equinox II' 9-max Seat #9 is the button
Seat 1: johnlukas13 ($4.95 in chips) 
Seat 2: cubicroot ($6.03 in chips) 
Seat 3: AnderEj ($10.03 in chips) 
Seat 4: Castaignoss101 ($5.80 in chips) 
Seat 5: EuGanheiDeNovo ($7.30 in chips) 
Seat 6: qzmp123 ($5 in chips) 
Seat 7: WesternDuck12 ($4.85 in chips) 
Seat 8: megtorlo2244 ($4.76 in chips) 
Seat 9: Dorex2007 ($5 in chips) 
johnlukas13: posts small blind $0.02
cubicroot: posts big blind $0.05
*** HOLE CARDS ***
Dealt to Dorex2007 [3d 4h]
AnderEj: folds 
Castaignoss101: calls $0.05
EuGanheiDeNovo: folds 
qzmp123: folds 
WesternDuck12: folds 
megtorlo2244: folds 
Dorex2007: folds 
johnlukas13: calls $0.03
cubicroot: checks 
*** FLOP *** [Jd Ah 8s]
johnlukas13: checks 
cubicroot: checks 
Castaignoss101: bets $0.05
johnlukas13: folds 
cubicroot: folds 
Uncalled bet ($0.05) returned to Castaignoss101
Castaignoss101 collected $0.14 from pot
Castaignoss101: doesn't show hand 
*** SUMMARY ***
Total pot $0.15 | Rake $0.01 
Board [Jd Ah 8s]
Seat 1: johnlukas13 (small blind) folded on the Flop
Seat 2: cubicroot (big blind) folded on the Flop
Seat 3: AnderEj folded before Flop (didn't bet)
Seat 4: Castaignoss101 collected ($0.14)
Seat 5: EuGanheiDeNovo folded before Flop (didn't bet)
Seat 6: qzmp123 folded before Flop (didn't bet)
Seat 7: WesternDuck12 folded before Flop (didn't bet)
Seat 8: megtorlo2244 folded before Flop (didn't bet)
Seat 9: Dorex2007 (button) folded before Flop (didn't bet)



PokerStars Hand #237688760710:  Hold'em No Limit ($0.02/$0.05 USD) - 2022/07/30 14:55:03 PT [2022/07/30 17:55:03 ET]
Table 'Equinox II' 9-max Seat #1 is the button
Seat 1: johnlukas13 ($4.90 in chips) 
Seat 2: cubicroot ($5.98 in chips) 
Seat 3: AnderEj ($10.03 in chips) 
Seat 4: Castaignoss101 ($5.89 in chips) 
Seat 5: EuGanheiDeNovo ($7.30 in chips) 
Seat 6: qzmp123 ($5 in chips) 
Seat 7: WesternDuck12 ($4.85 in chips) 
Seat 8: megtorlo2244 ($4.76 in chips) 
Seat 9: Dorex2007 ($5 in chips) 
cubicroot: posts small blind $0.02
AnderEj: posts big blind $0.05
*** HOLE CARDS ***
Dealt to Dorex2007 [Jd 5h]
Castaignoss101: calls $0.05
EuGanheiDeNovo: folds 
qzmp123: raises $0.15 to $0.20
WesternDuck12: folds 
megtorlo2244: folds 
Dorex2007: folds 
johnlukas13 has timed out
johnlukas13: folds 
cubicroot: folds 
AnderEj: folds 
Castaignoss101: calls $0.15
*** FLOP *** [Qc 9h 6c]
Castaignoss101: checks 
qzmp123: checks 
*** TURN *** [Qc 9h 6c] [Qh]
Castaignoss101: bets $0.10
qzmp123: calls $0.10
*** RIVER *** [Qc 9h 6c Qh] [Tc]
Castaignoss101: bets $0.30
qzmp123: folds 
Uncalled bet ($0.30) returned to Castaignoss101
Castaignoss101 collected $0.64 from pot
Castaignoss101: doesn't show hand 
*** SUMMARY ***
Total pot $0.67 | Rake $0.03 
Board [Qc 9h 6c Qh Tc]
Seat 1: johnlukas13 (button) folded before Flop (didn't bet)
Seat 2: cubicroot (small blind) folded before Flop
Seat 3: AnderEj (big blind) folded before Flop
Seat 4: Castaignoss101 collected ($0.64)
Seat 5: EuGanheiDeNovo folded before Flop (didn't bet)
Seat 6: qzmp123 folded on the River
Seat 7: WesternDuck12 folded before Flop (didn't bet)
Seat 8: megtorlo2244 folded before Flop (didn't bet)
Seat 9: Dorex2007 folded before Flop (didn't bet)



PokerStars Hand #237688791795:  Hold'em No Limit ($0.02/$0.05 USD) - 2022/07/30 14:56:27 PT [2022/07/30 17:56:27 ET]
Table 'Equinox II' 9-max Seat #2 is the button
Seat 1: johnlukas13 ($4.90 in chips) 
Seat 2: cubicroot ($5.96 in chips) 
Seat 3: AnderEj ($9.98 in chips) 
Seat 4: Castaignoss101 ($6.23 in chips) 
Seat 5: EuGanheiDeNovo ($7.30 in chips) 
Seat 6: qzmp123 ($5 in chips) 
Seat 7: WesternDuck12 ($4.85 in chips) 
Seat 8: megtorlo2244 ($4.76 in chips) 
Seat 9: Dorex2007 ($5 in chips) 
AnderEj: posts small blind $0.02
Castaignoss101: posts big blind $0.05
*** HOLE CARDS ***
Dealt to Dorex2007 [5h 8h]
EuGanheiDeNovo: folds 
qzmp123: folds 
WesternDuck12: raises $0.25 to $0.30
megtorlo2244: folds 
Dorex2007: folds 
johnlukas13 has timed out
johnlukas13: folds 
cubicroot: folds 
AnderEj: folds 
Castaignoss101: calls $0.25
*** FLOP *** [Qc Qs 2c]
Castaignoss101: checks 
WesternDuck12: bets $0.40
Castaignoss101: folds 
Uncalled bet ($0.40) returned to WesternDuck12
WesternDuck12 collected $0.59 from pot
WesternDuck12: doesn't show hand 
*** SUMMARY ***
Total pot $0.62 | Rake $0.03 
Board [Qc Qs 2c]
Seat 1: johnlukas13 folded before Flop (didn't bet)
Seat 2: cubicroot (button) folded before Flop (didn't bet)
Seat 3: AnderEj (small blind) folded before Flop
Seat 4: Castaignoss101 (big blind) folded on the Flop
Seat 5: EuGanheiDeNovo folded before Flop (didn't bet)
Seat 6: qzmp123 folded before Flop (didn't bet)
Seat 7: WesternDuck12 collected ($0.59)
Seat 8: megtorlo2244 folded before Flop (didn't bet)
Seat 9: Dorex2007 folded before Flop (didn't bet)



PokerStars Hand #237688804945:  Hold'em No Limit ($0.02/$0.05 USD) - 2022/07/30 14:57:19 PT [2022/07/30 17:57:19 ET]
Table 'Equinox II' 9-max Seat #3 is the button
Seat 2: cubicroot ($5.96 in chips) 
Seat 3: AnderEj ($9.96 in chips) 
Seat 4: Castaignoss101 ($5.93 in chips) 
Seat 5: EuGanheiDeNovo ($7.30 in chips) 
Seat 6: qzmp123 ($5 in chips) 
Seat 7: WesternDuck12 ($5.14 in chips) 
Seat 8: megtorlo2244 ($4.76 in chips) 
Seat 9: Dorex2007 ($5 in chips) 
Castaignoss101: posts small blind $0.02
EuGanheiDeNovo: posts big blind $0.05
*** HOLE CARDS ***
Dealt to Dorex2007 [5h Th]
qzmp123: folds 
WesternDuck12: raises $0.05 to $0.10
megtorlo2244: folds 
Dorex2007: folds 
cubicroot: folds 
AnderEj: calls $0.10
Castaignoss101: calls $0.08
EuGanheiDeNovo: folds 
*** FLOP *** [7d 3c 3h]
Castaignoss101: checks 
WesternDuck12: bets $0.17
AnderEj: calls $0.17
Castaignoss101: calls $0.17
*** TURN *** [7d 3c 3h] [9c]
Castaignoss101: bets $0.10
WesternDuck12: calls $0.10
AnderEj: raises $0.56 to $0.66
Castaignoss101: calls $0.56
WesternDuck12: folds 
*** RIVER *** [7d 3c 3h 9c] [Td]
Castaignoss101: checks 
AnderEj: bets $1.54
Castaignoss101: folds 
Uncalled bet ($1.54) returned to AnderEj
AnderEj collected $2.19 from pot
AnderEj: doesn't show hand 
*** SUMMARY ***
Total pot $2.28 | Rake $0.09 
Board [7d 3c 3h 9c Td]
Seat 2: cubicroot folded before Flop (didn't bet)
Seat 3: AnderEj (button) collected ($2.19)
Seat 4: Castaignoss101 (small blind) folded on the River
Seat 5: EuGanheiDeNovo (big blind) folded before Flop
Seat 6: qzmp123 folded before Flop (didn't bet)
Seat 7: WesternDuck12 folded on the Turn
Seat 8: megtorlo2244 folded before Flop (didn't bet)
Seat 9: Dorex2007 folded before Flop (didn't bet)



PokerStars Hand #237688820939:  Hold'em No Limit ($0.02/$0.05 USD) - 2022/07/30 14:58:23 PT [2022/07/30 17:58:23 ET]
Table 'Equinox II' 9-max Seat #4 is the button
Seat 1: johnlukas13 ($4.90 in chips) 
Seat 2: cubicroot ($5.96 in chips) 
Seat 3: AnderEj ($11.22 in chips) 
Seat 4: Castaignoss101 ($5 in chips) 
Seat 5: EuGanheiDeNovo ($7.25 in chips) 
Seat 6: qzmp123 ($5 in chips) 
Seat 7: WesternDuck12 ($4.77 in chips) 
Seat 8: megtorlo2244 ($4.76 in chips) 
Seat 9: Dorex2007 ($5 in chips) 
EuGanheiDeNovo: posts small blind $0.02
qzmp123: posts big blind $0.05
*** HOLE CARDS ***
Dealt to Dorex2007 [Jd Ah]
WesternDuck12: calls $0.05
megtorlo2244: folds 
Dorex2007: raises $0.10 to $0.15
johnlukas13: calls $0.15
cubicroot: folds 
AnderEj: folds 
Castaignoss101: calls $0.15
EuGanheiDeNovo: calls $0.13
qzmp123: calls $0.10
WesternDuck12: calls $0.10
*** FLOP *** [4d 3h 3s]
EuGanheiDeNovo: bets $0.20
qzmp123: folds 
WesternDuck12: calls $0.20
Dorex2007: folds 
johnlukas13: folds 
Castaignoss101: folds 
*** TURN *** [4d 3h 3s] [9c]
EuGanheiDeNovo: bets $0.62
WesternDuck12: folds 
Uncalled bet ($0.62) returned to EuGanheiDeNovo
EuGanheiDeNovo collected $1.25 from pot
EuGanheiDeNovo: doesn't show hand 
*** SUMMARY ***
Total pot $1.30 | Rake $0.05 
Board [4d 3h 3s 9c]
Seat 1: johnlukas13 folded on the Flop
Seat 2: cubicroot folded before Flop (didn't bet)
Seat 3: AnderEj folded before Flop (didn't bet)
Seat 4: Castaignoss101 (button) folded on the Flop
Seat 5: EuGanheiDeNovo (small blind) collected ($1.25)
Seat 6: qzmp123 (big blind) folded on the Flop
Seat 7: WesternDuck12 folded on the Turn
Seat 8: megtorlo2244 folded before Flop (didn't bet)
Seat 9: Dorex2007 folded on the Flop



PokerStars Hand #237688838124:  Hold'em No Limit ($0.02/$0.05 USD) - 2022/07/30 14:59:31 PT [2022/07/30 17:59:31 ET]
Table 'Equinox II' 9-max Seat #5 is the button
Seat 1: johnlukas13 ($4.75 in chips) 
Seat 2: cubicroot ($5.96 in chips) 
Seat 3: AnderEj ($11.22 in chips) 
Seat 4: Castaignoss101 ($4.85 in chips) 
Seat 5: EuGanheiDeNovo ($8.15 in chips) 
Seat 6: qzmp123 ($5 in chips) 
Seat 7: WesternDuck12 ($4.42 in chips) 
Seat 8: megtorlo2244 ($4.76 in chips) 
Seat 9: Dorex2007 ($5 in chips) 
qzmp123: posts small blind $0.02
WesternDuck12: posts big blind $0.05
*** HOLE CARDS ***
Dealt to Dorex2007 [5d Th]
megtorlo2244: folds 
Dorex2007: folds 
johnlukas13 has timed out
johnlukas13: folds 
cubicroot: calls $0.05
AnderEj: folds 
Castaignoss101: calls $0.05
EuGanheiDeNovo: folds 
qzmp123: raises $0.71 to $0.76
WesternDuck12: folds 
cubicroot: raises $1.62 to $2.38
Castaignoss101: folds 
qzmp123: raises $2.62 to $5 and is all-in
cubicroot: calls $2.62
*** FLOP *** [5s Jc Ts]
*** TURN *** [5s Jc Ts] [4c]
*** RIVER *** [5s Jc Ts 4c] [9h]
*** SHOW DOWN ***
qzmp123: shows [Kc Kh] (a pair of Kings)
cubicroot: shows [Ad Ah] (a pair of Aces)
cubicroot collected $9.68 from pot
*** SUMMARY ***
Total pot $10.10 | Rake $0.42 
Board [5s Jc Ts 4c 9h]
Seat 1: johnlukas13 folded before Flop (didn't bet)
Seat 2: cubicroot showed [Ad Ah] and won ($9.68) with a pair of Aces
Seat 3: AnderEj folded before Flop (didn't bet)
Seat 4: Castaignoss101 folded before Flop
Seat 5: EuGanheiDeNovo (button) folded before Flop (didn't bet)
Seat 6: qzmp123 (small blind) showed [Kc Kh] and lost with a pair of Kings
Seat 7: WesternDuck12 (big blind) folded before Flop
Seat 8: megtorlo2244 folded before Flop (didn't bet)
Seat 9: Dorex2007 folded before Flop (didn't bet)



PokerStars Hand #237688859768:  Hold'em No Limit ($0.02/$0.05 USD) - 2022/07/30 15:00:54 PT [2022/07/30 18:00:54 ET]
Table 'Equinox II' 9-max Seat #6 is the button
Seat 1: johnlukas13 ($4.75 in chips) 
Seat 2: cubicroot ($10.64 in chips) 
Seat 3: AnderEj ($11.22 in chips) 
Seat 4: Castaignoss101 ($4.80 in chips) 
Seat 5: EuGanheiDeNovo ($8.15 in chips) 
Seat 6: qzmp123 ($5 in chips) 
Seat 7: WesternDuck12 ($4.37 in chips) 
Seat 8: megtorlo2244 ($4.76 in chips) 
Seat 9: Dorex2007 ($5 in chips) 
WesternDuck12: posts small blind $0.02
megtorlo2244: posts big blind $0.05
*** HOLE CARDS ***
Dealt to Dorex2007 [5c 6s]
Dorex2007: folds 
johnlukas13: calls $0.05
cubicroot: calls $0.05
AnderEj: folds 
Castaignoss101: calls $0.05
EuGanheiDeNovo: folds 
qzmp123: folds 
WesternDuck12: calls $0.03
megtorlo2244: checks 
*** FLOP *** [Ad Ac 4s]
WesternDuck12: checks 
megtorlo2244: checks 
johnlukas13: bets $0.35
cubicroot: folds 
Castaignoss101: calls $0.35
WesternDuck12: folds 
megtorlo2244: folds 
*** TURN *** [Ad Ac 4s] [3c]
johnlukas13: bets $4.35 and is all-in
Castaignoss101: folds 
Uncalled bet ($4.35) returned to johnlukas13
johnlukas13 collected $0.90 from pot
johnlukas13: doesn't show hand 
*** SUMMARY ***
Total pot $0.95 | Rake $0.05 
Board [Ad Ac 4s 3c]
Seat 1: johnlukas13 collected ($0.90)
Seat 2: cubicroot folded on the Flop
Seat 3: AnderEj folded before Flop (didn't bet)
Seat 4: Castaignoss101 folded on the Turn
Seat 5: EuGanheiDeNovo folded before Flop (didn't bet)
Seat 6: qzmp123 (button) folded before Flop (didn't bet)
Seat 7: WesternDuck12 (small blind) folded on the Flop
Seat 8: megtorlo2244 (big blind) folded on the Flop
Seat 9: Dorex2007 folded before Flop (didn't bet)



PokerStars Hand #237688882595:  Hold'em No Limit ($0.02/$0.05 USD) - 2022/07/30 15:02:09 PT [2022/07/30 18:02:09 ET]
Table 'Equinox II' 9-max Seat #7 is the button
Seat 1: johnlukas13 ($5.25 in chips) 
Seat 2: cubicroot ($10.59 in chips) 
Seat 3: AnderEj ($11.22 in chips) 
Seat 4: Castaignoss101 ($4.40 in chips) 
Seat 5: EuGanheiDeNovo ($8.15 in chips) 
Seat 6: qzmp123 ($5 in chips) 
Seat 7: WesternDuck12 ($4.32 in chips) 
Seat 8: megtorlo2244 ($4.71 in chips) 
Seat 9: Dorex2007 ($5 in chips) 
megtorlo2244: posts small blind $0.02
Dorex2007: posts big blind $0.05
*** HOLE CARDS ***
Dealt to Dorex2007 [8c 8h]
johnlukas13 has timed out
johnlukas13: folds 
cubicroot: folds 
AnderEj: raises $0.10 to $0.15
Castaignoss101: calls $0.15
EuGanheiDeNovo: folds 
qzmp123: folds 
WesternDuck12: calls $0.15
megtorlo2244: raises $0.65 to $0.80
Dorex2007: folds 
AnderEj: folds 
Castaignoss101: calls $0.65
WesternDuck12: folds 
*** FLOP *** [4c 5s Ad]
megtorlo2244: bets $1
Castaignoss101: calls $1
*** TURN *** [4c 5s Ad] [9d]
megtorlo2244: bets $2.91 and is all-in
Castaignoss101: calls $2.60 and is all-in
Uncalled bet ($0.31) returned to megtorlo2244
*** RIVER *** [4c 5s Ad 9d] [Qd]
*** SHOW DOWN ***
megtorlo2244: shows [Ah Kd] (a pair of Aces)
Castaignoss101: shows [7s As] (a pair of Aces - lower kicker)
megtorlo2244 cashed out the hand for $8.10 | Cash Out Fee $0.08
*** SUMMARY ***
Total pot $9.15 | Rake $0.38 
Board [4c 5s Ad 9d Qd]
Seat 1: johnlukas13 folded before Flop (didn't bet)
Seat 2: cubicroot folded before Flop (didn't bet)
Seat 3: AnderEj folded before Flop
Seat 4: Castaignoss101 showed [7s As] and lost with a pair of Aces
Seat 5: EuGanheiDeNovo folded before Flop (didn't bet)
Seat 6: qzmp123 folded before Flop (didn't bet)
Seat 7: WesternDuck12 (button) folded before Flop
Seat 8: megtorlo2244 (small blind) showed [Ah Kd] and won ($8.77) with a pair of Aces (pot not awarded as player cashed out)
Seat 9: Dorex2007 (big blind) folded before Flop



PokerStars Hand #237688912609:  Hold'em No Limit ($0.02/$0.05 USD) - 2022/07/30 15:03:44 PT [2022/07/30 18:03:44 ET]
Table 'Equinox II' 9-max Seat #8 is the button
Seat 1: johnlukas13 ($5.25 in chips) 
Seat 2: cubicroot ($10.59 in chips) 
Seat 3: AnderEj ($11.07 in chips) 
Seat 5: EuGanheiDeNovo ($8.15 in chips) 
Seat 6: qzmp123 ($5 in chips) 
Seat 7: WesternDuck12 ($4.17 in chips) 
Seat 8: megtorlo2244 ($8.41 in chips) 
Seat 9: Dorex2007 ($5 in chips) 
Dorex2007: posts small blind $0.02
johnlukas13: posts big blind $0.05
*** HOLE CARDS ***
Dealt to Dorex2007 [2s Qd]
cubicroot: folds 
AnderEj: folds 
EuGanheiDeNovo: raises $0.10 to $0.15
qzmp123: folds 
WesternDuck12: folds 
megtorlo2244: folds 
Dorex2007: folds 
johnlukas13: calls $0.10
*** FLOP *** [2d 3s Js]
johnlukas13: checks 
EuGanheiDeNovo: bets $0.15
johnlukas13: folds 
Uncalled bet ($0.15) returned to EuGanheiDeNovo
EuGanheiDeNovo collected $0.31 from pot
EuGanheiDeNovo: doesn't show hand 
*** SUMMARY ***
Total pot $0.32 | Rake $0.01 
Board [2d 3s Js]
Seat 1: johnlukas13 (big blind) folded on the Flop
Seat 2: cubicroot folded before Flop (didn't bet)
Seat 3: AnderEj folded before Flop (didn't bet)
Seat 5: EuGanheiDeNovo collected ($0.31)
Seat 6: qzmp123 folded before Flop (didn't bet)
Seat 7: WesternDuck12 folded before Flop (didn't bet)
Seat 8: megtorlo2244 (button) folded before Flop (didn't bet)
Seat 9: Dorex2007 (small blind) folded before Flop



PokerStars Hand #237688928475:  Hold'em No Limit ($0.02/$0.05 USD) - 2022/07/30 15:04:33 PT [2022/07/30 18:04:33 ET]
Table 'Equinox II' 9-max Seat #9 is the button
Seat 1: johnlukas13 ($5.10 in chips) 
Seat 2: cubicroot ($10.59 in chips) 
Seat 3: AnderEj ($11.07 in chips) 
Seat 4: Castaignoss101 ($5 in chips) 
Seat 5: EuGanheiDeNovo ($8.31 in chips) 
Seat 6: qzmp123 ($5 in chips) 
Seat 7: WesternDuck12 ($4.17 in chips) 
Seat 8: megtorlo2244 ($8.41 in chips) 
Seat 9: Dorex2007 ($5 in chips) 
johnlukas13: posts small blind $0.02
cubicroot: posts big blind $0.05
*** HOLE CARDS ***
Dealt to Dorex2007 [8d 5d]
AnderEj: folds 
Castaignoss101: raises $0.05 to $0.10
EuGanheiDeNovo: calls $0.10
qzmp123: folds 
WesternDuck12: calls $0.10
megtorlo2244: calls $0.10
Dorex2007: folds 
johnlukas13: calls $0.08
cubicroot: calls $0.05
*** FLOP *** [Kh Js 8h]
johnlukas13: bets $0.05
cubicroot: folds 
Castaignoss101: calls $0.05
EuGanheiDeNovo: calls $0.05
WesternDuck12: calls $0.05
megtorlo2244: folds 
*** TURN *** [Kh Js 8h] [Jc]
johnlukas13: bets $4.95 and is all-in
Castaignoss101: folds 
EuGanheiDeNovo: folds 
WesternDuck12: folds 
Uncalled bet ($4.95) returned to johnlukas13
johnlukas13 collected $0.76 from pot
johnlukas13: doesn't show hand 
*** SUMMARY ***
Total pot $0.80 | Rake $0.04 
Board [Kh Js 8h Jc]
Seat 1: johnlukas13 (small blind) collected ($0.76)
Seat 2: cubicroot (big blind) folded on the Flop
Seat 3: AnderEj folded before Flop (didn't bet)
Seat 4: Castaignoss101 folded on the Turn
Seat 5: EuGanheiDeNovo folded on the Turn
Seat 6: qzmp123 folded before Flop (didn't bet)
Seat 7: WesternDuck12 folded on the Turn
Seat 8: megtorlo2244 folded on the Flop
Seat 9: Dorex2007 (button) folded before Flop (didn't bet)



PokerStars Hand #237688949773:  Hold'em No Limit ($0.02/$0.05 USD) - 2022/07/30 15:05:40 PT [2022/07/30 18:05:40 ET]
Table 'Equinox II' 9-max Seat #1 is the button
Seat 1: johnlukas13 ($5.71 in chips) 
Seat 2: cubicroot ($10.49 in chips) 
Seat 3: AnderEj ($11.07 in chips) 
Seat 4: Castaignoss101 ($4.85 in chips) 
Seat 5: EuGanheiDeNovo ($8.16 in chips) 
Seat 6: qzmp123 ($5 in chips) 
Seat 7: WesternDuck12 ($4.02 in chips) 
Seat 8: megtorlo2244 ($8.31 in chips) 
Seat 9: Dorex2007 ($5 in chips) 
cubicroot: posts small blind $0.02
AnderEj: posts big blind $0.05
*** HOLE CARDS ***
Dealt to Dorex2007 [Ac 4d]
Castaignoss101: calls $0.05
EuGanheiDeNovo: folds 
qzmp123: folds 
WesternDuck12: folds 
megtorlo2244: folds 
Dorex2007: folds 
johnlukas13: calls $0.05
cubicroot: calls $0.03
AnderEj: checks 
*** FLOP *** [Jd 8h Qd]
cubicroot: checks 
AnderEj: checks 
Castaignoss101: checks 
johnlukas13: bets $0.05
cubicroot: raises $10.39 to $10.44 and is all-in
AnderEj: folds 
Castaignoss101: folds 
johnlukas13: folds 
Uncalled bet ($10.39) returned to cubicroot
cubicroot collected $0.29 from pot
cubicroot: doesn't show hand 
*** SUMMARY ***
Total pot $0.30 | Rake $0.01 
Board [Jd 8h Qd]
Seat 1: johnlukas13 (button) folded on the Flop
Seat 2: cubicroot (small blind) collected ($0.29)
Seat 3: AnderEj (big blind) folded on the Flop
Seat 4: Castaignoss101 folded on the Flop
Seat 5: EuGanheiDeNovo folded before Flop (didn't bet)
Seat 6: qzmp123 folded before Flop (didn't bet)
Seat 7: WesternDuck12 folded before Flop (didn't bet)
Seat 8: megtorlo2244 folded before Flop (didn't bet)
Seat 9: Dorex2007 folded before Flop (didn't bet)



PokerStars Hand #237688969689:  Hold'em No Limit ($0.02/$0.05 USD) - 2022/07/30 15:06:42 PT [2022/07/30 18:06:42 ET]
Table 'Equinox II' 9-max Seat #2 is the button
Seat 1: johnlukas13 ($5.61 in chips) 
Seat 2: cubicroot ($10.68 in chips) 
Seat 3: AnderEj ($11.02 in chips) 
Seat 4: Castaignoss101 ($4.80 in chips) 
Seat 5: EuGanheiDeNovo ($8.16 in chips) 
Seat 6: qzmp123 ($5 in chips) 
Seat 7: WesternDuck12 ($4.02 in chips) 
Seat 8: megtorlo2244 ($8.31 in chips) 
Seat 9: Dorex2007 ($5 in chips) 
AnderEj: posts small blind $0.02
Castaignoss101: posts big blind $0.05
*** HOLE CARDS ***
Dealt to Dorex2007 [9h 8h]
EuGanheiDeNovo: folds 
qzmp123: folds 
WesternDuck12: calls $0.05
megtorlo2244: calls $0.05
Dorex2007: folds 
johnlukas13: calls $0.05
cubicroot: calls $0.05
AnderEj: calls $0.03
Castaignoss101: checks 
*** FLOP *** [Jc 3s 7h]
AnderEj: checks 
Castaignoss101: checks 
WesternDuck12: checks 
megtorlo2244: checks 
johnlukas13: bets $0.05
cubicroot: calls $0.05
AnderEj: calls $0.05
Castaignoss101: folds 
WesternDuck12: calls $0.05
megtorlo2244: folds 
*** TURN *** [Jc 3s 7h] [Kc]
AnderEj: checks 
WesternDuck12: checks 
johnlukas13: bets $0.25
cubicroot: folds 
AnderEj: calls $0.25
WesternDuck12: calls $0.25
*** RIVER *** [Jc 3s 7h Kc] [4c]
AnderEj: checks 
WesternDuck12: checks 
johnlukas13: bets $5.26 and is all-in
AnderEj: calls $5.26
WesternDuck12: folds 
*** SHOW DOWN ***
johnlukas13: shows [Ac 3h] (a pair of Threes)
AnderEj: shows [2c Qc] (a flush, King high)
AnderEj collected $11.28 from pot
*** SUMMARY ***
Total pot $11.77 | Rake $0.49 
Board [Jc 3s 7h Kc 4c]
Seat 1: johnlukas13 showed [Ac 3h] and lost with a pair of Threes
Seat 2: cubicroot (button) folded on the Turn
Seat 3: AnderEj (small blind) showed [2c Qc] and won ($11.28) with a flush, King high
Seat 4: Castaignoss101 (big blind) folded on the Flop
Seat 5: EuGanheiDeNovo folded before Flop (didn't bet)
Seat 6: qzmp123 folded before Flop (didn't bet)
Seat 7: WesternDuck12 folded on the River
Seat 8: megtorlo2244 folded on the Flop
Seat 9: Dorex2007 folded before Flop (didn't bet)



PokerStars Hand #237689001911:  Hold'em No Limit ($0.02/$0.05 USD) - 2022/07/30 15:08:23 PT [2022/07/30 18:08:23 ET]
Table 'Equinox II' 9-max Seat #3 is the button
Seat 2: cubicroot ($10.58 in chips) 
Seat 3: AnderEj ($16.69 in chips) 
Seat 4: Castaignoss101 ($4.75 in chips) 
Seat 5: EuGanheiDeNovo ($8.16 in chips) 
Seat 6: qzmp123 ($5 in chips) 
Seat 7: WesternDuck12 ($3.67 in chips) 
Seat 8: megtorlo2244 ($8.26 in chips) 
Seat 9: Dorex2007 ($5 in chips) 
Castaignoss101: posts small blind $0.02
EuGanheiDeNovo: posts big blind $0.05
*** HOLE CARDS ***
Dealt to Dorex2007 [Js Kd]
qzmp123: folds 
johnlukas13 leaves the table
WesternDuck12: raises $0.10 to $0.15
megtorlo2244: calls $0.15
RottieWisperer joins the table at seat #1 
Dorex2007: folds 
cubicroot: folds 
AnderEj: folds 
Castaignoss101: raises $0.10 to $0.25
EuGanheiDeNovo: folds 
WesternDuck12: calls $0.10
megtorlo2244: calls $0.10
*** FLOP *** [Qh 9h 8h]
Castaignoss101: bets $0.05
WesternDuck12: calls $0.05
megtorlo2244: folds 
*** TURN *** [Qh 9h 8h] [9d]
Castaignoss101: bets $0.15
WesternDuck12: calls $0.15
*** RIVER *** [Qh 9h 8h 9d] [Qs]
Castaignoss101: checks 
WesternDuck12: bets $1.15
Castaignoss101: folds 
Uncalled bet ($1.15) returned to WesternDuck12
WesternDuck12 collected $1.15 from pot
WesternDuck12: doesn't show hand 
*** SUMMARY ***
Total pot $1.20 | Rake $0.05 
Board [Qh 9h 8h 9d Qs]
Seat 2: cubicroot folded before Flop (didn't bet)
Seat 3: AnderEj (button) folded before Flop (didn't bet)
Seat 4: Castaignoss101 (small blind) folded on the River
Seat 5: EuGanheiDeNovo (big blind) folded before Flop
Seat 6: qzmp123 folded before Flop (didn't bet)
Seat 7: WesternDuck12 collected ($1.15)
Seat 8: megtorlo2244 folded on the Flop
Seat 9: Dorex2007 folded before Flop (didn't bet)



PokerStars Hand #237689022085:  Hold'em No Limit ($0.02/$0.05 USD) - 2022/07/30 15:09:27 PT [2022/07/30 18:09:27 ET]
Table 'Equinox II' 9-max Seat #4 is the button
Seat 2: cubicroot ($10.58 in chips) 
Seat 3: AnderEj ($16.69 in chips) 
Seat 4: Castaignoss101 ($4.30 in chips) 
Seat 5: EuGanheiDeNovo ($8.11 in chips) 
Seat 7: WesternDuck12 ($4.37 in chips) 
Seat 8: megtorlo2244 ($8.01 in chips) 
Seat 9: Dorex2007 ($5 in chips) 
EuGanheiDeNovo: posts small blind $0.02
qzmp123: is sitting out 
qzmp123 leaves the table
WesternDuck12: posts big blind $0.05
RottieWisperer: sits out 
*** HOLE CARDS ***
Dealt to Dorex2007 [4s Jd]
megtorlo2244: folds 
Dorex2007: folds 
cubicroot has timed out
cubicroot: folds 
AnderEj: folds 
Castaignoss101: raises $0.05 to $0.10
yur4ik777 joins the table at seat #6 
EuGanheiDeNovo: calls $0.08
WesternDuck12: calls $0.05
*** FLOP *** [3c 8c Ac]
EuGanheiDeNovo: checks 
WesternDuck12: bets $0.14
Castaignoss101: calls $0.14
EuGanheiDeNovo: calls $0.14
*** TURN *** [3c 8c Ac] [5s]
EuGanheiDeNovo: checks 
WesternDuck12: checks 
Castaignoss101: checks 
*** RIVER *** [3c 8c Ac 5s] [6s]
EuGanheiDeNovo: checks 
WesternDuck12: checks 
Castaignoss101: checks 
*** SHOW DOWN ***
EuGanheiDeNovo: shows [Kc 9d] (high card Ace)
WesternDuck12: shows [5d Qc] (a pair of Fives)
Castaignoss101: shows [9s 6d] (a pair of Sixes)
Castaignoss101 collected $0.69 from pot
*** SUMMARY ***
Total pot $0.72 | Rake $0.03 
Board [3c 8c Ac 5s 6s]
Seat 2: cubicroot folded before Flop (didn't bet)
Seat 3: AnderEj folded before Flop (didn't bet)
Seat 4: Castaignoss101 (button) showed [9s 6d] and won ($0.69) with a pair of Sixes
Seat 5: EuGanheiDeNovo (small blind) showed [Kc 9d] and lost with high card Ace
Seat 7: WesternDuck12 (big blind) showed [5d Qc] and lost with a pair of Fives
Seat 8: megtorlo2244 folded before Flop (didn't bet)
Seat 9: Dorex2007 folded before Flop (didn't bet)



PokerStars Hand #237689046319:  Hold'em No Limit ($0.02/$0.05 USD) - 2022/07/30 15:10:44 PT [2022/07/30 18:10:44 ET]
Table 'Equinox II' 9-max Seat #5 is the button
Seat 3: AnderEj ($16.69 in chips) 
Seat 4: Castaignoss101 ($4.75 in chips) 
Seat 5: EuGanheiDeNovo ($7.87 in chips) 
Seat 7: WesternDuck12 ($4.13 in chips) 
Seat 8: megtorlo2244 ($8.01 in chips) 
Seat 9: Dorex2007 ($5 in chips) 
WesternDuck12: posts small blind $0.02
megtorlo2244: posts big blind $0.05
RottieWisperer: sits out 
*** HOLE CARDS ***
Dealt to Dorex2007 [3c 3s]
Dorex2007: folds 
AnderEj: folds 
Castaignoss101: calls $0.05
EuGanheiDeNovo: folds 
WesternDuck12: calls $0.03
megtorlo2244: checks 
*** FLOP *** [4s 6s 9c]
WesternDuck12: bets $0.10
megtorlo2244: calls $0.10
Castaignoss101: calls $0.10
*** TURN *** [4s 6s 9c] [2d]
WesternDuck12: bets $0.25
megtorlo2244: folds 
Castaignoss101: calls $0.25
*** RIVER *** [4s 6s 9c 2d] [7c]
WesternDuck12: bets $0.45
Castaignoss101: raises $0.45 to $0.90
WesternDuck12: folds 
Uncalled bet ($0.45) returned to Castaignoss101
Castaignoss101 collected $1.77 from pot
Castaignoss101: doesn't show hand 
*** SUMMARY ***
Total pot $1.85 | Rake $0.08 
Board [4s 6s 9c 2d 7c]
Seat 3: AnderEj folded before Flop (didn't bet)
Seat 4: Castaignoss101 collected ($1.77)
Seat 5: EuGanheiDeNovo (button) folded before Flop (didn't bet)
Seat 7: WesternDuck12 (small blind) folded on the River
Seat 8: megtorlo2244 (big blind) folded on the Turn
Seat 9: Dorex2007 folded before Flop (didn't bet)



PokerStars Hand #237689061921:  Hold'em No Limit ($0.02/$0.05 USD) - 2022/07/30 15:11:34 PT [2022/07/30 18:11:34 ET]
Table 'Equinox II' 9-max Seat #7 is the button
Seat 2: cubicroot ($10.58 in chips) 
Seat 3: AnderEj ($16.69 in chips) 
Seat 4: Castaignoss101 ($5.67 in chips) 
Seat 5: EuGanheiDeNovo ($7.87 in chips) 
Seat 7: WesternDuck12 ($3.28 in chips) 
Seat 8: megtorlo2244 ($7.86 in chips) 
Seat 9: Dorex2007 ($5 in chips) 
megtorlo2244: posts small blind $0.02
Dorex2007: posts big blind $0.05
RottieWisperer: sits out 
yur4ik777: sits out 
*** HOLE CARDS ***
Dealt to Dorex2007 [As Th]
cubicroot has timed out
cubicroot: folds 
AnderEj: folds 
Castaignoss101: calls $0.05
EuGanheiDeNovo: calls $0.05
WesternDuck12: folds 
megtorlo2244: folds 
Dorex2007: checks 
*** FLOP *** [Kc 4h 7c]
Dorex2007: checks 
Castaignoss101: checks 
EuGanheiDeNovo: checks 
*** TURN *** [Kc 4h 7c] [5h]
Dorex2007: checks 
Castaignoss101: checks 
EuGanheiDeNovo: checks 
*** RIVER *** [Kc 4h 7c 5h] [Jh]
Dorex2007: checks 
Castaignoss101: checks 
EuGanheiDeNovo: bets $0.16
Dorex2007: folds 
Castaignoss101: folds 
Uncalled bet ($0.16) returned to EuGanheiDeNovo
EuGanheiDeNovo collected $0.16 from pot
EuGanheiDeNovo: doesn't show hand 
*** SUMMARY ***
Total pot $0.17 | Rake $0.01 
Board [Kc 4h 7c 5h Jh]
Seat 2: cubicroot folded before Flop (didn't bet)
Seat 3: AnderEj folded before Flop (didn't bet)
Seat 4: Castaignoss101 folded on the River
Seat 5: EuGanheiDeNovo collected ($0.16)
Seat 7: WesternDuck12 (button) folded before Flop (didn't bet)
Seat 8: megtorlo2244 (small blind) folded before Flop
Seat 9: Dorex2007 (big blind) folded on the River



PokerStars Hand #237689085416:  Hold'em No Limit ($0.02/$0.05 USD) - 2022/07/30 15:12:49 PT [2022/07/30 18:12:49 ET]
Table 'Equinox II' 9-max Seat #8 is the button
Seat 1: RottieWisperer ($5 in chips) 
Seat 2: cubicroot ($10.58 in chips) 
Seat 3: AnderEj ($16.69 in chips) 
Seat 4: Castaignoss101 ($5.62 in chips) 
Seat 5: EuGanheiDeNovo ($7.98 in chips) 
Seat 7: WesternDuck12 ($3.28 in chips) 
Seat 8: megtorlo2244 ($7.84 in chips) 
Seat 9: Dorex2007 ($5 in chips) 
Dorex2007: posts small blind $0.02
RottieWisperer: posts big blind $0.05
yur4ik777: sits out 
*** HOLE CARDS ***
Dealt to Dorex2007 [3s Ts]
cubicroot: folds 
AnderEj: folds 
Castaignoss101: calls $0.05
EuGanheiDeNovo: folds 
WesternDuck12: calls $0.05
megtorlo2244: folds 
Dorex2007: folds 
RottieWisperer: checks 
*** FLOP *** [Qc 7s As]
RottieWisperer: checks 
Castaignoss101: checks 
WesternDuck12: checks 
*** TURN *** [Qc 7s As] [5s]
RottieWisperer: checks 
Castaignoss101: bets $0.05
WesternDuck12: calls $0.05
RottieWisperer: calls $0.05
*** RIVER *** [Qc 7s As 5s] [9s]
RottieWisperer: checks 
Castaignoss101: bets $0.05
WesternDuck12: raises $0.25 to $0.30
RottieWisperer: folds 
Castaignoss101: folds 
Uncalled bet ($0.25) returned to WesternDuck12
WesternDuck12 collected $0.40 from pot
WesternDuck12: doesn't show hand 
*** SUMMARY ***
Total pot $0.42 | Rake $0.02 
Board [Qc 7s As 5s 9s]
Seat 1: RottieWisperer (big blind) folded on the River
Seat 2: cubicroot folded before Flop (didn't bet)
Seat 3: AnderEj folded before Flop (didn't bet)
Seat 4: Castaignoss101 folded on the River
Seat 5: EuGanheiDeNovo folded before Flop (didn't bet)
Seat 7: WesternDuck12 collected ($0.40)
Seat 8: megtorlo2244 (button) folded before Flop (didn't bet)
Seat 9: Dorex2007 (small blind) folded before Flop



PokerStars Hand #237689104289:  Hold'em No Limit ($0.02/$0.05 USD) - 2022/07/30 15:13:49 PT [2022/07/30 18:13:49 ET]
Table 'Equinox II' 9-max Seat #9 is the button
Seat 1: RottieWisperer ($5 in chips) 
Seat 2: cubicroot ($10.58 in chips) 
Seat 3: AnderEj ($16.69 in chips) 
Seat 4: Castaignoss101 ($5.47 in chips) 
Seat 5: EuGanheiDeNovo ($7.98 in chips) 
Seat 7: WesternDuck12 ($3.53 in chips) 
Seat 8: megtorlo2244 ($7.84 in chips) 
Seat 9: Dorex2007 ($5 in chips) 
RottieWisperer: posts small blind $0.02
cubicroot: posts big blind $0.05
yur4ik777: sits out 
*** HOLE CARDS ***
Dealt to Dorex2007 [9s Ts]
AnderEj: folds 
Castaignoss101: raises $0.05 to $0.10
EuGanheiDeNovo: folds 
WesternDuck12: calls $0.10
megtorlo2244: calls $0.10
Dorex2007: calls $0.10
RottieWisperer: folds 
cubicroot: folds 
*** FLOP *** [8d Ah Ac]
Castaignoss101: checks 
WesternDuck12: checks 
megtorlo2244: checks 
Dorex2007: checks 
*** TURN *** [8d Ah Ac] [Jd]
Castaignoss101: bets $0.15
WesternDuck12: folds 
megtorlo2244: folds 
Dorex2007: folds 
Uncalled bet ($0.15) returned to Castaignoss101
Castaignoss101 collected $0.45 from pot
Castaignoss101: doesn't show hand 
*** SUMMARY ***
Total pot $0.47 | Rake $0.02 
Board [8d Ah Ac Jd]
Seat 1: RottieWisperer (small blind) folded before Flop
Seat 2: cubicroot (big blind) folded before Flop
Seat 3: AnderEj folded before Flop (didn't bet)
Seat 4: Castaignoss101 collected ($0.45)
Seat 5: EuGanheiDeNovo folded before Flop (didn't bet)
Seat 7: WesternDuck12 folded on the Turn
Seat 8: megtorlo2244 folded on the Turn
Seat 9: Dorex2007 (button) folded on the Turn



PokerStars Hand #237689120046:  Hold'em No Limit ($0.02/$0.05 USD) - 2022/07/30 15:14:39 PT [2022/07/30 18:14:39 ET]
Table 'Equinox II' 9-max Seat #1 is the button
Seat 1: RottieWisperer ($5 in chips) 
Seat 2: cubicroot ($10.53 in chips) 
Seat 3: AnderEj ($16.69 in chips) 
Seat 4: Castaignoss101 ($5.82 in chips) 
Seat 5: EuGanheiDeNovo ($7.98 in chips) 
Seat 7: WesternDuck12 ($3.43 in chips) 
Seat 8: megtorlo2244 ($7.74 in chips) 
Seat 9: Dorex2007 ($5 in chips) 
cubicroot: posts small blind $0.02
AnderEj: posts big blind $0.05
yur4ik777: sits out 
*** HOLE CARDS ***
Dealt to Dorex2007 [4c 5c]
Castaignoss101: calls $0.05
EuGanheiDeNovo: folds 
WesternDuck12: folds 
megtorlo2244: folds 
Dorex2007: folds 
RottieWisperer: folds 
cubicroot: calls $0.03
AnderEj: raises $0.11 to $0.16
Castaignoss101: raises $0.11 to $0.27
cubicroot: calls $0.22
AnderEj: calls $0.11
*** FLOP *** [Ad 7d 5d]
cubicroot: checks 
AnderEj: checks 
Castaignoss101: checks 
*** TURN *** [Ad 7d 5d] [2s]
cubicroot: checks 
AnderEj: checks 
Castaignoss101: bets $0.10
cubicroot: raises $0.10 to $0.20
AnderEj: calls $0.20
Castaignoss101: calls $0.10
*** RIVER *** [Ad 7d 5d 2s] [Jc]
cubicroot: checks 
AnderEj: checks 
Castaignoss101: checks 
*** SHOW DOWN ***
cubicroot: shows [8c Ac] (a pair of Aces)
AnderEj: shows [Ah 9h] (a pair of Aces - Jack+Nine kicker)
Castaignoss101: mucks hand 
AnderEj collected $1.35 from pot
*** SUMMARY ***
Total pot $1.41 | Rake $0.06 
Board [Ad 7d 5d 2s Jc]
Seat 1: RottieWisperer (button) folded before Flop (didn't bet)
Seat 2: cubicroot (small blind) showed [8c Ac] and lost with a pair of Aces
Seat 3: AnderEj (big blind) showed [Ah 9h] and won ($1.35) with a pair of Aces
Seat 4: Castaignoss101 mucked [Kc Qs]
Seat 5: EuGanheiDeNovo folded before Flop (didn't bet)
Seat 7: WesternDuck12 folded before Flop (didn't bet)
Seat 8: megtorlo2244 folded before Flop (didn't bet)
Seat 9: Dorex2007 folded before Flop (didn't bet)



PokerStars Hand #237689152520:  Hold'em No Limit ($0.02/$0.05 USD) - 2022/07/30 15:16:22 PT [2022/07/30 18:16:22 ET]
Table 'Equinox II' 9-max Seat #2 is the button
Seat 1: RottieWisperer ($5 in chips) 
Seat 2: cubicroot ($10.06 in chips) 
Seat 3: AnderEj ($17.57 in chips) 
Seat 4: Castaignoss101 ($5.35 in chips) 
Seat 5: EuGanheiDeNovo ($7.98 in chips) 
Seat 7: WesternDuck12 ($3.43 in chips) 
Seat 8: megtorlo2244 ($7.74 in chips) 
Seat 9: Dorex2007 ($5 in chips) 
AnderEj: posts small blind $0.02
Castaignoss101: posts big blind $0.05
yur4ik777: sits out 
*** HOLE CARDS ***
Dealt to Dorex2007 [2c Ks]
EuGanheiDeNovo: folds 
WesternDuck12: folds 
megtorlo2244: folds 
Dorex2007: folds 
RottieWisperer: folds 
cubicroot: folds 
AnderEj: raises $0.13 to $0.18
Castaignoss101: calls $0.13
*** FLOP *** [Tc Ac 2h]
AnderEj: bets $0.20
Castaignoss101: folds 
Uncalled bet ($0.20) returned to AnderEj
AnderEj collected $0.35 from pot
AnderEj: doesn't show hand 
*** SUMMARY ***
Total pot $0.36 | Rake $0.01 
Board [Tc Ac 2h]
Seat 1: RottieWisperer folded before Flop (didn't bet)
Seat 2: cubicroot (button) folded before Flop (didn't bet)
Seat 3: AnderEj (small blind) collected ($0.35)
Seat 4: Castaignoss101 (big blind) folded on the Flop
Seat 5: EuGanheiDeNovo folded before Flop (didn't bet)
Seat 7: WesternDuck12 folded before Flop (didn't bet)
Seat 8: megtorlo2244 folded before Flop (didn't bet)
Seat 9: Dorex2007 folded before Flop (didn't bet)



PokerStars Hand #237689161034:  Hold'em No Limit ($0.02/$0.05 USD) - 2022/07/30 15:16:49 PT [2022/07/30 18:16:49 ET]
Table 'Equinox II' 9-max Seat #3 is the button
Seat 1: RottieWisperer ($5 in chips) 
Seat 2: cubicroot ($10.06 in chips) 
Seat 3: AnderEj ($17.74 in chips) 
Seat 4: Castaignoss101 ($5.17 in chips) 
Seat 5: EuGanheiDeNovo ($7.98 in chips) 
Seat 7: WesternDuck12 ($3.43 in chips) 
Seat 8: megtorlo2244 ($7.74 in chips) 
Seat 9: Dorex2007 ($5 in chips) 
Castaignoss101: posts small blind $0.02
EuGanheiDeNovo: posts big blind $0.05
yur4ik777: sits out 
*** HOLE CARDS ***
Dealt to Dorex2007 [2c 6h]
WesternDuck12 has timed out
WesternDuck12: folds 
megtorlo2244: calls $0.05
Dorex2007: folds 
RottieWisperer: folds 
cubicroot: raises $0.15 to $0.20
AnderEj: folds 
Castaignoss101: calls $0.18
EuGanheiDeNovo: folds 
megtorlo2244: calls $0.15
*** FLOP *** [8c Qs Td]
Castaignoss101: checks 
megtorlo2244: checks 
cubicroot: bets $0.40
Castaignoss101: calls $0.40
megtorlo2244: folds 
*** TURN *** [8c Qs Td] [5c]
Castaignoss101: checks 
cubicroot: bets $0.69
Castaignoss101: calls $0.69
*** RIVER *** [8c Qs Td 5c] [Jd]
Castaignoss101: bets $0.10
cubicroot: calls $0.10
*** SHOW DOWN ***
Castaignoss101: shows [6d Ts] (a pair of Tens)
cubicroot: shows [Qd Kd] (a pair of Queens)
cubicroot collected $2.90 from pot
*** SUMMARY ***
Total pot $3.03 | Rake $0.13 
Board [8c Qs Td 5c Jd]
Seat 1: RottieWisperer folded before Flop (didn't bet)
Seat 2: cubicroot showed [Qd Kd] and won ($2.90) with a pair of Queens
Seat 3: AnderEj (button) folded before Flop (didn't bet)
Seat 4: Castaignoss101 (small blind) showed [6d Ts] and lost with a pair of Tens
Seat 5: EuGanheiDeNovo (big blind) folded before Flop
Seat 7: WesternDuck12 folded before Flop (didn't bet)
Seat 8: megtorlo2244 folded on the Flop
Seat 9: Dorex2007 folded before Flop (didn't bet)



PokerStars Hand #237689182228:  Hold'em No Limit ($0.02/$0.05 USD) - 2022/07/30 15:17:57 PT [2022/07/30 18:17:57 ET]
Table 'Equinox II' 9-max Seat #4 is the button
Seat 1: RottieWisperer ($5 in chips) 
Seat 2: cubicroot ($11.57 in chips) 
Seat 3: AnderEj ($17.74 in chips) 
Seat 4: Castaignoss101 ($3.78 in chips) 
Seat 5: EuGanheiDeNovo ($7.93 in chips) 
Seat 6: yur4ik777 ($5 in chips) 
Seat 7: WesternDuck12 ($3.43 in chips) 
Seat 8: megtorlo2244 ($7.54 in chips) 
Seat 9: Dorex2007 ($5 in chips) 
EuGanheiDeNovo: posts small blind $0.02
yur4ik777: posts big blind $0.05
*** HOLE CARDS ***
Dealt to Dorex2007 [Qh 8c]
WesternDuck12: calls $0.05
megtorlo2244: calls $0.05
Dorex2007: folds 
RottieWisperer: folds 
cubicroot: folds 
AnderEj: folds 
Castaignoss101: calls $0.05
EuGanheiDeNovo: calls $0.03
yur4ik777: raises $0.39 to $0.44
WesternDuck12: folds 
megtorlo2244: folds 
Castaignoss101: calls $0.39
EuGanheiDeNovo: calls $0.39
*** FLOP *** [5d Th 7d]
EuGanheiDeNovo: checks 
yur4ik777: bets $0.83
Castaignoss101: folds 
EuGanheiDeNovo: folds 
Uncalled bet ($0.83) returned to yur4ik777
yur4ik777 collected $1.36 from pot
yur4ik777: doesn't show hand 
*** SUMMARY ***
Total pot $1.42 | Rake $0.06 
Board [5d Th 7d]
Seat 1: RottieWisperer folded before Flop (didn't bet)
Seat 2: cubicroot folded before Flop (didn't bet)
Seat 3: AnderEj folded before Flop (didn't bet)
Seat 4: Castaignoss101 (button) folded on the Flop
Seat 5: EuGanheiDeNovo (small blind) folded on the Flop
Seat 6: yur4ik777 (big blind) collected ($1.36)
Seat 7: WesternDuck12 folded before Flop
Seat 8: megtorlo2244 folded before Flop
Seat 9: Dorex2007 folded before Flop (didn't bet)



PokerStars Hand #237689203272:  Hold'em No Limit ($0.02/$0.05 USD) - 2022/07/30 15:19:04 PT [2022/07/30 18:19:04 ET]
Table 'Equinox II' 9-max Seat #5 is the button
Seat 1: RottieWisperer ($5 in chips) 
Seat 2: cubicroot ($11.57 in chips) 
Seat 3: AnderEj ($17.74 in chips) 
Seat 4: Castaignoss101 ($3.34 in chips) 
Seat 5: EuGanheiDeNovo ($7.49 in chips) 
Seat 6: yur4ik777 ($5.92 in chips) 
Seat 7: WesternDuck12 ($3.38 in chips) 
Seat 8: megtorlo2244 ($7.49 in chips) 
Seat 9: Dorex2007 ($5 in chips) 
yur4ik777: posts small blind $0.02
WesternDuck12: posts big blind $0.05
*** HOLE CARDS ***
Dealt to Dorex2007 [8c 8h]
megtorlo2244: calls $0.05
Dorex2007: calls $0.05
RottieWisperer: folds 
cubicroot: raises $0.10 to $0.15
AnderEj: folds 
Castaignoss101: calls $0.15
EuGanheiDeNovo: folds 
yur4ik777: folds 
WesternDuck12: folds 
megtorlo2244: calls $0.10
Dorex2007: calls $0.10
*** FLOP *** [Js 4c Ks]
megtorlo2244: checks 
Dorex2007: checks 
cubicroot: bets $0.32
Castaignoss101: calls $0.32
megtorlo2244: folds 
Dorex2007: folds 
*** TURN *** [Js 4c Ks] [Qc]
cubicroot: checks 
Castaignoss101: checks 
*** RIVER *** [Js 4c Ks Qc] [5d]
cubicroot: bets $1.26
Castaignoss101: calls $1.26
*** SHOW DOWN ***
cubicroot: shows [4h 4d] (three of a kind, Fours)
Castaignoss101: mucks hand 
cubicroot collected $3.67 from pot
*** SUMMARY ***
Total pot $3.83 | Rake $0.16 
Board [Js 4c Ks Qc 5d]
Seat 1: RottieWisperer folded before Flop (didn't bet)
Seat 2: cubicroot showed [4h 4d] and won ($3.67) with three of a kind, Fours
Seat 3: AnderEj folded before Flop (didn't bet)
Seat 4: Castaignoss101 mucked [Kd 8d]
Seat 5: EuGanheiDeNovo (button) folded before Flop (didn't bet)
Seat 6: yur4ik777 (small blind) folded before Flop
Seat 7: WesternDuck12 (big blind) folded before Flop
Seat 8: megtorlo2244 folded on the Flop
Seat 9: Dorex2007 folded on the Flop



PokerStars Hand #237689222141:  Hold'em No Limit ($0.02/$0.05 USD) - 2022/07/30 15:20:04 PT [2022/07/30 18:20:04 ET]
Table 'Equinox II' 9-max Seat #6 is the button
Seat 1: RottieWisperer ($5 in chips) 
Seat 2: cubicroot ($13.51 in chips) 
Seat 3: AnderEj ($17.74 in chips) 
Seat 4: Castaignoss101 ($1.61 in chips) 
Seat 5: EuGanheiDeNovo ($7.49 in chips) 
Seat 6: yur4ik777 ($5.90 in chips) 
Seat 7: WesternDuck12 ($3.33 in chips) 
Seat 8: megtorlo2244 ($7.34 in chips) 
Seat 9: Dorex2007 ($5 in chips) 
WesternDuck12: posts small blind $0.02
megtorlo2244: posts big blind $0.05
*** HOLE CARDS ***
Dealt to Dorex2007 [Ks 3d]
Dorex2007: folds 
RottieWisperer: folds 
cubicroot: calls $0.05
AnderEj: folds 
Castaignoss101: raises $1 to $1.05
EuGanheiDeNovo: folds 
yur4ik777: folds 
WesternDuck12: calls $1.03
megtorlo2244: folds 
cubicroot: folds 
*** FLOP *** [Qd 2s 9h]
WesternDuck12: checks 
Castaignoss101: bets $0.56 and is all-in
WesternDuck12: folds 
Uncalled bet ($0.56) returned to Castaignoss101
Castaignoss101 collected $2.11 from pot
Castaignoss101: doesn't show hand 
*** SUMMARY ***
Total pot $2.20 | Rake $0.09 
Board [Qd 2s 9h]
Seat 1: RottieWisperer folded before Flop (didn't bet)
Seat 2: cubicroot folded before Flop
Seat 3: AnderEj folded before Flop (didn't bet)
Seat 4: Castaignoss101 collected ($2.11)
Seat 5: EuGanheiDeNovo folded before Flop (didn't bet)
Seat 6: yur4ik777 (button) folded before Flop (didn't bet)
Seat 7: WesternDuck12 (small blind) folded on the Flop
Seat 8: megtorlo2244 (big blind) folded before Flop
Seat 9: Dorex2007 folded before Flop (didn't bet)



PokerStars Hand #237689233161:  Hold'em No Limit ($0.02/$0.05 USD) - 2022/07/30 15:20:40 PT [2022/07/30 18:20:40 ET]
Table 'Equinox II' 9-max Seat #7 is the button
Seat 1: RottieWisperer ($5 in chips) 
Seat 2: cubicroot ($13.46 in chips) 
Seat 3: AnderEj ($17.74 in chips) 
Seat 4: Castaignoss101 ($2.67 in chips) 
Seat 5: EuGanheiDeNovo ($7.49 in chips) 
Seat 6: yur4ik777 ($5.90 in chips) 
Seat 7: WesternDuck12 ($2.28 in chips) 
Seat 8: megtorlo2244 ($7.29 in chips) 
Seat 9: Dorex2007 ($5 in chips) 
megtorlo2244: posts small blind $0.02
Dorex2007: posts big blind $0.05
*** HOLE CARDS ***
Dealt to Dorex2007 [Ts 3c]
RottieWisperer: folds 
cubicroot: folds 
AnderEj: folds 
Castaignoss101: raises $0.80 to $0.85
EuGanheiDeNovo: calls $0.85
yur4ik777: folds 
WesternDuck12: folds 
megtorlo2244: folds 
Dorex2007: folds 
*** FLOP *** [3h 2s 9h]
Castaignoss101: checks 
EuGanheiDeNovo: bets $0.85
Castaignoss101: raises $0.85 to $1.70
EuGanheiDeNovo: raises $4.94 to $6.64 and is all-in
Castaignoss101: calls $0.12 and is all-in
Uncalled bet ($4.82) returned to EuGanheiDeNovo
*** TURN *** [3h 2s 9h] [3s]
*** RIVER *** [3h 2s 9h 3s] [Qs]
*** SHOW DOWN ***
Castaignoss101: shows [9c Ah] (two pair, Nines and Threes)
EuGanheiDeNovo: shows [Kd Ac] (a pair of Threes)
Castaignoss101 collected $5.19 from pot
*** SUMMARY ***
Total pot $5.41 | Rake $0.22 
Board [3h 2s 9h 3s Qs]
Seat 1: RottieWisperer folded before Flop (didn't bet)
Seat 2: cubicroot folded before Flop (didn't bet)
Seat 3: AnderEj folded before Flop (didn't bet)
Seat 4: Castaignoss101 showed [9c Ah] and won ($5.19) with two pair, Nines and Threes
Seat 5: EuGanheiDeNovo showed [Kd Ac] and lost with a pair of Threes
Seat 6: yur4ik777 folded before Flop (didn't bet)
Seat 7: WesternDuck12 (button) folded before Flop (didn't bet)
Seat 8: megtorlo2244 (small blind) folded before Flop
Seat 9: Dorex2007 (big blind) folded before Flop



PokerStars Hand #237689247815:  Hold'em No Limit ($0.02/$0.05 USD) - 2022/07/30 15:21:27 PT [2022/07/30 18:21:27 ET]
Table 'Equinox II' 9-max Seat #8 is the button
Seat 1: RottieWisperer ($5 in chips) 
Seat 2: cubicroot ($13.46 in chips) 
Seat 3: AnderEj ($17.74 in chips) 
Seat 4: Castaignoss101 ($5.19 in chips) 
Seat 5: EuGanheiDeNovo ($4.82 in chips) 
Seat 6: yur4ik777 ($5.90 in chips) 
Seat 8: megtorlo2244 ($7.27 in chips) 
Seat 9: Dorex2007 ($5 in chips) 
Dorex2007: posts small blind $0.02
RottieWisperer: posts big blind $0.05
*** HOLE CARDS ***
Dealt to Dorex2007 [9s Qh]
cubicroot: folds 
AnderEj: folds 
Castaignoss101: calls $0.05
EuGanheiDeNovo: folds 
yur4ik777: folds 
megtorlo2244: folds 
Dorex2007: folds 
RottieWisperer: checks 
*** FLOP *** [4d 6h Jd]
RottieWisperer: checks 
Castaignoss101: checks 
*** TURN *** [4d 6h Jd] [2s]
RottieWisperer: checks 
Castaignoss101: bets $0.05
RottieWisperer: folds 
Uncalled bet ($0.05) returned to Castaignoss101
Castaignoss101 collected $0.12 from pot
Castaignoss101: doesn't show hand 
*** SUMMARY ***
Total pot $0.12 | Rake $0 
Board [4d 6h Jd 2s]
Seat 1: RottieWisperer (big blind) folded on the Turn
Seat 2: cubicroot folded before Flop (didn't bet)
Seat 3: AnderEj folded before Flop (didn't bet)
Seat 4: Castaignoss101 collected ($0.12)
Seat 5: EuGanheiDeNovo folded before Flop (didn't bet)
Seat 6: yur4ik777 folded before Flop (didn't bet)
Seat 8: megtorlo2244 (button) folded before Flop (didn't bet)
Seat 9: Dorex2007 (small blind) folded before Flop



PokerStars Hand #237689265113:  Hold'em No Limit ($0.02/$0.05 USD) - 2022/07/30 15:22:02 PT [2022/07/30 18:22:02 ET]
Table 'Equinox II' 9-max Seat #9 is the button
Seat 1: RottieWisperer ($5 in chips) 
Seat 2: cubicroot ($13.46 in chips) 
Seat 3: AnderEj ($17.74 in chips) 
Seat 4: Castaignoss101 ($5.26 in chips) 
Seat 5: EuGanheiDeNovo ($4.82 in chips) 
Seat 6: yur4ik777 ($5.90 in chips) 
Seat 8: megtorlo2244 ($7.27 in chips) 
Seat 9: Dorex2007 ($5 in chips) 
RottieWisperer: posts small blind $0.02
cubicroot: posts big blind $0.05
*** HOLE CARDS ***
Dealt to Dorex2007 [2d 9s]
AnderEj: folds 
Castaignoss101: raises $0.05 to $0.10
EuGanheiDeNovo: calls $0.10
yur4ik777: folds 
megtorlo2244: folds 
Dorex2007: folds 
RottieWisperer: folds 
cubicroot: calls $0.05
*** FLOP *** [Jh 2c 6d]
cubicroot: checks 
Castaignoss101: bets $0.10
EuGanheiDeNovo: folds 
cubicroot: calls $0.10
*** TURN *** [Jh 2c 6d] [Qc]
cubicroot: checks 
Castaignoss101: bets $0.10
cubicroot: calls $0.10
*** RIVER *** [Jh 2c 6d Qc] [3s]
cubicroot: checks 
Castaignoss101: checks 
*** SHOW DOWN ***
cubicroot: shows [5d 5s] (a pair of Fives)
Castaignoss101: shows [6s 7s] (a pair of Sixes)
Castaignoss101 collected $0.69 from pot
*** SUMMARY ***
Total pot $0.72 | Rake $0.03 
Board [Jh 2c 6d Qc 3s]
Seat 1: RottieWisperer (small blind) folded before Flop
Seat 2: cubicroot (big blind) showed [5d 5s] and lost with a pair of Fives
Seat 3: AnderEj folded before Flop (didn't bet)
Seat 4: Castaignoss101 showed [6s 7s] and won ($0.69) with a pair of Sixes
Seat 5: EuGanheiDeNovo folded on the Flop
Seat 6: yur4ik777 folded before Flop (didn't bet)
Seat 8: megtorlo2244 folded before Flop (didn't bet)
Seat 9: Dorex2007 (button) folded before Flop (didn't bet)



PokerStars Hand #237689280458:  Hold'em No Limit ($0.02/$0.05 USD) - 2022/07/30 15:22:52 PT [2022/07/30 18:22:52 ET]
Table 'Equinox II' 9-max Seat #1 is the button
Seat 1: RottieWisperer ($5 in chips) 
Seat 2: cubicroot ($13.16 in chips) 
Seat 3: AnderEj ($17.74 in chips) 
Seat 4: Castaignoss101 ($5.65 in chips) 
Seat 5: EuGanheiDeNovo ($4.72 in chips) 
Seat 6: yur4ik777 ($5.90 in chips) 
Seat 8: megtorlo2244 ($7.27 in chips) 
Seat 9: Dorex2007 ($5 in chips) 
cubicroot: posts small blind $0.02
AnderEj: posts big blind $0.05
*** HOLE CARDS ***
Dealt to Dorex2007 [7h 6h]
Castaignoss101: calls $0.05
EuGanheiDeNovo: folds 
yur4ik777: folds 
megtorlo2244: raises $0.10 to $0.15
Dorex2007: folds 
RottieWisperer: folds 
cubicroot: calls $0.13
AnderEj: folds 
Castaignoss101: calls $0.10
*** FLOP *** [Tc 2s 4d]
cubicroot: checks 
Castaignoss101: checks 
megtorlo2244: bets $0.10
cubicroot: folds 
Castaignoss101: folds 
Uncalled bet ($0.10) returned to megtorlo2244
megtorlo2244 collected $0.48 from pot
megtorlo2244: doesn't show hand 
*** SUMMARY ***
Total pot $0.50 | Rake $0.02 
Board [Tc 2s 4d]
Seat 1: RottieWisperer (button) folded before Flop (didn't bet)
Seat 2: cubicroot (small blind) folded on the Flop
Seat 3: AnderEj (big blind) folded before Flop
Seat 4: Castaignoss101 folded on the Flop
Seat 5: EuGanheiDeNovo folded before Flop (didn't bet)
Seat 6: yur4ik777 folded before Flop (didn't bet)
Seat 8: megtorlo2244 collected ($0.48)
Seat 9: Dorex2007 folded before Flop (didn't bet)



PokerStars Hand #237689289413:  Hold'em No Limit ($0.02/$0.05 USD) - 2022/07/30 15:23:21 PT [2022/07/30 18:23:21 ET]
Table 'Equinox II' 9-max Seat #2 is the button
Seat 1: RottieWisperer ($5 in chips) 
Seat 2: cubicroot ($13.01 in chips) 
Seat 3: AnderEj ($17.69 in chips) 
Seat 4: Castaignoss101 ($5.50 in chips) 
Seat 5: EuGanheiDeNovo ($4.72 in chips) 
Seat 6: yur4ik777 ($5.90 in chips) 
Seat 8: megtorlo2244 ($7.60 in chips) 
Seat 9: Dorex2007 ($5 in chips) 
AnderEj: posts small blind $0.02
Castaignoss101: posts big blind $0.05
*** HOLE CARDS ***
Dealt to Dorex2007 [3h 9h]
EuGanheiDeNovo: raises $0.10 to $0.15
yur4ik777: folds 
megtorlo2244: folds 
Dorex2007: folds 
RottieWisperer: folds 
cubicroot: folds 
AnderEj: folds 
Castaignoss101: calls $0.10
*** FLOP *** [Td 2d 5d]
Castaignoss101: checks 
EuGanheiDeNovo: checks 
*** TURN *** [Td 2d 5d] [8d]
Castaignoss101: checks 
EuGanheiDeNovo: checks 
*** RIVER *** [Td 2d 5d 8d] [3s]
Castaignoss101: checks 
EuGanheiDeNovo: checks 
*** SHOW DOWN ***
Castaignoss101: shows [2s As] (a pair of Deuces)
EuGanheiDeNovo: mucks hand 
Castaignoss101 collected $0.31 from pot
*** SUMMARY ***
Total pot $0.32 | Rake $0.01 
Board [Td 2d 5d 8d 3s]
Seat 1: RottieWisperer folded before Flop (didn't bet)
Seat 2: cubicroot (button) folded before Flop (didn't bet)
Seat 3: AnderEj (small blind) folded before Flop
Seat 4: Castaignoss101 (big blind) showed [2s As] and won ($0.31) with a pair of Deuces
Seat 5: EuGanheiDeNovo mucked [Ac 9c]
Seat 6: yur4ik777 folded before Flop (didn't bet)
Seat 8: megtorlo2244 folded before Flop (didn't bet)
Seat 9: Dorex2007 folded before Flop (didn't bet)



PokerStars Hand #237689299791:  Hold'em No Limit ($0.02/$0.05 USD) - 2022/07/30 15:23:55 PT [2022/07/30 18:23:55 ET]
Table 'Equinox II' 9-max Seat #3 is the button
Seat 1: RottieWisperer ($5 in chips) 
Seat 2: cubicroot ($13.01 in chips) 
Seat 3: AnderEj ($17.67 in chips) 
Seat 4: Castaignoss101 ($5.66 in chips) 
Seat 5: EuGanheiDeNovo ($4.57 in chips) 
Seat 6: yur4ik777 ($5.90 in chips) 
Seat 8: megtorlo2244 ($7.60 in chips) 
Seat 9: Dorex2007 ($5 in chips) 
Castaignoss101: posts small blind $0.02
EuGanheiDeNovo: posts big blind $0.05
*** HOLE CARDS ***
Dealt to Dorex2007 [Tc 6h]
yur4ik777: folds 
megtorlo2244: folds 
Dorex2007: folds 
RottieWisperer: folds 
cubicroot: folds 
AnderEj: folds 
Castaignoss101: raises $0.05 to $0.10
EuGanheiDeNovo: folds 
Uncalled bet ($0.05) returned to Castaignoss101
Castaignoss101 collected $0.10 from pot
Castaignoss101: doesn't show hand 
*** SUMMARY ***
Total pot $0.10 | Rake $0 
Seat 1: RottieWisperer folded before Flop (didn't bet)
Seat 2: cubicroot folded before Flop (didn't bet)
Seat 3: AnderEj (button) folded before Flop (didn't bet)
Seat 4: Castaignoss101 (small blind) collected ($0.10)
Seat 5: EuGanheiDeNovo (big blind) folded before Flop
Seat 6: yur4ik777 folded before Flop (didn't bet)
Seat 8: megtorlo2244 folded before Flop (didn't bet)
Seat 9: Dorex2007 folded before Flop (didn't bet)



PokerStars Hand #237689310146:  Hold'em No Limit ($0.02/$0.05 USD) - 2022/07/30 15:24:28 PT [2022/07/30 18:24:28 ET]
Table 'Equinox II' 9-max Seat #4 is the button
Seat 1: RottieWisperer ($5 in chips) 
Seat 2: cubicroot ($13.01 in chips) 
Seat 3: AnderEj ($17.67 in chips) 
Seat 4: Castaignoss101 ($5.71 in chips) 
Seat 5: EuGanheiDeNovo ($4.52 in chips) 
Seat 6: yur4ik777 ($5.90 in chips) 
Seat 8: megtorlo2244 ($7.60 in chips) 
Seat 9: Dorex2007 ($5 in chips) 
EuGanheiDeNovo: posts small blind $0.02
yur4ik777: posts big blind $0.05
*** HOLE CARDS ***
Dealt to Dorex2007 [5h 5c]
megtorlo2244: folds 
Dorex2007: calls $0.05
RottieWisperer: folds 
cubicroot: calls $0.05
AnderEj: folds 
Castaignoss101: calls $0.05
EuGanheiDeNovo: raises $0.10 to $0.15
yur4ik777: folds 
Dorex2007: calls $0.10
cubicroot: calls $0.10
Castaignoss101: calls $0.10
*** FLOP *** [9c 4h Ac]
EuGanheiDeNovo: checks 
Dorex2007: checks 
cubicroot: checks 
Castaignoss101: checks 
*** TURN *** [9c 4h Ac] [Ks]
EuGanheiDeNovo: checks 
Dorex2007: checks 
cubicroot: checks 
Castaignoss101: checks 
*** RIVER *** [9c 4h Ac Ks] [4c]
EuGanheiDeNovo: checks 
Dorex2007: checks 
cubicroot: bets $0.62
Castaignoss101: folds 
EuGanheiDeNovo: folds 
Dorex2007: folds 
Uncalled bet ($0.62) returned to cubicroot
cubicroot collected $0.62 from pot
cubicroot: doesn't show hand 
*** SUMMARY ***
Total pot $0.65 | Rake $0.03 
Board [9c 4h Ac Ks 4c]
Seat 1: RottieWisperer folded before Flop (didn't bet)
Seat 2: cubicroot collected ($0.62)
Seat 3: AnderEj folded before Flop (didn't bet)
Seat 4: Castaignoss101 (button) folded on the River
Seat 5: EuGanheiDeNovo (small blind) folded on the River
Seat 6: yur4ik777 (big blind) folded before Flop
Seat 8: megtorlo2244 folded before Flop (didn't bet)
Seat 9: Dorex2007 folded on the River



PokerStars Hand #237689332865:  Hold'em No Limit ($0.02/$0.05 USD) - 2022/07/30 15:25:43 PT [2022/07/30 18:25:43 ET]
Table 'Equinox II' 9-max Seat #5 is the button
Seat 1: RottieWisperer ($5 in chips) 
Seat 2: cubicroot ($13.48 in chips) 
Seat 3: AnderEj ($17.67 in chips) 
Seat 4: Castaignoss101 ($5.56 in chips) 
Seat 5: EuGanheiDeNovo ($4.37 in chips) 
Seat 6: yur4ik777 ($5.85 in chips) 
Seat 8: megtorlo2244 ($7.60 in chips) 
Seat 9: Dorex2007 ($5 in chips) 
yur4ik777: posts small blind $0.02
megtorlo2244: posts big blind $0.05
*** HOLE CARDS ***
Dealt to Dorex2007 [Qc 5d]
Dorex2007: folds 
RottieWisperer: folds 
cubicroot: folds 
AnderEj: folds 
Castaignoss101: raises $0.05 to $0.10
EuGanheiDeNovo: calls $0.10
yur4ik777: folds 
megtorlo2244: calls $0.05
*** FLOP *** [2h Jh 7d]
megtorlo2244: checks 
Castaignoss101: checks 
EuGanheiDeNovo: checks 
*** TURN *** [2h Jh 7d] [Jc]
megtorlo2244: checks 
Castaignoss101: checks 
EuGanheiDeNovo: checks 
*** RIVER *** [2h Jh 7d Jc] [Ts]
megtorlo2244: checks 
Castaignoss101: checks 
EuGanheiDeNovo: checks 
*** SHOW DOWN ***
megtorlo2244: shows [Ah 7s] (two pair, Jacks and Sevens)
Castaignoss101: mucks hand 
EuGanheiDeNovo: mucks hand 
megtorlo2244 collected $0.31 from pot
*** SUMMARY ***
Total pot $0.32 | Rake $0.01 
Board [2h Jh 7d Jc Ts]
Seat 1: RottieWisperer folded before Flop (didn't bet)
Seat 2: cubicroot folded before Flop (didn't bet)
Seat 3: AnderEj folded before Flop (didn't bet)
Seat 4: Castaignoss101 mucked [Qs 9s]
Seat 5: EuGanheiDeNovo (button) mucked [Ac 4h]
Seat 6: yur4ik777 (small blind) folded before Flop
Seat 8: megtorlo2244 (big blind) showed [Ah 7s] and won ($0.31) with two pair, Jacks and Sevens
Seat 9: Dorex2007 folded before Flop (didn't bet)



PokerStars Hand #237689348552:  Hold'em No Limit ($0.02/$0.05 USD) - 2022/07/30 15:26:33 PT [2022/07/30 18:26:33 ET]
Table 'Equinox II' 9-max Seat #6 is the button
Seat 1: RottieWisperer ($5 in chips) 
Seat 2: cubicroot ($13.48 in chips) 
Seat 3: AnderEj ($17.67 in chips) 
Seat 4: Castaignoss101 ($5.46 in chips) 
Seat 5: EuGanheiDeNovo ($4.27 in chips) 
Seat 6: yur4ik777 ($5.83 in chips) 
Seat 8: megtorlo2244 ($7.81 in chips) 
Seat 9: Dorex2007 ($5 in chips) 
megtorlo2244: posts small blind $0.02
Dorex2007: posts big blind $0.05
*** HOLE CARDS ***
Dealt to Dorex2007 [9c Js]
RottieWisperer: folds 
cubicroot: folds 
AnderEj: folds 
Castaignoss101: raises $0.05 to $0.10
EuGanheiDeNovo: calls $0.10
yur4ik777: folds 
megtorlo2244: raises $0.15 to $0.25
Dorex2007: folds 
Castaignoss101: calls $0.15
EuGanheiDeNovo: folds 
*** FLOP *** [Jh Qs Jd]
megtorlo2244: bets $0.35
Castaignoss101: folds 
Uncalled bet ($0.35) returned to megtorlo2244
megtorlo2244 collected $0.62 from pot
megtorlo2244: doesn't show hand 
*** SUMMARY ***
Total pot $0.65 | Rake $0.03 
Board [Jh Qs Jd]
Seat 1: RottieWisperer folded before Flop (didn't bet)
Seat 2: cubicroot folded before Flop (didn't bet)
Seat 3: AnderEj folded before Flop (didn't bet)
Seat 4: Castaignoss101 folded on the Flop
Seat 5: EuGanheiDeNovo folded before Flop
Seat 6: yur4ik777 (button) folded before Flop (didn't bet)
Seat 8: megtorlo2244 (small blind) collected ($0.62)
Seat 9: Dorex2007 (big blind) folded before Flop



PokerStars Hand #237689365704:  Hold'em No Limit ($0.02/$0.05 USD) - 2022/07/30 15:27:29 PT [2022/07/30 18:27:29 ET]
Table 'Equinox II' 9-max Seat #8 is the button
Seat 1: RottieWisperer ($5 in chips) 
Seat 2: cubicroot ($13.48 in chips) 
Seat 3: AnderEj ($17.67 in chips) 
Seat 4: Castaignoss101 ($5.21 in chips) 
Seat 5: EuGanheiDeNovo ($4.17 in chips) 
Seat 6: yur4ik777 ($5.83 in chips) 
Seat 8: megtorlo2244 ($8.18 in chips) 
Seat 9: Dorex2007 ($5 in chips) 
Dorex2007: posts small blind $0.02
RottieWisperer: posts big blind $0.05
*** HOLE CARDS ***
Dealt to Dorex2007 [4s Qc]
cubicroot: calls $0.05
AnderEj: folds 
Castaignoss101: calls $0.05
EuGanheiDeNovo: folds 
yur4ik777: raises $0.22 to $0.27
megtorlo2244: folds 
Dorex2007: folds 
RottieWisperer: folds 
cubicroot: folds 
Castaignoss101: calls $0.22
*** FLOP *** [3s Th 9s]
Castaignoss101: bets $0.10
yur4ik777: raises $0.32 to $0.42
Castaignoss101: calls $0.32
*** TURN *** [3s Th 9s] [Kd]
Castaignoss101: bets $0.05
yur4ik777: raises $0.92 to $0.97
Castaignoss101: folds 
Uncalled bet ($0.92) returned to yur4ik777
yur4ik777 collected $1.53 from pot
yur4ik777: doesn't show hand 
*** SUMMARY ***
Total pot $1.60 | Rake $0.07 
Board [3s Th 9s Kd]
Seat 1: RottieWisperer (big blind) folded before Flop
Seat 2: cubicroot folded before Flop
Seat 3: AnderEj folded before Flop (didn't bet)
Seat 4: Castaignoss101 folded on the Turn
Seat 5: EuGanheiDeNovo folded before Flop (didn't bet)
Seat 6: yur4ik777 collected ($1.53)
Seat 8: megtorlo2244 (button) folded before Flop (didn't bet)
Seat 9: Dorex2007 (small blind) folded before Flop



PokerStars Hand #237689381949:  Hold'em No Limit ($0.02/$0.05 USD) - 2022/07/30 15:28:22 PT [2022/07/30 18:28:22 ET]
Table 'Equinox II' 9-max Seat #9 is the button
Seat 1: RottieWisperer ($5 in chips) 
Seat 2: cubicroot ($13.43 in chips) 
Seat 3: AnderEj ($17.67 in chips) 
Seat 4: Castaignoss101 ($4.47 in chips) 
Seat 5: EuGanheiDeNovo ($4.17 in chips) 
Seat 6: yur4ik777 ($6.62 in chips) 
Seat 7: WesternDuck12 ($2.28 in chips) 
Seat 8: megtorlo2244 ($8.18 in chips) 
Seat 9: Dorex2007 ($5 in chips) 
RottieWisperer: posts small blind $0.02
cubicroot: posts big blind $0.05
WesternDuck12: posts small & big blinds $0.07
*** HOLE CARDS ***
Dealt to Dorex2007 [Qh Th]
AnderEj: folds 
Castaignoss101: raises $0.05 to $0.10
EuGanheiDeNovo: folds 
yur4ik777: folds 
WesternDuck12: calls $0.05
megtorlo2244: folds 
Dorex2007: calls $0.10
RottieWisperer: folds 
cubicroot: calls $0.05
*** FLOP *** [2s 9d As]
cubicroot: checks 
Castaignoss101: checks 
WesternDuck12: checks 
Dorex2007: checks 
*** TURN *** [2s 9d As] [4d]
cubicroot: checks 
Castaignoss101: bets $0.10
WesternDuck12: calls $0.10
Dorex2007: folds 
cubicroot: calls $0.10
*** RIVER *** [2s 9d As 4d] [Kd]
cubicroot: checks 
Castaignoss101: bets $0.20
WesternDuck12: calls $0.20
cubicroot: folds 
*** SHOW DOWN ***
Castaignoss101: shows [8s Ac] (a pair of Aces)
WesternDuck12: shows [9c Ah] (two pair, Aces and Nines)
WesternDuck12 collected $1.09 from pot
*** SUMMARY ***
Total pot $1.14 | Rake $0.05 
Board [2s 9d As 4d Kd]
Seat 1: RottieWisperer (small blind) folded before Flop
Seat 2: cubicroot (big blind) folded on the River
Seat 3: AnderEj folded before Flop (didn't bet)
Seat 4: Castaignoss101 showed [8s Ac] and lost with a pair of Aces
Seat 5: EuGanheiDeNovo folded before Flop (didn't bet)
Seat 6: yur4ik777 folded before Flop (didn't bet)
Seat 7: WesternDuck12 showed [9c Ah] and won ($1.09) with two pair, Aces and Nines
Seat 8: megtorlo2244 folded before Flop (didn't bet)
Seat 9: Dorex2007 (button) folded on the Turn



PokerStars Hand #237689423791:  Hold'em No Limit ($0.02/$0.05 USD) - 2022/07/30 15:30:12 PT [2022/07/30 18:30:12 ET]
Table 'Equinox II' 9-max Seat #1 is the button
Seat 1: RottieWisperer ($5 in chips) 
Seat 2: cubicroot ($13.23 in chips) 
Seat 3: AnderEj ($17.67 in chips) 
Seat 4: Castaignoss101 ($4.07 in chips) 
Seat 5: EuGanheiDeNovo ($4.17 in chips) 
Seat 6: yur4ik777 ($6.62 in chips) 
Seat 7: WesternDuck12 ($2.95 in chips) 
Seat 8: megtorlo2244 ($8.18 in chips) 
Seat 9: Dorex2007 ($5 in chips) 
cubicroot: posts small blind $0.02
AnderEj: posts big blind $0.05
*** HOLE CARDS ***
Dealt to Dorex2007 [Ac 3d]
Castaignoss101: raises $0.05 to $0.10
EuGanheiDeNovo: calls $0.10
yur4ik777: folds 
WesternDuck12: calls $0.10
megtorlo2244: folds 
Dorex2007: folds 
RottieWisperer: folds 
cubicroot: calls $0.08
AnderEj: calls $0.05
*** FLOP *** [9d 9h Ad]
cubicroot: checks 
AnderEj: checks 
Castaignoss101: checks 
EuGanheiDeNovo: checks 
WesternDuck12: bets $0.45
cubicroot: folds 
AnderEj: folds 
Castaignoss101: folds 
EuGanheiDeNovo: folds 
Uncalled bet ($0.45) returned to WesternDuck12
WesternDuck12 collected $0.48 from pot
WesternDuck12: doesn't show hand 
*** SUMMARY ***
Total pot $0.50 | Rake $0.02 
Board [9d 9h Ad]
Seat 1: RottieWisperer (button) folded before Flop (didn't bet)
Seat 2: cubicroot (small blind) folded on the Flop
Seat 3: AnderEj (big blind) folded on the Flop
Seat 4: Castaignoss101 folded on the Flop
Seat 5: EuGanheiDeNovo folded on the Flop
Seat 6: yur4ik777 folded before Flop (didn't bet)
Seat 7: WesternDuck12 collected ($0.48)
Seat 8: megtorlo2244 folded before Flop (didn't bet)
Seat 9: Dorex2007 folded before Flop (didn't bet)



PokerStars Hand #237689569676:  Hold'em No Limit ($0.02/$0.05 USD) - 2022/07/30 15:38:08 PT [2022/07/30 18:38:08 ET]
Table 'Equinox II' 9-max Seat #1 is the button
Seat 1: RottieWisperer ($5 in chips) 
Seat 3: AnderEj ($16.87 in chips) 
Seat 4: Castaignoss101 ($3.93 in chips) 
Seat 5: EuGanheiDeNovo ($4.24 in chips) 
Seat 6: yur4ik777 ($6.45 in chips) 
Seat 7: WesternDuck12 ($4.11 in chips) 
Seat 8: megtorlo2244 ($8.53 in chips) 
Seat 9: Dorex2007 ($5 in chips) 
AnderEj: posts small blind $0.02
Castaignoss101: posts big blind $0.05
Dorex2007: posts small & big blinds $0.07
*** HOLE CARDS ***
Dealt to Dorex2007 [Td 5d]
EuGanheiDeNovo: folds 
yur4ik777: folds 
WesternDuck12: folds 
megtorlo2244: calls $0.05
Dorex2007: checks 
RottieWisperer: folds 
AnderEj: folds 
Castaignoss101: raises $0.05 to $0.10
megtorlo2244: calls $0.05
Dorex2007: folds 
*** FLOP *** [5s Kd 7s]
Castaignoss101: checks 
megtorlo2244: checks 
*** TURN *** [5s Kd 7s] [Ks]
Castaignoss101: checks 
megtorlo2244: checks 
*** RIVER *** [5s Kd 7s Ks] [Kh]
Castaignoss101: checks 
megtorlo2244: checks 
*** SHOW DOWN ***
Castaignoss101: shows [3d 9s] (three of a kind, Kings)
megtorlo2244: shows [Qs Jd] (three of a kind, Kings - Queen kicker)
megtorlo2244 collected $0.28 from pot
*** SUMMARY ***
Total pot $0.29 | Rake $0.01 
Board [5s Kd 7s Ks Kh]
Seat 1: RottieWisperer (button) folded before Flop (didn't bet)
Seat 3: AnderEj (small blind) folded before Flop
Seat 4: Castaignoss101 (big blind) showed [3d 9s] and lost with three of a kind, Kings
Seat 5: EuGanheiDeNovo folded before Flop (didn't bet)
Seat 6: yur4ik777 folded before Flop (didn't bet)
Seat 7: WesternDuck12 folded before Flop (didn't bet)
Seat 8: megtorlo2244 showed [Qs Jd] and won ($0.28) with three of a kind, Kings
Seat 9: Dorex2007 folded before Flop (didn't bet)



PokerStars Hand #237689582877:  Hold'em No Limit ($0.02/$0.05 USD) - 2022/07/30 15:38:51 PT [2022/07/30 18:38:51 ET]
Table 'Equinox II' 9-max Seat #3 is the button
Seat 1: RottieWisperer ($5 in chips) 
Seat 3: AnderEj ($16.85 in chips) 
Seat 4: Castaignoss101 ($3.83 in chips) 
Seat 5: EuGanheiDeNovo ($4.24 in chips) 
Seat 6: yur4ik777 ($6.45 in chips) 
Seat 7: WesternDuck12 ($4.11 in chips) 
Seat 8: megtorlo2244 ($8.71 in chips) 
Seat 9: Dorex2007 ($5 in chips) 
Castaignoss101: posts small blind $0.02
EuGanheiDeNovo: posts big blind $0.05
cubicroot: sits out 
*** HOLE CARDS ***
Dealt to Dorex2007 [9d Jd]
yur4ik777: raises $0.05 to $0.10
WesternDuck12: folds 
megtorlo2244: folds 
Dorex2007: folds 
RottieWisperer: folds 
AnderEj: folds 
Castaignoss101: raises $0.05 to $0.15
EuGanheiDeNovo: folds 
yur4ik777: raises $0.35 to $0.50
Castaignoss101: raises $0.35 to $0.85
yur4ik777: calls $0.35
*** FLOP *** [2d Ah Kd]
Castaignoss101: checks 
yur4ik777: bets $0.55
Castaignoss101: calls $0.55
*** TURN *** [2d Ah Kd] [5h]
Castaignoss101: checks 
yur4ik777: checks 
*** RIVER *** [2d Ah Kd 5h] [4s]
Castaignoss101: bets $1.36
yur4ik777: raises $1.36 to $2.72
Castaignoss101: calls $1.07 and is all-in
Uncalled bet ($0.29) returned to yur4ik777
*** SHOW DOWN ***
yur4ik777: shows [3d 3c] (a straight, Ace to Five)
Castaignoss101: shows [Ad 7c] (a pair of Aces)
yur4ik777 collected $7.39 from pot
*** SUMMARY ***
Total pot $7.71 | Rake $0.32 
Board [2d Ah Kd 5h 4s]
Seat 1: RottieWisperer folded before Flop (didn't bet)
Seat 3: AnderEj (button) folded before Flop (didn't bet)
Seat 4: Castaignoss101 (small blind) showed [Ad 7c] and lost with a pair of Aces
Seat 5: EuGanheiDeNovo (big blind) folded before Flop
Seat 6: yur4ik777 showed [3d 3c] and won ($7.39) with a straight, Ace to Five
Seat 7: WesternDuck12 folded before Flop (didn't bet)
Seat 8: megtorlo2244 folded before Flop (didn't bet)
Seat 9: Dorex2007 folded before Flop (didn't bet)



PokerStars Hand #237689606831:  Hold'em No Limit ($0.02/$0.05 USD) - 2022/07/30 15:40:11 PT [2022/07/30 18:40:11 ET]
Table 'Equinox II' 9-max Seat #5 is the button
Seat 1: RottieWisperer ($5 in chips) 
Seat 3: AnderEj ($16.85 in chips) 
Seat 5: EuGanheiDeNovo ($4.19 in chips) 
Seat 6: yur4ik777 ($10.01 in chips) 
Seat 7: WesternDuck12 ($4.11 in chips) 
Seat 8: megtorlo2244 ($8.71 in chips) 
Seat 9: Dorex2007 ($5 in chips) 
yur4ik777: posts small blind $0.02
WesternDuck12: posts big blind $0.05
cubicroot: sits out 
*** HOLE CARDS ***
Dealt to Dorex2007 [Js 9s]
megtorlo2244: folds 
Dorex2007: folds 
RottieWisperer: folds 
AnderEj: folds 
EuGanheiDeNovo: folds 
yur4ik777: folds 
Uncalled bet ($0.03) returned to WesternDuck12
WesternDuck12 collected $0.04 from pot
WesternDuck12: doesn't show hand 
*** SUMMARY ***
Total pot $0.04 | Rake $0 
Seat 1: RottieWisperer folded before Flop (didn't bet)
Seat 3: AnderEj folded before Flop (didn't bet)
Seat 5: EuGanheiDeNovo (button) folded before Flop (didn't bet)
Seat 6: yur4ik777 (small blind) folded before Flop
Seat 7: WesternDuck12 (big blind) collected ($0.04)
Seat 8: megtorlo2244 folded before Flop (didn't bet)
Seat 9: Dorex2007 folded before Flop (didn't bet)



PokerStars Hand #237689611635:  Hold'em No Limit ($0.02/$0.05 USD) - 2022/07/30 15:40:27 PT [2022/07/30 18:40:27 ET]
Table 'Equinox II' 9-max Seat #6 is the button
Seat 1: RottieWisperer ($5 in chips) 
Seat 3: AnderEj ($16.85 in chips) 
Seat 4: Castaignoss101 ($5 in chips) 
Seat 5: EuGanheiDeNovo ($4.19 in chips) 
Seat 6: yur4ik777 ($9.99 in chips) 
Seat 7: WesternDuck12 ($4.13 in chips) 
Seat 8: megtorlo2244 ($8.71 in chips) 
Seat 9: Dorex2007 ($5 in chips) 
WesternDuck12: posts small blind $0.02
megtorlo2244: posts big blind $0.05
cubicroot: sits out 
*** HOLE CARDS ***
Dealt to Dorex2007 [8c Ks]
Dorex2007: folds 
RottieWisperer: folds 
AnderEj: raises $0.10 to $0.15
Castaignoss101: calls $0.15
EuGanheiDeNovo: folds 
yur4ik777: folds 
WesternDuck12: calls $0.13
megtorlo2244: calls $0.10
*** FLOP *** [Ac Jc 9h]
WesternDuck12: checks 
megtorlo2244: checks 
AnderEj: bets $0.29
Castaignoss101: calls $0.29
WesternDuck12: calls $0.29
megtorlo2244: folds 
*** TURN *** [Ac Jc 9h] [Th]
WesternDuck12: checks 
AnderEj: checks 
Castaignoss101: checks 
*** RIVER *** [Ac Jc 9h Th] [Ad]
WesternDuck12: checks 
AnderEj: bets $0.70
Castaignoss101: calls $0.70
WesternDuck12: folds 
*** SHOW DOWN ***
AnderEj: shows [Kc Kd] (two pair, Aces and Kings)
Castaignoss101: mucks hand 
AnderEj collected $2.75 from pot
*** SUMMARY ***
Total pot $2.87 | Rake $0.12 
Board [Ac Jc 9h Th Ad]
Seat 1: RottieWisperer folded before Flop (didn't bet)
Seat 3: AnderEj showed [Kc Kd] and won ($2.75) with two pair, Aces and Kings
Seat 4: Castaignoss101 mucked [9s 6c]
Seat 5: EuGanheiDeNovo folded before Flop (didn't bet)
Seat 6: yur4ik777 (button) folded before Flop (didn't bet)
Seat 7: WesternDuck12 (small blind) folded on the River
Seat 8: megtorlo2244 (big blind) folded on the Flop
Seat 9: Dorex2007 folded before Flop (didn't bet)



PokerStars Hand #237689631289:  Hold'em No Limit ($0.02/$0.05 USD) - 2022/07/30 15:41:32 PT [2022/07/30 18:41:32 ET]
Table 'Equinox II' 9-max Seat #7 is the button
Seat 1: RottieWisperer ($5 in chips) 
Seat 3: AnderEj ($18.46 in chips) 
Seat 4: Castaignoss101 ($3.86 in chips) 
Seat 5: EuGanheiDeNovo ($4.19 in chips) 
Seat 6: yur4ik777 ($9.99 in chips) 
Seat 7: WesternDuck12 ($3.69 in chips) 
Seat 8: megtorlo2244 ($8.56 in chips) 
Seat 9: Dorex2007 ($5 in chips) 
megtorlo2244: posts small blind $0.02
Dorex2007: posts big blind $0.05
cubicroot: sits out 
*** HOLE CARDS ***
Dealt to Dorex2007 [Td Ts]
RottieWisperer: folds 
AnderEj: folds 
Castaignoss101: folds 
EuGanheiDeNovo: raises $0.10 to $0.15
yur4ik777: folds 
WesternDuck12: calls $0.15
megtorlo2244: folds 
Dorex2007: raises $0.40 to $0.55
RottieWisperer leaves the table
TheSmouš_YG joins the table at seat #1 
EuGanheiDeNovo: calls $0.40
WesternDuck12: calls $0.40
*** FLOP *** [4h 6d Jh]
Dorex2007: bets $1.60
EuGanheiDeNovo: folds 
WesternDuck12: calls $1.60
*** TURN *** [4h 6d Jh] [Tc]
Dorex2007: bets $2.85 and is all-in
WesternDuck12: calls $1.54 and is all-in
Uncalled bet ($1.31) returned to Dorex2007
*** RIVER *** [4h 6d Jh Tc] [9h]
*** SHOW DOWN ***
Dorex2007: shows [Td Ts] (three of a kind, Tens)
WesternDuck12: shows [Jd As] (a pair of Jacks)
Dorex2007 collected $7.62 from pot
*** SUMMARY ***
Total pot $7.95 | Rake $0.33 
Board [4h 6d Jh Tc 9h]
Seat 1: RottieWisperer folded before Flop (didn't bet)
Seat 3: AnderEj folded before Flop (didn't bet)
Seat 4: Castaignoss101 folded before Flop (didn't bet)
Seat 5: EuGanheiDeNovo folded on the Flop
Seat 6: yur4ik777 folded before Flop (didn't bet)
Seat 7: WesternDuck12 (button) showed [Jd As] and lost with a pair of Jacks
Seat 8: megtorlo2244 (small blind) folded before Flop
Seat 9: Dorex2007 (big blind) showed [Td Ts] and won ($7.62) with three of a kind, Tens



PokerStars Hand #237689650646:  Hold'em No Limit ($0.02/$0.05 USD) - 2022/07/30 15:42:36 PT [2022/07/30 18:42:36 ET]
Table 'Equinox II' 9-max Seat #8 is the button
Seat 1: TheSmouš_YG ($2.69 in chips) 
Seat 3: AnderEj ($18.46 in chips) 
Seat 4: Castaignoss101 ($3.86 in chips) 
Seat 5: EuGanheiDeNovo ($3.64 in chips) 
Seat 6: yur4ik777 ($9.99 in chips) 
Seat 8: megtorlo2244 ($8.54 in chips) 
Seat 9: Dorex2007 ($8.93 in chips) 
Dorex2007: posts small blind $0.02
TheSmouš_YG: posts big blind $0.05
cubicroot: sits out 
*** HOLE CARDS ***
Dealt to Dorex2007 [5s Js]
AnderEj: raises $0.10 to $0.15
Castaignoss101: calls $0.15
EuGanheiDeNovo: folds 
yur4ik777: folds 
megtorlo2244: folds 
WesternDuck12 leaves the table
Dorex2007: folds 
TheSmouš_YG: folds 
*** FLOP *** [7d 9d Ah]
AnderEj: checks 
Castaignoss101: checks 
*** TURN *** [7d 9d Ah] [Jh]
AnderEj: bets $0.22
Castaignoss101: folds 
Uncalled bet ($0.22) returned to AnderEj
AnderEj collected $0.35 from pot
AnderEj: doesn't show hand 
*** SUMMARY ***
Total pot $0.37 | Rake $0.02 
Board [7d 9d Ah Jh]
Seat 1: TheSmouš_YG (big blind) folded before Flop
Seat 3: AnderEj collected ($0.35)
Seat 4: Castaignoss101 folded on the Turn
Seat 5: EuGanheiDeNovo folded before Flop (didn't bet)
Seat 6: yur4ik777 folded before Flop (didn't bet)
Seat 8: megtorlo2244 (button) folded before Flop (didn't bet)
Seat 9: Dorex2007 (small blind) folded before Flop



PokerStars Hand #237689658788:  Hold'em No Limit ($0.02/$0.05 USD) - 2022/07/30 15:43:04 PT [2022/07/30 18:43:04 ET]
Table 'Equinox II' 9-max Seat #9 is the button
Seat 1: TheSmouš_YG ($2.64 in chips) 
Seat 2: cubicroot ($12.83 in chips) 
Seat 3: AnderEj ($18.66 in chips) 
Seat 4: Castaignoss101 ($3.71 in chips) 
Seat 5: EuGanheiDeNovo ($3.64 in chips) 
Seat 6: yur4ik777 ($9.99 in chips) 
Seat 8: megtorlo2244 ($8.54 in chips) 
Seat 9: Dorex2007 ($8.91 in chips) 
TheSmouš_YG: posts small blind $0.02
cubicroot: posts big blind $0.05
*** HOLE CARDS ***
Dealt to Dorex2007 [5h 3s]
AnderEj: folds 
Castaignoss101: calls $0.05
EuGanheiDeNovo: folds 
Fool Gambler joins the table at seat #7 
yur4ik777: raises $0.10 to $0.15
megtorlo2244: folds 
Dorex2007: folds 
TheSmouš_YG: folds 
cubicroot: calls $0.10
Castaignoss101: calls $0.10
*** FLOP *** [8c 8d 5c]
TheSmouš_YG leaves the table
cubicroot: checks 
Castaignoss101: checks 
yur4ik777: checks 
*** TURN *** [8c 8d 5c] [Th]
cubicroot: checks 
Castaignoss101: checks 
yur4ik777: bets $0.27
cubicroot: folds 
Castaignoss101: folds 
Uncalled bet ($0.27) returned to yur4ik777
yur4ik777 collected $0.45 from pot
yur4ik777: doesn't show hand 
*** SUMMARY ***
Total pot $0.47 | Rake $0.02 
Board [8c 8d 5c Th]
Seat 1: TheSmouš_YG (small blind) folded before Flop
Seat 2: cubicroot (big blind) folded on the Turn
Seat 3: AnderEj folded before Flop (didn't bet)
Seat 4: Castaignoss101 folded on the Turn
Seat 5: EuGanheiDeNovo folded before Flop (didn't bet)
Seat 6: yur4ik777 collected ($0.45)
Seat 8: megtorlo2244 folded before Flop (didn't bet)
Seat 9: Dorex2007 (button) folded before Flop (didn't bet)



PokerStars Hand #237689669313:  Hold'em No Limit ($0.02/$0.05 USD) - 2022/07/30 15:43:39 PT [2022/07/30 18:43:39 ET]
Table 'Equinox II' 9-max Seat #2 is the button
Seat 2: cubicroot ($12.68 in chips) 
Seat 3: AnderEj ($18.66 in chips) 
Seat 4: Castaignoss101 ($3.56 in chips) 
Seat 5: EuGanheiDeNovo ($3.64 in chips) 
Seat 6: yur4ik777 ($10.29 in chips) 
Seat 7: Fool Gambler ($2 in chips) 
Seat 8: megtorlo2244 ($8.54 in chips) 
Seat 9: Dorex2007 ($8.91 in chips) 
AnderEj: posts small blind $0.02
Castaignoss101: posts big blind $0.05
Fool Gambler: posts big blind $0.05
*** HOLE CARDS ***
Dealt to Dorex2007 [7h 5c]
EuGanheiDeNovo: folds 
yur4ik777: folds 
Fool Gambler: checks 
megtorlo2244: folds 
Dorex2007: folds 
cubicroot: folds 
AnderEj: folds 
Castaignoss101: raises $1.10 to $1.15
Fool Gambler: folds 
Uncalled bet ($1.10) returned to Castaignoss101
Castaignoss101 collected $0.12 from pot
Castaignoss101: doesn't show hand 
*** SUMMARY ***
Total pot $0.12 | Rake $0 
Seat 2: cubicroot (button) folded before Flop (didn't bet)
Seat 3: AnderEj (small blind) folded before Flop
Seat 4: Castaignoss101 (big blind) collected ($0.12)
Seat 5: EuGanheiDeNovo folded before Flop (didn't bet)
Seat 6: yur4ik777 folded before Flop (didn't bet)
Seat 7: Fool Gambler folded before Flop (didn't bet)
Seat 8: megtorlo2244 folded before Flop (didn't bet)
Seat 9: Dorex2007 folded before Flop (didn't bet)



PokerStars Hand #237689676544:  Hold'em No Limit ($0.02/$0.05 USD) - 2022/07/30 15:44:03 PT [2022/07/30 18:44:03 ET]
Table 'Equinox II' 9-max Seat #3 is the button
Seat 2: cubicroot ($12.68 in chips) 
Seat 3: AnderEj ($18.64 in chips) 
Seat 4: Castaignoss101 ($3.63 in chips) 
Seat 5: EuGanheiDeNovo ($3.64 in chips) 
Seat 6: yur4ik777 ($10.29 in chips) 
Seat 7: Fool Gambler ($1.95 in chips) 
Seat 8: megtorlo2244 ($8.54 in chips) 
Seat 9: Dorex2007 ($8.91 in chips) 
Castaignoss101: posts small blind $0.02
EuGanheiDeNovo: posts big blind $0.05
*** HOLE CARDS ***
Dealt to Dorex2007 [Td 4h]
yur4ik777: folds 
Fool Gambler: folds 
megtorlo2244: folds 
Dorex2007: folds 
cubicroot: folds 
AnderEj: raises $0.10 to $0.15
Castaignoss101: raises $0.10 to $0.25
EuGanheiDeNovo: folds 
AnderEj: calls $0.10
*** FLOP *** [4c Kd 9h]
Castaignoss101: checks 
AnderEj: checks 
*** TURN *** [4c Kd 9h] [5h]
bulldogstoneltd joins the table at seat #1 
Castaignoss101: bets $0.10
AnderEj: folds 
Uncalled bet ($0.10) returned to Castaignoss101
Castaignoss101 collected $0.53 from pot
Castaignoss101: doesn't show hand 
*** SUMMARY ***
Total pot $0.55 | Rake $0.02 
Board [4c Kd 9h 5h]
Seat 2: cubicroot folded before Flop (didn't bet)
Seat 3: AnderEj (button) folded on the Turn
Seat 4: Castaignoss101 (small blind) collected ($0.53)
Seat 5: EuGanheiDeNovo (big blind) folded before Flop
Seat 6: yur4ik777 folded before Flop (didn't bet)
Seat 7: Fool Gambler folded before Flop (didn't bet)
Seat 8: megtorlo2244 folded before Flop (didn't bet)
Seat 9: Dorex2007 folded before Flop (didn't bet)



PokerStars Hand #237689695673:  Hold'em No Limit ($0.02/$0.05 USD) - 2022/07/30 15:44:48 PT [2022/07/30 18:44:48 ET]
Table 'Equinox II' 9-max Seat #4 is the button
Seat 1: bulldogstoneltd ($4 in chips) 
Seat 2: cubicroot ($12.68 in chips) 
Seat 3: AnderEj ($18.39 in chips) 
Seat 4: Castaignoss101 ($3.91 in chips) 
Seat 5: EuGanheiDeNovo ($3.59 in chips) 
Seat 6: yur4ik777 ($10.29 in chips) 
Seat 7: Fool Gambler ($1.95 in chips) 
Seat 8: megtorlo2244 ($8.54 in chips) 
Seat 9: Dorex2007 ($8.91 in chips) 
EuGanheiDeNovo: posts small blind $0.02
yur4ik777: posts big blind $0.05
bulldogstoneltd: posts big blind $0.05
*** HOLE CARDS ***
Dealt to Dorex2007 [Qd 6s]
Fool Gambler: calls $0.05
megtorlo2244: folds 
Dorex2007: folds 
bulldogstoneltd: checks 
cubicroot: folds 
AnderEj: folds 
Castaignoss101: calls $0.05
EuGanheiDeNovo: calls $0.03
yur4ik777: checks 
*** FLOP *** [Jh As 3c]
EuGanheiDeNovo: checks 
yur4ik777: checks 
Fool Gambler: bets $0.05
bulldogstoneltd: folds 
Castaignoss101: folds 
EuGanheiDeNovo: raises $0.10 to $0.15
yur4ik777: folds 
Fool Gambler: calls $0.10
*** TURN *** [Jh As 3c] [Ah]
EuGanheiDeNovo: checks 
Fool Gambler: bets $0.05
EuGanheiDeNovo: raises $0.25 to $0.30
Fool Gambler: calls $0.25
*** RIVER *** [Jh As 3c Ah] [4h]
EuGanheiDeNovo: bets $0.55
Fool Gambler: calls $0.55
*** SHOW DOWN ***
EuGanheiDeNovo: shows [3h 3s] (a full house, Threes full of Aces)
Fool Gambler: mucks hand 
EuGanheiDeNovo collected $2.16 from pot
*** SUMMARY ***
Total pot $2.25 | Rake $0.09 
Board [Jh As 3c Ah 4h]
Seat 1: bulldogstoneltd folded on the Flop (didn't bet)
Seat 2: cubicroot folded before Flop (didn't bet)
Seat 3: AnderEj folded before Flop (didn't bet)
Seat 4: Castaignoss101 (button) folded on the Flop
Seat 5: EuGanheiDeNovo (small blind) showed [3h 3s] and won ($2.16) with a full house, Threes full of Aces
Seat 6: yur4ik777 (big blind) folded on the Flop
Seat 7: Fool Gambler mucked [Qs Ac]
Seat 8: megtorlo2244 folded before Flop (didn't bet)
Seat 9: Dorex2007 folded before Flop (didn't bet)



PokerStars Hand #237689720051:  Hold'em No Limit ($0.02/$0.05 USD) - 2022/07/30 15:46:09 PT [2022/07/30 18:46:09 ET]
Table 'Equinox II' 9-max Seat #5 is the button
Seat 1: bulldogstoneltd ($3.95 in chips) 
Seat 2: cubicroot ($12.68 in chips) 
Seat 3: AnderEj ($18.39 in chips) 
Seat 4: Castaignoss101 ($3.86 in chips) 
Seat 5: EuGanheiDeNovo ($4.70 in chips) 
Seat 6: yur4ik777 ($10.24 in chips) 
Seat 7: Fool Gambler ($0.90 in chips) 
Seat 8: megtorlo2244 ($8.54 in chips) 
Seat 9: Dorex2007 ($8.91 in chips) 
yur4ik777: posts small blind $0.02
Fool Gambler: posts big blind $0.05
*** HOLE CARDS ***
Dealt to Dorex2007 [Ad 7s]
megtorlo2244: folds 
Dorex2007: folds 
bulldogstoneltd: folds 
cubicroot: folds 
AnderEj: folds 
Castaignoss101: calls $0.05
EuGanheiDeNovo: calls $0.05
yur4ik777: folds 
Fool Gambler: checks 
*** FLOP *** [Th 9s 7c]
Fool Gambler: checks 
Castaignoss101: bets $0.15
EuGanheiDeNovo: calls $0.15
megtorlo2244 leaves the table
Fool Gambler: folds 
*** TURN *** [Th 9s 7c] [4c]
Castaignoss101: bets $0.22
EuGanheiDeNovo: raises $4.28 to $4.50 and is all-in
Castaignoss101: folds 
Uncalled bet ($4.28) returned to EuGanheiDeNovo
EuGanheiDeNovo collected $0.87 from pot
EuGanheiDeNovo: doesn't show hand 
*** SUMMARY ***
Total pot $0.91 | Rake $0.04 
Board [Th 9s 7c 4c]
Seat 1: bulldogstoneltd folded before Flop (didn't bet)
Seat 2: cubicroot folded before Flop (didn't bet)
Seat 3: AnderEj folded before Flop (didn't bet)
Seat 4: Castaignoss101 folded on the Turn
Seat 5: EuGanheiDeNovo (button) collected ($0.87)
Seat 6: yur4ik777 (small blind) folded before Flop
Seat 7: Fool Gambler (big blind) folded on the Flop
Seat 8: megtorlo2244 folded before Flop (didn't bet)
Seat 9: Dorex2007 folded before Flop (didn't bet)



PokerStars Hand #237689735259:  Hold'em No Limit ($0.02/$0.05 USD) - 2022/07/30 15:47:00 PT [2022/07/30 18:47:00 ET]
Table 'Equinox II' 9-max Seat #6 is the button
Seat 1: bulldogstoneltd ($3.95 in chips) 
Seat 2: cubicroot ($12.68 in chips) 
Seat 3: AnderEj ($18.39 in chips) 
Seat 4: Castaignoss101 ($3.44 in chips) 
Seat 5: EuGanheiDeNovo ($5.15 in chips) 
Seat 6: yur4ik777 ($10.22 in chips) 
Seat 7: Fool Gambler ($0.85 in chips) 
Seat 9: Dorex2007 ($8.91 in chips) 
Fool Gambler: posts small blind $0.02
Dorex2007: posts big blind $0.05
*** HOLE CARDS ***
Dealt to Dorex2007 [Js 9d]
bulldogstoneltd: calls $0.05
cubicroot: folds 
AnderEj: folds 
Castaignoss101: raises $0.05 to $0.10
EuGanheiDeNovo: calls $0.10
yur4ik777: calls $0.10
Fool Gambler: folds 
Dorex2007: folds 
bulldogstoneltd: calls $0.05
*** FLOP *** [Qc Qh 3h]
bulldogstoneltd: checks 
Castaignoss101: checks 
EuGanheiDeNovo: bets $0.15
yur4ik777: calls $0.15
bulldogstoneltd: folds 
Castaignoss101: folds 
*** TURN *** [Qc Qh 3h] [8h]
EuGanheiDeNovo: checks 
Kucher189 joins the table at seat #8 
yur4ik777: bets $0.74
EuGanheiDeNovo: calls $0.74
*** RIVER *** [Qc Qh 3h 8h] [8d]
EuGanheiDeNovo: checks 
yur4ik777: checks 
*** SHOW DOWN ***
EuGanheiDeNovo: shows [5s 5d] (two pair, Queens and Eights)
yur4ik777: shows [Jh Kh] (a flush, King high)
yur4ik777 collected $2.16 from pot
*** SUMMARY ***
Total pot $2.25 | Rake $0.09 
Board [Qc Qh 3h 8h 8d]
Seat 1: bulldogstoneltd folded on the Flop
Seat 2: cubicroot folded before Flop (didn't bet)
Seat 3: AnderEj folded before Flop (didn't bet)
Seat 4: Castaignoss101 folded on the Flop
Seat 5: EuGanheiDeNovo showed [5s 5d] and lost with two pair, Queens and Eights
Seat 6: yur4ik777 (button) showed [Jh Kh] and won ($2.16) with a flush, King high
Seat 7: Fool Gambler (small blind) folded before Flop
Seat 9: Dorex2007 (big blind) folded before Flop



PokerStars Hand #237689752536:  Hold'em No Limit ($0.02/$0.05 USD) - 2022/07/30 15:47:59 PT [2022/07/30 18:47:59 ET]
Table 'Equinox II' 9-max Seat #7 is the button
Seat 1: bulldogstoneltd ($3.85 in chips) 
Seat 2: cubicroot ($12.68 in chips) 
Seat 3: AnderEj ($18.39 in chips) 
Seat 4: Castaignoss101 ($3.34 in chips) 
Seat 5: EuGanheiDeNovo ($4.16 in chips) 
Seat 6: yur4ik777 ($11.39 in chips) 
Seat 7: Fool Gambler ($0.83 in chips) 
Seat 9: Dorex2007 ($8.86 in chips) 
Dorex2007: posts small blind $0.02
bulldogstoneltd: posts big blind $0.05
*** HOLE CARDS ***
Dealt to Dorex2007 [2s As]
cubicroot: calls $0.05
AnderEj: folds 
Castaignoss101: raises $0.05 to $0.10
EuGanheiDeNovo: calls $0.10
yur4ik777: folds 
Fool Gambler: folds 
Dorex2007: calls $0.08
bulldogstoneltd: calls $0.05
cubicroot: raises $12.58 to $12.68 and is all-in
Castaignoss101: calls $3.24 and is all-in
EuGanheiDeNovo: folds 
Dorex2007: folds 
bulldogstoneltd: folds 
Uncalled bet ($9.34) returned to cubicroot
*** FLOP *** [Ad 6h Kd]
*** TURN *** [Ad 6h Kd] [4c]
*** RIVER *** [Ad 6h Kd 4c] [Th]
*** SHOW DOWN ***
cubicroot: shows [Ac Ah] (three of a kind, Aces)
Castaignoss101: shows [7c 5c] (high card Ace)
cubicroot collected $6.69 from pot
*** SUMMARY ***
Total pot $6.98 | Rake $0.29 
Board [Ad 6h Kd 4c Th]
Seat 1: bulldogstoneltd (big blind) folded before Flop
Seat 2: cubicroot showed [Ac Ah] and won ($6.69) with three of a kind, Aces
Seat 3: AnderEj folded before Flop (didn't bet)
Seat 4: Castaignoss101 showed [7c 5c] and lost with high card Ace
Seat 5: EuGanheiDeNovo folded before Flop
Seat 6: yur4ik777 folded before Flop (didn't bet)
Seat 7: Fool Gambler (button) folded before Flop (didn't bet)
Seat 9: Dorex2007 (small blind) folded before Flop



PokerStars Hand #237689764895:  Hold'em No Limit ($0.02/$0.05 USD) - 2022/07/30 15:48:42 PT [2022/07/30 18:48:42 ET]
Table 'Equinox II' 9-max Seat #9 is the button
Seat 1: bulldogstoneltd ($3.75 in chips) 
Seat 2: cubicroot ($16.03 in chips) 
Seat 3: AnderEj ($18.39 in chips) 
Seat 5: EuGanheiDeNovo ($4.06 in chips) 
Seat 6: yur4ik777 ($11.39 in chips) 
Seat 7: Fool Gambler ($0.83 in chips) 
Seat 9: Dorex2007 ($8.76 in chips) 
bulldogstoneltd: posts small blind $0.02
cubicroot: posts big blind $0.05
Kucher189: sits out 
*** HOLE CARDS ***
Dealt to Dorex2007 [2h Kh]
AnderEj: folds 
EuGanheiDeNovo: calls $0.05
yur4ik777: raises $0.17 to $0.22
Fool Gambler: folds 
Dorex2007: folds 
bulldogstoneltd: calls $0.20
cubicroot: folds 
EuGanheiDeNovo: calls $0.17
*** FLOP *** [7d Jh 5d]
bulldogstoneltd: checks 
EuGanheiDeNovo: checks 
yur4ik777: checks 
*** TURN *** [7d Jh 5d] [Td]
bulldogstoneltd: bets $0.34
EuGanheiDeNovo: folds 
yur4ik777: raises $0.34 to $0.68
bulldogstoneltd: calls $0.34
*** RIVER *** [7d Jh 5d Td] [6h]
bulldogstoneltd: checks 
yur4ik777: checks 
*** SHOW DOWN ***
bulldogstoneltd: shows [7c Ah] (a pair of Sevens)
yur4ik777: mucks hand 
bulldogstoneltd collected $1.98 from pot
*** SUMMARY ***
Total pot $2.07 | Rake $0.09 
Board [7d Jh 5d Td 6h]
Seat 1: bulldogstoneltd (small blind) showed [7c Ah] and won ($1.98) with a pair of Sevens
Seat 2: cubicroot (big blind) folded before Flop
Seat 3: AnderEj folded before Flop (didn't bet)
Seat 5: EuGanheiDeNovo folded on the Turn
Seat 6: yur4ik777 mucked [Kd Ac]
Seat 7: Fool Gambler folded before Flop (didn't bet)
Seat 9: Dorex2007 (button) folded before Flop (didn't bet)



PokerStars Hand #237689782119:  Hold'em No Limit ($0.02/$0.05 USD) - 2022/07/30 15:49:41 PT [2022/07/30 18:49:41 ET]
Table 'Equinox II' 9-max Seat #1 is the button
Seat 1: bulldogstoneltd ($4.83 in chips) 
Seat 2: cubicroot ($15.98 in chips) 
Seat 3: AnderEj ($18.39 in chips) 
Seat 4: Castaignoss101 ($2.19 in chips) 
Seat 5: EuGanheiDeNovo ($3.84 in chips) 
Seat 6: yur4ik777 ($10.49 in chips) 
Seat 7: Fool Gambler ($0.83 in chips) 
Seat 9: Dorex2007 ($8.76 in chips) 
cubicroot: posts small blind $0.02
AnderEj: posts big blind $0.05
Kucher189: sits out 
*** HOLE CARDS ***
Dealt to Dorex2007 [8d Ks]
Castaignoss101: calls $0.05
EuGanheiDeNovo: calls $0.05
yur4ik777: folds 
Fool Gambler: calls $0.05
Dorex2007: folds 
bulldogstoneltd: calls $0.05
cubicroot: calls $0.03
AnderEj: checks 
*** FLOP *** [Ts Tc 5s]
cubicroot: checks 
AnderEj: checks 
Castaignoss101: checks 
EuGanheiDeNovo: checks 
Fool Gambler: bets $0.05
bulldogstoneltd: calls $0.05
cubicroot: folds 
AnderEj: folds 
Castaignoss101: calls $0.05
EuGanheiDeNovo: folds 
*** TURN *** [Ts Tc 5s] [Qs]
Castaignoss101: checks 
Fool Gambler: bets $0.05
bulldogstoneltd: folds 
Castaignoss101: raises $0.15 to $0.20
Fool Gambler: folds 
Uncalled bet ($0.15) returned to Castaignoss101
Castaignoss101 collected $0.53 from pot
Castaignoss101: doesn't show hand 
*** SUMMARY ***
Total pot $0.55 | Rake $0.02 
Board [Ts Tc 5s Qs]
Seat 1: bulldogstoneltd (button) folded on the Turn
Seat 2: cubicroot (small blind) folded on the Flop
Seat 3: AnderEj (big blind) folded on the Flop
Seat 4: Castaignoss101 collected ($0.53)
Seat 5: EuGanheiDeNovo folded on the Flop
Seat 6: yur4ik777 folded before Flop (didn't bet)
Seat 7: Fool Gambler folded on the Turn
Seat 9: Dorex2007 folded before Flop (didn't bet)



PokerStars Hand #237689796933:  Hold'em No Limit ($0.02/$0.05 USD) - 2022/07/30 15:50:33 PT [2022/07/30 18:50:33 ET]
Table 'Equinox II' 9-max Seat #2 is the button
Seat 1: bulldogstoneltd ($4.73 in chips) 
Seat 2: cubicroot ($15.93 in chips) 
Seat 3: AnderEj ($18.34 in chips) 
Seat 4: Castaignoss101 ($2.57 in chips) 
Seat 5: EuGanheiDeNovo ($3.79 in chips) 
Seat 6: yur4ik777 ($10.49 in chips) 
Seat 7: Fool Gambler ($0.68 in chips) 
Seat 9: Dorex2007 ($8.76 in chips) 
AnderEj: posts small blind $0.02
Castaignoss101: posts big blind $0.05
Kucher189: sits out 
*** HOLE CARDS ***
Dealt to Dorex2007 [5d 6s]
EuGanheiDeNovo: calls $0.05
yur4ik777: folds 
Fool Gambler: calls $0.05
Dorex2007: folds 
bulldogstoneltd: calls $0.05
cubicroot: folds 
AnderEj: folds 
Castaignoss101: raises $0.10 to $0.15
EuGanheiDeNovo: calls $0.10
Fool Gambler: calls $0.10
bulldogstoneltd: calls $0.10
*** FLOP *** [8d Td 9h]
Castaignoss101: bets $0.15
EuGanheiDeNovo: folds 
Fool Gambler: calls $0.15
bulldogstoneltd: raises $0.52 to $0.67
Castaignoss101: calls $0.52
Fool Gambler: folds 
*** TURN *** [8d Td 9h] [7s]
Castaignoss101: bets $0.15
bulldogstoneltd: raises $1.16 to $1.31
Castaignoss101: calls $1.16
*** RIVER *** [8d Td 9h 7s] [3c]
Castaignoss101: bets $0.44 and is all-in
bulldogstoneltd: calls $0.44
*** SHOW DOWN ***
Castaignoss101: shows [Qc 7c] (a pair of Sevens)
bulldogstoneltd: shows [Js Qd] (a straight, Eight to Queen)
bulldogstoneltd collected $5.38 from pot
*** SUMMARY ***
Total pot $5.61 | Rake $0.23 
Board [8d Td 9h 7s 3c]
Seat 1: bulldogstoneltd showed [Js Qd] and won ($5.38) with a straight, Eight to Queen
Seat 2: cubicroot (button) folded before Flop (didn't bet)
Seat 3: AnderEj (small blind) folded before Flop
Seat 4: Castaignoss101 (big blind) showed [Qc 7c] and lost with a pair of Sevens
Seat 5: EuGanheiDeNovo folded on the Flop
Seat 6: yur4ik777 folded before Flop (didn't bet)
Seat 7: Fool Gambler folded on the Flop
Seat 9: Dorex2007 folded before Flop (didn't bet)



PokerStars Hand #237689817855:  Hold'em No Limit ($0.02/$0.05 USD) - 2022/07/30 15:51:45 PT [2022/07/30 18:51:45 ET]
Table 'Equinox II' 9-max Seat #3 is the button
Seat 1: bulldogstoneltd ($7.54 in chips) 
Seat 2: cubicroot ($15.93 in chips) 
Seat 3: AnderEj ($18.32 in chips) 
Seat 5: EuGanheiDeNovo ($3.64 in chips) 
Seat 6: yur4ik777 ($10.49 in chips) 
Seat 7: Fool Gambler ($0.38 in chips) 
Seat 9: Dorex2007 ($8.76 in chips) 
EuGanheiDeNovo: posts small blind $0.02
yur4ik777: posts big blind $0.05
Kucher189: sits out 
*** HOLE CARDS ***
Dealt to Dorex2007 [Jd 4h]
Fool Gambler: folds 
Dorex2007: folds 
bulldogstoneltd: calls $0.05
cubicroot: folds 
AnderEj has timed out
AnderEj: folds 
EuGanheiDeNovo: raises $0.10 to $0.15
yur4ik777: folds 
bulldogstoneltd: raises $0.35 to $0.50
EuGanheiDeNovo: calls $0.35
*** FLOP *** [5d 4d 9s]
EuGanheiDeNovo: checks 
bulldogstoneltd: bets $1.01
EuGanheiDeNovo: folds 
Uncalled bet ($1.01) returned to bulldogstoneltd
bulldogstoneltd collected $1.01 from pot
bulldogstoneltd: doesn't show hand 
*** SUMMARY ***
Total pot $1.05 | Rake $0.04 
Board [5d 4d 9s]
Seat 1: bulldogstoneltd collected ($1.01)
Seat 2: cubicroot folded before Flop (didn't bet)
Seat 3: AnderEj (button) folded before Flop (didn't bet)
Seat 5: EuGanheiDeNovo (small blind) folded on the Flop
Seat 6: yur4ik777 (big blind) folded before Flop
Seat 7: Fool Gambler folded before Flop (didn't bet)
Seat 9: Dorex2007 folded before Flop (didn't bet)



PokerStars Hand #237689834122:  Hold'em No Limit ($0.02/$0.05 USD) - 2022/07/30 15:52:41 PT [2022/07/30 18:52:41 ET]
Table 'Equinox II' 9-max Seat #5 is the button
Seat 1: bulldogstoneltd ($8.05 in chips) 
Seat 2: cubicroot ($15.93 in chips) 
Seat 3: AnderEj ($18.32 in chips) 
Seat 5: EuGanheiDeNovo ($3.14 in chips) 
Seat 6: yur4ik777 ($10.44 in chips) 
Seat 7: Fool Gambler ($0.38 in chips) 
Seat 9: Dorex2007 ($8.76 in chips) 
yur4ik777: posts small blind $0.02
Fool Gambler: posts big blind $0.05
Kucher189: sits out 
*** HOLE CARDS ***
Dealt to Dorex2007 [2d 2c]
Dorex2007: calls $0.05
bulldogstoneltd: calls $0.05
cubicroot: folds 
AnderEj: folds 
EuGanheiDeNovo: folds 
yur4ik777: folds 
Fool Gambler: checks 
*** FLOP *** [9c 6h 5s]
Fool Gambler: bets $0.05
Dorex2007: folds 
bulldogstoneltd: calls $0.05
*** TURN *** [9c 6h 5s] [5c]
Fool Gambler: bets $0.05
bulldogstoneltd: raises $0.18 to $0.23
Fool Gambler: folds 
Uncalled bet ($0.18) returned to bulldogstoneltd
bulldogstoneltd collected $0.35 from pot
bulldogstoneltd: doesn't show hand 
*** SUMMARY ***
Total pot $0.37 | Rake $0.02 
Board [9c 6h 5s 5c]
Seat 1: bulldogstoneltd collected ($0.35)
Seat 2: cubicroot folded before Flop (didn't bet)
Seat 3: AnderEj folded before Flop (didn't bet)
Seat 5: EuGanheiDeNovo (button) folded before Flop (didn't bet)
Seat 6: yur4ik777 (small blind) folded before Flop
Seat 7: Fool Gambler (big blind) folded on the Turn
Seat 9: Dorex2007 folded on the Flop



PokerStars Hand #237689847562:  Hold'em No Limit ($0.02/$0.05 USD) - 2022/07/30 15:53:28 PT [2022/07/30 18:53:28 ET]
Table 'Equinox II' 9-max Seat #6 is the button
Seat 1: bulldogstoneltd ($8.25 in chips) 
Seat 2: cubicroot ($15.93 in chips) 
Seat 3: AnderEj ($18.32 in chips) 
Seat 5: EuGanheiDeNovo ($3.14 in chips) 
Seat 6: yur4ik777 ($10.42 in chips) 
Seat 7: Fool Gambler ($0.23 in chips) 
Seat 8: Kucher189 ($5 in chips) 
Seat 9: Dorex2007 ($8.71 in chips) 
Fool Gambler: posts small blind $0.02
Kucher189: posts big blind $0.05
*** HOLE CARDS ***
Dealt to Dorex2007 [2h 8h]
Dorex2007: folds 
bulldogstoneltd: folds 
cubicroot: folds 
AnderEj: folds 
EuGanheiDeNovo: folds 
yur4ik777: folds 
Fool Gambler: calls $0.03
Kucher189: raises $0.05 to $0.10
Fool Gambler: folds 
Uncalled bet ($0.05) returned to Kucher189
Kucher189 collected $0.10 from pot
*** SUMMARY ***
Total pot $0.10 | Rake $0 
Seat 1: bulldogstoneltd folded before Flop (didn't bet)
Seat 2: cubicroot folded before Flop (didn't bet)
Seat 3: AnderEj folded before Flop (didn't bet)
Seat 5: EuGanheiDeNovo folded before Flop (didn't bet)
Seat 6: yur4ik777 (button) folded before Flop (didn't bet)
Seat 7: Fool Gambler (small blind) folded before Flop
Seat 8: Kucher189 (big blind) collected ($0.10)
Seat 9: Dorex2007 folded before Flop (didn't bet)



PokerStars Hand #237689857116:  Hold'em No Limit ($0.02/$0.05 USD) - 2022/07/30 15:54:00 PT [2022/07/30 18:54:00 ET]
Table 'Equinox II' 9-max Seat #7 is the button
Seat 1: bulldogstoneltd ($8.25 in chips) 
Seat 2: cubicroot ($15.93 in chips) 
Seat 3: AnderEj ($18.32 in chips) 
Seat 5: EuGanheiDeNovo ($3.14 in chips) 
Seat 6: yur4ik777 ($10.42 in chips) 
Seat 7: Fool Gambler ($0.18 in chips) 
Seat 8: Kucher189 ($5.05 in chips) 
Seat 9: Dorex2007 ($8.71 in chips) 
Kucher189: posts small blind $0.02
Dorex2007: posts big blind $0.05
*** HOLE CARDS ***
Dealt to Dorex2007 [Qc Jc]
bulldogstoneltd: calls $0.05
cubicroot: folds 
AnderEj: folds 
EuGanheiDeNovo: folds 
yur4ik777: folds 
Fool Gambler: calls $0.05
Kucher189: calls $0.03
Dorex2007: checks 
*** FLOP *** [Ac 8s 8c]
Kucher189: bets $0.10
Dorex2007: calls $0.10
bulldogstoneltd: folds 
Fool Gambler: folds 
*** TURN *** [Ac 8s 8c] [2s]
Kucher189: bets $0.15
Dorex2007: calls $0.15
*** RIVER *** [Ac 8s 8c 2s] [As]
Kucher189: bets $0.33
Dorex2007: folds 
Uncalled bet ($0.33) returned to Kucher189
Kucher189 collected $0.67 from pot
*** SUMMARY ***
Total pot $0.70 | Rake $0.03 
Board [Ac 8s 8c 2s As]
Seat 1: bulldogstoneltd folded on the Flop
Seat 2: cubicroot folded before Flop (didn't bet)
Seat 3: AnderEj folded before Flop (didn't bet)
Seat 5: EuGanheiDeNovo folded before Flop (didn't bet)
Seat 6: yur4ik777 folded before Flop (didn't bet)
Seat 7: Fool Gambler (button) folded on the Flop
Seat 8: Kucher189 (small blind) collected ($0.67)
Seat 9: Dorex2007 (big blind) folded on the River



PokerStars Hand #237689870733:  Hold'em No Limit ($0.02/$0.05 USD) - 2022/07/30 15:54:47 PT [2022/07/30 18:54:47 ET]
Table 'Equinox II' 9-max Seat #8 is the button
Seat 1: bulldogstoneltd ($8.20 in chips) 
Seat 2: cubicroot ($15.93 in chips) 
Seat 3: AnderEj ($18.32 in chips) 
Seat 5: EuGanheiDeNovo ($3.14 in chips) 
Seat 6: yur4ik777 ($10.42 in chips) 
Seat 7: Fool Gambler ($0.13 in chips) 
Seat 8: Kucher189 ($5.42 in chips) 
Seat 9: Dorex2007 ($8.41 in chips) 
Dorex2007: posts small blind $0.02
bulldogstoneltd: posts big blind $0.05
*** HOLE CARDS ***
Dealt to Dorex2007 [8d As]
cubicroot: folds 
AnderEj: folds 
EuGanheiDeNovo: folds 
yur4ik777: folds 
Fool Gambler: calls $0.05
Kucher189: calls $0.05
Dorex2007: folds 
bulldogstoneltd: checks 
*** FLOP *** [5h Ad 9h]
bulldogstoneltd: checks 
Fool Gambler: bets $0.08 and is all-in
Kucher189: calls $0.08
bulldogstoneltd: folds 
*** TURN *** [5h Ad 9h] [6h]
*** RIVER *** [5h Ad 9h 6h] [3d]
*** SHOW DOWN ***
Fool Gambler: shows [Qc Th] (high card Ace)
Kucher189: shows [Ac 4c] (a pair of Aces)
Kucher189 collected $0.32 from pot
*** SUMMARY ***
Total pot $0.33 | Rake $0.01 
Board [5h Ad 9h 6h 3d]
Seat 1: bulldogstoneltd (big blind) folded on the Flop
Seat 2: cubicroot folded before Flop (didn't bet)
Seat 3: AnderEj folded before Flop (didn't bet)
Seat 5: EuGanheiDeNovo folded before Flop (didn't bet)
Seat 6: yur4ik777 folded before Flop (didn't bet)
Seat 7: Fool Gambler showed [Qc Th] and lost with high card Ace
Seat 8: Kucher189 (button) showed [Ac 4c] and won ($0.32) with a pair of Aces
Seat 9: Dorex2007 (small blind) folded before Flop



PokerStars Hand #237689882583:  Hold'em No Limit ($0.02/$0.05 USD) - 2022/07/30 15:55:32 PT [2022/07/30 18:55:32 ET]
Table 'Equinox II' 9-max Seat #9 is the button
Seat 1: bulldogstoneltd ($8.15 in chips) 
Seat 2: cubicroot ($15.93 in chips) 
Seat 3: AnderEj ($18.32 in chips) 
Seat 5: EuGanheiDeNovo ($3.14 in chips) 
Seat 6: yur4ik777 ($10.42 in chips) 
Seat 8: Kucher189 ($5.61 in chips) 
Seat 9: Dorex2007 ($8.39 in chips) 
bulldogstoneltd: posts small blind $0.02
cubicroot: posts big blind $0.05
*** HOLE CARDS ***
Dealt to Dorex2007 [5d Js]
Fool Gambler leaves the table
AnderEj: folds 
EuGanheiDeNovo: folds 
yur4ik777: folds 
Kucher189: raises $0.05 to $0.10
Dorex2007: folds 
bulldogstoneltd: folds 
cubicroot: folds 
Uncalled bet ($0.05) returned to Kucher189
Kucher189 collected $0.12 from pot
*** SUMMARY ***
Total pot $0.12 | Rake $0 
Seat 1: bulldogstoneltd (small blind) folded before Flop
Seat 2: cubicroot (big blind) folded before Flop
Seat 3: AnderEj folded before Flop (didn't bet)
Seat 5: EuGanheiDeNovo folded before Flop (didn't bet)
Seat 6: yur4ik777 folded before Flop (didn't bet)
Seat 8: Kucher189 collected ($0.12)
Seat 9: Dorex2007 (button) folded before Flop (didn't bet)



PokerStars Hand #237689901472:  Hold'em No Limit ($0.02/$0.05 USD) - 2022/07/30 15:56:12 PT [2022/07/30 18:56:12 ET]
Table 'Equinox II' 9-max Seat #1 is the button
Seat 1: bulldogstoneltd ($8.13 in chips) 
Seat 2: cubicroot ($15.88 in chips) 
Seat 3: AnderEj ($18.32 in chips) 
Seat 5: EuGanheiDeNovo ($3.14 in chips) 
Seat 6: yur4ik777 ($10.42 in chips) 
Seat 8: Kucher189 ($5.68 in chips) 
Seat 9: Dorex2007 ($8.39 in chips) 
cubicroot: posts small blind $0.02
AnderEj: posts big blind $0.05
*** HOLE CARDS ***
Dealt to Dorex2007 [Th Ks]
EuGanheiDeNovo: folds 
yur4ik777: raises $0.05 to $0.10
Kucher189: calls $0.10
POTENTIAL_24 joins the table at seat #7 
Dorex2007: folds 
bulldogstoneltd: calls $0.10
cubicroot: calls $0.08
AnderEj: calls $0.05
*** FLOP *** [Ts 4c Ah]
cubicroot: checks 
AnderEj: bets $0.24
yur4ik777: folds 
Kucher189: calls $0.24
bulldogstoneltd: folds 
cubicroot: folds 
*** TURN *** [Ts 4c Ah] [6d]
AnderEj: bets $0.47
Kucher189: calls $0.47
*** RIVER *** [Ts 4c Ah 6d] [8h]
AnderEj: checks 
Kucher189: checks 
*** SHOW DOWN ***
AnderEj: shows [Ac 2c] (a pair of Aces)
Kucher189: shows [3d Ad] (a pair of Aces)
AnderEj collected $0.92 from pot
Kucher189 collected $0.92 from pot
*** SUMMARY ***
Total pot $1.92 | Rake $0.08 
Board [Ts 4c Ah 6d 8h]
Seat 1: bulldogstoneltd (button) folded on the Flop
Seat 2: cubicroot (small blind) folded on the Flop
Seat 3: AnderEj (big blind) showed [Ac 2c] and won ($0.92) with a pair of Aces
Seat 5: EuGanheiDeNovo folded before Flop (didn't bet)
Seat 6: yur4ik777 folded on the Flop
Seat 8: Kucher189 showed [3d Ad] and won ($0.92) with a pair of Aces
Seat 9: Dorex2007 folded before Flop (didn't bet)



PokerStars Hand #237689923241:  Hold'em No Limit ($0.02/$0.05 USD) - 2022/07/30 15:57:38 PT [2022/07/30 18:57:38 ET]
Table 'Equinox II' 9-max Seat #2 is the button
Seat 1: bulldogstoneltd ($8.03 in chips) 
Seat 2: cubicroot ($15.78 in chips) 
Seat 3: AnderEj ($18.43 in chips) 
Seat 5: EuGanheiDeNovo ($3.14 in chips) 
Seat 6: yur4ik777 ($10.32 in chips) 
Seat 8: Kucher189 ($5.79 in chips) 
Seat 9: Dorex2007 ($8.39 in chips) 
AnderEj: posts small blind $0.02
EuGanheiDeNovo: posts big blind $0.05
POTENTIAL_24: sits out 
*** HOLE CARDS ***
Dealt to Dorex2007 [6s 8s]
yur4ik777: folds 
Kucher189: folds 
Dorex2007: folds 
bulldogstoneltd: folds 
cubicroot: raises $0.05 to $0.10
AnderEj: raises $0.22 to $0.32
EuGanheiDeNovo: folds 
cubicroot: calls $0.22
*** FLOP *** [7d Ah Ks]
AnderEj: bets $0.40
cubicroot: calls $0.40
*** TURN *** [7d Ah Ks] [3s]
AnderEj: bets $0.71
cubicroot: calls $0.71
*** RIVER *** [7d Ah Ks 3s] [Qd]
AnderEj: bets $1.39
cubicroot: folds 
Uncalled bet ($1.39) returned to AnderEj
AnderEj collected $2.79 from pot
AnderEj: doesn't show hand 
*** SUMMARY ***
Total pot $2.91 | Rake $0.12 
Board [7d Ah Ks 3s Qd]
Seat 1: bulldogstoneltd folded before Flop (didn't bet)
Seat 2: cubicroot (button) folded on the River
Seat 3: AnderEj (small blind) collected ($2.79)
Seat 5: EuGanheiDeNovo (big blind) folded before Flop
Seat 6: yur4ik777 folded before Flop (didn't bet)
Seat 8: Kucher189 folded before Flop (didn't bet)
Seat 9: Dorex2007 folded before Flop (didn't bet)



PokerStars Hand #237689935937:  Hold'em No Limit ($0.02/$0.05 USD) - 2022/07/30 15:58:33 PT [2022/07/30 18:58:33 ET]
Table 'Equinox II' 9-max Seat #3 is the button
Seat 1: bulldogstoneltd ($8.03 in chips) 
Seat 2: cubicroot ($14.35 in chips) 
Seat 3: AnderEj ($19.79 in chips) 
Seat 5: EuGanheiDeNovo ($3.09 in chips) 
Seat 6: yur4ik777 ($10.32 in chips) 
Seat 8: Kucher189 ($5.79 in chips) 
Seat 9: Dorex2007 ($8.39 in chips) 
EuGanheiDeNovo: posts small blind $0.02
yur4ik777: posts big blind $0.05
POTENTIAL_24: sits out 
*** HOLE CARDS ***
Dealt to Dorex2007 [7h 5d]
Kucher189: folds 
Dorex2007: folds 
bulldogstoneltd: folds 
cubicroot: folds 
AnderEj: raises $0.10 to $0.15
EuGanheiDeNovo: folds 
yur4ik777: raises $0.10 to $0.25
AnderEj: calls $0.10
*** FLOP *** [4d 2c 6c]
yur4ik777: checks 
AnderEj: bets $0.30
yur4ik777: calls $0.30
*** TURN *** [4d 2c 6c] [Th]
yur4ik777: checks 
AnderEj: checks 
*** RIVER *** [4d 2c 6c Th] [8c]
Castaignoss101 is disconnected 
yur4ik777: bets $0.65
AnderEj: folds 
Uncalled bet ($0.65) returned to yur4ik777
yur4ik777 collected $1.07 from pot
yur4ik777: doesn't show hand 
*** SUMMARY ***
Total pot $1.12 | Rake $0.05 
Board [4d 2c 6c Th 8c]
Seat 1: bulldogstoneltd folded before Flop (didn't bet)
Seat 2: cubicroot folded before Flop (didn't bet)
Seat 3: AnderEj (button) folded on the River
Seat 5: EuGanheiDeNovo (small blind) folded before Flop
Seat 6: yur4ik777 (big blind) collected ($1.07)
Seat 8: Kucher189 folded before Flop (didn't bet)
Seat 9: Dorex2007 folded before Flop (didn't bet)



PokerStars Hand #237689948181:  Hold'em No Limit ($0.02/$0.05 USD) - 2022/07/30 15:59:27 PT [2022/07/30 18:59:27 ET]
Table 'Equinox II' 9-max Seat #5 is the button
Seat 1: bulldogstoneltd ($8.03 in chips) 
Seat 2: cubicroot ($14.35 in chips) 
Seat 3: AnderEj ($19.24 in chips) 
Seat 5: EuGanheiDeNovo ($3.07 in chips) 
Seat 6: yur4ik777 ($10.84 in chips) 
Seat 7: POTENTIAL_24 ($5 in chips) 
Seat 8: Kucher189 ($5.79 in chips) 
Seat 9: Dorex2007 ($8.39 in chips) 
yur4ik777: posts small blind $0.02
POTENTIAL_24: posts big blind $0.05
*** HOLE CARDS ***
Dealt to Dorex2007 [7s Td]
Kucher189: raises $0.05 to $0.10
Dorex2007: folds 
bulldogstoneltd: calls $0.10
cubicroot: folds 
AnderEj: folds 
EuGanheiDeNovo: calls $0.10
yur4ik777: folds 
POTENTIAL_24: folds 
*** FLOP *** [Qc Ah 9s]
Kucher189: checks 
bulldogstoneltd: checks 
EuGanheiDeNovo: checks 
*** TURN *** [Qc Ah 9s] [Ad]
Kucher189: checks 
bulldogstoneltd: bets $0.17
cubicroot leaves the table
EuGanheiDeNovo: calls $0.17
Kucher189: folds 
*** RIVER *** [Qc Ah 9s Ad] [5d]
bulldogstoneltd: bets $0.34
EuGanheiDeNovo: raises $0.61 to $0.95
bulldogstoneltd: folds 
Uncalled bet ($0.61) returned to EuGanheiDeNovo
EuGanheiDeNovo collected $1.33 from pot
EuGanheiDeNovo: doesn't show hand 
*** SUMMARY ***
Total pot $1.39 | Rake $0.06 
Board [Qc Ah 9s Ad 5d]
Seat 1: bulldogstoneltd folded on the River
Seat 2: cubicroot folded before Flop (didn't bet)
Seat 3: AnderEj folded before Flop (didn't bet)
Seat 5: EuGanheiDeNovo (button) collected ($1.33)
Seat 6: yur4ik777 (small blind) folded before Flop
Seat 7: POTENTIAL_24 (big blind) folded before Flop
Seat 8: Kucher189 folded on the Turn
Seat 9: Dorex2007 folded before Flop (didn't bet)



PokerStars Hand #237689963425:  Hold'em No Limit ($0.02/$0.05 USD) - 2022/07/30 16:00:32 PT [2022/07/30 19:00:32 ET]
Table 'Equinox II' 9-max Seat #6 is the button
Seat 1: bulldogstoneltd ($7.42 in chips) 
Seat 3: AnderEj ($19.24 in chips) 
Seat 5: EuGanheiDeNovo ($3.79 in chips) 
Seat 6: yur4ik777 ($10.82 in chips) 
Seat 7: POTENTIAL_24 ($4.95 in chips) 
Seat 8: Kucher189 ($5.69 in chips) 
Seat 9: Dorex2007 ($8.39 in chips) 
POTENTIAL_24: posts small blind $0.02
Kucher189: posts big blind $0.05
*** HOLE CARDS ***
Dealt to Dorex2007 [6c 8c]
Dorex2007: folds 
bulldogstoneltd: folds 
AnderEj: folds 
EuGanheiDeNovo: calls $0.05
yur4ik777: folds 
POTENTIAL_24: folds 
Kucher189: checks 
*** FLOP *** [4s Ks 2c]
Kucher189: checks 
EuGanheiDeNovo: checks 
*** TURN *** [4s Ks 2c] [8d]
Kucher189: bets $0.05
EuGanheiDeNovo: folds 
Uncalled bet ($0.05) returned to Kucher189
Kucher189 collected $0.12 from pot
*** SUMMARY ***
Total pot $0.12 | Rake $0 
Board [4s Ks 2c 8d]
Seat 1: bulldogstoneltd folded before Flop (didn't bet)
Seat 3: AnderEj folded before Flop (didn't bet)
Seat 5: EuGanheiDeNovo folded on the Turn
Seat 6: yur4ik777 (button) folded before Flop (didn't bet)
Seat 7: POTENTIAL_24 (small blind) folded before Flop
Seat 8: Kucher189 (big blind) collected ($0.12)
Seat 9: Dorex2007 folded before Flop (didn't bet)



PokerStars Hand #237689981494:  Hold'em No Limit ($0.02/$0.05 USD) - 2022/07/30 16:01:41 PT [2022/07/30 19:01:41 ET]
Table 'Equinox II' 9-max Seat #7 is the button
Seat 1: bulldogstoneltd ($7.42 in chips) 
Seat 3: AnderEj ($19.24 in chips) 
Seat 5: EuGanheiDeNovo ($3.74 in chips) 
Seat 6: yur4ik777 ($10.82 in chips) 
Seat 7: POTENTIAL_24 ($4.93 in chips) 
Seat 8: Kucher189 ($5.76 in chips) 
Seat 9: Dorex2007 ($8.39 in chips) 
Kucher189: posts small blind $0.02
Dorex2007: posts big blind $0.05
*** HOLE CARDS ***
Dealt to Dorex2007 [Qc Qh]
bulldogstoneltd: calls $0.05
AnderEj: raises $0.15 to $0.20
EuGanheiDeNovo: folds 
yur4ik777: folds 
POTENTIAL_24 has timed out
POTENTIAL_24: folds 
Kucher189: folds 
Dorex2007: raises $8.19 to $8.39 and is all-in
mumisber joins the table at seat #2 
bulldogstoneltd: folds 
AnderEj: folds 
Uncalled bet ($8.19) returned to Dorex2007
Dorex2007 collected $0.47 from pot
Dorex2007: doesn't show hand 
*** SUMMARY ***
Total pot $0.47 | Rake $0 
Seat 1: bulldogstoneltd folded before Flop
Seat 3: AnderEj folded before Flop
Seat 5: EuGanheiDeNovo folded before Flop (didn't bet)
Seat 6: yur4ik777 folded before Flop (didn't bet)
Seat 7: POTENTIAL_24 (button) folded before Flop (didn't bet)
Seat 8: Kucher189 (small blind) folded before Flop
Seat 9: Dorex2007 (big blind) collected ($0.47)



PokerStars Hand #237689991828:  Hold'em No Limit ($0.02/$0.05 USD) - 2022/07/30 16:02:18 PT [2022/07/30 19:02:18 ET]
Table 'Equinox II' 9-max Seat #8 is the button
Seat 1: bulldogstoneltd ($7.37 in chips) 
Seat 3: AnderEj ($19.04 in chips) 
Seat 5: EuGanheiDeNovo ($3.74 in chips) 
Seat 6: yur4ik777 ($10.82 in chips) 
Seat 7: POTENTIAL_24 ($4.93 in chips) 
Seat 8: Kucher189 ($5.74 in chips) 
Seat 9: Dorex2007 ($8.66 in chips) 
Dorex2007: posts small blind $0.02
bulldogstoneltd: posts big blind $0.05
mumisber: sits out 
*** HOLE CARDS ***
Dealt to Dorex2007 [5c Ac]
AnderEj: folds 
EuGanheiDeNovo: folds 
yur4ik777: folds 
POTENTIAL_24: folds 
Kucher189: raises $0.10 to $0.15
Dorex2007: folds 
bulldogstoneltd: calls $0.10
*** FLOP *** [Ad As 5h]
bulldogstoneltd: checks 
Kucher189: bets $0.10
bulldogstoneltd: folds 
Uncalled bet ($0.10) returned to Kucher189
Kucher189 collected $0.31 from pot
*** SUMMARY ***
Total pot $0.32 | Rake $0.01 
Board [Ad As 5h]
Seat 1: bulldogstoneltd (big blind) folded on the Flop
Seat 3: AnderEj folded before Flop (didn't bet)
Seat 5: EuGanheiDeNovo folded before Flop (didn't bet)
Seat 6: yur4ik777 folded before Flop (didn't bet)
Seat 7: POTENTIAL_24 folded before Flop (didn't bet)
Seat 8: Kucher189 (button) collected ($0.31)
Seat 9: Dorex2007 (small blind) folded before Flop



PokerStars Hand #237689999039:  Hold'em No Limit ($0.02/$0.05 USD) - 2022/07/30 16:02:43 PT [2022/07/30 19:02:43 ET]
Table 'Equinox II' 9-max Seat #9 is the button
Seat 1: bulldogstoneltd ($7.22 in chips) 
Seat 2: mumisber ($4 in chips) 
Seat 3: AnderEj ($19.04 in chips) 
Seat 5: EuGanheiDeNovo ($3.74 in chips) 
Seat 6: yur4ik777 ($10.82 in chips) 
Seat 7: POTENTIAL_24 ($4.93 in chips) 
Seat 8: Kucher189 ($5.90 in chips) 
Seat 9: Dorex2007 ($8.64 in chips) 
bulldogstoneltd: posts small blind $0.02
mumisber: posts big blind $0.05
*** HOLE CARDS ***
Dealt to Dorex2007 [Qc 4h]
AnderEj: folds 
EuGanheiDeNovo: calls $0.05
yur4ik777: folds 
POTENTIAL_24: folds 
Kucher189: folds 
Dorex2007: folds 
bulldogstoneltd: calls $0.03
mumisber: checks 
*** FLOP *** [9s 4d 2h]
bulldogstoneltd: checks 
mumisber: checks 
EuGanheiDeNovo: checks 
*** TURN *** [9s 4d 2h] [Jh]
bulldogstoneltd: checks 
mumisber: checks 
EuGanheiDeNovo: checks 
*** RIVER *** [9s 4d 2h Jh] [6c]
bulldogstoneltd: bets $0.07
mumisber: folds 
EuGanheiDeNovo: calls $0.07
*** SHOW DOWN ***
bulldogstoneltd: shows [Td 2s] (a pair of Deuces)
EuGanheiDeNovo: mucks hand 
bulldogstoneltd collected $0.28 from pot
*** SUMMARY ***
Total pot $0.29 | Rake $0.01 
Board [9s 4d 2h Jh 6c]
Seat 1: bulldogstoneltd (small blind) showed [Td 2s] and won ($0.28) with a pair of Deuces
Seat 2: mumisber (big blind) folded on the River
Seat 3: AnderEj folded before Flop (didn't bet)
Seat 5: EuGanheiDeNovo mucked [8d Kd]
Seat 6: yur4ik777 folded before Flop (didn't bet)
Seat 7: POTENTIAL_24 folded before Flop (didn't bet)
Seat 8: Kucher189 folded before Flop (didn't bet)
Seat 9: Dorex2007 (button) folded before Flop (didn't bet)



PokerStars Hand #237690017106:  Hold'em No Limit ($0.02/$0.05 USD) - 2022/07/30 16:03:47 PT [2022/07/30 19:03:47 ET]
Table 'Equinox II' 9-max Seat #1 is the button
Seat 1: bulldogstoneltd ($7.38 in chips) 
Seat 2: mumisber ($3.95 in chips) 
Seat 3: AnderEj ($19.04 in chips) 
Seat 5: EuGanheiDeNovo ($3.62 in chips) 
Seat 6: yur4ik777 ($10.82 in chips) 
Seat 7: POTENTIAL_24 ($4.93 in chips) 
Seat 8: Kucher189 ($5.90 in chips) 
Seat 9: Dorex2007 ($8.64 in chips) 
mumisber: posts small blind $0.02
AnderEj: posts big blind $0.05
*** HOLE CARDS ***
Dealt to Dorex2007 [3d 6s]
EuGanheiDeNovo: calls $0.05
yur4ik777: folds 
POTENTIAL_24: folds 
Kucher189: folds 
Dorex2007: folds 
bulldogstoneltd: folds 
mumisber: folds 
AnderEj: raises $0.11 to $0.16
EuGanheiDeNovo: folds 
Uncalled bet ($0.11) returned to AnderEj
AnderEj collected $0.12 from pot
AnderEj: doesn't show hand 
*** SUMMARY ***
Total pot $0.12 | Rake $0 
Seat 1: bulldogstoneltd (button) folded before Flop (didn't bet)
Seat 2: mumisber (small blind) folded before Flop
Seat 3: AnderEj (big blind) collected ($0.12)
Seat 5: EuGanheiDeNovo folded before Flop
Seat 6: yur4ik777 folded before Flop (didn't bet)
Seat 7: POTENTIAL_24 folded before Flop (didn't bet)
Seat 8: Kucher189 folded before Flop (didn't bet)
Seat 9: Dorex2007 folded before Flop (didn't bet)



PokerStars Hand #237690034677:  Hold'em No Limit ($0.02/$0.05 USD) - 2022/07/30 16:04:17 PT [2022/07/30 19:04:17 ET]
Table 'Equinox II' 9-max Seat #2 is the button
Seat 1: bulldogstoneltd ($7.38 in chips) 
Seat 2: mumisber ($3.93 in chips) 
Seat 3: AnderEj ($19.11 in chips) 
Seat 5: EuGanheiDeNovo ($3.57 in chips) 
Seat 6: yur4ik777 ($10.82 in chips) 
Seat 7: POTENTIAL_24 ($4.93 in chips) 
Seat 8: Kucher189 ($5.90 in chips) 
Seat 9: Dorex2007 ($8.64 in chips) 
AnderEj: posts small blind $0.02
EuGanheiDeNovo: posts big blind $0.05
*** HOLE CARDS ***
Dealt to Dorex2007 [2d Qc]
yur4ik777: raises $0.10 to $0.15
POTENTIAL_24: folds 
Kucher189: folds 
Dorex2007: folds 
bulldogstoneltd: calls $0.15
mumisber: folds 
AnderEj: folds 
EuGanheiDeNovo: folds 
*** FLOP *** [9s 7c 9d]
yur4ik777: bets $0.27
bulldogstoneltd: folds 
Uncalled bet ($0.27) returned to yur4ik777
yur4ik777 collected $0.35 from pot
yur4ik777: doesn't show hand 
*** SUMMARY ***
Total pot $0.37 | Rake $0.02 
Board [9s 7c 9d]
Seat 1: bulldogstoneltd folded on the Flop
Seat 2: mumisber (button) folded before Flop (didn't bet)
Seat 3: AnderEj (small blind) folded before Flop
Seat 5: EuGanheiDeNovo (big blind) folded before Flop
Seat 6: yur4ik777 collected ($0.35)
Seat 7: POTENTIAL_24 folded before Flop (didn't bet)
Seat 8: Kucher189 folded before Flop (didn't bet)
Seat 9: Dorex2007 folded before Flop (didn't bet)



PokerStars Hand #237690041002:  Hold'em No Limit ($0.02/$0.05 USD) - 2022/07/30 16:04:40 PT [2022/07/30 19:04:40 ET]
Table 'Equinox II' 9-max Seat #3 is the button
Seat 1: bulldogstoneltd ($7.23 in chips) 
Seat 2: mumisber ($3.93 in chips) 
Seat 3: AnderEj ($19.09 in chips) 
Seat 5: EuGanheiDeNovo ($3.52 in chips) 
Seat 6: yur4ik777 ($11.02 in chips) 
Seat 7: POTENTIAL_24 ($4.93 in chips) 
Seat 8: Kucher189 ($5.90 in chips) 
Seat 9: Dorex2007 ($8.64 in chips) 
EuGanheiDeNovo: posts small blind $0.02
yur4ik777: posts big blind $0.05
*** HOLE CARDS ***
Dealt to Dorex2007 [5c 2s]
POTENTIAL_24 has timed out
POTENTIAL_24: folds 
Kucher189: folds 
Dorex2007: folds 
bulldogstoneltd: calls $0.05
mumisber: folds 
AnderEj: raises $0.15 to $0.20
EuGanheiDeNovo: folds 
yur4ik777: folds 
bulldogstoneltd: calls $0.15
*** FLOP *** [7s 8c Td]
bulldogstoneltd: checks 
AnderEj: checks 
*** TURN *** [7s 8c Td] [4h]
bulldogstoneltd: checks 
AnderEj: checks 
*** RIVER *** [7s 8c Td 4h] [4c]
bulldogstoneltd: checks 
AnderEj: bets $0.45
bulldogstoneltd: folds 
Uncalled bet ($0.45) returned to AnderEj
AnderEj collected $0.45 from pot
AnderEj: doesn't show hand 
*** SUMMARY ***
Total pot $0.47 | Rake $0.02 
Board [7s 8c Td 4h 4c]
Seat 1: bulldogstoneltd folded on the River
Seat 2: mumisber folded before Flop (didn't bet)
Seat 3: AnderEj (button) collected ($0.45)
Seat 5: EuGanheiDeNovo (small blind) folded before Flop
Seat 6: yur4ik777 (big blind) folded before Flop
Seat 7: POTENTIAL_24 folded before Flop (didn't bet)
Seat 8: Kucher189 folded before Flop (didn't bet)
Seat 9: Dorex2007 folded before Flop (didn't bet)



PokerStars Hand #237690058145:  Hold'em No Limit ($0.02/$0.05 USD) - 2022/07/30 16:05:41 PT [2022/07/30 19:05:41 ET]
Table 'Equinox II' 9-max Seat #5 is the button
Seat 1: bulldogstoneltd ($7.03 in chips) 
Seat 2: mumisber ($3.93 in chips) 
Seat 3: AnderEj ($19.34 in chips) 
Seat 5: EuGanheiDeNovo ($3.50 in chips) 
Seat 6: yur4ik777 ($10.97 in chips) 
Seat 8: Kucher189 ($5.90 in chips) 
Seat 9: Dorex2007 ($8.64 in chips) 
yur4ik777: posts small blind $0.02
Kucher189: posts big blind $0.05
*** HOLE CARDS ***
Dealt to Dorex2007 [Ah Js]
Dorex2007: raises $0.10 to $0.15
bulldogstoneltd: folds 
mumisber: folds 
AnderEj: folds 
EuGanheiDeNovo: folds 
yur4ik777: folds 
Kucher189: folds 
Uncalled bet ($0.10) returned to Dorex2007
Dorex2007 collected $0.12 from pot
Dorex2007: doesn't show hand 
*** SUMMARY ***
Total pot $0.12 | Rake $0 
Seat 1: bulldogstoneltd folded before Flop (didn't bet)
Seat 2: mumisber folded before Flop (didn't bet)
Seat 3: AnderEj folded before Flop (didn't bet)
Seat 5: EuGanheiDeNovo (button) folded before Flop (didn't bet)
Seat 6: yur4ik777 (small blind) folded before Flop
Seat 8: Kucher189 (big blind) folded before Flop
Seat 9: Dorex2007 collected ($0.12)



PokerStars Hand #237690062442:  Hold'em No Limit ($0.02/$0.05 USD) - 2022/07/30 16:05:56 PT [2022/07/30 19:05:56 ET]
Table 'Equinox II' 9-max Seat #6 is the button
Seat 1: bulldogstoneltd ($7.03 in chips) 
Seat 2: mumisber ($3.93 in chips) 
Seat 3: AnderEj ($19.34 in chips) 
Seat 5: EuGanheiDeNovo ($3.50 in chips) 
Seat 6: yur4ik777 ($10.95 in chips) 
Seat 8: Kucher189 ($5.85 in chips) 
Seat 9: Dorex2007 ($8.71 in chips) 
Kucher189: posts small blind $0.02
Dorex2007: posts big blind $0.05
*** HOLE CARDS ***
Dealt to Dorex2007 [2c 6s]
bulldogstoneltd: folds 
mumisber: folds 
AnderEj: raises $0.11 to $0.16
EuGanheiDeNovo: folds 
yur4ik777: folds 
Kucher189: folds 
Dorex2007: folds 
Uncalled bet ($0.11) returned to AnderEj
AnderEj collected $0.12 from pot
AnderEj: doesn't show hand 
*** SUMMARY ***
Total pot $0.12 | Rake $0 
Seat 1: bulldogstoneltd folded before Flop (didn't bet)
Seat 2: mumisber folded before Flop (didn't bet)
Seat 3: AnderEj collected ($0.12)
Seat 5: EuGanheiDeNovo folded before Flop (didn't bet)
Seat 6: yur4ik777 (button) folded before Flop (didn't bet)
Seat 8: Kucher189 (small blind) folded before Flop
Seat 9: Dorex2007 (big blind) folded before Flop



PokerStars Hand #237690066994:  Hold'em No Limit ($0.02/$0.05 USD) - 2022/07/30 16:06:12 PT [2022/07/30 19:06:12 ET]
Table 'Equinox II' 9-max Seat #8 is the button
Seat 1: bulldogstoneltd ($7.03 in chips) 
Seat 2: mumisber ($3.93 in chips) 
Seat 3: AnderEj ($19.41 in chips) 
Seat 5: EuGanheiDeNovo ($3.50 in chips) 
Seat 6: yur4ik777 ($10.95 in chips) 
Seat 8: Kucher189 ($5.83 in chips) 
Seat 9: Dorex2007 ($8.66 in chips) 
Dorex2007: posts small blind $0.02
bulldogstoneltd: posts big blind $0.05
*** HOLE CARDS ***
Dealt to Dorex2007 [Qd 4s]
mumisber: folds 
AnderEj: folds 
EuGanheiDeNovo: folds 
yur4ik777: folds 
Kucher189: folds 
Dorex2007: folds 
Uncalled bet ($0.03) returned to bulldogstoneltd
bulldogstoneltd collected $0.04 from pot
bulldogstoneltd: doesn't show hand 
*** SUMMARY ***
Total pot $0.04 | Rake $0 
Seat 1: bulldogstoneltd (big blind) collected ($0.04)
Seat 2: mumisber folded before Flop (didn't bet)
Seat 3: AnderEj folded before Flop (didn't bet)
Seat 5: EuGanheiDeNovo folded before Flop (didn't bet)
Seat 6: yur4ik777 folded before Flop (didn't bet)
Seat 8: Kucher189 (button) folded before Flop (didn't bet)
Seat 9: Dorex2007 (small blind) folded before Flop



PokerStars Hand #237690070566:  Hold'em No Limit ($0.02/$0.05 USD) - 2022/07/30 16:06:25 PT [2022/07/30 19:06:25 ET]
Table 'Equinox II' 9-max Seat #9 is the button
Seat 1: bulldogstoneltd ($7.05 in chips) 
Seat 2: mumisber ($3.93 in chips) 
Seat 3: AnderEj ($19.41 in chips) 
Seat 5: EuGanheiDeNovo ($3.50 in chips) 
Seat 6: yur4ik777 ($10.95 in chips) 
Seat 8: Kucher189 ($5.83 in chips) 
Seat 9: Dorex2007 ($8.64 in chips) 
bulldogstoneltd: posts small blind $0.02
mumisber: posts big blind $0.05
*** HOLE CARDS ***
Dealt to Dorex2007 [Qh 4d]
AnderEj: folds 
EuGanheiDeNovo: calls $0.05
yur4ik777: folds 
Kucher189: folds 
Dorex2007: folds 
bulldogstoneltd: folds 
mumisber: checks 
*** FLOP *** [Js 8c 6h]
mumisber: checks 
EuGanheiDeNovo: bets $0.06
mumisber: calls $0.06
*** TURN *** [Js 8c 6h] [Th]
mumisber: bets $0.15
EuGanheiDeNovo: folds 
Uncalled bet ($0.15) returned to mumisber
mumisber collected $0.23 from pot
mumisber: doesn't show hand 
*** SUMMARY ***
Total pot $0.24 | Rake $0.01 
Board [Js 8c 6h Th]
Seat 1: bulldogstoneltd (small blind) folded before Flop
Seat 2: mumisber (big blind) collected ($0.23)
Seat 3: AnderEj folded before Flop (didn't bet)
Seat 5: EuGanheiDeNovo folded on the Turn
Seat 6: yur4ik777 folded before Flop (didn't bet)
Seat 8: Kucher189 folded before Flop (didn't bet)
Seat 9: Dorex2007 (button) folded before Flop (didn't bet)



PokerStars Hand #237690088356:  Hold'em No Limit ($0.02/$0.05 USD) - 2022/07/30 16:07:30 PT [2022/07/30 19:07:30 ET]
Table 'Equinox II' 9-max Seat #1 is the button
Seat 1: bulldogstoneltd ($7.03 in chips) 
Seat 2: mumisber ($4.05 in chips) 
Seat 3: AnderEj ($19.41 in chips) 
Seat 5: EuGanheiDeNovo ($3.39 in chips) 
Seat 6: yur4ik777 ($10.95 in chips) 
Seat 8: Kucher189 ($5.83 in chips) 
Seat 9: Dorex2007 ($8.64 in chips) 
mumisber: posts small blind $0.02
AnderEj: posts big blind $0.05
*** HOLE CARDS ***
Dealt to Dorex2007 [Qc 2d]
EuGanheiDeNovo: folds 
yur4ik777: raises $0.07 to $0.12
Kucher189: folds 
Dorex2007: folds 
bulldogstoneltd: calls $0.12
mumisber: folds 
AnderEj: calls $0.07
*** FLOP *** [9s 8d Jh]
AnderEj: bets $0.18
yur4ik777: folds 
bulldogstoneltd: folds 
Uncalled bet ($0.18) returned to AnderEj
AnderEj collected $0.36 from pot
AnderEj: doesn't show hand 
*** SUMMARY ***
Total pot $0.38 | Rake $0.02 
Board [9s 8d Jh]
Seat 1: bulldogstoneltd (button) folded on the Flop
Seat 2: mumisber (small blind) folded before Flop
Seat 3: AnderEj (big blind) collected ($0.36)
Seat 5: EuGanheiDeNovo folded before Flop (didn't bet)
Seat 6: yur4ik777 folded on the Flop
Seat 8: Kucher189 folded before Flop (didn't bet)
Seat 9: Dorex2007 folded before Flop (didn't bet)



PokerStars Hand #237690098984:  Hold'em No Limit ($0.02/$0.05 USD) - 2022/07/30 16:08:09 PT [2022/07/30 19:08:09 ET]
Table 'Equinox II' 9-max Seat #2 is the button
Seat 1: bulldogstoneltd ($6.91 in chips) 
Seat 2: mumisber ($4.03 in chips) 
Seat 3: AnderEj ($19.65 in chips) 
Seat 5: EuGanheiDeNovo ($3.39 in chips) 
Seat 6: yur4ik777 ($10.83 in chips) 
Seat 8: Kucher189 ($5.83 in chips) 
Seat 9: Dorex2007 ($8.64 in chips) 
AnderEj: posts small blind $0.02
EuGanheiDeNovo: posts big blind $0.05
*** HOLE CARDS ***
Dealt to Dorex2007 [Js Th]
yur4ik777: folds 
Kucher189: folds 
Dorex2007: folds 
bulldogstoneltd: calls $0.05
mumisber: folds 
AnderEj: raises $0.15 to $0.20
EuGanheiDeNovo: calls $0.15
bulldogstoneltd: calls $0.15
*** FLOP *** [9c 6h Qh]
AnderEj: checks 
EuGanheiDeNovo: checks 
bulldogstoneltd: checks 
*** TURN *** [9c 6h Qh] [Ad]
AnderEj: bets $0.29
EuGanheiDeNovo: folds 
bulldogstoneltd: raises $0.29 to $0.58
AnderEj: calls $0.29
*** RIVER *** [9c 6h Qh Ad] [Qd]
POTENTIAL_24 leaves the table
AnderEj: checks 
bulldogstoneltd: checks 
*** SHOW DOWN ***
AnderEj: shows [Ac 2c] (two pair, Aces and Queens)
bulldogstoneltd: mucks hand 
AnderEj collected $1.69 from pot
Castaignoss101 leaves the table
*** SUMMARY ***
Total pot $1.76 | Rake $0.07 
Board [9c 6h Qh Ad Qd]
Seat 1: bulldogstoneltd mucked [Kh 9h]
Seat 2: mumisber (button) folded before Flop (didn't bet)
Seat 3: AnderEj (small blind) showed [Ac 2c] and won ($1.69) with two pair, Aces and Queens
Seat 5: EuGanheiDeNovo (big blind) folded on the Turn
Seat 6: yur4ik777 folded before Flop (didn't bet)
Seat 8: Kucher189 folded before Flop (didn't bet)
Seat 9: Dorex2007 folded before Flop (didn't bet)



PokerStars Hand #237690116283:  Hold'em No Limit ($0.02/$0.05 USD) - 2022/07/30 16:09:12 PT [2022/07/30 19:09:12 ET]
Table 'Equinox II' 9-max Seat #3 is the button
Seat 1: bulldogstoneltd ($6.13 in chips) 
Seat 2: mumisber ($4.03 in chips) 
Seat 3: AnderEj ($20.56 in chips) 
Seat 5: EuGanheiDeNovo ($3.19 in chips) 
Seat 6: yur4ik777 ($10.83 in chips) 
Seat 8: Kucher189 ($5.83 in chips) 
Seat 9: Dorex2007 ($8.64 in chips) 
EuGanheiDeNovo: posts small blind $0.02
yur4ik777: posts big blind $0.05
*** HOLE CARDS ***
Dealt to Dorex2007 [Tc Jc]
Kucher189: folds 
Dorex2007: folds 
bulldogstoneltd: folds 
mumisber: folds 
AnderEj: folds 
bulldogstoneltd leaves the table
EuGanheiDeNovo: raises $0.10 to $0.15
yur4ik777: folds 
Uncalled bet ($0.10) returned to EuGanheiDeNovo
EuGanheiDeNovo collected $0.10 from pot
EuGanheiDeNovo: doesn't show hand 
*** SUMMARY ***
Total pot $0.10 | Rake $0 
Seat 1: bulldogstoneltd folded before Flop (didn't bet)
Seat 2: mumisber folded before Flop (didn't bet)
Seat 3: AnderEj (button) folded before Flop (didn't bet)
Seat 5: EuGanheiDeNovo (small blind) collected ($0.10)
Seat 6: yur4ik777 (big blind) folded before Flop
Seat 8: Kucher189 folded before Flop (didn't bet)
Seat 9: Dorex2007 folded before Flop (didn't bet)



PokerStars Hand #237690120275:  Hold'em No Limit ($0.02/$0.05 USD) - 2022/07/30 16:09:26 PT [2022/07/30 19:09:26 ET]
Table 'Equinox II' 9-max Seat #5 is the button
Seat 2: mumisber ($4.03 in chips) 
Seat 3: AnderEj ($20.56 in chips) 
Seat 5: EuGanheiDeNovo ($3.24 in chips) 
Seat 6: yur4ik777 ($10.78 in chips) 
Seat 8: Kucher189 ($5.83 in chips) 
Seat 9: Dorex2007 ($8.64 in chips) 
yur4ik777: posts small blind $0.02
Kucher189: posts big blind $0.05
*** HOLE CARDS ***
Dealt to Dorex2007 [6d Jd]
Dorex2007 has timed out
Dorex2007: folds 
mumisber: folds 
AnderEj: folds 
EuGanheiDeNovo: folds 
yur4ik777: folds 
Uncalled bet ($0.03) returned to Kucher189
Kucher189 collected $0.04 from pot
*** SUMMARY ***
Total pot $0.04 | Rake $0 
Seat 2: mumisber folded before Flop (didn't bet)
Seat 3: AnderEj folded before Flop (didn't bet)
Seat 5: EuGanheiDeNovo (button) folded before Flop (didn't bet)
Seat 6: yur4ik777 (small blind) folded before Flop
Seat 8: Kucher189 (big blind) collected ($0.04)
Seat 9: Dorex2007 folded before Flop (didn't bet)



PokerStars Hand #237690149715:  Hold'em No Limit ($0.02/$0.05 USD) - 2022/07/30 16:11:13 PT [2022/07/30 19:11:13 ET]
Table 'Equinox II' 9-max Seat #3 is the button
Seat 2: mumisber ($3.96 in chips) 
Seat 3: AnderEj ($20.56 in chips) 
Seat 5: EuGanheiDeNovo ($3.83 in chips) 
Seat 9: Dorex2007 ($8.64 in chips) 
EuGanheiDeNovo: posts small blind $0.02
Dorex2007: posts big blind $0.05
*** HOLE CARDS ***
Dealt to Dorex2007 [Jd 9d]
mumisber: raises $0.05 to $0.10
AnderEj: folds 
EuGanheiDeNovo: folds 
Dorex2007: folds 
Uncalled bet ($0.05) returned to mumisber
mumisber collected $0.12 from pot
mumisber: doesn't show hand 
*** SUMMARY ***
Total pot $0.12 | Rake $0 
Seat 2: mumisber collected ($0.12)
Seat 3: AnderEj (button) folded before Flop (didn't bet)
Seat 5: EuGanheiDeNovo (small blind) folded before Flop
Seat 9: Dorex2007 (big blind) folded before Flop



PokerStars Hand #237690153512:  Hold'em No Limit ($0.02/$0.05 USD) - 2022/07/30 16:11:27 PT [2022/07/30 19:11:27 ET]
Table 'Equinox II' 9-max Seat #5 is the button
Seat 3: AnderEj ($20.56 in chips) 
Seat 5: EuGanheiDeNovo ($3.81 in chips) 
Seat 9: Dorex2007 ($8.59 in chips) 
Dorex2007: posts small blind $0.02
mumisber: is sitting out 
AnderEj: posts big blind $0.05
*** HOLE CARDS ***
Dealt to Dorex2007 [Ah Qd]
EuGanheiDeNovo: folds 
Dorex2007: calls $0.03
mumisber leaves the table
AnderEj: raises $0.10 to $0.15
Dorex2007: calls $0.10
*** FLOP *** [7c Kc Kh]
Dorex2007: checks 
AnderEj: bets $0.16
Dorex2007: raises $0.31 to $0.47
AnderEj: calls $0.31
*** TURN *** [7c Kc Kh] [Td]
Dorex2007: checks 
AnderEj: bets $0.59
Dorex2007: folds 
Uncalled bet ($0.59) returned to AnderEj
AnderEj collected $1.19 from pot
AnderEj: doesn't show hand 
*** SUMMARY ***
Total pot $1.24 | Rake $0.05 
Board [7c Kc Kh Td]
Seat 3: AnderEj (big blind) collected ($1.19)
Seat 5: EuGanheiDeNovo (button) folded before Flop (didn't bet)
Seat 9: Dorex2007 (small blind) folded on the Turn



