PokerStars Hand #238823255385:  Hold'em No Limit ($0.02/$0.05 USD) - 2022/09/23 17:01:24 PT [2022/09/23 20:01:24 ET]
Table 'Mette III' 9-max Seat #9 is the button
Seat 1: Saschnnn ($3.63 in chips) 
Seat 2: lukeb538 ($4.84 in chips) 
Seat 3: cheeff1993 ($4.56 in chips) 
Seat 4: nelson fel ($4.71 in chips) 
Seat 5: FACCHETADE$ ($4.78 in chips) 
Seat 6: alexcbobr ($4.22 in chips) 
Seat 7: SetOnesGoal ($5 in chips) 
Seat 8: Dorex2007 ($5 in chips) 
Seat 9: CHSB10 ($4.93 in chips) 
Saschnnn: posts small blind $0.02
lukeb538: posts big blind $0.05
Dorex2007: posts big blind $0.05
*** HOLE CARDS ***
Dealt to Dorex2007 [2c 2d]
cheeff1993: raises $0.10 to $0.15
nelson fel: folds 
FACCHETADE$: calls $0.15
alexcbobr: folds 
SetOnesGoal: calls $0.15
Dorex2007: calls $0.10
CHSB10: calls $0.15
Saschnnn: raises $0.30 to $0.45
lukeb538: folds 
cheeff1993: calls $0.30
FACCHETADE$: folds 
SetOnesGoal: calls $0.30
Dorex2007: folds 
CHSB10: calls $0.30
*** FLOP *** [7h 6h Tc]
Saschnnn: bets $2.06
cheeff1993: folds 
SetOnesGoal: folds 
CHSB10: calls $2.06
*** TURN *** [7h 6h Tc] [Jd]
Saschnnn: bets $1.12 and is all-in
CHSB10: calls $1.12
*** RIVER *** [7h 6h Tc Jd] [9c]
*** SHOW DOWN ***
Saschnnn: shows [Qh Kh] (a straight, Nine to King)
CHSB10: shows [3h 3c] (a pair of Threes)
Saschnnn cashed out the hand for $3.67 | Cash Out Fee $0.04
*** SUMMARY ***
Total pot $8.51 | Rake $0.35 
Board [7h 6h Tc Jd 9c]
Seat 1: Saschnnn (small blind) showed [Qh Kh] and won ($8.16) with a straight, Nine to King (pot not awarded as player cashed out)
Seat 2: lukeb538 (big blind) folded before Flop
Seat 3: cheeff1993 folded on the Flop
Seat 4: nelson fel folded before Flop (didn't bet)
Seat 5: FACCHETADE$ folded before Flop
Seat 6: alexcbobr folded before Flop (didn't bet)
Seat 7: SetOnesGoal folded on the Flop
Seat 8: Dorex2007 folded before Flop
Seat 9: CHSB10 (button) showed [3h 3c] and lost with a pair of Threes



PokerStars Hand #238823278116:  Hold'em No Limit ($0.02/$0.05 USD) - 2022/09/23 17:02:56 PT [2022/09/23 20:02:56 ET]
Table 'Mette III' 9-max Seat #1 is the button
Seat 1: Saschnnn ($3.67 in chips) 
Seat 2: lukeb538 ($4.79 in chips) 
Seat 3: cheeff1993 ($4.11 in chips) 
Seat 4: nelson fel ($4.71 in chips) 
Seat 5: FACCHETADE$ ($4.63 in chips) 
Seat 6: alexcbobr ($4.22 in chips) 
Seat 7: SetOnesGoal ($5 in chips) 
Seat 8: Dorex2007 ($5 in chips) 
Seat 9: CHSB10 ($1.30 in chips) 
lukeb538: posts small blind $0.02
cheeff1993: posts big blind $0.05
*** HOLE CARDS ***
Dealt to Dorex2007 [2s Qc]
nelson fel: raises $0.10 to $0.15
FACCHETADE$: calls $0.15
alexcbobr: folds 
SetOnesGoal: folds 
Dorex2007: folds 
CHSB10: calls $0.15
Saschnnn: folds 
lukeb538: calls $0.13
cheeff1993: folds 
*** FLOP *** [8h Ts 9s]
lukeb538: checks 
nelson fel: bets $0.31
FACCHETADE$: calls $0.31
CHSB10: calls $0.31
lukeb538: calls $0.31
*** TURN *** [8h Ts 9s] [6d]
lukeb538: checks 
nelson fel: bets $0.90
FACCHETADE$: folds 
CHSB10: calls $0.84 and is all-in
lukeb538: calls $0.90
*** RIVER *** [8h Ts 9s 6d] [3c]
lukeb538: checks 
nelson fel: checks 
*** SHOW DOWN ***
lukeb538: shows [Kh Js] (high card King)
nelson fel: shows [Ah 7s] (a straight, Six to Ten)
nelson fel collected $0.11 from side pot
CHSB10: mucks hand 
nelson fel collected $4.23 from main pot
*** SUMMARY ***
Total pot $4.53 Main pot $4.23. Side pot $0.11. | Rake $0.19 
Board [8h Ts 9s 6d 3c]
Seat 1: Saschnnn (button) folded before Flop (didn't bet)
Seat 2: lukeb538 (small blind) showed [Kh Js] and lost with high card King
Seat 3: cheeff1993 (big blind) folded before Flop
Seat 4: nelson fel showed [Ah 7s] and won ($4.34) with a straight, Six to Ten
Seat 5: FACCHETADE$ folded on the Turn
Seat 6: alexcbobr folded before Flop (didn't bet)
Seat 7: SetOnesGoal folded before Flop (didn't bet)
Seat 8: Dorex2007 folded before Flop (didn't bet)
Seat 9: CHSB10 mucked [4h As]



PokerStars Hand #238823293818:  Hold'em No Limit ($0.02/$0.05 USD) - 2022/09/23 17:03:59 PT [2022/09/23 20:03:59 ET]
Table 'Mette III' 9-max Seat #2 is the button
Seat 1: Saschnnn ($3.67 in chips) 
Seat 2: lukeb538 ($3.43 in chips) 
Seat 3: cheeff1993 ($4.06 in chips) 
Seat 4: nelson fel ($7.69 in chips) 
Seat 5: FACCHETADE$ ($4.54 in chips) 
Seat 6: alexcbobr ($4.22 in chips) 
Seat 7: SetOnesGoal ($5 in chips) 
Seat 8: Dorex2007 ($5 in chips) 
cheeff1993: posts small blind $0.02
nelson fel: posts big blind $0.05
*** HOLE CARDS ***
Dealt to Dorex2007 [3d 2s]
FACCHETADE$: folds 
alexcbobr: folds 
SetOnesGoal: folds 
Dorex2007: folds 
Saschnnn: calls $0.05
lukeb538: calls $0.05
cheeff1993: raises $0.20 to $0.25
nelson fel: folds 
Saschnnn: calls $0.20
lukeb538: calls $0.20
*** FLOP *** [Qc 6c 5s]
cheeff1993: checks 
Saschnnn: bets $0.77
lukeb538: folds 
cheeff1993: folds 
Uncalled bet ($0.77) returned to Saschnnn
Saschnnn collected $0.77 from pot
Saschnnn: doesn't show hand 
*** SUMMARY ***
Total pot $0.80 | Rake $0.03 
Board [Qc 6c 5s]
Seat 1: Saschnnn collected ($0.77)
Seat 2: lukeb538 (button) folded on the Flop
Seat 3: cheeff1993 (small blind) folded on the Flop
Seat 4: nelson fel (big blind) folded before Flop
Seat 5: FACCHETADE$ folded before Flop (didn't bet)
Seat 6: alexcbobr folded before Flop (didn't bet)
Seat 7: SetOnesGoal folded before Flop (didn't bet)
Seat 8: Dorex2007 folded before Flop (didn't bet)



PokerStars Hand #238823306880:  Hold'em No Limit ($0.02/$0.05 USD) - 2022/09/23 17:04:51 PT [2022/09/23 20:04:51 ET]
Table 'Mette III' 9-max Seat #3 is the button
Seat 1: Saschnnn ($4.19 in chips) 
Seat 2: lukeb538 ($3.18 in chips) 
Seat 3: cheeff1993 ($3.81 in chips) 
Seat 4: nelson fel ($7.64 in chips) 
Seat 5: FACCHETADE$ ($5 in chips) 
Seat 6: alexcbobr ($4.22 in chips) 
Seat 7: SetOnesGoal ($5 in chips) 
Seat 8: Dorex2007 ($5 in chips) 
Seat 9: CHSB10 ($4 in chips) 
nelson fel: posts small blind $0.02
FACCHETADE$: posts big blind $0.05
*** HOLE CARDS ***
Dealt to Dorex2007 [3h 6h]
alexcbobr: folds 
SetOnesGoal: folds 
Dorex2007: folds 
CHSB10: folds 
Saschnnn: folds 
lukeb538: folds 
cheeff1993: folds 
nelson fel: raises $0.10 to $0.15
FACCHETADE$: folds 
Uncalled bet ($0.10) returned to nelson fel
nelson fel collected $0.10 from pot
nelson fel: doesn't show hand 
*** SUMMARY ***
Total pot $0.10 | Rake $0 
Seat 1: Saschnnn folded before Flop (didn't bet)
Seat 2: lukeb538 folded before Flop (didn't bet)
Seat 3: cheeff1993 (button) folded before Flop (didn't bet)
Seat 4: nelson fel (small blind) collected ($0.10)
Seat 5: FACCHETADE$ (big blind) folded before Flop
Seat 6: alexcbobr folded before Flop (didn't bet)
Seat 7: SetOnesGoal folded before Flop (didn't bet)
Seat 8: Dorex2007 folded before Flop (didn't bet)
Seat 9: CHSB10 folded before Flop (didn't bet)



PokerStars Hand #238823313384:  Hold'em No Limit ($0.02/$0.05 USD) - 2022/09/23 17:05:17 PT [2022/09/23 20:05:17 ET]
Table 'Mette III' 9-max Seat #4 is the button
Seat 1: Saschnnn ($4.19 in chips) 
Seat 2: lukeb538 ($3.18 in chips) 
Seat 3: cheeff1993 ($3.81 in chips) 
Seat 4: nelson fel ($7.69 in chips) 
Seat 5: FACCHETADE$ ($4.95 in chips) 
Seat 6: alexcbobr ($4.22 in chips) 
Seat 7: SetOnesGoal ($5 in chips) 
Seat 8: Dorex2007 ($5 in chips) 
Seat 9: CHSB10 ($4 in chips) 
FACCHETADE$: posts small blind $0.02
alexcbobr: posts big blind $0.05
*** HOLE CARDS ***
Dealt to Dorex2007 [3d Jh]
SetOnesGoal: folds 
Dorex2007: folds 
CHSB10: folds 
Saschnnn: folds 
SetOnesGoal leaves the table
lukeb538: raises $0.05 to $0.10
cheeff1993: calls $0.10
nelson fel: folds 
FACCHETADE$: folds 
alexcbobr: folds 
*** FLOP *** [Jd Qs 2d]
kotisg7 joins the table at seat #7 
lukeb538: checks 
cheeff1993: checks 
*** TURN *** [Jd Qs 2d] [3h]
lukeb538: bets $0.10
cheeff1993: folds 
Uncalled bet ($0.10) returned to lukeb538
lukeb538 collected $0.26 from pot
lukeb538: doesn't show hand 
*** SUMMARY ***
Total pot $0.27 | Rake $0.01 
Board [Jd Qs 2d 3h]
Seat 1: Saschnnn folded before Flop (didn't bet)
Seat 2: lukeb538 collected ($0.26)
Seat 3: cheeff1993 folded on the Turn
Seat 4: nelson fel (button) folded before Flop (didn't bet)
Seat 5: FACCHETADE$ (small blind) folded before Flop
Seat 6: alexcbobr (big blind) folded before Flop
Seat 7: SetOnesGoal folded before Flop (didn't bet)
Seat 8: Dorex2007 folded before Flop (didn't bet)
Seat 9: CHSB10 folded before Flop (didn't bet)



PokerStars Hand #238823321998:  Hold'em No Limit ($0.02/$0.05 USD) - 2022/09/23 17:05:51 PT [2022/09/23 20:05:51 ET]
Table 'Mette III' 9-max Seat #5 is the button
Seat 1: Saschnnn ($4.19 in chips) 
Seat 2: lukeb538 ($3.34 in chips) 
Seat 3: cheeff1993 ($3.71 in chips) 
Seat 4: nelson fel ($7.69 in chips) 
Seat 5: FACCHETADE$ ($4.93 in chips) 
Seat 6: alexcbobr ($4.17 in chips) 
Seat 7: kotisg7 ($5 in chips) 
Seat 8: Dorex2007 ($5 in chips) 
Seat 9: CHSB10 ($4 in chips) 
alexcbobr: posts small blind $0.02
kotisg7: posts big blind $0.05
*** HOLE CARDS ***
Dealt to Dorex2007 [Ah 7d]
Dorex2007: folds 
CHSB10: folds 
Saschnnn: raises $0.15 to $0.20
lukeb538: folds 
cheeff1993: folds 
nelson fel: folds 
FACCHETADE$: folds 
alexcbobr: folds 
kotisg7: folds 
Uncalled bet ($0.15) returned to Saschnnn
Saschnnn collected $0.12 from pot
Saschnnn: doesn't show hand 
*** SUMMARY ***
Total pot $0.12 | Rake $0 
Seat 1: Saschnnn collected ($0.12)
Seat 2: lukeb538 folded before Flop (didn't bet)
Seat 3: cheeff1993 folded before Flop (didn't bet)
Seat 4: nelson fel folded before Flop (didn't bet)
Seat 5: FACCHETADE$ (button) folded before Flop (didn't bet)
Seat 6: alexcbobr (small blind) folded before Flop
Seat 7: kotisg7 (big blind) folded before Flop
Seat 8: Dorex2007 folded before Flop (didn't bet)
Seat 9: CHSB10 folded before Flop (didn't bet)



PokerStars Hand #238823328441:  Hold'em No Limit ($0.02/$0.05 USD) - 2022/09/23 17:06:17 PT [2022/09/23 20:06:17 ET]
Table 'Mette III' 9-max Seat #6 is the button
Seat 1: Saschnnn ($4.26 in chips) 
Seat 2: lukeb538 ($3.34 in chips) 
Seat 3: cheeff1993 ($3.71 in chips) 
Seat 4: nelson fel ($7.69 in chips) 
Seat 5: FACCHETADE$ ($4.93 in chips) 
Seat 6: alexcbobr ($4.15 in chips) 
Seat 7: kotisg7 ($4.95 in chips) 
Seat 8: Dorex2007 ($5 in chips) 
Seat 9: CHSB10 ($4 in chips) 
kotisg7: posts small blind $0.02
Dorex2007: posts big blind $0.05
*** HOLE CARDS ***
Dealt to Dorex2007 [5d Ac]
CHSB10: raises $0.10 to $0.15
Saschnnn: folds 
lukeb538: calls $0.15
cheeff1993: folds 
nelson fel: folds 
FACCHETADE$: folds 
alexcbobr: folds 
kotisg7: folds 
Dorex2007: folds 
*** FLOP *** [2c 7c 3h]
CHSB10: bets $0.17
lukeb538: calls $0.17
*** TURN *** [2c 7c 3h] [4h]
CHSB10: bets $0.34
lukeb538: calls $0.34
*** RIVER *** [2c 7c 3h 4h] [7h]
CHSB10: bets $0.66
lukeb538: folds 
Uncalled bet ($0.66) returned to CHSB10
CHSB10 collected $1.33 from pot
CHSB10: doesn't show hand 
*** SUMMARY ***
Total pot $1.39 | Rake $0.06 
Board [2c 7c 3h 4h 7h]
Seat 1: Saschnnn folded before Flop (didn't bet)
Seat 2: lukeb538 folded on the River
Seat 3: cheeff1993 folded before Flop (didn't bet)
Seat 4: nelson fel folded before Flop (didn't bet)
Seat 5: FACCHETADE$ folded before Flop (didn't bet)
Seat 6: alexcbobr (button) folded before Flop (didn't bet)
Seat 7: kotisg7 (small blind) folded before Flop
Seat 8: Dorex2007 (big blind) folded before Flop
Seat 9: CHSB10 collected ($1.33)



PokerStars Hand #238823339983:  Hold'em No Limit ($0.02/$0.05 USD) - 2022/09/23 17:07:03 PT [2022/09/23 20:07:03 ET]
Table 'Mette III' 9-max Seat #7 is the button
Seat 1: Saschnnn ($4.26 in chips) 
Seat 2: lukeb538 ($2.68 in chips) 
Seat 3: cheeff1993 ($3.71 in chips) 
Seat 4: nelson fel ($7.69 in chips) 
Seat 5: FACCHETADE$ ($4.93 in chips) 
Seat 6: alexcbobr ($4.15 in chips) 
Seat 7: kotisg7 ($4.93 in chips) 
Seat 8: Dorex2007 ($5 in chips) 
Seat 9: CHSB10 ($4.67 in chips) 
Dorex2007: posts small blind $0.02
CHSB10: posts big blind $0.05
*** HOLE CARDS ***
Dealt to Dorex2007 [Ks 6c]
Saschnnn: calls $0.05
lukeb538: calls $0.05
cheeff1993: folds 
nelson fel: folds 
FACCHETADE$: folds 
alexcbobr: raises $0.07 to $0.12
kotisg7: folds 
Dorex2007: folds 
CHSB10: calls $0.07
Saschnnn: calls $0.07
lukeb538: calls $0.07
*** FLOP *** [Kh As Jd]
CHSB10: checks 
Saschnnn: bets $0.48
lukeb538: folds 
alexcbobr: folds 
CHSB10: folds 
Uncalled bet ($0.48) returned to Saschnnn
Saschnnn collected $0.48 from pot
Saschnnn: doesn't show hand 
*** SUMMARY ***
Total pot $0.50 | Rake $0.02 
Board [Kh As Jd]
Seat 1: Saschnnn collected ($0.48)
Seat 2: lukeb538 folded on the Flop
Seat 3: cheeff1993 folded before Flop (didn't bet)
Seat 4: nelson fel folded before Flop (didn't bet)
Seat 5: FACCHETADE$ folded before Flop (didn't bet)
Seat 6: alexcbobr folded on the Flop
Seat 7: kotisg7 (button) folded before Flop (didn't bet)
Seat 8: Dorex2007 (small blind) folded before Flop
Seat 9: CHSB10 (big blind) folded on the Flop



PokerStars Hand #238823349072:  Hold'em No Limit ($0.02/$0.05 USD) - 2022/09/23 17:07:40 PT [2022/09/23 20:07:40 ET]
Table 'Mette III' 9-max Seat #8 is the button
Seat 1: Saschnnn ($4.62 in chips) 
Seat 2: lukeb538 ($2.56 in chips) 
Seat 3: cheeff1993 ($3.71 in chips) 
Seat 4: nelson fel ($7.69 in chips) 
Seat 5: FACCHETADE$ ($4.93 in chips) 
Seat 6: alexcbobr ($4.03 in chips) 
Seat 7: kotisg7 ($4.93 in chips) 
Seat 8: Dorex2007 ($5 in chips) 
Seat 9: CHSB10 ($4.55 in chips) 
CHSB10: posts small blind $0.02
Saschnnn: posts big blind $0.05
*** HOLE CARDS ***
Dealt to Dorex2007 [3s 5c]
lukeb538: folds 
cheeff1993: folds 
nelson fel: folds 
FACCHETADE$: folds 
alexcbobr: folds 
lukeb538 leaves the table
kotisg7: raises $0.10 to $0.15
Dorex2007: folds 
CHSB10: folds 
Saschnnn: calls $0.10
*** FLOP *** [6c Ah Ac]
Saschnnn: bets $0.15
kotisg7: calls $0.15
*** TURN *** [6c Ah Ac] [Qc]
Saschnnn: bets $0.59
kotisg7: folds 
Uncalled bet ($0.59) returned to Saschnnn
Saschnnn collected $0.59 from pot
Saschnnn: doesn't show hand 
*** SUMMARY ***
Total pot $0.62 | Rake $0.03 
Board [6c Ah Ac Qc]
Seat 1: Saschnnn (big blind) collected ($0.59)
Seat 2: lukeb538 folded before Flop (didn't bet)
Seat 3: cheeff1993 folded before Flop (didn't bet)
Seat 4: nelson fel folded before Flop (didn't bet)
Seat 5: FACCHETADE$ folded before Flop (didn't bet)
Seat 6: alexcbobr folded before Flop (didn't bet)
Seat 7: kotisg7 folded on the Turn
Seat 8: Dorex2007 (button) folded before Flop (didn't bet)
Seat 9: CHSB10 (small blind) folded before Flop



PokerStars Hand #238823357392:  Hold'em No Limit ($0.02/$0.05 USD) - 2022/09/23 17:08:14 PT [2022/09/23 20:08:14 ET]
Table 'Mette III' 9-max Seat #9 is the button
Seat 1: Saschnnn ($4.91 in chips) 
Seat 3: cheeff1993 ($3.71 in chips) 
Seat 4: nelson fel ($7.69 in chips) 
Seat 5: FACCHETADE$ ($4.93 in chips) 
Seat 6: alexcbobr ($4.03 in chips) 
Seat 7: kotisg7 ($4.63 in chips) 
Seat 8: Dorex2007 ($5 in chips) 
Seat 9: CHSB10 ($4.53 in chips) 
Saschnnn: posts small blind $0.02
cheeff1993: posts big blind $0.05
*** HOLE CARDS ***
Dealt to Dorex2007 [Ad Jd]
nelson fel: folds 
FACCHETADE$: folds 
alexcbobr: raises $0.07 to $0.12
kotisg7: raises $0.07 to $0.19
Dorex2007: calls $0.19
CHSB10: folds 
Saschnnn: calls $0.17
cheeff1993: calls $0.14
alexcbobr: calls $0.07
*** FLOP *** [Qc Td Ks]
Saschnnn: bets $0.45
cheeff1993: folds 
alexcbobr: folds 
kotisg7: folds 
Dorex2007: calls $0.45
*** TURN *** [Qc Td Ks] [2h]
Saschnnn: checks 
Dorex2007: bets $0.65
Saschnnn: raises $0.65 to $1.30
Dorex2007: raises $2.19 to $3.49
Saschnnn: raises $0.78 to $4.27 and is all-in
Dorex2007: calls $0.78
*** RIVER *** [Qc Td Ks 2h] [Ah]
*** SHOW DOWN ***
Saschnnn: shows [Kh Ts] (two pair, Kings and Tens)
Dorex2007: shows [Ad Jd] (a straight, Ten to Ace)
Dorex2007 cashed out the hand for $8.96 | Cash Out Fee $0.09
*** SUMMARY ***
Total pot $10.39 | Rake $0.43 
Board [Qc Td Ks 2h Ah]
Seat 1: Saschnnn (small blind) showed [Kh Ts] and lost with two pair, Kings and Tens
Seat 3: cheeff1993 (big blind) folded on the Flop
Seat 4: nelson fel folded before Flop (didn't bet)
Seat 5: FACCHETADE$ folded before Flop (didn't bet)
Seat 6: alexcbobr folded on the Flop
Seat 7: kotisg7 folded on the Flop
Seat 8: Dorex2007 showed [Ad Jd] and won ($9.96) with a straight, Ten to Ace (pot not awarded as player cashed out)
Seat 9: CHSB10 (button) folded before Flop (didn't bet)



PokerStars Hand #238823380601:  Hold'em No Limit ($0.02/$0.05 USD) - 2022/09/23 17:09:48 PT [2022/09/23 20:09:48 ET]
Table 'Mette III' 9-max Seat #3 is the button
Seat 3: cheeff1993 ($3.52 in chips) 
Seat 4: nelson fel ($7.69 in chips) 
Seat 6: alexcbobr ($3.84 in chips) 
Seat 7: kotisg7 ($4.44 in chips) 
Seat 8: Dorex2007 ($9.05 in chips) 
Seat 9: CHSB10 ($4.53 in chips) 
nelson fel: posts small blind $0.02
FACCHETADE$: is sitting out 
alexcbobr: posts big blind $0.05
*** HOLE CARDS ***
Dealt to Dorex2007 [Jd Kh]
FACCHETADE$ is disconnected 
kotisg7: raises $0.10 to $0.15
Dorex2007: folds 
CHSB10: folds 
cheeff1993: folds 
nelson fel: folds 
alexcbobr: folds 
Uncalled bet ($0.10) returned to kotisg7
kotisg7 collected $0.12 from pot
*** SUMMARY ***
Total pot $0.12 | Rake $0 
Seat 3: cheeff1993 (button) folded before Flop (didn't bet)
Seat 4: nelson fel (small blind) folded before Flop
Seat 6: alexcbobr (big blind) folded before Flop
Seat 7: kotisg7 collected ($0.12)
Seat 8: Dorex2007 folded before Flop (didn't bet)
Seat 9: CHSB10 folded before Flop (didn't bet)



PokerStars Hand #238823384415:  Hold'em No Limit ($0.02/$0.05 USD) - 2022/09/23 17:10:04 PT [2022/09/23 20:10:04 ET]
Table 'Mette III' 9-max Seat #4 is the button
Seat 3: cheeff1993 ($3.52 in chips) 
Seat 4: nelson fel ($7.67 in chips) 
Seat 6: alexcbobr ($3.79 in chips) 
Seat 7: kotisg7 ($4.51 in chips) 
Seat 8: Dorex2007 ($9.05 in chips) 
Seat 9: CHSB10 ($4.53 in chips) 
alexcbobr: posts small blind $0.02
kotisg7: posts big blind $0.05
*** HOLE CARDS ***
Dealt to Dorex2007 [5s 4h]
Dorex2007: folds 
CHSB10: folds 
cheeff1993: folds 
nelson fel: raises $0.10 to $0.15
alexcbobr: folds 
kotisg7: calls $0.10
*** FLOP *** [Jc Ah Kd]
kotisg7: bets $0.15
nelson fel: calls $0.15
*** TURN *** [Jc Ah Kd] [Jd]
kotisg7: checks 
nelson fel: bets $0.29
kotisg7: calls $0.29
*** RIVER *** [Jc Ah Kd Jd] [6h]
kotisg7: bets $0.57
nelson fel: calls $0.57
*** SHOW DOWN ***
kotisg7: shows [Js 7s] (three of a kind, Jacks)
nelson fel: mucks hand 
kotisg7 collected $2.24 from pot
*** SUMMARY ***
Total pot $2.34 | Rake $0.10 
Board [Jc Ah Kd Jd 6h]
Seat 3: cheeff1993 folded before Flop (didn't bet)
Seat 4: nelson fel (button) mucked [Tc Ad]
Seat 6: alexcbobr (small blind) folded before Flop
Seat 7: kotisg7 (big blind) showed [Js 7s] and won ($2.24) with three of a kind, Jacks
Seat 8: Dorex2007 folded before Flop (didn't bet)
Seat 9: CHSB10 folded before Flop (didn't bet)



PokerStars Hand #238823394139:  Hold'em No Limit ($0.02/$0.05 USD) - 2022/09/23 17:10:44 PT [2022/09/23 20:10:44 ET]
Table 'Mette III' 9-max Seat #6 is the button
Seat 3: cheeff1993 ($3.52 in chips) 
Seat 4: nelson fel ($6.51 in chips) 
Seat 6: alexcbobr ($3.77 in chips) 
Seat 7: kotisg7 ($5.59 in chips) 
Seat 8: Dorex2007 ($9.05 in chips) 
Seat 9: CHSB10 ($4.53 in chips) 
kotisg7: posts small blind $0.02
Dorex2007: posts big blind $0.05
*** HOLE CARDS ***
Dealt to Dorex2007 [9c 8h]
CHSB10: raises $0.10 to $0.15
cheeff1993: folds 
nelson fel: calls $0.15
alexcbobr: folds 
kotisg7: folds 
Dorex2007: folds 
*** FLOP *** [4c Ac Qd]
Saschnnn leaves the table
CHSB10: bets $0.17
nelson fel: folds 
Uncalled bet ($0.17) returned to CHSB10
CHSB10 collected $0.35 from pot
CHSB10: doesn't show hand 
*** SUMMARY ***
Total pot $0.37 | Rake $0.02 
Board [4c Ac Qd]
Seat 3: cheeff1993 folded before Flop (didn't bet)
Seat 4: nelson fel folded on the Flop
Seat 6: alexcbobr (button) folded before Flop (didn't bet)
Seat 7: kotisg7 (small blind) folded before Flop
Seat 8: Dorex2007 (big blind) folded before Flop
Seat 9: CHSB10 collected ($0.35)



PokerStars Hand #238823400866:  Hold'em No Limit ($0.02/$0.05 USD) - 2022/09/23 17:11:11 PT [2022/09/23 20:11:11 ET]
Table 'Mette III' 9-max Seat #7 is the button
Seat 3: cheeff1993 ($3.52 in chips) 
Seat 4: nelson fel ($6.36 in chips) 
Seat 6: alexcbobr ($3.77 in chips) 
Seat 7: kotisg7 ($5.57 in chips) 
Seat 8: Dorex2007 ($9 in chips) 
Seat 9: CHSB10 ($4.73 in chips) 
Dorex2007: posts small blind $0.02
CHSB10: posts big blind $0.05
*** HOLE CARDS ***
Dealt to Dorex2007 [Qs Td]
cheeff1993: calls $0.05
nelson fel: raises $0.10 to $0.15
alexcbobr: folds 
kotisg7: folds 
Dorex2007: folds 
CHSB10: folds 
cheeff1993: folds 
Uncalled bet ($0.10) returned to nelson fel
nelson fel collected $0.17 from pot
nelson fel: doesn't show hand 
*** SUMMARY ***
Total pot $0.17 | Rake $0 
Seat 3: cheeff1993 folded before Flop
Seat 4: nelson fel collected ($0.17)
Seat 6: alexcbobr folded before Flop (didn't bet)
Seat 7: kotisg7 (button) folded before Flop (didn't bet)
Seat 8: Dorex2007 (small blind) folded before Flop
Seat 9: CHSB10 (big blind) folded before Flop



PokerStars Hand #238823408209:  Hold'em No Limit ($0.02/$0.05 USD) - 2022/09/23 17:11:41 PT [2022/09/23 20:11:41 ET]
Table 'Mette III' 9-max Seat #8 is the button
Seat 3: cheeff1993 ($3.47 in chips) 
Seat 4: nelson fel ($6.48 in chips) 
Seat 6: alexcbobr ($3.77 in chips) 
Seat 7: kotisg7 ($5.57 in chips) 
Seat 8: Dorex2007 ($8.98 in chips) 
Seat 9: CHSB10 ($4.68 in chips) 
CHSB10: posts small blind $0.02
cheeff1993: posts big blind $0.05
*** HOLE CARDS ***
Dealt to Dorex2007 [8s Qh]
nelson fel: folds 
alexcbobr: folds 
kotisg7: folds 
Dorex2007: folds 
CHSB10: raises $0.05 to $0.10
cheeff1993: calls $0.05
*** FLOP *** [Qc 4c 3h]
CHSB10: checks 
cheeff1993: checks 
*** TURN *** [Qc 4c 3h] [3d]
CHSB10: checks 
cheeff1993: checks 
*** RIVER *** [Qc 4c 3h 3d] [6h]
CHSB10: bets $0.10
cheeff1993: folds 
Uncalled bet ($0.10) returned to CHSB10
CHSB10 collected $0.19 from pot
CHSB10: doesn't show hand 
*** SUMMARY ***
Total pot $0.20 | Rake $0.01 
Board [Qc 4c 3h 3d 6h]
Seat 3: cheeff1993 (big blind) folded on the River
Seat 4: nelson fel folded before Flop (didn't bet)
Seat 6: alexcbobr folded before Flop (didn't bet)
Seat 7: kotisg7 folded before Flop (didn't bet)
Seat 8: Dorex2007 (button) folded before Flop (didn't bet)
Seat 9: CHSB10 (small blind) collected ($0.19)



PokerStars Hand #238823418521:  Hold'em No Limit ($0.02/$0.05 USD) - 2022/09/23 17:12:23 PT [2022/09/23 20:12:23 ET]
Table 'Mette III' 9-max Seat #9 is the button
Seat 3: cheeff1993 ($3.37 in chips) 
Seat 4: nelson fel ($6.48 in chips) 
Seat 6: alexcbobr ($3.77 in chips) 
Seat 7: kotisg7 ($5.57 in chips) 
Seat 8: Dorex2007 ($8.98 in chips) 
Seat 9: CHSB10 ($4.77 in chips) 
cheeff1993: posts small blind $0.02
nelson fel: posts big blind $0.05
*** HOLE CARDS ***
Dealt to Dorex2007 [5c Ah]
alexcbobr: folds 
kotisg7: raises $0.10 to $0.15
Dorex2007: folds 
CHSB10: folds 
cheeff1993: folds 
nelson fel: calls $0.10
*** FLOP *** [9d Kd 8c]
nelson fel: checks 
kotisg7: bets $0.15
nelson fel: folds 
Uncalled bet ($0.15) returned to kotisg7
kotisg7 collected $0.31 from pot
*** SUMMARY ***
Total pot $0.32 | Rake $0.01 
Board [9d Kd 8c]
Seat 3: cheeff1993 (small blind) folded before Flop
Seat 4: nelson fel (big blind) folded on the Flop
Seat 6: alexcbobr folded before Flop (didn't bet)
Seat 7: kotisg7 collected ($0.31)
Seat 8: Dorex2007 folded before Flop (didn't bet)
Seat 9: CHSB10 (button) folded before Flop (didn't bet)



PokerStars Hand #238823423729:  Hold'em No Limit ($0.02/$0.05 USD) - 2022/09/23 17:12:45 PT [2022/09/23 20:12:45 ET]
Table 'Mette III' 9-max Seat #3 is the button
Seat 3: cheeff1993 ($3.35 in chips) 
Seat 4: nelson fel ($6.33 in chips) 
Seat 6: alexcbobr ($3.77 in chips) 
Seat 7: kotisg7 ($5.73 in chips) 
Seat 8: Dorex2007 ($8.98 in chips) 
Seat 9: CHSB10 ($4.77 in chips) 
nelson fel: posts small blind $0.02
alexcbobr: posts big blind $0.05
*** HOLE CARDS ***
Dealt to Dorex2007 [8c 4c]
kotisg7: folds 
Dorex2007: folds 
CHSB10 has timed out
CHSB10: folds 
cheeff1993: folds 
nelson fel: calls $0.03
alexcbobr: checks 
*** FLOP *** [Js Qs Ks]
nelson fel: bets $0.05
alexcbobr: raises $0.05 to $0.10
nelson fel: calls $0.05
*** TURN *** [Js Qs Ks] [5d]
nelson fel: checks 
alexcbobr: bets $0.12
nelson fel: calls $0.12
*** RIVER *** [Js Qs Ks 5d] [Tc]
nelson fel: checks 
alexcbobr: bets $0.22
nelson fel: calls $0.22
*** SHOW DOWN ***
alexcbobr: shows [9s Td] (a straight, Nine to King)
nelson fel: mucks hand 
alexcbobr collected $0.94 from pot
*** SUMMARY ***
Total pot $0.98 | Rake $0.04 
Board [Js Qs Ks 5d Tc]
Seat 3: cheeff1993 (button) folded before Flop (didn't bet)
Seat 4: nelson fel (small blind) mucked [4h Kh]
Seat 6: alexcbobr (big blind) showed [9s Td] and won ($0.94) with a straight, Nine to King
Seat 7: kotisg7 folded before Flop (didn't bet)
Seat 8: Dorex2007 folded before Flop (didn't bet)
Seat 9: CHSB10 folded before Flop (didn't bet)



PokerStars Hand #238823439284:  Hold'em No Limit ($0.02/$0.05 USD) - 2022/09/23 17:13:49 PT [2022/09/23 20:13:49 ET]
Table 'Mette III' 9-max Seat #4 is the button
Seat 3: cheeff1993 ($3.35 in chips) 
Seat 4: nelson fel ($5.84 in chips) 
Seat 6: alexcbobr ($4.22 in chips) 
Seat 7: kotisg7 ($5.73 in chips) 
Seat 8: Dorex2007 ($8.98 in chips) 
Seat 9: CHSB10 ($4.77 in chips) 
alexcbobr: posts small blind $0.02
kotisg7: posts big blind $0.05
*** HOLE CARDS ***
Dealt to Dorex2007 [Ks Jh]
Dorex2007: folds 
CHSB10: raises $0.10 to $0.15
cheeff1993: folds 
nelson fel: folds 
nelson fel leaves the table
alexcbobr: folds 
kotisg7: folds 
Uncalled bet ($0.10) returned to CHSB10
CHSB10 collected $0.12 from pot
CHSB10: doesn't show hand 
*** SUMMARY ***
Total pot $0.12 | Rake $0 
Seat 3: cheeff1993 folded before Flop (didn't bet)
Seat 4: nelson fel (button) folded before Flop (didn't bet)
Seat 6: alexcbobr (small blind) folded before Flop
Seat 7: kotisg7 (big blind) folded before Flop
Seat 8: Dorex2007 folded before Flop (didn't bet)
Seat 9: CHSB10 collected ($0.12)



PokerStars Hand #238823443042:  Hold'em No Limit ($0.02/$0.05 USD) - 2022/09/23 17:14:05 PT [2022/09/23 20:14:05 ET]
Table 'Mette III' 9-max Seat #6 is the button
Seat 3: cheeff1993 ($3.35 in chips) 
Seat 6: alexcbobr ($4.20 in chips) 
Seat 7: kotisg7 ($5.68 in chips) 
Seat 8: Dorex2007 ($8.98 in chips) 
Seat 9: CHSB10 ($4.84 in chips) 
kotisg7: posts small blind $0.02
Dorex2007: posts big blind $0.05
*** HOLE CARDS ***
Dealt to Dorex2007 [5s 5c]
CHSB10: raises $0.05 to $0.10
cheeff1993: folds 
alexcbobr: folds 
kotisg7: folds 
Dorex2007: calls $0.05
*** FLOP *** [3d 3s 4c]
Dorex2007: checks 
CHSB10: checks 
*** TURN *** [3d 3s 4c] [7h]
Dorex2007: bets $0.10
CHSB10: calls $0.10
*** RIVER *** [3d 3s 4c 7h] [4d]
Dorex2007: bets $0.20
CHSB10: folds 
Uncalled bet ($0.20) returned to Dorex2007
Dorex2007 collected $0.40 from pot
Dorex2007: doesn't show hand 
*** SUMMARY ***
Total pot $0.42 | Rake $0.02 
Board [3d 3s 4c 7h 4d]
Seat 3: cheeff1993 folded before Flop (didn't bet)
Seat 6: alexcbobr (button) folded before Flop (didn't bet)
Seat 7: kotisg7 (small blind) folded before Flop
Seat 8: Dorex2007 (big blind) collected ($0.40)
Seat 9: CHSB10 folded on the River



PokerStars Hand #238823454308:  Hold'em No Limit ($0.02/$0.05 USD) - 2022/09/23 17:14:52 PT [2022/09/23 20:14:52 ET]
Table 'Mette III' 9-max Seat #7 is the button
Seat 3: cheeff1993 ($3.35 in chips) 
Seat 6: alexcbobr ($4.20 in chips) 
Seat 7: kotisg7 ($5.66 in chips) 
Seat 8: Dorex2007 ($9.18 in chips) 
Seat 9: CHSB10 ($4.64 in chips) 
Dorex2007: posts small blind $0.02
CHSB10: posts big blind $0.05
*** HOLE CARDS ***
Dealt to Dorex2007 [7d Qd]
cheeff1993: raises $0.10 to $0.15
alexcbobr: folds 
kotisg7: folds 
Dorex2007: folds 
CHSB10: folds 
Uncalled bet ($0.10) returned to cheeff1993
cheeff1993 collected $0.12 from pot
cheeff1993: doesn't show hand 
*** SUMMARY ***
Total pot $0.12 | Rake $0 
Seat 3: cheeff1993 collected ($0.12)
Seat 6: alexcbobr folded before Flop (didn't bet)
Seat 7: kotisg7 (button) folded before Flop (didn't bet)
Seat 8: Dorex2007 (small blind) folded before Flop
Seat 9: CHSB10 (big blind) folded before Flop



PokerStars Hand #238823457689:  Hold'em No Limit ($0.02/$0.05 USD) - 2022/09/23 17:15:06 PT [2022/09/23 20:15:06 ET]
Table 'Mette III' 9-max Seat #8 is the button
Seat 3: cheeff1993 ($3.42 in chips) 
Seat 6: alexcbobr ($4.20 in chips) 
Seat 7: kotisg7 ($5.66 in chips) 
Seat 8: Dorex2007 ($9.16 in chips) 
Seat 9: CHSB10 ($4.59 in chips) 
CHSB10: posts small blind $0.02
cheeff1993: posts big blind $0.05
*** HOLE CARDS ***
Dealt to Dorex2007 [9c 5c]
alexcbobr: folds 
kotisg7: folds 
Dorex2007: folds 
CHSB10: calls $0.03
cheeff1993: checks 
*** FLOP *** [4h 2h 9s]
CHSB10: checks 
cheeff1993: checks 
*** TURN *** [4h 2h 9s] [Kc]
CHSB10: checks 
cheeff1993: checks 
*** RIVER *** [4h 2h 9s Kc] [Jd]
CHSB10: checks 
cheeff1993: bets $0.10
CHSB10: folds 
Uncalled bet ($0.10) returned to cheeff1993
cheeff1993 collected $0.10 from pot
cheeff1993: doesn't show hand 
*** SUMMARY ***
Total pot $0.10 | Rake $0 
Board [4h 2h 9s Kc Jd]
Seat 3: cheeff1993 (big blind) collected ($0.10)
Seat 6: alexcbobr folded before Flop (didn't bet)
Seat 7: kotisg7 folded before Flop (didn't bet)
Seat 8: Dorex2007 (button) folded before Flop (didn't bet)
Seat 9: CHSB10 (small blind) folded on the River



