PokerStars Hand #237715036422:  Hold'em No Limit ($0.02/$0.05 USD) - 2022/07/31 18:40:00 PT [2022/07/31 21:40:00 ET]
Table 'Nihal II' 9-max Seat #9 is the button
Seat 1: vmrwin ($4.41 in chips) 
Seat 2: Snoro72 ($5.56 in chips) 
Seat 3: montreal555 ($4.79 in chips) 
Seat 4: shakadevirgo90 ($2.92 in chips) 
Seat 5: CarlosECRuiz ($2.08 in chips) 
Seat 6: kyleallan2000 ($10.21 in chips) 
Seat 7: enixblr ($6.76 in chips) 
Seat 8: Dorex2007 ($5 in chips) 
Seat 9: Maria'sDad77 ($4.13 in chips) 
vmrwin: posts small blind $0.02
Snoro72: posts big blind $0.05
Dorex2007: posts big blind $0.05
*** HOLE CARDS ***
Dealt to Dorex2007 [Ah As]
montreal555: folds 
shakadevirgo90: folds 
CarlosECRuiz: folds 
kyleallan2000: folds 
enixblr: raises $0.15 to $0.20
Dorex2007: raises $0.25 to $0.45
Maria'sDad77: folds 
vmrwin: folds 
Snoro72: folds 
enixblr: calls $0.25
*** FLOP *** [Kc Jh 8c]
enixblr: checks 
Dorex2007: bets $0.93
enixblr: raises $5.38 to $6.31 and is all-in
Dorex2007: calls $3.62 and is all-in
Uncalled bet ($1.76) returned to enixblr
*** TURN *** [Kc Jh 8c] [4s]
*** RIVER *** [Kc Jh 8c 4s] [3s]
*** SHOW DOWN ***
enixblr: shows [Jc Qc] (a pair of Jacks)
Dorex2007: shows [Ah As] (a pair of Aces)
enixblr cashed out the hand for $4.79 | Cash Out Fee $0.05
Dorex2007 cashed out the hand for $4.76 | Cash Out Fee $0.05
*** SUMMARY ***
Total pot $10.07 | Rake $0.42 
Board [Kc Jh 8c 4s 3s]
Seat 1: vmrwin (small blind) folded before Flop
Seat 2: Snoro72 (big blind) folded before Flop
Seat 3: montreal555 folded before Flop (didn't bet)
Seat 4: shakadevirgo90 folded before Flop (didn't bet)
Seat 5: CarlosECRuiz folded before Flop (didn't bet)
Seat 6: kyleallan2000 folded before Flop (didn't bet)
Seat 7: enixblr showed [Jc Qc] and lost with a pair of Jacks (cashed out).
Seat 8: Dorex2007 showed [Ah As] and won ($9.65) with a pair of Aces (pot not awarded as player cashed out)
Seat 9: Maria'sDad77 (button) folded before Flop (didn't bet)



PokerStars Hand #237715054782:  Hold'em No Limit ($0.02/$0.05 USD) - 2022/07/31 18:41:21 PT [2022/07/31 21:41:21 ET]
Table 'Nihal II' 9-max Seat #1 is the button
Seat 1: vmrwin ($4.39 in chips) 
Seat 2: Snoro72 ($5.51 in chips) 
Seat 3: montreal555 ($4.79 in chips) 
Seat 4: shakadevirgo90 ($2.92 in chips) 
Seat 5: CarlosECRuiz ($2.08 in chips) 
Seat 6: kyleallan2000 ($10.21 in chips) 
Seat 7: enixblr ($6.55 in chips) 
Seat 8: Dorex2007 ($5 in chips) 
Seat 9: Maria'sDad77 ($4.13 in chips) 
Snoro72: posts small blind $0.02
montreal555: posts big blind $0.05
*** HOLE CARDS ***
Dealt to Dorex2007 [7h Qd]
shakadevirgo90 has timed out
shakadevirgo90: folds 
CarlosECRuiz: folds 
kyleallan2000: calls $0.05
enixblr: folds 
Dorex2007: folds 
Maria'sDad77: folds 
vmrwin: folds 
Snoro72: folds 
montreal555: checks 
*** FLOP *** [Kc 4h 8c]
montreal555: bets $0.15
kyleallan2000: calls $0.15
*** TURN *** [Kc 4h 8c] [Tc]
montreal555: bets $0.15
kyleallan2000: folds 
Uncalled bet ($0.15) returned to montreal555
montreal555 collected $0.40 from pot
*** SUMMARY ***
Total pot $0.42 | Rake $0.02 
Board [Kc 4h 8c Tc]
Seat 1: vmrwin (button) folded before Flop (didn't bet)
Seat 2: Snoro72 (small blind) folded before Flop
Seat 3: montreal555 (big blind) collected ($0.40)
Seat 4: shakadevirgo90 folded before Flop (didn't bet)
Seat 5: CarlosECRuiz folded before Flop (didn't bet)
Seat 6: kyleallan2000 folded on the Turn
Seat 7: enixblr folded before Flop (didn't bet)
Seat 8: Dorex2007 folded before Flop (didn't bet)
Seat 9: Maria'sDad77 folded before Flop (didn't bet)



PokerStars Hand #237715068452:  Hold'em No Limit ($0.02/$0.05 USD) - 2022/07/31 18:42:29 PT [2022/07/31 21:42:29 ET]
Table 'Nihal II' 9-max Seat #2 is the button
Seat 1: vmrwin ($4.39 in chips) 
Seat 2: Snoro72 ($5.49 in chips) 
Seat 3: montreal555 ($4.99 in chips) 
Seat 4: shakadevirgo90 ($2.92 in chips) 
Seat 5: CarlosECRuiz ($2.08 in chips) 
Seat 6: kyleallan2000 ($10.01 in chips) 
Seat 7: enixblr ($6.55 in chips) 
Seat 8: Dorex2007 ($5 in chips) 
Seat 9: Maria'sDad77 ($4.13 in chips) 
montreal555: posts small blind $0.02
shakadevirgo90: posts big blind $0.05
*** HOLE CARDS ***
Dealt to Dorex2007 [Jd 5c]
CarlosECRuiz: folds 
kyleallan2000: calls $0.05
enixblr: folds 
Dorex2007: folds 
Maria'sDad77: folds 
vmrwin: folds 
Snoro72: folds 
montreal555: folds 
shakadevirgo90: checks 
*** FLOP *** [8c 3c Qh]
shakadevirgo90: checks 
kyleallan2000: checks 
*** TURN *** [8c 3c Qh] [8d]
shakadevirgo90: bets $0.08
kyleallan2000: calls $0.08
*** RIVER *** [8c 3c Qh 8d] [Kc]
shakadevirgo90: checks 
kyleallan2000: checks 
*** SHOW DOWN ***
shakadevirgo90: shows [3h 5h] (two pair, Eights and Threes)
kyleallan2000: mucks hand 
shakadevirgo90 collected $0.27 from pot
*** SUMMARY ***
Total pot $0.28 | Rake $0.01 
Board [8c 3c Qh 8d Kc]
Seat 1: vmrwin folded before Flop (didn't bet)
Seat 2: Snoro72 (button) folded before Flop (didn't bet)
Seat 3: montreal555 (small blind) folded before Flop
Seat 4: shakadevirgo90 (big blind) showed [3h 5h] and won ($0.27) with two pair, Eights and Threes
Seat 5: CarlosECRuiz folded before Flop (didn't bet)
Seat 6: kyleallan2000 mucked [Ac Js]
Seat 7: enixblr folded before Flop (didn't bet)
Seat 8: Dorex2007 folded before Flop (didn't bet)
Seat 9: Maria'sDad77 folded before Flop (didn't bet)



PokerStars Hand #237715077254:  Hold'em No Limit ($0.02/$0.05 USD) - 2022/07/31 18:43:14 PT [2022/07/31 21:43:14 ET]
Table 'Nihal II' 9-max Seat #3 is the button
Seat 1: vmrwin ($4.39 in chips) 
Seat 2: Snoro72 ($5.49 in chips) 
Seat 3: montreal555 ($4.97 in chips) 
Seat 4: shakadevirgo90 ($3.06 in chips) 
Seat 5: CarlosECRuiz ($2.08 in chips) 
Seat 6: kyleallan2000 ($9.88 in chips) 
Seat 7: enixblr ($6.55 in chips) 
Seat 8: Dorex2007 ($5 in chips) 
Seat 9: Maria'sDad77 ($4.13 in chips) 
shakadevirgo90: posts small blind $0.02
CarlosECRuiz: posts big blind $0.05
*** HOLE CARDS ***
Dealt to Dorex2007 [8s 8d]
kyleallan2000: folds 
enixblr: folds 
Dorex2007: raises $0.10 to $0.15
Maria'sDad77: folds 
vmrwin: folds 
Snoro72: folds 
montreal555: folds 
shakadevirgo90: folds 
CarlosECRuiz: calls $0.10
*** FLOP *** [5s 3s As]
CarlosECRuiz: checks 
Dorex2007: bets $0.15
CarlosECRuiz: folds 
Uncalled bet ($0.15) returned to Dorex2007
Dorex2007 collected $0.31 from pot
Dorex2007: doesn't show hand 
*** SUMMARY ***
Total pot $0.32 | Rake $0.01 
Board [5s 3s As]
Seat 1: vmrwin folded before Flop (didn't bet)
Seat 2: Snoro72 folded before Flop (didn't bet)
Seat 3: montreal555 (button) folded before Flop (didn't bet)
Seat 4: shakadevirgo90 (small blind) folded before Flop
Seat 5: CarlosECRuiz (big blind) folded on the Flop
Seat 6: kyleallan2000 folded before Flop (didn't bet)
Seat 7: enixblr folded before Flop (didn't bet)
Seat 8: Dorex2007 collected ($0.31)
Seat 9: Maria'sDad77 folded before Flop (didn't bet)



PokerStars Hand #237715086005:  Hold'em No Limit ($0.02/$0.05 USD) - 2022/07/31 18:43:58 PT [2022/07/31 21:43:58 ET]
Table 'Nihal II' 9-max Seat #4 is the button
Seat 1: vmrwin ($4.39 in chips) 
Seat 2: Snoro72 ($5.49 in chips) 
Seat 3: montreal555 ($4.97 in chips) 
Seat 4: shakadevirgo90 ($3.04 in chips) 
Seat 5: CarlosECRuiz ($1.93 in chips) 
Seat 6: kyleallan2000 ($9.88 in chips) 
Seat 7: enixblr ($6.55 in chips) 
Seat 8: Dorex2007 ($5.16 in chips) 
Seat 9: Maria'sDad77 ($4.13 in chips) 
CarlosECRuiz: posts small blind $0.02
kyleallan2000: posts big blind $0.05
*** HOLE CARDS ***
Dealt to Dorex2007 [Ts Tc]
enixblr: folds 
Dorex2007: raises $0.20 to $0.25
Maria'sDad77: folds 
vmrwin: folds 
Snoro72: folds 
montreal555: folds 
shakadevirgo90: folds 
CarlosECRuiz: calls $0.23
kyleallan2000: folds 
*** FLOP *** [8d Kh 2s]
CarlosECRuiz: checks 
Dorex2007: bets $0.26
CarlosECRuiz: calls $0.26
*** TURN *** [8d Kh 2s] [5d]
CarlosECRuiz: checks 
Dorex2007: checks 
*** RIVER *** [8d Kh 2s 5d] [As]
CarlosECRuiz: checks 
Dorex2007: checks 
*** SHOW DOWN ***
CarlosECRuiz: shows [7d 7c] (a pair of Sevens)
Dorex2007: shows [Ts Tc] (a pair of Tens)
Dorex2007 collected $1.03 from pot
*** SUMMARY ***
Total pot $1.07 | Rake $0.04 
Board [8d Kh 2s 5d As]
Seat 1: vmrwin folded before Flop (didn't bet)
Seat 2: Snoro72 folded before Flop (didn't bet)
Seat 3: montreal555 folded before Flop (didn't bet)
Seat 4: shakadevirgo90 (button) folded before Flop (didn't bet)
Seat 5: CarlosECRuiz (small blind) showed [7d 7c] and lost with a pair of Sevens
Seat 6: kyleallan2000 (big blind) folded before Flop
Seat 7: enixblr folded before Flop (didn't bet)
Seat 8: Dorex2007 showed [Ts Tc] and won ($1.03) with a pair of Tens
Seat 9: Maria'sDad77 folded before Flop (didn't bet)



PokerStars Hand #237715102088:  Hold'em No Limit ($0.02/$0.05 USD) - 2022/07/31 18:44:50 PT [2022/07/31 21:44:50 ET]
Table 'Nihal II' 9-max Seat #5 is the button
Seat 1: vmrwin ($4.39 in chips) 
Seat 2: Snoro72 ($5.49 in chips) 
Seat 3: montreal555 ($4.97 in chips) 
Seat 4: shakadevirgo90 ($3.04 in chips) 
Seat 5: CarlosECRuiz ($1.42 in chips) 
Seat 6: kyleallan2000 ($9.83 in chips) 
Seat 7: enixblr ($6.55 in chips) 
Seat 8: Dorex2007 ($5.68 in chips) 
Seat 9: Maria'sDad77 ($4.13 in chips) 
kyleallan2000: posts small blind $0.02
enixblr: posts big blind $0.05
*** HOLE CARDS ***
Dealt to Dorex2007 [Th Js]
Dorex2007: folds 
Maria'sDad77: folds 
vmrwin: folds 
Snoro72: folds 
montreal555: folds 
shakadevirgo90: folds 
CarlosECRuiz: folds 
kyleallan2000: calls $0.03
enixblr: raises $0.15 to $0.20
kyleallan2000: calls $0.15
*** FLOP *** [3d 2s Qs]
kyleallan2000: checks 
enixblr: checks 
*** TURN *** [3d 2s Qs] [4c]
kyleallan2000: bets $0.30
enixblr: calls $0.30
*** RIVER *** [3d 2s Qs 4c] [6h]
kyleallan2000: checks 
enixblr: bets $0.64
kyleallan2000: calls $0.64
*** SHOW DOWN ***
enixblr: shows [6s 6d] (three of a kind, Sixes)
kyleallan2000: mucks hand 
enixblr collected $2.19 from pot
*** SUMMARY ***
Total pot $2.28 | Rake $0.09 
Board [3d 2s Qs 4c 6h]
Seat 1: vmrwin folded before Flop (didn't bet)
Seat 2: Snoro72 folded before Flop (didn't bet)
Seat 3: montreal555 folded before Flop (didn't bet)
Seat 4: shakadevirgo90 folded before Flop (didn't bet)
Seat 5: CarlosECRuiz (button) folded before Flop (didn't bet)
Seat 6: kyleallan2000 (small blind) mucked [Jd Jh]
Seat 7: enixblr (big blind) showed [6s 6d] and won ($2.19) with three of a kind, Sixes
Seat 8: Dorex2007 folded before Flop (didn't bet)
Seat 9: Maria'sDad77 folded before Flop (didn't bet)



PokerStars Hand #237715119950:  Hold'em No Limit ($0.02/$0.05 USD) - 2022/07/31 18:46:21 PT [2022/07/31 21:46:21 ET]
Table 'Nihal II' 9-max Seat #6 is the button
Seat 1: vmrwin ($4.39 in chips) 
Seat 2: Snoro72 ($5.49 in chips) 
Seat 3: montreal555 ($4.97 in chips) 
Seat 4: shakadevirgo90 ($3.04 in chips) 
Seat 5: CarlosECRuiz ($1.42 in chips) 
Seat 6: kyleallan2000 ($8.69 in chips) 
Seat 7: enixblr ($7.60 in chips) 
Seat 8: Dorex2007 ($5.68 in chips) 
Seat 9: Maria'sDad77 ($4.13 in chips) 
enixblr: posts small blind $0.02
Dorex2007: posts big blind $0.05
*** HOLE CARDS ***
Dealt to Dorex2007 [Jh 4c]
Maria'sDad77: folds 
vmrwin: folds 
Snoro72: folds 
montreal555: folds 
shakadevirgo90: folds 
CarlosECRuiz: raises $0.05 to $0.10
kyleallan2000: folds 
enixblr: folds 
Dorex2007: folds 
Uncalled bet ($0.05) returned to CarlosECRuiz
CarlosECRuiz collected $0.12 from pot
CarlosECRuiz: doesn't show hand 
*** SUMMARY ***
Total pot $0.12 | Rake $0 
Seat 1: vmrwin folded before Flop (didn't bet)
Seat 2: Snoro72 folded before Flop (didn't bet)
Seat 3: montreal555 folded before Flop (didn't bet)
Seat 4: shakadevirgo90 folded before Flop (didn't bet)
Seat 5: CarlosECRuiz collected ($0.12)
Seat 6: kyleallan2000 (button) folded before Flop (didn't bet)
Seat 7: enixblr (small blind) folded before Flop
Seat 8: Dorex2007 (big blind) folded before Flop
Seat 9: Maria'sDad77 folded before Flop (didn't bet)



PokerStars Hand #237715124838:  Hold'em No Limit ($0.02/$0.05 USD) - 2022/07/31 18:46:46 PT [2022/07/31 21:46:46 ET]
Table 'Nihal II' 9-max Seat #7 is the button
Seat 1: vmrwin ($4.39 in chips) 
Seat 2: Snoro72 ($5.49 in chips) 
Seat 3: montreal555 ($4.97 in chips) 
Seat 4: shakadevirgo90 ($3.04 in chips) 
Seat 5: CarlosECRuiz ($1.49 in chips) 
Seat 6: kyleallan2000 ($8.69 in chips) 
Seat 7: enixblr ($7.58 in chips) 
Seat 8: Dorex2007 ($5.63 in chips) 
Seat 9: Maria'sDad77 ($4.13 in chips) 
Dorex2007: posts small blind $0.02
Maria'sDad77: posts big blind $0.05
*** HOLE CARDS ***
Dealt to Dorex2007 [Ts 4c]
vmrwin: folds 
Snoro72: folds 
montreal555: calls $0.05
shakadevirgo90: folds 
CarlosECRuiz: folds 
kyleallan2000: raises $0.05 to $0.10
enixblr: calls $0.10
Dorex2007: folds 
Maria'sDad77: calls $0.05
montreal555: calls $0.05
*** FLOP *** [8c Tc Th]
Maria'sDad77: checks 
montreal555: bets $0.15
kyleallan2000: folds 
enixblr: folds 
Maria'sDad77: calls $0.15
*** TURN *** [8c Tc Th] [2s]
Maria'sDad77: checks 
montreal555: bets $0.15
Maria'sDad77: calls $0.15
*** RIVER *** [8c Tc Th 2s] [3d]
Maria'sDad77: checks 
montreal555: checks 
*** SHOW DOWN ***
Maria'sDad77: shows [6h 6d] (two pair, Tens and Sixes)
montreal555: shows [9c 9h] (two pair, Tens and Nines)
montreal555 collected $0.98 from pot
*** SUMMARY ***
Total pot $1.02 | Rake $0.04 
Board [8c Tc Th 2s 3d]
Seat 1: vmrwin folded before Flop (didn't bet)
Seat 2: Snoro72 folded before Flop (didn't bet)
Seat 3: montreal555 showed [9c 9h] and won ($0.98) with two pair, Tens and Nines
Seat 4: shakadevirgo90 folded before Flop (didn't bet)
Seat 5: CarlosECRuiz folded before Flop (didn't bet)
Seat 6: kyleallan2000 folded on the Flop
Seat 7: enixblr (button) folded on the Flop
Seat 8: Dorex2007 (small blind) folded before Flop
Seat 9: Maria'sDad77 (big blind) showed [6h 6d] and lost with two pair, Tens and Sixes



PokerStars Hand #237715148561:  Hold'em No Limit ($0.02/$0.05 USD) - 2022/07/31 18:48:47 PT [2022/07/31 21:48:47 ET]
Table 'Nihal II' 9-max Seat #8 is the button
Seat 1: vmrwin ($4.39 in chips) 
Seat 2: Snoro72 ($5.49 in chips) 
Seat 3: montreal555 ($5.55 in chips) 
Seat 4: shakadevirgo90 ($3.04 in chips) 
Seat 5: CarlosECRuiz ($1.49 in chips) 
Seat 6: kyleallan2000 ($8.59 in chips) 
Seat 7: enixblr ($7.48 in chips) 
Seat 8: Dorex2007 ($5.61 in chips) 
Seat 9: Maria'sDad77 ($4 in chips) 
Maria'sDad77: posts small blind $0.02
vmrwin: posts big blind $0.05
*** HOLE CARDS ***
Dealt to Dorex2007 [Kh Qc]
Snoro72: folds 
montreal555: folds 
shakadevirgo90: raises $0.05 to $0.10
CarlosECRuiz: folds 
kyleallan2000: calls $0.10
enixblr: folds 
Dorex2007: calls $0.10
Maria'sDad77: folds 
vmrwin: calls $0.05
*** FLOP *** [6s 9c 4s]
vmrwin: checks 
shakadevirgo90: checks 
kyleallan2000: bets $0.50
Dorex2007: folds 
vmrwin: folds 
shakadevirgo90: folds 
Uncalled bet ($0.50) returned to kyleallan2000
kyleallan2000 collected $0.40 from pot
kyleallan2000: doesn't show hand 
*** SUMMARY ***
Total pot $0.42 | Rake $0.02 
Board [6s 9c 4s]
Seat 1: vmrwin (big blind) folded on the Flop
Seat 2: Snoro72 folded before Flop (didn't bet)
Seat 3: montreal555 folded before Flop (didn't bet)
Seat 4: shakadevirgo90 folded on the Flop
Seat 5: CarlosECRuiz folded before Flop (didn't bet)
Seat 6: kyleallan2000 collected ($0.40)
Seat 7: enixblr folded before Flop (didn't bet)
Seat 8: Dorex2007 (button) folded on the Flop
Seat 9: Maria'sDad77 (small blind) folded before Flop



PokerStars Hand #237715168846:  Hold'em No Limit ($0.02/$0.05 USD) - 2022/07/31 18:49:52 PT [2022/07/31 21:49:52 ET]
Table 'Nihal II' 9-max Seat #9 is the button
Seat 1: vmrwin ($4.29 in chips) 
Seat 2: Snoro72 ($5.49 in chips) 
Seat 3: montreal555 ($5.55 in chips) 
Seat 4: shakadevirgo90 ($2.94 in chips) 
Seat 5: CarlosECRuiz ($1.49 in chips) 
Seat 6: kyleallan2000 ($8.89 in chips) 
Seat 7: enixblr ($7.48 in chips) 
Seat 8: Dorex2007 ($5.51 in chips) 
Seat 9: Maria'sDad77 ($4 in chips) 
vmrwin: posts small blind $0.02
Snoro72: posts big blind $0.05
*** HOLE CARDS ***
Dealt to Dorex2007 [Ad Js]
montreal555: folds 
shakadevirgo90: folds 
CarlosECRuiz: folds 
kyleallan2000: folds 
enixblr: folds 
Dorex2007: calls $0.05
Maria'sDad77: folds 
vmrwin: calls $0.03
Snoro72: checks 
*** FLOP *** [9s Kd 5d]
vmrwin: checks 
Snoro72: checks 
Dorex2007: checks 
*** TURN *** [9s Kd 5d] [7s]
vmrwin: checks 
Snoro72: bets $0.10
Dorex2007: folds 
vmrwin: folds 
Uncalled bet ($0.10) returned to Snoro72
Snoro72 collected $0.14 from pot
Snoro72: doesn't show hand 
*** SUMMARY ***
Total pot $0.15 | Rake $0.01 
Board [9s Kd 5d 7s]
Seat 1: vmrwin (small blind) folded on the Turn
Seat 2: Snoro72 (big blind) collected ($0.14)
Seat 3: montreal555 folded before Flop (didn't bet)
Seat 4: shakadevirgo90 folded before Flop (didn't bet)
Seat 5: CarlosECRuiz folded before Flop (didn't bet)
Seat 6: kyleallan2000 folded before Flop (didn't bet)
Seat 7: enixblr folded before Flop (didn't bet)
Seat 8: Dorex2007 folded on the Turn
Seat 9: Maria'sDad77 (button) folded before Flop (didn't bet)



PokerStars Hand #237715176709:  Hold'em No Limit ($0.02/$0.05 USD) - 2022/07/31 18:50:33 PT [2022/07/31 21:50:33 ET]
Table 'Nihal II' 9-max Seat #1 is the button
Seat 1: vmrwin ($4.24 in chips) 
Seat 2: Snoro72 ($5.58 in chips) 
Seat 3: montreal555 ($5.55 in chips) 
Seat 4: shakadevirgo90 ($2.94 in chips) 
Seat 5: CarlosECRuiz ($1.49 in chips) 
Seat 6: kyleallan2000 ($8.89 in chips) 
Seat 7: enixblr ($7.48 in chips) 
Seat 8: Dorex2007 ($5.46 in chips) 
Seat 9: Maria'sDad77 ($4 in chips) 
Snoro72: posts small blind $0.02
montreal555: posts big blind $0.05
*** HOLE CARDS ***
Dealt to Dorex2007 [2h 3s]
shakadevirgo90: folds 
CarlosECRuiz: folds 
kyleallan2000: calls $0.05
enixblr: raises $0.15 to $0.20
Dorex2007: folds 
Maria'sDad77: calls $0.20
vmrwin: folds 
Snoro72: calls $0.18
montreal555: folds 
kyleallan2000: calls $0.15
*** FLOP *** [8s 3c 3d]
Snoro72: checks 
kyleallan2000: checks 
enixblr: bets $0.25
Maria'sDad77: calls $0.25
Snoro72: calls $0.25
kyleallan2000: folds 
*** TURN *** [8s 3c 3d] [4c]
Snoro72: checks 
enixblr: checks 
Maria'sDad77: checks 
*** RIVER *** [8s 3c 3d 4c] [5c]
Snoro72: bets $0.50
enixblr: folds 
Maria'sDad77: folds 
Uncalled bet ($0.50) returned to Snoro72
Snoro72 collected $1.53 from pot
Snoro72: doesn't show hand 
*** SUMMARY ***
Total pot $1.60 | Rake $0.07 
Board [8s 3c 3d 4c 5c]
Seat 1: vmrwin (button) folded before Flop (didn't bet)
Seat 2: Snoro72 (small blind) collected ($1.53)
Seat 3: montreal555 (big blind) folded before Flop
Seat 4: shakadevirgo90 folded before Flop (didn't bet)
Seat 5: CarlosECRuiz folded before Flop (didn't bet)
Seat 6: kyleallan2000 folded on the Flop
Seat 7: enixblr folded on the River
Seat 8: Dorex2007 folded before Flop (didn't bet)
Seat 9: Maria'sDad77 folded on the River



PokerStars Hand #237715198936:  Hold'em No Limit ($0.02/$0.05 USD) - 2022/07/31 18:52:27 PT [2022/07/31 21:52:27 ET]
Table 'Nihal II' 9-max Seat #2 is the button
Seat 1: vmrwin ($4.24 in chips) 
Seat 2: Snoro72 ($6.66 in chips) 
Seat 3: montreal555 ($5.50 in chips) 
Seat 4: shakadevirgo90 ($2.94 in chips) 
Seat 5: CarlosECRuiz ($1.49 in chips) 
Seat 6: kyleallan2000 ($8.69 in chips) 
Seat 7: enixblr ($7.03 in chips) 
Seat 8: Dorex2007 ($5.46 in chips) 
Seat 9: Maria'sDad77 ($4 in chips) 
montreal555: posts small blind $0.02
shakadevirgo90: posts big blind $0.05
*** HOLE CARDS ***
Dealt to Dorex2007 [6d Jh]
CarlosECRuiz: folds 
kyleallan2000: folds 
enixblr: folds 
Dorex2007: folds 
Maria'sDad77: folds 
vmrwin: raises $0.10 to $0.15
Snoro72: folds 
montreal555: folds 
shakadevirgo90: calls $0.10
*** FLOP *** [5c 6h 8d]
shakadevirgo90: checks 
vmrwin: checks 
*** TURN *** [5c 6h 8d] [Kh]
shakadevirgo90: bets $0.21
vmrwin: folds 
Uncalled bet ($0.21) returned to shakadevirgo90
shakadevirgo90 collected $0.31 from pot
shakadevirgo90: doesn't show hand 
*** SUMMARY ***
Total pot $0.32 | Rake $0.01 
Board [5c 6h 8d Kh]
Seat 1: vmrwin folded on the Turn
Seat 2: Snoro72 (button) folded before Flop (didn't bet)
Seat 3: montreal555 (small blind) folded before Flop
Seat 4: shakadevirgo90 (big blind) collected ($0.31)
Seat 5: CarlosECRuiz folded before Flop (didn't bet)
Seat 6: kyleallan2000 folded before Flop (didn't bet)
Seat 7: enixblr folded before Flop (didn't bet)
Seat 8: Dorex2007 folded before Flop (didn't bet)
Seat 9: Maria'sDad77 folded before Flop (didn't bet)



PokerStars Hand #237715207287:  Hold'em No Limit ($0.02/$0.05 USD) - 2022/07/31 18:53:11 PT [2022/07/31 21:53:11 ET]
Table 'Nihal II' 9-max Seat #3 is the button
Seat 1: vmrwin ($4.09 in chips) 
Seat 2: Snoro72 ($6.66 in chips) 
Seat 3: montreal555 ($5.48 in chips) 
Seat 4: shakadevirgo90 ($3.10 in chips) 
Seat 5: CarlosECRuiz ($1.49 in chips) 
Seat 6: kyleallan2000 ($8.69 in chips) 
Seat 7: enixblr ($7.03 in chips) 
Seat 8: Dorex2007 ($5.46 in chips) 
Seat 9: Maria'sDad77 ($4 in chips) 
shakadevirgo90: posts small blind $0.02
CarlosECRuiz: posts big blind $0.05
*** HOLE CARDS ***
Dealt to Dorex2007 [Jd 7h]
kyleallan2000: calls $0.05
enixblr: folds 
Dorex2007: folds 
Maria'sDad77: folds 
vmrwin: calls $0.05
Snoro72: folds 
montreal555: folds 
shakadevirgo90: folds 
CarlosECRuiz: raises $0.10 to $0.15
kyleallan2000: calls $0.10
vmrwin: calls $0.10
*** FLOP *** [2s 5c Qs]
CarlosECRuiz: checks 
kyleallan2000: bets $0.22
vmrwin: folds 
CarlosECRuiz: calls $0.22
*** TURN *** [2s 5c Qs] [4c]
CarlosECRuiz: checks 
kyleallan2000: checks 
*** RIVER *** [2s 5c Qs 4c] [5s]
CarlosECRuiz: bets $1.12 and is all-in
kyleallan2000: calls $1.12
*** SHOW DOWN ***
CarlosECRuiz: shows [9d Td] (a pair of Fives)
kyleallan2000: shows [Ks 7s] (a flush, King high)
kyleallan2000 collected $3.02 from pot
*** SUMMARY ***
Total pot $3.15 | Rake $0.13 
Board [2s 5c Qs 4c 5s]
Seat 1: vmrwin folded on the Flop
Seat 2: Snoro72 folded before Flop (didn't bet)
Seat 3: montreal555 (button) folded before Flop (didn't bet)
Seat 4: shakadevirgo90 (small blind) folded before Flop
Seat 5: CarlosECRuiz (big blind) showed [9d Td] and lost with a pair of Fives
Seat 6: kyleallan2000 showed [Ks 7s] and won ($3.02) with a flush, King high
Seat 7: enixblr folded before Flop (didn't bet)
Seat 8: Dorex2007 folded before Flop (didn't bet)
Seat 9: Maria'sDad77 folded before Flop (didn't bet)



PokerStars Hand #237715221092:  Hold'em No Limit ($0.02/$0.05 USD) - 2022/07/31 18:54:24 PT [2022/07/31 21:54:24 ET]
Table 'Nihal II' 9-max Seat #4 is the button
Seat 1: vmrwin ($3.94 in chips) 
Seat 2: Snoro72 ($6.66 in chips) 
Seat 3: montreal555 ($5.48 in chips) 
Seat 4: shakadevirgo90 ($3.08 in chips) 
Seat 6: kyleallan2000 ($10.22 in chips) 
Seat 7: enixblr ($7.03 in chips) 
Seat 8: Dorex2007 ($5.46 in chips) 
Seat 9: Maria'sDad77 ($4 in chips) 
kyleallan2000: posts small blind $0.02
enixblr: posts big blind $0.05
*** HOLE CARDS ***
Dealt to Dorex2007 [Qh 8s]
Dorex2007: folds 
Maria'sDad77: folds 
vmrwin: folds 
Snoro72: folds 
montreal555: folds 
shakadevirgo90: folds 
kyleallan2000: calls $0.03
enixblr: raises $0.15 to $0.20
kyleallan2000: calls $0.15
*** FLOP *** [Kh Js 4d]
kyleallan2000: checks 
enixblr: bets $0.20
kyleallan2000: calls $0.20
*** TURN *** [Kh Js 4d] [Kd]
kyleallan2000: checks 
enixblr: checks 
*** RIVER *** [Kh Js 4d Kd] [7s]
kyleallan2000: bets $0.30
enixblr: folds 
Uncalled bet ($0.30) returned to kyleallan2000
kyleallan2000 collected $0.77 from pot
kyleallan2000: doesn't show hand 
*** SUMMARY ***
Total pot $0.80 | Rake $0.03 
Board [Kh Js 4d Kd 7s]
Seat 1: vmrwin folded before Flop (didn't bet)
Seat 2: Snoro72 folded before Flop (didn't bet)
Seat 3: montreal555 folded before Flop (didn't bet)
Seat 4: shakadevirgo90 (button) folded before Flop (didn't bet)
Seat 6: kyleallan2000 (small blind) collected ($0.77)
Seat 7: enixblr (big blind) folded on the River
Seat 8: Dorex2007 folded before Flop (didn't bet)
Seat 9: Maria'sDad77 folded before Flop (didn't bet)



PokerStars Hand #237715233288:  Hold'em No Limit ($0.02/$0.05 USD) - 2022/07/31 18:55:31 PT [2022/07/31 21:55:31 ET]
Table 'Nihal II' 9-max Seat #6 is the button
Seat 1: vmrwin ($3.94 in chips) 
Seat 2: Snoro72 ($6.66 in chips) 
Seat 3: montreal555 ($5.48 in chips) 
Seat 4: shakadevirgo90 ($3.08 in chips) 
Seat 5: CarlosECRuiz ($2 in chips) 
Seat 6: kyleallan2000 ($10.59 in chips) 
Seat 7: enixblr ($6.63 in chips) 
Seat 8: Dorex2007 ($5.46 in chips) 
Seat 9: Maria'sDad77 ($4 in chips) 
enixblr: posts small blind $0.02
Dorex2007: posts big blind $0.05
CarlosECRuiz: posts small blind $0.02
*** HOLE CARDS ***
Dealt to Dorex2007 [6c 3s]
Maria'sDad77: folds 
vmrwin: folds 
Snoro72: folds 
montreal555: folds 
shakadevirgo90: raises $0.05 to $0.10
CarlosECRuiz: calls $0.10
kyleallan2000: calls $0.10
enixblr: folds 
Dorex2007: folds 
*** FLOP *** [Qh 8d Qs]
shakadevirgo90: checks 
CarlosECRuiz: checks 
kyleallan2000: checks 
*** TURN *** [Qh 8d Qs] [Js]
shakadevirgo90: checks 
CarlosECRuiz: checks 
kyleallan2000: checks 
*** RIVER *** [Qh 8d Qs Js] [9h]
shakadevirgo90: checks 
CarlosECRuiz: bets $0.52
kyleallan2000: calls $0.52
shakadevirgo90: folds 
*** SHOW DOWN ***
CarlosECRuiz: shows [Th Jd] (a straight, Eight to Queen)
kyleallan2000: shows [Ts Td] (a straight, Eight to Queen)
CarlosECRuiz collected $0.69 from pot
kyleallan2000 collected $0.68 from pot
*** SUMMARY ***
Total pot $1.43 | Rake $0.06 
Board [Qh 8d Qs Js 9h]
Seat 1: vmrwin folded before Flop (didn't bet)
Seat 2: Snoro72 folded before Flop (didn't bet)
Seat 3: montreal555 folded before Flop (didn't bet)
Seat 4: shakadevirgo90 folded on the River
Seat 5: CarlosECRuiz showed [Th Jd] and won ($0.69) with a straight, Eight to Queen
Seat 6: kyleallan2000 (button) showed [Ts Td] and won ($0.68) with a straight, Eight to Queen
Seat 7: enixblr (small blind) folded before Flop
Seat 8: Dorex2007 (big blind) folded before Flop
Seat 9: Maria'sDad77 folded before Flop (didn't bet)



PokerStars Hand #237715253871:  Hold'em No Limit ($0.02/$0.05 USD) - 2022/07/31 18:57:08 PT [2022/07/31 21:57:08 ET]
Table 'Nihal II' 9-max Seat #7 is the button
Seat 1: vmrwin ($3.94 in chips) 
Seat 2: Snoro72 ($6.66 in chips) 
Seat 3: montreal555 ($5.48 in chips) 
Seat 4: shakadevirgo90 ($2.98 in chips) 
Seat 5: CarlosECRuiz ($2.05 in chips) 
Seat 6: kyleallan2000 ($10.65 in chips) 
Seat 7: enixblr ($6.61 in chips) 
Seat 8: Dorex2007 ($5.41 in chips) 
Seat 9: Maria'sDad77 ($4 in chips) 
Dorex2007: posts small blind $0.02
Maria'sDad77: posts big blind $0.05
*** HOLE CARDS ***
Dealt to Dorex2007 [7d Jc]
vmrwin: folds 
Snoro72: folds 
montreal555: folds 
shakadevirgo90: folds 
CarlosECRuiz: folds 
kyleallan2000: calls $0.05
enixblr: raises $0.15 to $0.20
Dorex2007: folds 
Maria'sDad77: calls $0.15
kyleallan2000: calls $0.15
*** FLOP *** [6h Js 7h]
Maria'sDad77: checks 
kyleallan2000: checks 
enixblr: bets $0.39
Maria'sDad77: calls $0.39
kyleallan2000: folds 
*** TURN *** [6h Js 7h] [Jd]
Maria'sDad77: checks 
enixblr: checks 
*** RIVER *** [6h Js 7h Jd] [Td]
Maria'sDad77: checks 
enixblr: bets $0.89
Maria'sDad77: folds 
Uncalled bet ($0.89) returned to enixblr
enixblr collected $1.34 from pot
enixblr: doesn't show hand 
*** SUMMARY ***
Total pot $1.40 | Rake $0.06 
Board [6h Js 7h Jd Td]
Seat 1: vmrwin folded before Flop (didn't bet)
Seat 2: Snoro72 folded before Flop (didn't bet)
Seat 3: montreal555 folded before Flop (didn't bet)
Seat 4: shakadevirgo90 folded before Flop (didn't bet)
Seat 5: CarlosECRuiz folded before Flop (didn't bet)
Seat 6: kyleallan2000 folded on the Flop
Seat 7: enixblr (button) collected ($1.34)
Seat 8: Dorex2007 (small blind) folded before Flop
Seat 9: Maria'sDad77 (big blind) folded on the River



PokerStars Hand #237715272549:  Hold'em No Limit ($0.02/$0.05 USD) - 2022/07/31 18:59:11 PT [2022/07/31 21:59:11 ET]
Table 'Nihal II' 9-max Seat #8 is the button
Seat 1: vmrwin ($3.94 in chips) 
Seat 2: Snoro72 ($6.66 in chips) 
Seat 3: montreal555 ($5.48 in chips) 
Seat 4: shakadevirgo90 ($2.98 in chips) 
Seat 5: CarlosECRuiz ($2.05 in chips) 
Seat 6: kyleallan2000 ($10.45 in chips) 
Seat 7: enixblr ($7.36 in chips) 
Seat 8: Dorex2007 ($5.39 in chips) 
Seat 9: Maria'sDad77 ($4 in chips) 
Maria'sDad77: posts small blind $0.02
vmrwin: posts big blind $0.05
*** HOLE CARDS ***
Dealt to Dorex2007 [8c Ad]
Snoro72: folds 
montreal555: folds 
Snoro72 leaves the table
shakadevirgo90 has timed out
shakadevirgo90: folds 
CarlosECRuiz: folds 
kyleallan2000: calls $0.05
enixblr: folds 
Dorex2007: folds 
Maria'sDad77: folds 
acvbhnet joins the table at seat #2 
vmrwin: checks 
*** FLOP *** [6h Kc Ks]
vmrwin: checks 
kyleallan2000: checks 
*** TURN *** [6h Kc Ks] [4d]
vmrwin: checks 
kyleallan2000: checks 
*** RIVER *** [6h Kc Ks 4d] [4c]
vmrwin: bets $0.05
kyleallan2000: folds 
Uncalled bet ($0.05) returned to vmrwin
vmrwin collected $0.12 from pot
vmrwin: doesn't show hand 
*** SUMMARY ***
Total pot $0.12 | Rake $0 
Board [6h Kc Ks 4d 4c]
Seat 1: vmrwin (big blind) collected ($0.12)
Seat 2: Snoro72 folded before Flop (didn't bet)
Seat 3: montreal555 folded before Flop (didn't bet)
Seat 4: shakadevirgo90 folded before Flop (didn't bet)
Seat 5: CarlosECRuiz folded before Flop (didn't bet)
Seat 6: kyleallan2000 folded on the River
Seat 7: enixblr folded before Flop (didn't bet)
Seat 8: Dorex2007 (button) folded before Flop (didn't bet)
Seat 9: Maria'sDad77 (small blind) folded before Flop



PokerStars Hand #237715279591:  Hold'em No Limit ($0.02/$0.05 USD) - 2022/07/31 18:59:57 PT [2022/07/31 21:59:57 ET]
Table 'Nihal II' 9-max Seat #9 is the button
Seat 1: vmrwin ($4.01 in chips) 
Seat 2: acvbhnet ($3.75 in chips) 
Seat 3: montreal555 ($5.48 in chips) 
Seat 4: shakadevirgo90 ($2.98 in chips) 
Seat 5: CarlosECRuiz ($2.05 in chips) 
Seat 6: kyleallan2000 ($10.40 in chips) 
Seat 7: enixblr ($7.36 in chips) 
Seat 8: Dorex2007 ($5.39 in chips) 
Seat 9: Maria'sDad77 ($4 in chips) 
vmrwin: posts small blind $0.02
acvbhnet: posts big blind $0.05
*** HOLE CARDS ***
Dealt to Dorex2007 [Jh 9c]
montreal555: calls $0.05
shakadevirgo90: folds 
CarlosECRuiz: raises $0.10 to $0.15
kyleallan2000: calls $0.15
enixblr: folds 
Dorex2007: folds 
Maria'sDad77: folds 
vmrwin: folds 
acvbhnet: folds 
montreal555: calls $0.10
*** FLOP *** [Js 7s 5s]
montreal555: checks 
CarlosECRuiz: bets $0.15
kyleallan2000: calls $0.15
montreal555: folds 
*** TURN *** [Js 7s 5s] [Ts]
Maria'sDad77 leaves the table
CarlosECRuiz: checks 
kyleallan2000: bets $1.55
CarlosECRuiz: folds 
Uncalled bet ($1.55) returned to kyleallan2000
kyleallan2000 collected $0.79 from pot
kyleallan2000: doesn't show hand 
*** SUMMARY ***
Total pot $0.82 | Rake $0.03 
Board [Js 7s 5s Ts]
Seat 1: vmrwin (small blind) folded before Flop
Seat 2: acvbhnet (big blind) folded before Flop
Seat 3: montreal555 folded on the Flop
Seat 4: shakadevirgo90 folded before Flop (didn't bet)
Seat 5: CarlosECRuiz folded on the Turn
Seat 6: kyleallan2000 collected ($0.79)
Seat 7: enixblr folded before Flop (didn't bet)
Seat 8: Dorex2007 folded before Flop (didn't bet)
Seat 9: Maria'sDad77 (button) folded before Flop (didn't bet)



PokerStars Hand #237715296606:  Hold'em No Limit ($0.02/$0.05 USD) - 2022/07/31 19:01:36 PT [2022/07/31 22:01:36 ET]
Table 'Nihal II' 9-max Seat #1 is the button
Seat 1: vmrwin ($3.99 in chips) 
Seat 2: acvbhnet ($3.70 in chips) 
Seat 3: montreal555 ($5.33 in chips) 
Seat 4: shakadevirgo90 ($2.98 in chips) 
Seat 5: CarlosECRuiz ($1.75 in chips) 
Seat 6: kyleallan2000 ($10.89 in chips) 
Seat 7: enixblr ($7.36 in chips) 
Seat 8: Dorex2007 ($5.39 in chips) 
acvbhnet: posts small blind $0.02
montreal555: posts big blind $0.05
*** HOLE CARDS ***
Dealt to Dorex2007 [Jh Ac]
caarolmohr joins the table at seat #9 
shakadevirgo90 has timed out
shakadevirgo90: folds 
CarlosECRuiz: folds 
kyleallan2000: calls $0.05
enixblr: folds 
Dorex2007: raises $0.15 to $0.20
vmrwin: folds 
acvbhnet: folds 
montreal555: folds 
kyleallan2000: calls $0.15
*** FLOP *** [8s 2d Kc]
kyleallan2000: checks 
Dorex2007: bets $0.20
kyleallan2000: folds 
Uncalled bet ($0.20) returned to Dorex2007
Dorex2007 collected $0.45 from pot
Dorex2007: doesn't show hand 
*** SUMMARY ***
Total pot $0.47 | Rake $0.02 
Board [8s 2d Kc]
Seat 1: vmrwin (button) folded before Flop (didn't bet)
Seat 2: acvbhnet (small blind) folded before Flop
Seat 3: montreal555 (big blind) folded before Flop
Seat 4: shakadevirgo90 folded before Flop (didn't bet)
Seat 5: CarlosECRuiz folded before Flop (didn't bet)
Seat 6: kyleallan2000 folded on the Flop
Seat 7: enixblr folded before Flop (didn't bet)
Seat 8: Dorex2007 collected ($0.45)



PokerStars Hand #237715307200:  Hold'em No Limit ($0.02/$0.05 USD) - 2022/07/31 19:02:33 PT [2022/07/31 22:02:33 ET]
Table 'Nihal II' 9-max Seat #2 is the button
Seat 1: vmrwin ($3.99 in chips) 
Seat 2: acvbhnet ($3.68 in chips) 
Seat 3: montreal555 ($5.28 in chips) 
Seat 4: shakadevirgo90 ($2.98 in chips) 
Seat 5: CarlosECRuiz ($1.75 in chips) 
Seat 6: kyleallan2000 ($10.69 in chips) 
Seat 7: enixblr ($7.36 in chips) 
Seat 8: Dorex2007 ($5.64 in chips) 
Seat 9: caarolmohr ($3.43 in chips) 
montreal555: posts small blind $0.02
shakadevirgo90: posts big blind $0.05
caarolmohr: posts big blind $0.05
*** HOLE CARDS ***
Dealt to Dorex2007 [7h Tc]
CarlosECRuiz: raises $0.05 to $0.10
kyleallan2000: folds 
enixblr: folds 
Dorex2007: folds 
caarolmohr: raises $0.05 to $0.15
vmrwin: folds 
acvbhnet: calls $0.15
montreal555: folds 
shakadevirgo90: folds 
CarlosECRuiz: calls $0.05
*** FLOP *** [4h Jh Qd]
CarlosECRuiz: checks 
caarolmohr: checks 
acvbhnet: bets $0.25
CarlosECRuiz: calls $0.25
caarolmohr: folds 
*** TURN *** [4h Jh Qd] [6s]
CarlosECRuiz: checks 
acvbhnet: checks 
*** RIVER *** [4h Jh Qd 6s] [5d]
CarlosECRuiz: bets $0.98
acvbhnet: folds 
Uncalled bet ($0.98) returned to CarlosECRuiz
CarlosECRuiz collected $0.98 from pot
CarlosECRuiz: doesn't show hand 
*** SUMMARY ***
Total pot $1.02 | Rake $0.04 
Board [4h Jh Qd 6s 5d]
Seat 1: vmrwin folded before Flop (didn't bet)
Seat 2: acvbhnet (button) folded on the River
Seat 3: montreal555 (small blind) folded before Flop
Seat 4: shakadevirgo90 (big blind) folded before Flop
Seat 5: CarlosECRuiz collected ($0.98)
Seat 6: kyleallan2000 folded before Flop (didn't bet)
Seat 7: enixblr folded before Flop (didn't bet)
Seat 8: Dorex2007 folded before Flop (didn't bet)
Seat 9: caarolmohr folded on the Flop



PokerStars Hand #237715321515:  Hold'em No Limit ($0.02/$0.05 USD) - 2022/07/31 19:03:49 PT [2022/07/31 22:03:49 ET]
Table 'Nihal II' 9-max Seat #3 is the button
Seat 1: vmrwin ($3.99 in chips) 
Seat 2: acvbhnet ($3.28 in chips) 
Seat 3: montreal555 ($5.26 in chips) 
Seat 4: shakadevirgo90 ($2.93 in chips) 
Seat 5: CarlosECRuiz ($2.33 in chips) 
Seat 6: kyleallan2000 ($10.69 in chips) 
Seat 7: enixblr ($7.36 in chips) 
Seat 8: Dorex2007 ($5.64 in chips) 
Seat 9: caarolmohr ($3.28 in chips) 
shakadevirgo90: posts small blind $0.02
CarlosECRuiz: posts big blind $0.05
*** HOLE CARDS ***
Dealt to Dorex2007 [3d Td]
kyleallan2000: calls $0.05
enixblr: raises $0.40 to $0.45
Dorex2007: folds 
caarolmohr: folds 
vmrwin: folds 
acvbhnet: folds 
montreal555: folds 
shakadevirgo90: folds 
CarlosECRuiz: folds 
kyleallan2000: folds 
Uncalled bet ($0.40) returned to enixblr
enixblr collected $0.17 from pot
enixblr: doesn't show hand 
*** SUMMARY ***
Total pot $0.17 | Rake $0 
Seat 1: vmrwin folded before Flop (didn't bet)
Seat 2: acvbhnet folded before Flop (didn't bet)
Seat 3: montreal555 (button) folded before Flop (didn't bet)
Seat 4: shakadevirgo90 (small blind) folded before Flop
Seat 5: CarlosECRuiz (big blind) folded before Flop
Seat 6: kyleallan2000 folded before Flop
Seat 7: enixblr collected ($0.17)
Seat 8: Dorex2007 folded before Flop (didn't bet)
Seat 9: caarolmohr folded before Flop (didn't bet)



PokerStars Hand #237715329119:  Hold'em No Limit ($0.02/$0.05 USD) - 2022/07/31 19:04:30 PT [2022/07/31 22:04:30 ET]
Table 'Nihal II' 9-max Seat #4 is the button
Seat 1: vmrwin ($3.99 in chips) 
Seat 2: acvbhnet ($3.28 in chips) 
Seat 3: montreal555 ($5.26 in chips) 
Seat 4: shakadevirgo90 ($2.91 in chips) 
Seat 5: CarlosECRuiz ($2.28 in chips) 
Seat 6: kyleallan2000 ($10.64 in chips) 
Seat 7: enixblr ($7.48 in chips) 
Seat 8: Dorex2007 ($5.64 in chips) 
Seat 9: caarolmohr ($3.28 in chips) 
CarlosECRuiz: posts small blind $0.02
kyleallan2000: posts big blind $0.05
*** HOLE CARDS ***
Dealt to Dorex2007 [Ks 6c]
enixblr: folds 
Dorex2007: folds 
caarolmohr: folds 
vmrwin: folds 
acvbhnet: folds 
montreal555: folds 
shakadevirgo90: raises $0.55 to $0.60
CarlosECRuiz: calls $0.58
kyleallan2000: folds 
*** FLOP *** [5d 7c 7h]
CarlosECRuiz: checks 
shakadevirgo90: checks 
*** TURN *** [5d 7c 7h] [2s]
CarlosECRuiz: bets $1.68 and is all-in
shakadevirgo90: folds 
Uncalled bet ($1.68) returned to CarlosECRuiz
CarlosECRuiz collected $1.20 from pot
CarlosECRuiz: doesn't show hand 
*** SUMMARY ***
Total pot $1.25 | Rake $0.05 
Board [5d 7c 7h 2s]
Seat 1: vmrwin folded before Flop (didn't bet)
Seat 2: acvbhnet folded before Flop (didn't bet)
Seat 3: montreal555 folded before Flop (didn't bet)
Seat 4: shakadevirgo90 (button) folded on the Turn
Seat 5: CarlosECRuiz (small blind) collected ($1.20)
Seat 6: kyleallan2000 (big blind) folded before Flop
Seat 7: enixblr folded before Flop (didn't bet)
Seat 8: Dorex2007 folded before Flop (didn't bet)
Seat 9: caarolmohr folded before Flop (didn't bet)



PokerStars Hand #237715338897:  Hold'em No Limit ($0.02/$0.05 USD) - 2022/07/31 19:05:23 PT [2022/07/31 22:05:23 ET]
Table 'Nihal II' 9-max Seat #5 is the button
Seat 1: vmrwin ($3.99 in chips) 
Seat 2: acvbhnet ($3.28 in chips) 
Seat 3: montreal555 ($5.26 in chips) 
Seat 4: shakadevirgo90 ($2.31 in chips) 
Seat 5: CarlosECRuiz ($2.88 in chips) 
Seat 6: kyleallan2000 ($10.59 in chips) 
Seat 7: enixblr ($7.48 in chips) 
Seat 8: Dorex2007 ($5.64 in chips) 
Seat 9: caarolmohr ($3.28 in chips) 
kyleallan2000: posts small blind $0.02
enixblr: posts big blind $0.05
*** HOLE CARDS ***
Dealt to Dorex2007 [Th 2h]
Dorex2007: folds 
caarolmohr: folds 
vmrwin: folds 
acvbhnet: raises $0.10 to $0.15
montreal555: folds 
shakadevirgo90: folds 
CarlosECRuiz: folds 
kyleallan2000: calls $0.13
enixblr: folds 
*** FLOP *** [4d Ts 8d]
caarolmohr leaves the table
kyleallan2000: bets $0.25
acvbhnet: calls $0.25
*** TURN *** [4d Ts 8d] [Kc]
Manuelito180 joins the table at seat #9 
kyleallan2000: bets $0.20
acvbhnet: calls $0.20
*** RIVER *** [4d Ts 8d Kc] [Td]
kyleallan2000: bets $2.70
acvbhnet: folds 
Uncalled bet ($2.70) returned to kyleallan2000
kyleallan2000 collected $1.20 from pot
kyleallan2000: doesn't show hand 
*** SUMMARY ***
Total pot $1.25 | Rake $0.05 
Board [4d Ts 8d Kc Td]
Seat 1: vmrwin folded before Flop (didn't bet)
Seat 2: acvbhnet folded on the River
Seat 3: montreal555 folded before Flop (didn't bet)
Seat 4: shakadevirgo90 folded before Flop (didn't bet)
Seat 5: CarlosECRuiz (button) folded before Flop (didn't bet)
Seat 6: kyleallan2000 (small blind) collected ($1.20)
Seat 7: enixblr (big blind) folded before Flop
Seat 8: Dorex2007 folded before Flop (didn't bet)
Seat 9: caarolmohr folded before Flop (didn't bet)



PokerStars Hand #237715362792:  Hold'em No Limit ($0.02/$0.05 USD) - 2022/07/31 19:06:51 PT [2022/07/31 22:06:51 ET]
Table 'Nihal II' 9-max Seat #6 is the button
Seat 1: vmrwin ($3.99 in chips) 
Seat 2: acvbhnet ($2.68 in chips) 
Seat 3: montreal555 ($5.26 in chips) 
Seat 4: shakadevirgo90 ($2.31 in chips) 
Seat 5: CarlosECRuiz ($2.88 in chips) 
Seat 6: kyleallan2000 ($11.19 in chips) 
Seat 7: enixblr ($7.43 in chips) 
Seat 8: Dorex2007 ($5.64 in chips) 
enixblr: posts small blind $0.02
Dorex2007: posts big blind $0.05
Manuelito180: sits out 
*** HOLE CARDS ***
Dealt to Dorex2007 [5d 9c]
vmrwin: folds 
acvbhnet: folds 
montreal555: folds 
shakadevirgo90: folds 
CarlosECRuiz: raises $0.05 to $0.10
kyleallan2000: calls $0.10
enixblr: folds 
Dorex2007: folds 
*** FLOP *** [9s 7d 5s]
CarlosECRuiz: checks 
kyleallan2000: checks 
*** TURN *** [9s 7d 5s] [2d]
CarlosECRuiz: checks 
kyleallan2000: checks 
*** RIVER *** [9s 7d 5s 2d] [7s]
CarlosECRuiz: bets $0.13
kyleallan2000: calls $0.13
*** SHOW DOWN ***
CarlosECRuiz: shows [Jh Qs] (a pair of Sevens)
kyleallan2000: shows [2c Ad] (two pair, Sevens and Deuces)
kyleallan2000 collected $0.51 from pot
*** SUMMARY ***
Total pot $0.53 | Rake $0.02 
Board [9s 7d 5s 2d 7s]
Seat 1: vmrwin folded before Flop (didn't bet)
Seat 2: acvbhnet folded before Flop (didn't bet)
Seat 3: montreal555 folded before Flop (didn't bet)
Seat 4: shakadevirgo90 folded before Flop (didn't bet)
Seat 5: CarlosECRuiz showed [Jh Qs] and lost with a pair of Sevens
Seat 6: kyleallan2000 (button) showed [2c Ad] and won ($0.51) with two pair, Sevens and Deuces
Seat 7: enixblr (small blind) folded before Flop
Seat 8: Dorex2007 (big blind) folded before Flop



PokerStars Hand #237715372053:  Hold'em No Limit ($0.02/$0.05 USD) - 2022/07/31 19:07:40 PT [2022/07/31 22:07:40 ET]
Table 'Nihal II' 9-max Seat #7 is the button
Seat 1: vmrwin ($3.99 in chips) 
Seat 3: montreal555 ($5.26 in chips) 
Seat 4: shakadevirgo90 ($2.31 in chips) 
Seat 5: CarlosECRuiz ($2.65 in chips) 
Seat 6: kyleallan2000 ($11.47 in chips) 
Seat 7: enixblr ($7.41 in chips) 
Seat 8: Dorex2007 ($5.59 in chips) 
Seat 9: Manuelito180 ($5 in chips) 
Dorex2007: posts small blind $0.02
Manuelito180: posts big blind $0.05
*** HOLE CARDS ***
Dealt to Dorex2007 [6c 3d]
vmrwin: folds 
montreal555: folds 
shakadevirgo90 has timed out
shakadevirgo90: folds 
CarlosECRuiz: raises $0.05 to $0.10
kyleallan2000: folds 
enixblr: folds 
Dorex2007: folds 
Manuelito180: folds 
Uncalled bet ($0.05) returned to CarlosECRuiz
CarlosECRuiz collected $0.12 from pot
CarlosECRuiz: doesn't show hand 
*** SUMMARY ***
Total pot $0.12 | Rake $0 
Seat 1: vmrwin folded before Flop (didn't bet)
Seat 3: montreal555 folded before Flop (didn't bet)
Seat 4: shakadevirgo90 folded before Flop (didn't bet)
Seat 5: CarlosECRuiz collected ($0.12)
Seat 6: kyleallan2000 folded before Flop (didn't bet)
Seat 7: enixblr (button) folded before Flop (didn't bet)
Seat 8: Dorex2007 (small blind) folded before Flop
Seat 9: Manuelito180 (big blind) folded before Flop



PokerStars Hand #237715376874:  Hold'em No Limit ($0.02/$0.05 USD) - 2022/07/31 19:08:07 PT [2022/07/31 22:08:07 ET]
Table 'Nihal II' 9-max Seat #8 is the button
Seat 1: vmrwin ($3.99 in chips) 
Seat 3: montreal555 ($5.26 in chips) 
Seat 4: shakadevirgo90 ($2.31 in chips) 
Seat 5: CarlosECRuiz ($2.72 in chips) 
Seat 6: kyleallan2000 ($11.47 in chips) 
Seat 7: enixblr ($7.41 in chips) 
Seat 8: Dorex2007 ($5.57 in chips) 
Seat 9: Manuelito180 ($4.95 in chips) 
Manuelito180: posts small blind $0.02
vmrwin: posts big blind $0.05
*** HOLE CARDS ***
Dealt to Dorex2007 [Ks 4d]
montreal555: folds 
shakadevirgo90: folds 
CarlosECRuiz: folds 
kyleallan2000: folds 
enixblr: folds 
Dorex2007: folds 
Manuelito180: folds 
Uncalled bet ($0.03) returned to vmrwin
vmrwin collected $0.04 from pot
vmrwin: doesn't show hand 
*** SUMMARY ***
Total pot $0.04 | Rake $0 
Seat 1: vmrwin (big blind) collected ($0.04)
Seat 3: montreal555 folded before Flop (didn't bet)
Seat 4: shakadevirgo90 folded before Flop (didn't bet)
Seat 5: CarlosECRuiz folded before Flop (didn't bet)
Seat 6: kyleallan2000 folded before Flop (didn't bet)
Seat 7: enixblr folded before Flop (didn't bet)
Seat 8: Dorex2007 (button) folded before Flop (didn't bet)
Seat 9: Manuelito180 (small blind) folded before Flop



PokerStars Hand #237715379857:  Hold'em No Limit ($0.02/$0.05 USD) - 2022/07/31 19:08:22 PT [2022/07/31 22:08:22 ET]
Table 'Nihal II' 9-max Seat #9 is the button
Seat 1: vmrwin ($4.01 in chips) 
Seat 2: acvbhnet ($2.68 in chips) 
Seat 3: montreal555 ($5.26 in chips) 
Seat 4: shakadevirgo90 ($2.31 in chips) 
Seat 5: CarlosECRuiz ($2.72 in chips) 
Seat 6: kyleallan2000 ($11.47 in chips) 
Seat 7: enixblr ($7.41 in chips) 
Seat 8: Dorex2007 ($5.57 in chips) 
Seat 9: Manuelito180 ($4.93 in chips) 
vmrwin: posts small blind $0.02
acvbhnet: posts big blind $0.05
*** HOLE CARDS ***
Dealt to Dorex2007 [7h 8s]
montreal555: folds 
shakadevirgo90 has timed out
shakadevirgo90: folds 
CarlosECRuiz: raises $0.10 to $0.15
kyleallan2000: folds 
enixblr: raises $0.30 to $0.45
Dorex2007: folds 
Manuelito180: folds 
vmrwin: folds 
acvbhnet: folds 
CarlosECRuiz: calls $0.30
*** FLOP *** [5c 3s Qh]
CarlosECRuiz: checks 
enixblr: bets $0.35
CarlosECRuiz: calls $0.35
*** TURN *** [5c 3s Qh] [4s]
CarlosECRuiz: checks 
enixblr: checks 
*** RIVER *** [5c 3s Qh 4s] [Kd]
CarlosECRuiz: checks 
enixblr: checks 
*** SHOW DOWN ***
CarlosECRuiz: shows [Qc As] (a pair of Queens)
enixblr: mucks hand 
CarlosECRuiz collected $1.60 from pot
*** SUMMARY ***
Total pot $1.67 | Rake $0.07 
Board [5c 3s Qh 4s Kd]
Seat 1: vmrwin (small blind) folded before Flop
Seat 2: acvbhnet (big blind) folded before Flop
Seat 3: montreal555 folded before Flop (didn't bet)
Seat 4: shakadevirgo90 folded before Flop (didn't bet)
Seat 5: CarlosECRuiz showed [Qc As] and won ($1.60) with a pair of Queens
Seat 6: kyleallan2000 folded before Flop (didn't bet)
Seat 7: enixblr mucked [Td Ts]
Seat 8: Dorex2007 folded before Flop (didn't bet)
Seat 9: Manuelito180 (button) folded before Flop (didn't bet)



PokerStars Hand #237715392491:  Hold'em No Limit ($0.02/$0.05 USD) - 2022/07/31 19:09:31 PT [2022/07/31 22:09:31 ET]
Table 'Nihal II' 9-max Seat #1 is the button
Seat 1: vmrwin ($3.99 in chips) 
Seat 2: acvbhnet ($2.63 in chips) 
Seat 3: montreal555 ($5.26 in chips) 
Seat 4: shakadevirgo90 ($2.31 in chips) 
Seat 5: CarlosECRuiz ($3.52 in chips) 
Seat 6: kyleallan2000 ($11.47 in chips) 
Seat 7: enixblr ($6.61 in chips) 
Seat 8: Dorex2007 ($5.57 in chips) 
Seat 9: Manuelito180 ($4.93 in chips) 
acvbhnet: posts small blind $0.02
montreal555: posts big blind $0.05
*** HOLE CARDS ***
Dealt to Dorex2007 [5h Kc]
shakadevirgo90: folds 
CarlosECRuiz: folds 
kyleallan2000: calls $0.05
enixblr: folds 
Dorex2007: folds 
Manuelito180: folds 
vmrwin: folds 
acvbhnet: folds 
montreal555: checks 
*** FLOP *** [Ac Ah 7d]
montreal555: checks 
kyleallan2000: checks 
*** TURN *** [Ac Ah 7d] [8s]
montreal555: checks 
kyleallan2000: checks 
*** RIVER *** [Ac Ah 7d 8s] [9c]
montreal555: checks 
kyleallan2000: checks 
*** SHOW DOWN ***
montreal555: shows [Qc 4c] (a pair of Aces)
kyleallan2000: shows [4d Kd] (a pair of Aces - King kicker)
kyleallan2000 collected $0.12 from pot
*** SUMMARY ***
Total pot $0.12 | Rake $0 
Board [Ac Ah 7d 8s 9c]
Seat 1: vmrwin (button) folded before Flop (didn't bet)
Seat 2: acvbhnet (small blind) folded before Flop
Seat 3: montreal555 (big blind) showed [Qc 4c] and lost with a pair of Aces
Seat 4: shakadevirgo90 folded before Flop (didn't bet)
Seat 5: CarlosECRuiz folded before Flop (didn't bet)
Seat 6: kyleallan2000 showed [4d Kd] and won ($0.12) with a pair of Aces
Seat 7: enixblr folded before Flop (didn't bet)
Seat 8: Dorex2007 folded before Flop (didn't bet)
Seat 9: Manuelito180 folded before Flop (didn't bet)



PokerStars Hand #237715400262:  Hold'em No Limit ($0.02/$0.05 USD) - 2022/07/31 19:10:13 PT [2022/07/31 22:10:13 ET]
Table 'Nihal II' 9-max Seat #2 is the button
Seat 1: vmrwin ($3.99 in chips) 
Seat 2: acvbhnet ($2.61 in chips) 
Seat 3: montreal555 ($5.21 in chips) 
Seat 4: shakadevirgo90 ($2.31 in chips) 
Seat 5: CarlosECRuiz ($3.52 in chips) 
Seat 6: kyleallan2000 ($11.54 in chips) 
Seat 7: enixblr ($6.61 in chips) 
Seat 8: Dorex2007 ($5.57 in chips) 
Seat 9: Manuelito180 ($4.93 in chips) 
montreal555: posts small blind $0.02
shakadevirgo90: posts big blind $0.05
*** HOLE CARDS ***
Dealt to Dorex2007 [Ad 4d]
CarlosECRuiz: folds 
kyleallan2000: calls $0.05
enixblr: folds 
Dorex2007: folds 
Manuelito180: folds 
vmrwin: folds 
acvbhnet: folds 
montreal555: folds 
shakadevirgo90: raises $0.05 to $0.10
kyleallan2000: calls $0.05
*** FLOP *** [7s Ac 3d]
shakadevirgo90: bets $0.10
kyleallan2000: calls $0.10
*** TURN *** [7s Ac 3d] [5h]
shakadevirgo90: checks 
kyleallan2000: checks 
*** RIVER *** [7s Ac 3d 5h] [Qd]
shakadevirgo90: bets $0.27
kyleallan2000: folds 
Uncalled bet ($0.27) returned to shakadevirgo90
shakadevirgo90 collected $0.40 from pot
shakadevirgo90: doesn't show hand 
*** SUMMARY ***
Total pot $0.42 | Rake $0.02 
Board [7s Ac 3d 5h Qd]
Seat 1: vmrwin folded before Flop (didn't bet)
Seat 2: acvbhnet (button) folded before Flop (didn't bet)
Seat 3: montreal555 (small blind) folded before Flop
Seat 4: shakadevirgo90 (big blind) collected ($0.40)
Seat 5: CarlosECRuiz folded before Flop (didn't bet)
Seat 6: kyleallan2000 folded on the River
Seat 7: enixblr folded before Flop (didn't bet)
Seat 8: Dorex2007 folded before Flop (didn't bet)
Seat 9: Manuelito180 folded before Flop (didn't bet)



PokerStars Hand #237715419086:  Hold'em No Limit ($0.02/$0.05 USD) - 2022/07/31 19:11:03 PT [2022/07/31 22:11:03 ET]
Table 'Nihal II' 9-max Seat #3 is the button
Seat 1: vmrwin ($3.99 in chips) 
Seat 2: acvbhnet ($2.61 in chips) 
Seat 3: montreal555 ($5.19 in chips) 
Seat 4: shakadevirgo90 ($2.51 in chips) 
Seat 5: CarlosECRuiz ($3.52 in chips) 
Seat 6: kyleallan2000 ($11.34 in chips) 
Seat 7: enixblr ($6.61 in chips) 
Seat 8: Dorex2007 ($5.57 in chips) 
Seat 9: Manuelito180 ($4.93 in chips) 
shakadevirgo90: posts small blind $0.02
CarlosECRuiz: posts big blind $0.05
*** HOLE CARDS ***
Dealt to Dorex2007 [As 8h]
kyleallan2000: folds 
enixblr: folds 
Dorex2007: folds 
Manuelito180: folds 
vmrwin: raises $0.10 to $0.15
acvbhnet: folds 
montreal555: folds 
shakadevirgo90: folds 
CarlosECRuiz: calls $0.10
*** FLOP *** [7h Kc 7c]
CarlosECRuiz: checks 
vmrwin: bets $0.15
CarlosECRuiz: raises $0.40 to $0.55
vmrwin: folds 
Uncalled bet ($0.40) returned to CarlosECRuiz
CarlosECRuiz collected $0.59 from pot
CarlosECRuiz: doesn't show hand 
*** SUMMARY ***
Total pot $0.62 | Rake $0.03 
Board [7h Kc 7c]
Seat 1: vmrwin folded on the Flop
Seat 2: acvbhnet folded before Flop (didn't bet)
Seat 3: montreal555 (button) folded before Flop (didn't bet)
Seat 4: shakadevirgo90 (small blind) folded before Flop
Seat 5: CarlosECRuiz (big blind) collected ($0.59)
Seat 6: kyleallan2000 folded before Flop (didn't bet)
Seat 7: enixblr folded before Flop (didn't bet)
Seat 8: Dorex2007 folded before Flop (didn't bet)
Seat 9: Manuelito180 folded before Flop (didn't bet)



PokerStars Hand #237715427739:  Hold'em No Limit ($0.02/$0.05 USD) - 2022/07/31 19:11:50 PT [2022/07/31 22:11:50 ET]
Table 'Nihal II' 9-max Seat #4 is the button
Seat 1: vmrwin ($3.69 in chips) 
Seat 2: acvbhnet ($2.61 in chips) 
Seat 3: montreal555 ($5.19 in chips) 
Seat 4: shakadevirgo90 ($2.49 in chips) 
Seat 5: CarlosECRuiz ($3.81 in chips) 
Seat 6: kyleallan2000 ($11.34 in chips) 
Seat 7: enixblr ($6.61 in chips) 
Seat 8: Dorex2007 ($5.57 in chips) 
Seat 9: Manuelito180 ($4.93 in chips) 
CarlosECRuiz: posts small blind $0.02
kyleallan2000: posts big blind $0.05
*** HOLE CARDS ***
Dealt to Dorex2007 [Kh 3s]
enixblr: folds 
Dorex2007: folds 
Manuelito180: raises $0.07 to $0.12
vmrwin: folds 
enixblr leaves the table
acvbhnet: raises $0.31 to $0.43
enixblr joins the table at seat #7 
montreal555: folds 
shakadevirgo90: folds 
CarlosECRuiz: folds 
kyleallan2000: folds 
Manuelito180: calls $0.31
*** FLOP *** [4d Td 6h]
Manuelito180: checks 
acvbhnet: bets $0.89
Manuelito180: folds 
Uncalled bet ($0.89) returned to acvbhnet
acvbhnet collected $0.89 from pot
acvbhnet: doesn't show hand 
*** SUMMARY ***
Total pot $0.93 | Rake $0.04 
Board [4d Td 6h]
Seat 1: vmrwin folded before Flop (didn't bet)
Seat 2: acvbhnet collected ($0.89)
Seat 3: montreal555 folded before Flop (didn't bet)
Seat 4: shakadevirgo90 (button) folded before Flop (didn't bet)
Seat 5: CarlosECRuiz (small blind) folded before Flop
Seat 6: kyleallan2000 (big blind) folded before Flop
Seat 7: enixblr folded before Flop (didn't bet)
Seat 8: Dorex2007 folded before Flop (didn't bet)
Seat 9: Manuelito180 folded on the Flop



PokerStars Hand #237715436472:  Hold'em No Limit ($0.02/$0.05 USD) - 2022/07/31 19:12:38 PT [2022/07/31 22:12:38 ET]
Table 'Nihal II' 9-max Seat #5 is the button
Seat 1: vmrwin ($3.69 in chips) 
Seat 2: acvbhnet ($3.07 in chips) 
Seat 3: montreal555 ($5.19 in chips) 
Seat 4: shakadevirgo90 ($2.49 in chips) 
Seat 5: CarlosECRuiz ($3.79 in chips) 
Seat 6: kyleallan2000 ($11.29 in chips) 
Seat 7: enixblr ($6.61 in chips) 
Seat 8: Dorex2007 ($5.57 in chips) 
Seat 9: Manuelito180 ($4.50 in chips) 
kyleallan2000: posts small blind $0.02
enixblr: posts big blind $0.05
*** HOLE CARDS ***
Dealt to Dorex2007 [7h 5c]
Dorex2007: folds 
Manuelito180: folds 
vmrwin: folds 
acvbhnet: folds 
montreal555: folds 
shakadevirgo90: raises $0.05 to $0.10
CarlosECRuiz: folds 
kyleallan2000: folds 
enixblr: folds 
Uncalled bet ($0.05) returned to shakadevirgo90
shakadevirgo90 collected $0.12 from pot
shakadevirgo90: doesn't show hand 
*** SUMMARY ***
Total pot $0.12 | Rake $0 
Seat 1: vmrwin folded before Flop (didn't bet)
Seat 2: acvbhnet folded before Flop (didn't bet)
Seat 3: montreal555 folded before Flop (didn't bet)
Seat 4: shakadevirgo90 collected ($0.12)
Seat 5: CarlosECRuiz (button) folded before Flop (didn't bet)
Seat 6: kyleallan2000 (small blind) folded before Flop
Seat 7: enixblr (big blind) folded before Flop
Seat 8: Dorex2007 folded before Flop (didn't bet)
Seat 9: Manuelito180 folded before Flop (didn't bet)



PokerStars Hand #237715440580:  Hold'em No Limit ($0.02/$0.05 USD) - 2022/07/31 19:13:00 PT [2022/07/31 22:13:00 ET]
Table 'Nihal II' 9-max Seat #6 is the button
Seat 1: vmrwin ($3.69 in chips) 
Seat 2: acvbhnet ($3.07 in chips) 
Seat 3: montreal555 ($5.19 in chips) 
Seat 4: shakadevirgo90 ($2.56 in chips) 
Seat 5: CarlosECRuiz ($3.79 in chips) 
Seat 6: kyleallan2000 ($11.27 in chips) 
Seat 7: enixblr ($6.56 in chips) 
Seat 8: Dorex2007 ($5.57 in chips) 
Seat 9: Manuelito180 ($4.50 in chips) 
enixblr: posts small blind $0.02
Dorex2007: posts big blind $0.05
*** HOLE CARDS ***
Dealt to Dorex2007 [3d 8c]
Manuelito180: folds 
vmrwin: folds 
acvbhnet: folds 
montreal555: folds 
shakadevirgo90: raises $0.10 to $0.15
CarlosECRuiz: folds 
kyleallan2000: calls $0.15
enixblr: folds 
Dorex2007: folds 
*** FLOP *** [Qs 7s Tc]
shakadevirgo90: bets $0.25
kyleallan2000: folds 
Uncalled bet ($0.25) returned to shakadevirgo90
shakadevirgo90 collected $0.35 from pot
shakadevirgo90: doesn't show hand 
*** SUMMARY ***
Total pot $0.37 | Rake $0.02 
Board [Qs 7s Tc]
Seat 1: vmrwin folded before Flop (didn't bet)
Seat 2: acvbhnet folded before Flop (didn't bet)
Seat 3: montreal555 folded before Flop (didn't bet)
Seat 4: shakadevirgo90 collected ($0.35)
Seat 5: CarlosECRuiz folded before Flop (didn't bet)
Seat 6: kyleallan2000 (button) folded on the Flop
Seat 7: enixblr (small blind) folded before Flop
Seat 8: Dorex2007 (big blind) folded before Flop
Seat 9: Manuelito180 folded before Flop (didn't bet)



PokerStars Hand #237715452813:  Hold'em No Limit ($0.02/$0.05 USD) - 2022/07/31 19:13:50 PT [2022/07/31 22:13:50 ET]
Table 'Nihal II' 9-max Seat #7 is the button
Seat 1: vmrwin ($3.69 in chips) 
Seat 2: acvbhnet ($3.07 in chips) 
Seat 3: montreal555 ($5.19 in chips) 
Seat 4: shakadevirgo90 ($2.76 in chips) 
Seat 5: CarlosECRuiz ($3.79 in chips) 
Seat 6: kyleallan2000 ($11.12 in chips) 
Seat 7: enixblr ($6.54 in chips) 
Seat 8: Dorex2007 ($5.52 in chips) 
Seat 9: Manuelito180 ($4.50 in chips) 
Dorex2007: posts small blind $0.02
Manuelito180: posts big blind $0.05
*** HOLE CARDS ***
Dealt to Dorex2007 [8s 9s]
vmrwin: folds 
acvbhnet: raises $0.07 to $0.12
montreal555: folds 
shakadevirgo90: folds 
CarlosECRuiz: folds 
kyleallan2000: folds 
enixblr: folds 
Dorex2007: folds 
Manuelito180: calls $0.07
*** FLOP *** [Js Jd 4d]
Manuelito180: checks 
acvbhnet: checks 
*** TURN *** [Js Jd 4d] [5h]
Manuelito180: bets $0.12
acvbhnet: folds 
Uncalled bet ($0.12) returned to Manuelito180
Manuelito180 collected $0.25 from pot
Manuelito180: doesn't show hand 
*** SUMMARY ***
Total pot $0.26 | Rake $0.01 
Board [Js Jd 4d 5h]
Seat 1: vmrwin folded before Flop (didn't bet)
Seat 2: acvbhnet folded on the Turn
Seat 3: montreal555 folded before Flop (didn't bet)
Seat 4: shakadevirgo90 folded before Flop (didn't bet)
Seat 5: CarlosECRuiz folded before Flop (didn't bet)
Seat 6: kyleallan2000 folded before Flop (didn't bet)
Seat 7: enixblr (button) folded before Flop (didn't bet)
Seat 8: Dorex2007 (small blind) folded before Flop
Seat 9: Manuelito180 (big blind) collected ($0.25)



PokerStars Hand #237715460905:  Hold'em No Limit ($0.02/$0.05 USD) - 2022/07/31 19:14:35 PT [2022/07/31 22:14:35 ET]
Table 'Nihal II' 9-max Seat #8 is the button
Seat 1: vmrwin ($3.69 in chips) 
Seat 2: acvbhnet ($2.95 in chips) 
Seat 3: montreal555 ($5.19 in chips) 
Seat 4: shakadevirgo90 ($2.76 in chips) 
Seat 5: CarlosECRuiz ($3.79 in chips) 
Seat 7: enixblr ($6.54 in chips) 
Seat 8: Dorex2007 ($5.50 in chips) 
Seat 9: Manuelito180 ($4.63 in chips) 
Manuelito180: posts small blind $0.02
vmrwin: posts big blind $0.05
*** HOLE CARDS ***
Dealt to Dorex2007 [Ac 6h]
acvbhnet: folds 
montreal555: folds 
shakadevirgo90: folds 
CarlosECRuiz: raises $0.10 to $0.15
enixblr: folds 
Dorex2007: folds 
Manuelito180: folds 
vmrwin: folds 
Uncalled bet ($0.10) returned to CarlosECRuiz
CarlosECRuiz collected $0.12 from pot
CarlosECRuiz: doesn't show hand 
*** SUMMARY ***
Total pot $0.12 | Rake $0 
Seat 1: vmrwin (big blind) folded before Flop
Seat 2: acvbhnet folded before Flop (didn't bet)
Seat 3: montreal555 folded before Flop (didn't bet)
Seat 4: shakadevirgo90 folded before Flop (didn't bet)
Seat 5: CarlosECRuiz collected ($0.12)
Seat 7: enixblr folded before Flop (didn't bet)
Seat 8: Dorex2007 (button) folded before Flop (didn't bet)
Seat 9: Manuelito180 (small blind) folded before Flop



PokerStars Hand #237715466288:  Hold'em No Limit ($0.02/$0.05 USD) - 2022/07/31 19:15:04 PT [2022/07/31 22:15:04 ET]
Table 'Nihal II' 9-max Seat #9 is the button
Seat 1: vmrwin ($3.64 in chips) 
Seat 2: acvbhnet ($2.95 in chips) 
Seat 3: montreal555 ($5.19 in chips) 
Seat 4: shakadevirgo90 ($2.76 in chips) 
Seat 5: CarlosECRuiz ($3.86 in chips) 
Seat 7: enixblr ($6.54 in chips) 
Seat 8: Dorex2007 ($5.50 in chips) 
Seat 9: Manuelito180 ($4.61 in chips) 
vmrwin: posts small blind $0.02
acvbhnet: posts big blind $0.05
*** HOLE CARDS ***
Dealt to Dorex2007 [5h Qh]
montreal555: calls $0.05
shakadevirgo90: folds 
CarlosECRuiz: raises $0.05 to $0.10
enixblr: folds 
Dorex2007: folds 
Manuelito180: folds 
vmrwin: folds 
acvbhnet: calls $0.05
montreal555: calls $0.05
*** FLOP *** [6d Js Tc]
acvbhnet: checks 
montreal555: checks 
CarlosECRuiz: bets $0.25
acvbhnet: folds 
montreal555: folds 
Uncalled bet ($0.25) returned to CarlosECRuiz
CarlosECRuiz collected $0.31 from pot
CarlosECRuiz: doesn't show hand 
*** SUMMARY ***
Total pot $0.32 | Rake $0.01 
Board [6d Js Tc]
Seat 1: vmrwin (small blind) folded before Flop
Seat 2: acvbhnet (big blind) folded on the Flop
Seat 3: montreal555 folded on the Flop
Seat 4: shakadevirgo90 folded before Flop (didn't bet)
Seat 5: CarlosECRuiz collected ($0.31)
Seat 7: enixblr folded before Flop (didn't bet)
Seat 8: Dorex2007 folded before Flop (didn't bet)
Seat 9: Manuelito180 (button) folded before Flop (didn't bet)



PokerStars Hand #237715472916:  Hold'em No Limit ($0.02/$0.05 USD) - 2022/07/31 19:15:41 PT [2022/07/31 22:15:41 ET]
Table 'Nihal II' 9-max Seat #1 is the button
Seat 1: vmrwin ($3.62 in chips) 
Seat 2: acvbhnet ($2.85 in chips) 
Seat 3: montreal555 ($5.09 in chips) 
Seat 4: shakadevirgo90 ($2.76 in chips) 
Seat 5: CarlosECRuiz ($4.07 in chips) 
Seat 7: enixblr ($6.54 in chips) 
Seat 8: Dorex2007 ($5.50 in chips) 
Seat 9: Manuelito180 ($4.61 in chips) 
acvbhnet: posts small blind $0.02
montreal555: posts big blind $0.05
*** HOLE CARDS ***
Dealt to Dorex2007 [Qd 8d]
shakadevirgo90: folds 
CarlosECRuiz: folds 
enixblr: folds 
Dorex2007: folds 
Manuelito180: raises $0.10 to $0.15
vmrwin: folds 
acvbhnet: folds 
montreal555: folds 
Uncalled bet ($0.10) returned to Manuelito180
Manuelito180 collected $0.12 from pot
Manuelito180: doesn't show hand 
*** SUMMARY ***
Total pot $0.12 | Rake $0 
Seat 1: vmrwin (button) folded before Flop (didn't bet)
Seat 2: acvbhnet (small blind) folded before Flop
Seat 3: montreal555 (big blind) folded before Flop
Seat 4: shakadevirgo90 folded before Flop (didn't bet)
Seat 5: CarlosECRuiz folded before Flop (didn't bet)
Seat 7: enixblr folded before Flop (didn't bet)
Seat 8: Dorex2007 folded before Flop (didn't bet)
Seat 9: Manuelito180 collected ($0.12)



PokerStars Hand #237715476171:  Hold'em No Limit ($0.02/$0.05 USD) - 2022/07/31 19:16:00 PT [2022/07/31 22:16:00 ET]
Table 'Nihal II' 9-max Seat #2 is the button
Seat 1: vmrwin ($3.62 in chips) 
Seat 2: acvbhnet ($2.83 in chips) 
Seat 3: montreal555 ($5.04 in chips) 
Seat 4: shakadevirgo90 ($2.76 in chips) 
Seat 5: CarlosECRuiz ($4.07 in chips) 
Seat 7: enixblr ($6.54 in chips) 
Seat 8: Dorex2007 ($5.50 in chips) 
Seat 9: Manuelito180 ($4.68 in chips) 
montreal555: posts small blind $0.02
shakadevirgo90: posts big blind $0.05
*** HOLE CARDS ***
Dealt to Dorex2007 [Qs Kc]
CarlosECRuiz: folds 
enixblr: raises $0.07 to $0.12
Dorex2007: folds 
Manuelito180: folds 
vmrwin: folds 
acvbhnet: folds 
montreal555: folds 
shakadevirgo90: folds 
Uncalled bet ($0.07) returned to enixblr
enixblr collected $0.12 from pot
enixblr: doesn't show hand 
*** SUMMARY ***
Total pot $0.12 | Rake $0 
Seat 1: vmrwin folded before Flop (didn't bet)
Seat 2: acvbhnet (button) folded before Flop (didn't bet)
Seat 3: montreal555 (small blind) folded before Flop
Seat 4: shakadevirgo90 (big blind) folded before Flop
Seat 5: CarlosECRuiz folded before Flop (didn't bet)
Seat 7: enixblr collected ($0.12)
Seat 8: Dorex2007 folded before Flop (didn't bet)
Seat 9: Manuelito180 folded before Flop (didn't bet)



PokerStars Hand #237715479374:  Hold'em No Limit ($0.02/$0.05 USD) - 2022/07/31 19:16:17 PT [2022/07/31 22:16:17 ET]
Table 'Nihal II' 9-max Seat #3 is the button
Seat 1: vmrwin ($3.62 in chips) 
Seat 2: acvbhnet ($2.83 in chips) 
Seat 3: montreal555 ($5.02 in chips) 
Seat 4: shakadevirgo90 ($2.71 in chips) 
Seat 5: CarlosECRuiz ($4.07 in chips) 
Seat 7: enixblr ($6.61 in chips) 
Seat 8: Dorex2007 ($5.50 in chips) 
Seat 9: Manuelito180 ($4.68 in chips) 
shakadevirgo90: posts small blind $0.02
CarlosECRuiz: posts big blind $0.05
*** HOLE CARDS ***
Dealt to Dorex2007 [Ts 7h]
enixblr: folds 
Dorex2007: folds 
Manuelito180: folds 
vmrwin: folds 
acvbhnet: folds 
montreal555: folds 
shakadevirgo90: folds 
Uncalled bet ($0.03) returned to CarlosECRuiz
CarlosECRuiz collected $0.04 from pot
CarlosECRuiz: doesn't show hand 
*** SUMMARY ***
Total pot $0.04 | Rake $0 
Seat 1: vmrwin folded before Flop (didn't bet)
Seat 2: acvbhnet folded before Flop (didn't bet)
Seat 3: montreal555 (button) folded before Flop (didn't bet)
Seat 4: shakadevirgo90 (small blind) folded before Flop
Seat 5: CarlosECRuiz (big blind) collected ($0.04)
Seat 7: enixblr folded before Flop (didn't bet)
Seat 8: Dorex2007 folded before Flop (didn't bet)
Seat 9: Manuelito180 folded before Flop (didn't bet)



PokerStars Hand #237715487528:  Hold'em No Limit ($0.02/$0.05 USD) - 2022/07/31 19:17:03 PT [2022/07/31 22:17:03 ET]
Table 'Nihal II' 9-max Seat #4 is the button
Seat 1: vmrwin ($3.62 in chips) 
Seat 2: acvbhnet ($2.83 in chips) 
Seat 3: montreal555 ($5.02 in chips) 
Seat 4: shakadevirgo90 ($2.69 in chips) 
Seat 5: CarlosECRuiz ($4.09 in chips) 
Seat 7: enixblr ($6.61 in chips) 
Seat 8: Dorex2007 ($5.50 in chips) 
Seat 9: Manuelito180 ($4.68 in chips) 
CarlosECRuiz: posts small blind $0.02
enixblr: posts big blind $0.05
*** HOLE CARDS ***
Dealt to Dorex2007 [3s 2c]
Dorex2007: folds 
Manuelito180: raises $0.10 to $0.15
vmrwin: calls $0.15
acvbhnet: raises $0.33 to $0.48
montreal555: folds 
shakadevirgo90: folds 
CarlosECRuiz: folds 
enixblr: folds 
Manuelito180: folds 
vmrwin: folds 
Uncalled bet ($0.33) returned to acvbhnet
acvbhnet collected $0.52 from pot
acvbhnet: doesn't show hand 
*** SUMMARY ***
Total pot $0.52 | Rake $0 
Seat 1: vmrwin folded before Flop
Seat 2: acvbhnet collected ($0.52)
Seat 3: montreal555 folded before Flop (didn't bet)
Seat 4: shakadevirgo90 (button) folded before Flop (didn't bet)
Seat 5: CarlosECRuiz (small blind) folded before Flop
Seat 7: enixblr (big blind) folded before Flop
Seat 8: Dorex2007 folded before Flop (didn't bet)
Seat 9: Manuelito180 folded before Flop



PokerStars Hand #237715495780:  Hold'em No Limit ($0.02/$0.05 USD) - 2022/07/31 19:17:50 PT [2022/07/31 22:17:50 ET]
Table 'Nihal II' 9-max Seat #5 is the button
Seat 1: vmrwin ($3.47 in chips) 
Seat 2: acvbhnet ($3.20 in chips) 
Seat 3: montreal555 ($5.02 in chips) 
Seat 4: shakadevirgo90 ($2.69 in chips) 
Seat 5: CarlosECRuiz ($4.07 in chips) 
Seat 7: enixblr ($6.56 in chips) 
Seat 8: Dorex2007 ($5.50 in chips) 
Seat 9: Manuelito180 ($4.53 in chips) 
enixblr: posts small blind $0.02
Dorex2007: posts big blind $0.05
*** HOLE CARDS ***
Dealt to Dorex2007 [9h As]
Manuelito180: folds 
vmrwin: folds 
acvbhnet: folds 
montreal555: folds 
shakadevirgo90 has timed out
shakadevirgo90: folds 
CarlosECRuiz: folds 
enixblr: raises $0.10 to $0.15
Dorex2007: folds 
Uncalled bet ($0.10) returned to enixblr
enixblr collected $0.10 from pot
enixblr: doesn't show hand 
*** SUMMARY ***
Total pot $0.10 | Rake $0 
Seat 1: vmrwin folded before Flop (didn't bet)
Seat 2: acvbhnet folded before Flop (didn't bet)
Seat 3: montreal555 folded before Flop (didn't bet)
Seat 4: shakadevirgo90 folded before Flop (didn't bet)
Seat 5: CarlosECRuiz (button) folded before Flop (didn't bet)
Seat 7: enixblr (small blind) collected ($0.10)
Seat 8: Dorex2007 (big blind) folded before Flop
Seat 9: Manuelito180 folded before Flop (didn't bet)



PokerStars Hand #237715499813:  Hold'em No Limit ($0.02/$0.05 USD) - 2022/07/31 19:18:13 PT [2022/07/31 22:18:13 ET]
Table 'Nihal II' 9-max Seat #7 is the button
Seat 1: vmrwin ($3.47 in chips) 
Seat 2: acvbhnet ($3.20 in chips) 
Seat 3: montreal555 ($5.02 in chips) 
Seat 4: shakadevirgo90 ($2.69 in chips) 
Seat 5: CarlosECRuiz ($4.07 in chips) 
Seat 7: enixblr ($6.61 in chips) 
Seat 8: Dorex2007 ($5.45 in chips) 
Seat 9: Manuelito180 ($4.53 in chips) 
Dorex2007: posts small blind $0.02
Manuelito180: posts big blind $0.05
*** HOLE CARDS ***
Dealt to Dorex2007 [7d Ad]
vmrwin: folds 
acvbhnet: folds 
montreal555: folds 
shakadevirgo90: folds 
CarlosECRuiz: raises $0.10 to $0.15
enixblr: folds 
Dorex2007: folds 
Manuelito180: calls $0.10
*** FLOP *** [2h 8c 5s]
Manuelito180: checks 
CarlosECRuiz: checks 
*** TURN *** [2h 8c 5s] [Tc]
Manuelito180: checks 
CarlosECRuiz: bets $0.15
Manuelito180: calls $0.15
*** RIVER *** [2h 8c 5s Tc] [8h]
Manuelito180: bets $0.30
CarlosECRuiz: folds 
Uncalled bet ($0.30) returned to Manuelito180
Manuelito180 collected $0.59 from pot
Manuelito180: doesn't show hand 
*** SUMMARY ***
Total pot $0.62 | Rake $0.03 
Board [2h 8c 5s Tc 8h]
Seat 1: vmrwin folded before Flop (didn't bet)
Seat 2: acvbhnet folded before Flop (didn't bet)
Seat 3: montreal555 folded before Flop (didn't bet)
Seat 4: shakadevirgo90 folded before Flop (didn't bet)
Seat 5: CarlosECRuiz folded on the River
Seat 7: enixblr (button) folded before Flop (didn't bet)
Seat 8: Dorex2007 (small blind) folded before Flop
Seat 9: Manuelito180 (big blind) collected ($0.59)



PokerStars Hand #237715509562:  Hold'em No Limit ($0.02/$0.05 USD) - 2022/07/31 19:19:07 PT [2022/07/31 22:19:07 ET]
Table 'Nihal II' 9-max Seat #8 is the button
Seat 1: vmrwin ($3.47 in chips) 
Seat 2: acvbhnet ($3.20 in chips) 
Seat 3: montreal555 ($5.02 in chips) 
Seat 4: shakadevirgo90 ($2.69 in chips) 
Seat 5: CarlosECRuiz ($3.77 in chips) 
Seat 7: enixblr ($6.61 in chips) 
Seat 8: Dorex2007 ($5.43 in chips) 
Seat 9: Manuelito180 ($4.82 in chips) 
Manuelito180: posts small blind $0.02
vmrwin: posts big blind $0.05
*** HOLE CARDS ***
Dealt to Dorex2007 [Qh Qs]
acvbhnet: folds 
montreal555: folds 
shakadevirgo90: folds 
CarlosECRuiz: folds 
enixblr: raises $0.05 to $0.10
Dorex2007: raises $0.25 to $0.35
Manuelito180: folds 
vmrwin: folds 
enixblr: folds 
Uncalled bet ($0.25) returned to Dorex2007
Dorex2007 collected $0.27 from pot
Dorex2007: doesn't show hand 
*** SUMMARY ***
Total pot $0.27 | Rake $0 
Seat 1: vmrwin (big blind) folded before Flop
Seat 2: acvbhnet folded before Flop (didn't bet)
Seat 3: montreal555 folded before Flop (didn't bet)
Seat 4: shakadevirgo90 folded before Flop (didn't bet)
Seat 5: CarlosECRuiz folded before Flop (didn't bet)
Seat 7: enixblr folded before Flop
Seat 8: Dorex2007 (button) collected ($0.27)
Seat 9: Manuelito180 (small blind) folded before Flop



PokerStars Hand #237715516941:  Hold'em No Limit ($0.02/$0.05 USD) - 2022/07/31 19:19:49 PT [2022/07/31 22:19:49 ET]
Table 'Nihal II' 9-max Seat #9 is the button
Seat 1: vmrwin ($3.42 in chips) 
Seat 2: acvbhnet ($3.20 in chips) 
Seat 3: montreal555 ($5.02 in chips) 
Seat 4: shakadevirgo90 ($2.69 in chips) 
Seat 5: CarlosECRuiz ($3.77 in chips) 
Seat 7: enixblr ($6.51 in chips) 
Seat 8: Dorex2007 ($5.60 in chips) 
Seat 9: Manuelito180 ($4.80 in chips) 
vmrwin: posts small blind $0.02
acvbhnet: posts big blind $0.05
*** HOLE CARDS ***
Dealt to Dorex2007 [2d Ks]
montreal555: folds 
shakadevirgo90: folds 
CarlosECRuiz: folds 
enixblr: folds 
Dorex2007: folds 
Manuelito180: folds 
vmrwin: raises $0.10 to $0.15
acvbhnet: folds 
Uncalled bet ($0.10) returned to vmrwin
vmrwin collected $0.10 from pot
vmrwin: doesn't show hand 
*** SUMMARY ***
Total pot $0.10 | Rake $0 
Seat 1: vmrwin (small blind) collected ($0.10)
Seat 2: acvbhnet (big blind) folded before Flop
Seat 3: montreal555 folded before Flop (didn't bet)
Seat 4: shakadevirgo90 folded before Flop (didn't bet)
Seat 5: CarlosECRuiz folded before Flop (didn't bet)
Seat 7: enixblr folded before Flop (didn't bet)
Seat 8: Dorex2007 folded before Flop (didn't bet)
Seat 9: Manuelito180 (button) folded before Flop (didn't bet)



PokerStars Hand #237715519991:  Hold'em No Limit ($0.02/$0.05 USD) - 2022/07/31 19:20:06 PT [2022/07/31 22:20:06 ET]
Table 'Nihal II' 9-max Seat #1 is the button
Seat 1: vmrwin ($3.47 in chips) 
Seat 2: acvbhnet ($3.15 in chips) 
Seat 3: montreal555 ($5.02 in chips) 
Seat 4: shakadevirgo90 ($2.69 in chips) 
Seat 5: CarlosECRuiz ($3.77 in chips) 
Seat 7: enixblr ($6.51 in chips) 
Seat 8: Dorex2007 ($5.60 in chips) 
Seat 9: Manuelito180 ($4.80 in chips) 
acvbhnet: posts small blind $0.02
montreal555: posts big blind $0.05
*** HOLE CARDS ***
Dealt to Dorex2007 [6c 2s]
shakadevirgo90: folds 
CarlosECRuiz: folds 
enixblr: folds 
Dorex2007: folds 
Manuelito180: folds 
vmrwin: raises $0.10 to $0.15
acvbhnet: folds 
montreal555: calls $0.10
*** FLOP *** [Qc 8c 9s]
montreal555: checks 
vmrwin: bets $0.15
montreal555: folds 
Uncalled bet ($0.15) returned to vmrwin
vmrwin collected $0.31 from pot
vmrwin: doesn't show hand 
*** SUMMARY ***
Total pot $0.32 | Rake $0.01 
Board [Qc 8c 9s]
Seat 1: vmrwin (button) collected ($0.31)
Seat 2: acvbhnet (small blind) folded before Flop
Seat 3: montreal555 (big blind) folded on the Flop
Seat 4: shakadevirgo90 folded before Flop (didn't bet)
Seat 5: CarlosECRuiz folded before Flop (didn't bet)
Seat 7: enixblr folded before Flop (didn't bet)
Seat 8: Dorex2007 folded before Flop (didn't bet)
Seat 9: Manuelito180 folded before Flop (didn't bet)



PokerStars Hand #237715528137:  Hold'em No Limit ($0.02/$0.05 USD) - 2022/07/31 19:20:53 PT [2022/07/31 22:20:53 ET]
Table 'Nihal II' 9-max Seat #2 is the button
Seat 1: vmrwin ($3.63 in chips) 
Seat 2: acvbhnet ($3.13 in chips) 
Seat 3: montreal555 ($4.87 in chips) 
Seat 4: shakadevirgo90 ($2.69 in chips) 
Seat 5: CarlosECRuiz ($3.77 in chips) 
Seat 7: enixblr ($6.51 in chips) 
Seat 8: Dorex2007 ($5.60 in chips) 
Seat 9: Manuelito180 ($4.80 in chips) 
montreal555: posts small blind $0.02
shakadevirgo90: posts big blind $0.05
*** HOLE CARDS ***
Dealt to Dorex2007 [7s Jd]
CarlosECRuiz: folds 
enixblr: folds 
Dorex2007: folds 
Manuelito180: folds 
vmrwin: folds 
acvbhnet: raises $0.10 to $0.15
montreal555: folds 
shakadevirgo90: folds 
Uncalled bet ($0.10) returned to acvbhnet
acvbhnet collected $0.12 from pot
acvbhnet: doesn't show hand 
*** SUMMARY ***
Total pot $0.12 | Rake $0 
Seat 1: vmrwin folded before Flop (didn't bet)
Seat 2: acvbhnet (button) collected ($0.12)
Seat 3: montreal555 (small blind) folded before Flop
Seat 4: shakadevirgo90 (big blind) folded before Flop
Seat 5: CarlosECRuiz folded before Flop (didn't bet)
Seat 7: enixblr folded before Flop (didn't bet)
Seat 8: Dorex2007 folded before Flop (didn't bet)
Seat 9: Manuelito180 folded before Flop (didn't bet)



PokerStars Hand #237715532179:  Hold'em No Limit ($0.02/$0.05 USD) - 2022/07/31 19:21:16 PT [2022/07/31 22:21:16 ET]
Table 'Nihal II' 9-max Seat #3 is the button
Seat 1: vmrwin ($3.63 in chips) 
Seat 2: acvbhnet ($3.20 in chips) 
Seat 3: montreal555 ($4.85 in chips) 
Seat 4: shakadevirgo90 ($2.64 in chips) 
Seat 5: CarlosECRuiz ($3.77 in chips) 
Seat 7: enixblr ($6.51 in chips) 
Seat 8: Dorex2007 ($5.60 in chips) 
Seat 9: Manuelito180 ($4.80 in chips) 
shakadevirgo90: posts small blind $0.02
CarlosECRuiz: posts big blind $0.05
*** HOLE CARDS ***
Dealt to Dorex2007 [7h 9s]
enixblr: folds 
Dorex2007: folds 
Manuelito180: raises $0.07 to $0.12
vmrwin: folds 
acvbhnet: folds 
montreal555: folds 
shakadevirgo90: calls $0.10
CarlosECRuiz: folds 
*** FLOP *** [Jc Ts As]
shakadevirgo90: checks 
Manuelito180: bets $0.14
shakadevirgo90: folds 
Uncalled bet ($0.14) returned to Manuelito180
Manuelito180 collected $0.28 from pot
Manuelito180: doesn't show hand 
*** SUMMARY ***
Total pot $0.29 | Rake $0.01 
Board [Jc Ts As]
Seat 1: vmrwin folded before Flop (didn't bet)
Seat 2: acvbhnet folded before Flop (didn't bet)
Seat 3: montreal555 (button) folded before Flop (didn't bet)
Seat 4: shakadevirgo90 (small blind) folded on the Flop
Seat 5: CarlosECRuiz (big blind) folded before Flop
Seat 7: enixblr folded before Flop (didn't bet)
Seat 8: Dorex2007 folded before Flop (didn't bet)
Seat 9: Manuelito180 collected ($0.28)



PokerStars Hand #237715540269:  Hold'em No Limit ($0.02/$0.05 USD) - 2022/07/31 19:22:02 PT [2022/07/31 22:22:02 ET]
Table 'Nihal II' 9-max Seat #4 is the button
Seat 1: vmrwin ($3.63 in chips) 
Seat 2: acvbhnet ($3.20 in chips) 
Seat 3: montreal555 ($4.85 in chips) 
Seat 4: shakadevirgo90 ($2.52 in chips) 
Seat 5: CarlosECRuiz ($3.72 in chips) 
Seat 7: enixblr ($6.51 in chips) 
Seat 8: Dorex2007 ($5.60 in chips) 
Seat 9: Manuelito180 ($4.96 in chips) 
CarlosECRuiz: posts small blind $0.02
enixblr: posts big blind $0.05
*** HOLE CARDS ***
Dealt to Dorex2007 [Qh Qd]
Dorex2007: raises $0.15 to $0.20
Manuelito180: calls $0.20
vmrwin: folds 
acvbhnet: folds 
montreal555: calls $0.20
shakadevirgo90: calls $0.20
CarlosECRuiz: folds 
enixblr: folds 
*** FLOP *** [6h Tc Th]
Dorex2007: checks 
Manuelito180: checks 
montreal555: checks 
shakadevirgo90: checks 
*** TURN *** [6h Tc Th] [Ts]
Dorex2007: bets $0.20
Manuelito180: folds 
montreal555: folds 
shakadevirgo90: calls $0.20
*** RIVER *** [6h Tc Th Ts] [8c]
Dorex2007: bets $0.55
shakadevirgo90: raises $1.57 to $2.12 and is all-in
Dorex2007: calls $1.57
*** SHOW DOWN ***
shakadevirgo90: shows [8s As] (a full house, Tens full of Eights)
Dorex2007: shows [Qh Qd] (a full house, Tens full of Queens)
Dorex2007 collected $5.28 from pot
*** SUMMARY ***
Total pot $5.51 | Rake $0.23 
Board [6h Tc Th Ts 8c]
Seat 1: vmrwin folded before Flop (didn't bet)
Seat 2: acvbhnet folded before Flop (didn't bet)
Seat 3: montreal555 folded on the Turn
Seat 4: shakadevirgo90 (button) showed [8s As] and lost with a full house, Tens full of Eights
Seat 5: CarlosECRuiz (small blind) folded before Flop
Seat 7: enixblr (big blind) folded before Flop
Seat 8: Dorex2007 showed [Qh Qd] and won ($5.28) with a full house, Tens full of Queens
Seat 9: Manuelito180 folded on the Turn



PokerStars Hand #237715554994:  Hold'em No Limit ($0.02/$0.05 USD) - 2022/07/31 19:23:27 PT [2022/07/31 22:23:27 ET]
Table 'Nihal II' 9-max Seat #5 is the button
Seat 1: vmrwin ($3.63 in chips) 
Seat 2: acvbhnet ($3.20 in chips) 
Seat 3: montreal555 ($4.65 in chips) 
Seat 5: CarlosECRuiz ($3.70 in chips) 
Seat 7: enixblr ($6.46 in chips) 
Seat 8: Dorex2007 ($8.36 in chips) 
Seat 9: Manuelito180 ($4.76 in chips) 
enixblr: posts small blind $0.02
Dorex2007: posts big blind $0.05
*** HOLE CARDS ***
Dealt to Dorex2007 [4s 7s]
Manuelito180: folds 
vmrwin: folds 
shakadevirgo90 leaves the table
acvbhnet: raises $0.10 to $0.15
montreal555: folds 
kimikiwi87 joins the table at seat #4 
CarlosECRuiz: folds 
enixblr: folds 
Dorex2007: folds 
Uncalled bet ($0.10) returned to acvbhnet
acvbhnet collected $0.12 from pot
acvbhnet: doesn't show hand 
*** SUMMARY ***
Total pot $0.12 | Rake $0 
Seat 1: vmrwin folded before Flop (didn't bet)
Seat 2: acvbhnet collected ($0.12)
Seat 3: montreal555 folded before Flop (didn't bet)
Seat 5: CarlosECRuiz (button) folded before Flop (didn't bet)
Seat 7: enixblr (small blind) folded before Flop
Seat 8: Dorex2007 (big blind) folded before Flop
Seat 9: Manuelito180 folded before Flop (didn't bet)



PokerStars Hand #237715558939:  Hold'em No Limit ($0.02/$0.05 USD) - 2022/07/31 19:23:49 PT [2022/07/31 22:23:49 ET]
Table 'Nihal II' 9-max Seat #7 is the button
Seat 1: vmrwin ($3.63 in chips) 
Seat 2: acvbhnet ($3.27 in chips) 
Seat 3: montreal555 ($4.65 in chips) 
Seat 5: CarlosECRuiz ($3.70 in chips) 
Seat 7: enixblr ($6.44 in chips) 
Seat 8: Dorex2007 ($8.31 in chips) 
Seat 9: Manuelito180 ($4.76 in chips) 
Dorex2007: posts small blind $0.02
Manuelito180: posts big blind $0.05
kimikiwi87: sits out 
*** HOLE CARDS ***
Dealt to Dorex2007 [Ah 3d]
vmrwin: folds 
acvbhnet: folds 
montreal555: folds 
CarlosECRuiz: folds 
enixblr: folds 
Dorex2007: folds 
Uncalled bet ($0.03) returned to Manuelito180
Manuelito180 collected $0.04 from pot
Manuelito180: doesn't show hand 
*** SUMMARY ***
Total pot $0.04 | Rake $0 
Seat 1: vmrwin folded before Flop (didn't bet)
Seat 2: acvbhnet folded before Flop (didn't bet)
Seat 3: montreal555 folded before Flop (didn't bet)
Seat 5: CarlosECRuiz folded before Flop (didn't bet)
Seat 7: enixblr (button) folded before Flop (didn't bet)
Seat 8: Dorex2007 (small blind) folded before Flop
Seat 9: Manuelito180 (big blind) collected ($0.04)



PokerStars Hand #237715561757:  Hold'em No Limit ($0.02/$0.05 USD) - 2022/07/31 19:24:04 PT [2022/07/31 22:24:04 ET]
Table 'Nihal II' 9-max Seat #8 is the button
Seat 1: vmrwin ($3.63 in chips) 
Seat 2: acvbhnet ($3.27 in chips) 
Seat 3: montreal555 ($4.65 in chips) 
Seat 5: CarlosECRuiz ($3.70 in chips) 
Seat 7: enixblr ($6.44 in chips) 
Seat 8: Dorex2007 ($8.29 in chips) 
Seat 9: Manuelito180 ($4.78 in chips) 
Manuelito180: posts small blind $0.02
vmrwin: posts big blind $0.05
kimikiwi87: sits out 
*** HOLE CARDS ***
Dealt to Dorex2007 [2c 7s]
acvbhnet: raises $0.10 to $0.15
montreal555: calls $0.15
CarlosECRuiz: folds 
enixblr: folds 
Dorex2007: folds 
Manuelito180: folds 
vmrwin: folds 
*** FLOP *** [2h Ad 8s]
acvbhnet: checks 
montreal555: checks 
*** TURN *** [2h Ad 8s] [Jd]
acvbhnet: bets $0.35
montreal555: folds 
Uncalled bet ($0.35) returned to acvbhnet
acvbhnet collected $0.35 from pot
acvbhnet: doesn't show hand 
*** SUMMARY ***
Total pot $0.37 | Rake $0.02 
Board [2h Ad 8s Jd]
Seat 1: vmrwin (big blind) folded before Flop
Seat 2: acvbhnet collected ($0.35)
Seat 3: montreal555 folded on the Turn
Seat 5: CarlosECRuiz folded before Flop (didn't bet)
Seat 7: enixblr folded before Flop (didn't bet)
Seat 8: Dorex2007 (button) folded before Flop (didn't bet)
Seat 9: Manuelito180 (small blind) folded before Flop



PokerStars Hand #237715572219:  Hold'em No Limit ($0.02/$0.05 USD) - 2022/07/31 19:24:43 PT [2022/07/31 22:24:43 ET]
Table 'Nihal II' 9-max Seat #9 is the button
Seat 1: vmrwin ($3.58 in chips) 
Seat 2: acvbhnet ($3.47 in chips) 
Seat 3: montreal555 ($4.50 in chips) 
Seat 5: CarlosECRuiz ($3.70 in chips) 
Seat 7: enixblr ($6.44 in chips) 
Seat 8: Dorex2007 ($8.29 in chips) 
Seat 9: Manuelito180 ($4.76 in chips) 
vmrwin: posts small blind $0.02
acvbhnet: posts big blind $0.05
kimikiwi87: sits out 
*** HOLE CARDS ***
Dealt to Dorex2007 [Jc Qc]
montreal555: folds 
CarlosECRuiz: folds 
enixblr: folds 
Dorex2007: raises $0.05 to $0.10
Manuelito180: folds 
vmrwin: folds 
acvbhnet: calls $0.05
*** FLOP *** [Kd Ac 2h]
acvbhnet: checks 
Dorex2007: checks 
*** TURN *** [Kd Ac 2h] [Qd]
acvbhnet: checks 
Dorex2007: bets $0.14
acvbhnet: calls $0.14
*** RIVER *** [Kd Ac 2h Qd] [Qh]
acvbhnet: checks 
Dorex2007: checks 
*** SHOW DOWN ***
acvbhnet: shows [4d 8d] (a pair of Queens)
Dorex2007: shows [Jc Qc] (three of a kind, Queens)
Dorex2007 collected $0.48 from pot
*** SUMMARY ***
Total pot $0.50 | Rake $0.02 
Board [Kd Ac 2h Qd Qh]
Seat 1: vmrwin (small blind) folded before Flop
Seat 2: acvbhnet (big blind) showed [4d 8d] and lost with a pair of Queens
Seat 3: montreal555 folded before Flop (didn't bet)
Seat 5: CarlosECRuiz folded before Flop (didn't bet)
Seat 7: enixblr folded before Flop (didn't bet)
Seat 8: Dorex2007 showed [Jc Qc] and won ($0.48) with three of a kind, Queens
Seat 9: Manuelito180 (button) folded before Flop (didn't bet)



PokerStars Hand #237715578948:  Hold'em No Limit ($0.02/$0.05 USD) - 2022/07/31 19:25:22 PT [2022/07/31 22:25:22 ET]
Table 'Nihal II' 9-max Seat #1 is the button
Seat 1: vmrwin ($3.56 in chips) 
Seat 2: acvbhnet ($3.23 in chips) 
Seat 3: montreal555 ($4.50 in chips) 
Seat 5: CarlosECRuiz ($3.70 in chips) 
Seat 7: enixblr ($6.44 in chips) 
Seat 8: Dorex2007 ($8.53 in chips) 
Seat 9: Manuelito180 ($4.76 in chips) 
acvbhnet: posts small blind $0.02
montreal555: posts big blind $0.05
kimikiwi87: sits out 
*** HOLE CARDS ***
Dealt to Dorex2007 [7s 8s]
CarlosECRuiz: raises $0.10 to $0.15
enixblr: folds 
Dorex2007: folds 
Manuelito180: calls $0.15
vmrwin: folds 
acvbhnet: folds 
montreal555: folds 
*** FLOP *** [4s 2d 2c]
CarlosECRuiz: bets $0.17
Manuelito180: calls $0.17
*** TURN *** [4s 2d 2c] [Th]
CarlosECRuiz: bets $0.15
Manuelito180: calls $0.15
*** RIVER *** [4s 2d 2c Th] [2h]
CarlosECRuiz: checks 
Manuelito180: bets $0.50
CarlosECRuiz: calls $0.50
*** SHOW DOWN ***
Manuelito180: shows [Ts Kh] (a full house, Deuces full of Tens)
CarlosECRuiz: mucks hand 
Manuelito180 collected $1.93 from pot
*** SUMMARY ***
Total pot $2.01 | Rake $0.08 
Board [4s 2d 2c Th 2h]
Seat 1: vmrwin (button) folded before Flop (didn't bet)
Seat 2: acvbhnet (small blind) folded before Flop
Seat 3: montreal555 (big blind) folded before Flop
Seat 5: CarlosECRuiz mucked [5c 5d]
Seat 7: enixblr folded before Flop (didn't bet)
Seat 8: Dorex2007 folded before Flop (didn't bet)
Seat 9: Manuelito180 showed [Ts Kh] and won ($1.93) with a full house, Deuces full of Tens



PokerStars Hand #237715624652:  Hold'em No Limit ($0.02/$0.05 USD) - 2022/07/31 19:29:48 PT [2022/07/31 22:29:48 ET]
Table 'Nihal II' 9-max Seat #9 is the button
Seat 1: vmrwin ($6.76 in chips) 
Seat 2: acvbhnet ($2.37 in chips) 
Seat 3: montreal555 ($0.24 in chips) 
Seat 4: kimikiwi87 ($4.88 in chips) 
Seat 5: CarlosECRuiz ($2.73 in chips) 
Seat 7: enixblr ($6.37 in chips) 
Seat 8: Dorex2007 ($8.53 in chips) 
Seat 9: Manuelito180 ($7.33 in chips) 
vmrwin: posts small blind $0.02
acvbhnet: posts big blind $0.05
Dorex2007: posts small & big blinds $0.07
*** HOLE CARDS ***
Dealt to Dorex2007 [6c 3d]
montreal555: folds 
kimikiwi87: calls $0.05
CarlosECRuiz: raises $0.10 to $0.15
enixblr: folds 
Dorex2007: folds 
Manuelito180: folds 
vmrwin: folds 
acvbhnet: folds 
kimikiwi87: folds 
Uncalled bet ($0.10) returned to CarlosECRuiz
CarlosECRuiz collected $0.24 from pot
CarlosECRuiz: doesn't show hand 
*** SUMMARY ***
Total pot $0.24 | Rake $0 
Seat 1: vmrwin (small blind) folded before Flop
Seat 2: acvbhnet (big blind) folded before Flop
Seat 3: montreal555 folded before Flop (didn't bet)
Seat 4: kimikiwi87 folded before Flop
Seat 5: CarlosECRuiz collected ($0.24)
Seat 7: enixblr folded before Flop (didn't bet)
Seat 8: Dorex2007 folded before Flop (didn't bet)
Seat 9: Manuelito180 (button) folded before Flop (didn't bet)



PokerStars Hand #237715630316:  Hold'em No Limit ($0.02/$0.05 USD) - 2022/07/31 19:30:21 PT [2022/07/31 22:30:21 ET]
Table 'Nihal II' 9-max Seat #1 is the button
Seat 1: vmrwin ($6.74 in chips) 
Seat 2: acvbhnet ($2.32 in chips) 
Seat 3: montreal555 ($0.24 in chips) 
Seat 4: kimikiwi87 ($4.83 in chips) 
Seat 5: CarlosECRuiz ($2.92 in chips) 
Seat 7: enixblr ($6.37 in chips) 
Seat 8: Dorex2007 ($8.46 in chips) 
Seat 9: Manuelito180 ($7.33 in chips) 
acvbhnet: posts small blind $0.02
montreal555: posts big blind $0.05
*** HOLE CARDS ***
Dealt to Dorex2007 [8s Jc]
kimikiwi87: folds 
CarlosECRuiz: folds 
enixblr: folds 
Dorex2007: folds 
Manuelito180: raises $0.10 to $0.15
vmrwin: folds 
acvbhnet: calls $0.13
montreal555: calls $0.10
*** FLOP *** [Th Qc 6d]
acvbhnet: checks 
montreal555: checks 
Manuelito180: bets $0.17
acvbhnet: raises $0.77 to $0.94
montreal555: folds 
Manuelito180: raises $6.24 to $7.18 and is all-in
acvbhnet: calls $1.23 and is all-in
Uncalled bet ($5.01) returned to Manuelito180
*** TURN *** [Th Qc 6d] [Jd]
*** RIVER *** [Th Qc 6d Jd] [Tc]
*** SHOW DOWN ***
acvbhnet: shows [Ks Qh] (two pair, Queens and Tens)
Manuelito180: shows [Qs Ts] (a full house, Tens full of Queens)
Manuelito180 collected $4.59 from pot
*** SUMMARY ***
Total pot $4.79 | Rake $0.20 
Board [Th Qc 6d Jd Tc]
Seat 1: vmrwin (button) folded before Flop (didn't bet)
Seat 2: acvbhnet (small blind) showed [Ks Qh] and lost with two pair, Queens and Tens
Seat 3: montreal555 (big blind) folded on the Flop
Seat 4: kimikiwi87 folded before Flop (didn't bet)
Seat 5: CarlosECRuiz folded before Flop (didn't bet)
Seat 7: enixblr folded before Flop (didn't bet)
Seat 8: Dorex2007 folded before Flop (didn't bet)
Seat 9: Manuelito180 showed [Qs Ts] and won ($4.59) with a full house, Tens full of Queens



PokerStars Hand #237715638835:  Hold'em No Limit ($0.02/$0.05 USD) - 2022/07/31 19:31:12 PT [2022/07/31 22:31:12 ET]
Table 'Nihal II' 9-max Seat #3 is the button
Seat 1: vmrwin ($6.74 in chips) 
Seat 3: montreal555 ($0.09 in chips) 
Seat 4: kimikiwi87 ($4.83 in chips) 
Seat 5: CarlosECRuiz ($2.92 in chips) 
Seat 7: enixblr ($6.37 in chips) 
Seat 8: Dorex2007 ($8.46 in chips) 
Seat 9: Manuelito180 ($9.60 in chips) 
kimikiwi87: posts small blind $0.02
CarlosECRuiz: posts big blind $0.05
*** HOLE CARDS ***
Dealt to Dorex2007 [7h 9h]
enixblr: raises $0.10 to $0.15
acvbhnet leaves the table
Dorex2007: folds 
Manuelito180: folds 
vmrwin: folds 
montreal555: folds 
kimikiwi87: folds 
CarlosECRuiz: calls $0.10
*** FLOP *** [8h Td 3h]
CarlosECRuiz: checks 
enixblr: bets $0.31
CarlosECRuiz: calls $0.31
*** TURN *** [8h Td 3h] [2c]
CarlosECRuiz: checks 
Herbert CNR joins the table at seat #2 
enixblr: bets $0.90
CarlosECRuiz: raises $1.56 to $2.46 and is all-in
enixblr: calls $1.56
*** RIVER *** [8h Td 3h 2c] [9s]
*** SHOW DOWN ***
CarlosECRuiz: shows [Ad Qc] (high card Ace)
enixblr: shows [Qd Qs] (a pair of Queens)
enixblr cashed out the hand for $5.18 | Cash Out Fee $0.05
*** SUMMARY ***
Total pot $5.86 | Rake $0.24 
Board [8h Td 3h 2c 9s]
Seat 1: vmrwin folded before Flop (didn't bet)
Seat 3: montreal555 (button) folded before Flop (didn't bet)
Seat 4: kimikiwi87 (small blind) folded before Flop
Seat 5: CarlosECRuiz (big blind) showed [Ad Qc] and lost with high card Ace
Seat 7: enixblr showed [Qd Qs] and won ($5.62) with a pair of Queens (pot not awarded as player cashed out)
Seat 8: Dorex2007 folded before Flop (didn't bet)
Seat 9: Manuelito180 folded before Flop (didn't bet)



PokerStars Hand #237715656933:  Hold'em No Limit ($0.02/$0.05 USD) - 2022/07/31 19:32:13 PT [2022/07/31 22:32:13 ET]
Table 'Nihal II' 9-max Seat #4 is the button
Seat 1: vmrwin ($6.74 in chips) 
Seat 3: montreal555 ($0.09 in chips) 
Seat 4: kimikiwi87 ($4.81 in chips) 
Seat 7: enixblr ($8.63 in chips) 
Seat 8: Dorex2007 ($8.46 in chips) 
Seat 9: Manuelito180 ($9.60 in chips) 
enixblr: posts small blind $0.02
Dorex2007: posts big blind $0.05
Herbert CNR: sits out 
*** HOLE CARDS ***
Dealt to Dorex2007 [6c Qh]
Manuelito180: folds 
vmrwin: folds 
CarlosECRuiz leaves the table
montreal555: folds 
kimikiwi87: folds 
enixblr: raises $0.10 to $0.15
Dorex2007: folds 
Uncalled bet ($0.10) returned to enixblr
enixblr collected $0.10 from pot
enixblr: doesn't show hand 
*** SUMMARY ***
Total pot $0.10 | Rake $0 
Seat 1: vmrwin folded before Flop (didn't bet)
Seat 3: montreal555 folded before Flop (didn't bet)
Seat 4: kimikiwi87 (button) folded before Flop (didn't bet)
Seat 7: enixblr (small blind) collected ($0.10)
Seat 8: Dorex2007 (big blind) folded before Flop
Seat 9: Manuelito180 folded before Flop (didn't bet)



PokerStars Hand #237715659744:  Hold'em No Limit ($0.02/$0.05 USD) - 2022/07/31 19:32:30 PT [2022/07/31 22:32:30 ET]
Table 'Nihal II' 9-max Seat #7 is the button
Seat 1: vmrwin ($6.74 in chips) 
Seat 3: montreal555 ($0.09 in chips) 
Seat 4: kimikiwi87 ($4.81 in chips) 
Seat 7: enixblr ($8.68 in chips) 
Seat 8: Dorex2007 ($8.41 in chips) 
Seat 9: Manuelito180 ($9.60 in chips) 
Dorex2007: posts small blind $0.02
Manuelito180: posts big blind $0.05
Herbert CNR: sits out 
*** HOLE CARDS ***
Dealt to Dorex2007 [Td Jc]
vmrwin: folds 
montreal555: raises $0.04 to $0.09 and is all-in
kimikiwi87: folds 
enixblr: raises $0.11 to $0.20
Dorex2007: folds 
Manuelito180: calls $0.15
*** FLOP *** [Tc 3h 6d]
Manuelito180: checks 
enixblr: bets $0.15
Manuelito180: calls $0.15
*** TURN *** [Tc 3h 6d] [Jh]
Manuelito180: checks 
enixblr: bets $0.59
Manuelito180: folds 
Uncalled bet ($0.59) returned to enixblr
*** RIVER *** [Tc 3h 6d Jh] [Kh]
*** SHOW DOWN ***
enixblr: shows [Qh Ah] (a flush, Ace high)
montreal555: shows [2d Kd] (a pair of Kings)
enixblr cashed out the hand for $0.75 | Cash Out Fee $0.01
*** SUMMARY ***
Total pot $0.81 Main pot $0.28. Side pot $0.50. | Rake $0.03 
Board [Tc 3h 6d Jh Kh]
Seat 1: vmrwin folded before Flop (didn't bet)
Seat 3: montreal555 showed [2d Kd] and lost with a pair of Kings
Seat 4: kimikiwi87 folded before Flop (didn't bet)
Seat 7: enixblr (button) showed [Qh Ah] and won ($0.78) with a flush, Ace high (pot not awarded as player cashed out)
Seat 8: Dorex2007 (small blind) folded before Flop
Seat 9: Manuelito180 (big blind) folded on the Turn



PokerStars Hand #237715667098:  Hold'em No Limit ($0.02/$0.05 USD) - 2022/07/31 19:33:13 PT [2022/07/31 22:33:13 ET]
Table 'Nihal II' 9-max Seat #8 is the button
Seat 1: vmrwin ($6.74 in chips) 
Seat 4: kimikiwi87 ($4.81 in chips) 
Seat 8: Dorex2007 ($8.39 in chips) 
Seat 9: Manuelito180 ($9.25 in chips) 
Manuelito180: posts small blind $0.02
vmrwin: posts big blind $0.05
Herbert CNR: sits out 
*** HOLE CARDS ***
Dealt to Dorex2007 [6h 5h]
kimikiwi87: folds 
Dorex2007: folds 
Manuelito180: folds 
Uncalled bet ($0.03) returned to vmrwin
vmrwin collected $0.04 from pot
vmrwin: doesn't show hand 
montreal555 leaves the table
*** SUMMARY ***
Total pot $0.04 | Rake $0 
Seat 1: vmrwin (big blind) collected ($0.04)
Seat 4: kimikiwi87 folded before Flop (didn't bet)
Seat 8: Dorex2007 (button) folded before Flop (didn't bet)
Seat 9: Manuelito180 (small blind) folded before Flop



PokerStars Hand #237715668561:  Hold'em No Limit ($0.02/$0.05 USD) - 2022/07/31 19:33:22 PT [2022/07/31 22:33:22 ET]
Table 'Nihal II' 9-max Seat #9 is the button
Seat 1: vmrwin ($6.76 in chips) 
Seat 2: Herbert CNR ($5 in chips) 
Seat 4: kimikiwi87 ($4.81 in chips) 
Seat 7: enixblr ($9.08 in chips) 
Seat 8: Dorex2007 ($8.39 in chips) 
Seat 9: Manuelito180 ($9.23 in chips) 
vmrwin: posts small blind $0.02
Herbert CNR: posts big blind $0.05
*** HOLE CARDS ***
Dealt to Dorex2007 [6c Ts]
kimikiwi87: folds 
enixblr: folds 
Dorex2007: folds 
Manuelito180: raises $0.10 to $0.15
vmrwin: folds 
Herbert CNR: raises $0.15 to $0.30
Manuelito180: calls $0.15
*** FLOP *** [2s Kc 6h]
Herbert CNR: checks 
Manuelito180: checks 
*** TURN *** [2s Kc 6h] [6d]
Herbert CNR: bets $0.25
Manuelito180: folds 
Uncalled bet ($0.25) returned to Herbert CNR
Herbert CNR collected $0.59 from pot
Herbert CNR: doesn't show hand 
*** SUMMARY ***
Total pot $0.62 | Rake $0.03 
Board [2s Kc 6h 6d]
Seat 1: vmrwin (small blind) folded before Flop
Seat 2: Herbert CNR (big blind) collected ($0.59)
Seat 4: kimikiwi87 folded before Flop (didn't bet)
Seat 7: enixblr folded before Flop (didn't bet)
Seat 8: Dorex2007 folded before Flop (didn't bet)
Seat 9: Manuelito180 (button) folded on the Turn



PokerStars Hand #237715675272:  Hold'em No Limit ($0.02/$0.05 USD) - 2022/07/31 19:34:02 PT [2022/07/31 22:34:02 ET]
Table 'Nihal II' 9-max Seat #1 is the button
Seat 1: vmrwin ($6.74 in chips) 
Seat 2: Herbert CNR ($5.29 in chips) 
Seat 4: kimikiwi87 ($4.81 in chips) 
Seat 7: enixblr ($9.08 in chips) 
Seat 8: Dorex2007 ($8.39 in chips) 
Seat 9: Manuelito180 ($8.93 in chips) 
Herbert CNR: posts small blind $0.02
kimikiwi87: posts big blind $0.05
*** HOLE CARDS ***
Dealt to Dorex2007 [6h 3c]
enixblr: folds 
Dorex2007: folds 
Manuelito180: folds 
vmrwin: raises $0.10 to $0.15
Herbert CNR: folds 
kimikiwi87: folds 
Uncalled bet ($0.10) returned to vmrwin
vmrwin collected $0.12 from pot
vmrwin: doesn't show hand 
*** SUMMARY ***
Total pot $0.12 | Rake $0 
Seat 1: vmrwin (button) collected ($0.12)
Seat 2: Herbert CNR (small blind) folded before Flop
Seat 4: kimikiwi87 (big blind) folded before Flop
Seat 7: enixblr folded before Flop (didn't bet)
Seat 8: Dorex2007 folded before Flop (didn't bet)
Seat 9: Manuelito180 folded before Flop (didn't bet)



PokerStars Hand #237715678902:  Hold'em No Limit ($0.02/$0.05 USD) - 2022/07/31 19:34:24 PT [2022/07/31 22:34:24 ET]
Table 'Nihal II' 9-max Seat #2 is the button
Seat 1: vmrwin ($6.81 in chips) 
Seat 2: Herbert CNR ($5.27 in chips) 
Seat 4: kimikiwi87 ($4.76 in chips) 
Seat 7: enixblr ($9.08 in chips) 
Seat 8: Dorex2007 ($8.39 in chips) 
Seat 9: Manuelito180 ($8.93 in chips) 
kimikiwi87: posts small blind $0.02
enixblr: posts big blind $0.05
*** HOLE CARDS ***
Dealt to Dorex2007 [8s 9h]
Dorex2007: folds 
Manuelito180: folds 
vmrwin: folds 
Herbert CNR: folds 
kimikiwi87: folds 
Uncalled bet ($0.03) returned to enixblr
enixblr collected $0.04 from pot
kyleallan2000 leaves the table
enixblr: doesn't show hand 
*** SUMMARY ***
Total pot $0.04 | Rake $0 
Seat 1: vmrwin folded before Flop (didn't bet)
Seat 2: Herbert CNR (button) folded before Flop (didn't bet)
Seat 4: kimikiwi87 (small blind) folded before Flop
Seat 7: enixblr (big blind) collected ($0.04)
Seat 8: Dorex2007 folded before Flop (didn't bet)
Seat 9: Manuelito180 folded before Flop (didn't bet)



PokerStars Hand #237715681127:  Hold'em No Limit ($0.02/$0.05 USD) - 2022/07/31 19:34:37 PT [2022/07/31 22:34:37 ET]
Table 'Nihal II' 9-max Seat #4 is the button
Seat 1: vmrwin ($6.81 in chips) 
Seat 2: Herbert CNR ($5.27 in chips) 
Seat 4: kimikiwi87 ($4.74 in chips) 
Seat 7: enixblr ($9.10 in chips) 
Seat 8: Dorex2007 ($8.39 in chips) 
Seat 9: Manuelito180 ($8.93 in chips) 
enixblr: posts small blind $0.02
Dorex2007: posts big blind $0.05
*** HOLE CARDS ***
Dealt to Dorex2007 [Qh 9s]
Manuelito180: folds 
vmrwin: folds 
Herbert CNR: folds 
kimikiwi87: folds 
enixblr: raises $0.10 to $0.15
Dorex2007: folds 
Uncalled bet ($0.10) returned to enixblr
enixblr collected $0.10 from pot
enixblr: doesn't show hand 
*** SUMMARY ***
Total pot $0.10 | Rake $0 
Seat 1: vmrwin folded before Flop (didn't bet)
Seat 2: Herbert CNR folded before Flop (didn't bet)
Seat 4: kimikiwi87 (button) folded before Flop (didn't bet)
Seat 7: enixblr (small blind) collected ($0.10)
Seat 8: Dorex2007 (big blind) folded before Flop
Seat 9: Manuelito180 folded before Flop (didn't bet)



PokerStars Hand #237715683790:  Hold'em No Limit ($0.02/$0.05 USD) - 2022/07/31 19:34:53 PT [2022/07/31 22:34:53 ET]
Table 'Nihal II' 9-max Seat #7 is the button
Seat 1: vmrwin ($6.81 in chips) 
Seat 2: Herbert CNR ($5.27 in chips) 
Seat 4: kimikiwi87 ($4.74 in chips) 
Seat 7: enixblr ($9.15 in chips) 
Seat 8: Dorex2007 ($8.34 in chips) 
Seat 9: Manuelito180 ($8.93 in chips) 
Dorex2007: posts small blind $0.02
Manuelito180: posts big blind $0.05
*** HOLE CARDS ***
Dealt to Dorex2007 [6c Kd]
vmrwin: folds 
Herbert CNR: calls $0.05
kimikiwi87: folds 
vmrwin leaves the table
enixblr: folds 
Dorex2007: folds 
Manuelito180: raises $0.10 to $0.15
enixblr leaves the table
enixblr joins the table at seat #1 
Herbert CNR: calls $0.10
*** FLOP *** [7d 8s 5c]
Manuelito180: bets $0.26
Herbert CNR: folds 
Uncalled bet ($0.26) returned to Manuelito180
Manuelito180 collected $0.31 from pot
Manuelito180: doesn't show hand 
*** SUMMARY ***
Total pot $0.32 | Rake $0.01 
Board [7d 8s 5c]
Seat 1: vmrwin folded before Flop (didn't bet)
Seat 2: Herbert CNR folded on the Flop
Seat 4: kimikiwi87 folded before Flop (didn't bet)
Seat 7: enixblr (button) folded before Flop (didn't bet)
Seat 8: Dorex2007 (small blind) folded before Flop
Seat 9: Manuelito180 (big blind) collected ($0.31)



PokerStars Hand #237715689885:  Hold'em No Limit ($0.02/$0.05 USD) - 2022/07/31 19:35:30 PT [2022/07/31 22:35:30 ET]
Table 'Nihal II' 9-max Seat #8 is the button
Seat 1: enixblr ($9.15 in chips) 
Seat 2: Herbert CNR ($5.12 in chips) 
Seat 4: kimikiwi87 ($4.74 in chips) 
Seat 8: Dorex2007 ($8.32 in chips) 
Seat 9: Manuelito180 ($9.09 in chips) 
Manuelito180: posts small blind $0.02
enixblr: posts big blind $0.05
*** HOLE CARDS ***
Dealt to Dorex2007 [6h 2d]
Herbert CNR: folds 
kimikiwi87: calls $0.05
Dorex2007: folds 
Manuelito180: calls $0.03
enixblr: checks 
*** FLOP *** [4s 7h Ad]
Manuelito180: checks 
enixblr: checks 
kimikiwi87: bets $0.05
Manuelito180: calls $0.05
enixblr: calls $0.05
*** TURN *** [4s 7h Ad] [5s]
Manuelito180: bets $0.14
enixblr: folds 
kimikiwi87: calls $0.14
*** RIVER *** [4s 7h Ad 5s] [Ts]
Herbert CNR leaves the table
Manuelito180: checks 
kimikiwi87: checks 
*** SHOW DOWN ***
Manuelito180: shows [3h As] (a pair of Aces)
kimikiwi87: shows [Td Ac] (two pair, Aces and Tens)
kimikiwi87 collected $0.56 from pot
*** SUMMARY ***
Total pot $0.58 | Rake $0.02 
Board [4s 7h Ad 5s Ts]
Seat 1: enixblr (big blind) folded on the Turn
Seat 2: Herbert CNR folded before Flop (didn't bet)
Seat 4: kimikiwi87 showed [Td Ac] and won ($0.56) with two pair, Aces and Tens
Seat 8: Dorex2007 (button) folded before Flop (didn't bet)
Seat 9: Manuelito180 (small blind) showed [3h As] and lost with a pair of Aces



PokerStars Hand #237715698181:  Hold'em No Limit ($0.02/$0.05 USD) - 2022/07/31 19:36:21 PT [2022/07/31 22:36:21 ET]
Table 'Nihal II' 9-max Seat #9 is the button
Seat 1: enixblr ($9.05 in chips) 
Seat 8: Dorex2007 ($8.32 in chips) 
Seat 9: Manuelito180 ($8.85 in chips) 
enixblr: posts small blind $0.02
kimikiwi87: is sitting out 
Dorex2007: posts big blind $0.05
*** HOLE CARDS ***
Dealt to Dorex2007 [6c 6s]
Manuelito180: folds 
enixblr: raises $0.05 to $0.10
kimikiwi87 leaves the table
Dorex2007: calls $0.05
*** FLOP *** [Ts Th 7c]
enixblr: bets $0.15
Dorex2007: folds 
Uncalled bet ($0.15) returned to enixblr
enixblr collected $0.19 from pot
enixblr: doesn't show hand 
*** SUMMARY ***
Total pot $0.20 | Rake $0.01 
Board [Ts Th 7c]
Seat 1: enixblr (small blind) collected ($0.19)
Seat 8: Dorex2007 (big blind) folded on the Flop
Seat 9: Manuelito180 (button) folded before Flop (didn't bet)



PokerStars Hand #237715711116:  Hold'em No Limit ($0.02/$0.05 USD) - 2022/07/31 19:36:54 PT [2022/07/31 22:36:54 ET]
Table 'Nihal II' 9-max Seat #8 is the button
Seat 1: enixblr ($9.14 in chips) 
Seat 8: Dorex2007 ($8.22 in chips) 
Dorex2007: posts small blind $0.02
Manuelito180: is sitting out 
enixblr: posts big blind $0.05
*** HOLE CARDS ***
Dealt to Dorex2007 [4s 6c]
Dorex2007: folds 
Uncalled bet ($0.03) returned to enixblr
enixblr collected $0.04 from pot
enixblr: doesn't show hand 
*** SUMMARY ***
Total pot $0.04 | Rake $0 
Seat 1: enixblr (big blind) collected ($0.04)
Seat 8: Dorex2007 (button) (small blind) folded before Flop



PokerStars Hand #237715712089:  Hold'em No Limit ($0.02/$0.05 USD) - 2022/07/31 19:37:00 PT [2022/07/31 22:37:00 ET]
Table 'Nihal II' 9-max Seat #1 is the button
Seat 1: enixblr ($9.16 in chips) 
Seat 8: Dorex2007 ($8.20 in chips) 
enixblr: posts small blind $0.02
Dorex2007: posts big blind $0.05
*** HOLE CARDS ***
Dealt to Dorex2007 [Kh 7c]
Manuelito180 leaves the table
enixblr: raises $0.05 to $0.10
Dorex2007: folds 
Uncalled bet ($0.05) returned to enixblr
enixblr collected $0.10 from pot
enixblr: doesn't show hand 
*** SUMMARY ***
Total pot $0.10 | Rake $0 
Seat 1: enixblr (button) (small blind) collected ($0.10)
Seat 8: Dorex2007 (big blind) folded before Flop



