PokerStars Hand #238590540496:  Hold'em No Limit ($0.02/$0.05 USD) - 2022/09/12 15:39:20 PT [2022/09/12 18:39:20 ET]
Table 'Aries III' 9-max Seat #9 is the button
Seat 1: André Pará ($5.95 in chips) 
Seat 2: Pocket2'sdan ($6.52 in chips) 
Seat 3: viniciusnd1 ($8.36 in chips) 
Seat 4: enixblr ($5 in chips) 
Seat 5: Al_pkr_plyr ($9.69 in chips) 
Seat 6: henriquefjc ($2.23 in chips) 
Seat 7: Zzzanderman ($6.08 in chips) 
Seat 8: Dorex2007 ($5 in chips) 
Seat 9: hullab ($4.55 in chips) 
André Pará: posts small blind $0.02
Pocket2'sdan: posts big blind $0.05
Dorex2007: posts big blind $0.05
*** HOLE CARDS ***
Dealt to Dorex2007 [Ac 3h]
viniciusnd1: folds 
enixblr: folds 
Al_pkr_plyr: folds 
henriquefjc: folds 
Zzzanderman: folds 
Dorex2007: checks 
hullab: folds 
André Pará: folds 
Pocket2'sdan: checks 
*** FLOP *** [Qs Kc 7d]
Pocket2'sdan: checks 
Dorex2007: checks 
*** TURN *** [Qs Kc 7d] [7c]
Pocket2'sdan: checks 
Dorex2007: checks 
*** RIVER *** [Qs Kc 7d 7c] [Td]
Pocket2'sdan: checks 
Dorex2007: checks 
*** SHOW DOWN ***
Pocket2'sdan: shows [8d 9h] (a pair of Sevens)
Dorex2007: shows [Ac 3h] (a pair of Sevens - Ace kicker)
Dorex2007 collected $0.12 from pot
*** SUMMARY ***
Total pot $0.12 | Rake $0 
Board [Qs Kc 7d 7c Td]
Seat 1: André Pará (small blind) folded before Flop
Seat 2: Pocket2'sdan (big blind) showed [8d 9h] and lost with a pair of Sevens
Seat 3: viniciusnd1 folded before Flop (didn't bet)
Seat 4: enixblr folded before Flop (didn't bet)
Seat 5: Al_pkr_plyr folded before Flop (didn't bet)
Seat 6: henriquefjc folded before Flop (didn't bet)
Seat 7: Zzzanderman folded before Flop (didn't bet)
Seat 8: Dorex2007 showed [Ac 3h] and won ($0.12) with a pair of Sevens
Seat 9: hullab (button) folded before Flop (didn't bet)



PokerStars Hand #238590556168:  Hold'em No Limit ($0.02/$0.05 USD) - 2022/09/12 15:40:07 PT [2022/09/12 18:40:07 ET]
Table 'Aries III' 9-max Seat #1 is the button
Seat 1: André Pará ($5.93 in chips) 
Seat 2: Pocket2'sdan ($6.47 in chips) 
Seat 3: viniciusnd1 ($8.36 in chips) 
Seat 4: enixblr ($5 in chips) 
Seat 5: Al_pkr_plyr ($9.69 in chips) 
Seat 6: henriquefjc ($2.23 in chips) 
Seat 7: Zzzanderman ($6.08 in chips) 
Seat 8: Dorex2007 ($5.07 in chips) 
Seat 9: hullab ($4.55 in chips) 
Pocket2'sdan: posts small blind $0.02
viniciusnd1: posts big blind $0.05
*** HOLE CARDS ***
Dealt to Dorex2007 [4s 9d]
enixblr has timed out
enixblr: folds 
Al_pkr_plyr: folds 
henriquefjc: folds 
Zzzanderman: folds 
Dorex2007: folds 
hullab: calls $0.05
André Pará: folds 
Pocket2'sdan: calls $0.03
viniciusnd1: checks 
*** FLOP *** [2d 9s Qs]
Pocket2'sdan: checks 
viniciusnd1: checks 
hullab: checks 
*** TURN *** [2d 9s Qs] [8c]
Pocket2'sdan: bets $0.10
viniciusnd1: folds 
hullab: calls $0.10
*** RIVER *** [2d 9s Qs 8c] [5h]
Pocket2'sdan: bets $0.20
hullab: folds 
Uncalled bet ($0.20) returned to Pocket2'sdan
Pocket2'sdan collected $0.34 from pot
Pocket2'sdan: doesn't show hand 
*** SUMMARY ***
Total pot $0.35 | Rake $0.01 
Board [2d 9s Qs 8c 5h]
Seat 1: André Pará (button) folded before Flop (didn't bet)
Seat 2: Pocket2'sdan (small blind) collected ($0.34)
Seat 3: viniciusnd1 (big blind) folded on the Turn
Seat 4: enixblr folded before Flop (didn't bet)
Seat 5: Al_pkr_plyr folded before Flop (didn't bet)
Seat 6: henriquefjc folded before Flop (didn't bet)
Seat 7: Zzzanderman folded before Flop (didn't bet)
Seat 8: Dorex2007 folded before Flop (didn't bet)
Seat 9: hullab folded on the River



PokerStars Hand #238590584197:  Hold'em No Limit ($0.02/$0.05 USD) - 2022/09/12 15:41:33 PT [2022/09/12 18:41:33 ET]
Table 'Aries III' 9-max Seat #2 is the button
Seat 1: André Pará ($5.93 in chips) 
Seat 2: Pocket2'sdan ($6.66 in chips) 
Seat 3: viniciusnd1 ($8.31 in chips) 
Seat 4: enixblr ($5 in chips) 
Seat 5: Al_pkr_plyr ($9.69 in chips) 
Seat 6: henriquefjc ($2.23 in chips) 
Seat 7: Zzzanderman ($6.08 in chips) 
Seat 8: Dorex2007 ($5.07 in chips) 
Seat 9: hullab ($4.40 in chips) 
viniciusnd1: posts small blind $0.02
enixblr: posts big blind $0.05
*** HOLE CARDS ***
Dealt to Dorex2007 [Ah 2c]
Al_pkr_plyr: folds 
henriquefjc: raises $0.10 to $0.15
Zzzanderman: folds 
Dorex2007: folds 
hullab: folds 
André Pará: calls $0.15
Pocket2'sdan: folds 
viniciusnd1: calls $0.13
enixblr: folds 
*** FLOP *** [Jd 3d As]
viniciusnd1: checks 
henriquefjc: bets $0.05
André Pará: calls $0.05
viniciusnd1: calls $0.05
*** TURN *** [Jd 3d As] [4s]
viniciusnd1: bets $0.25
henriquefjc: folds 
André Pará: folds 
Uncalled bet ($0.25) returned to viniciusnd1
viniciusnd1 collected $0.62 from pot
*** SUMMARY ***
Total pot $0.65 | Rake $0.03 
Board [Jd 3d As 4s]
Seat 1: André Pará folded on the Turn
Seat 2: Pocket2'sdan (button) folded before Flop (didn't bet)
Seat 3: viniciusnd1 (small blind) collected ($0.62)
Seat 4: enixblr (big blind) folded before Flop
Seat 5: Al_pkr_plyr folded before Flop (didn't bet)
Seat 6: henriquefjc folded on the Turn
Seat 7: Zzzanderman folded before Flop (didn't bet)
Seat 8: Dorex2007 folded before Flop (didn't bet)
Seat 9: hullab folded before Flop (didn't bet)



PokerStars Hand #238590605381:  Hold'em No Limit ($0.02/$0.05 USD) - 2022/09/12 15:42:38 PT [2022/09/12 18:42:38 ET]
Table 'Aries III' 9-max Seat #3 is the button
Seat 1: André Pará ($5.73 in chips) 
Seat 2: Pocket2'sdan ($6.66 in chips) 
Seat 3: viniciusnd1 ($8.73 in chips) 
Seat 4: enixblr ($5 in chips) 
Seat 5: Al_pkr_plyr ($9.69 in chips) 
Seat 6: henriquefjc ($2.03 in chips) 
Seat 7: Zzzanderman ($6.08 in chips) 
Seat 8: Dorex2007 ($5.07 in chips) 
Seat 9: hullab ($4.40 in chips) 
enixblr: posts small blind $0.02
Al_pkr_plyr: posts big blind $0.05
*** HOLE CARDS ***
Dealt to Dorex2007 [2s Ad]
henriquefjc: calls $0.05
Zzzanderman: folds 
Dorex2007: folds 
hullab: folds 
André Pará: folds 
Pocket2'sdan: calls $0.05
viniciusnd1: folds 
enixblr: raises $0.20 to $0.25
Al_pkr_plyr: folds 
henriquefjc: calls $0.20
Pocket2'sdan: folds 
*** FLOP *** [Td Ac 6h]
enixblr: bets $0.25
henriquefjc: folds 
Uncalled bet ($0.25) returned to enixblr
enixblr collected $0.58 from pot
enixblr: doesn't show hand 
*** SUMMARY ***
Total pot $0.60 | Rake $0.02 
Board [Td Ac 6h]
Seat 1: André Pará folded before Flop (didn't bet)
Seat 2: Pocket2'sdan folded before Flop
Seat 3: viniciusnd1 (button) folded before Flop (didn't bet)
Seat 4: enixblr (small blind) collected ($0.58)
Seat 5: Al_pkr_plyr (big blind) folded before Flop
Seat 6: henriquefjc folded on the Flop
Seat 7: Zzzanderman folded before Flop (didn't bet)
Seat 8: Dorex2007 folded before Flop (didn't bet)
Seat 9: hullab folded before Flop (didn't bet)



PokerStars Hand #238590622386:  Hold'em No Limit ($0.02/$0.05 USD) - 2022/09/12 15:43:30 PT [2022/09/12 18:43:30 ET]
Table 'Aries III' 9-max Seat #4 is the button
Seat 1: André Pará ($5.73 in chips) 
Seat 2: Pocket2'sdan ($6.61 in chips) 
Seat 3: viniciusnd1 ($8.73 in chips) 
Seat 4: enixblr ($5.33 in chips) 
Seat 5: Al_pkr_plyr ($9.64 in chips) 
Seat 6: henriquefjc ($1.78 in chips) 
Seat 7: Zzzanderman ($6.08 in chips) 
Seat 8: Dorex2007 ($5.07 in chips) 
Seat 9: hullab ($4.40 in chips) 
Al_pkr_plyr: posts small blind $0.02
henriquefjc: posts big blind $0.05
*** HOLE CARDS ***
Dealt to Dorex2007 [8d 3c]
Zzzanderman: folds 
Dorex2007: folds 
hullab: calls $0.05
André Pará: folds 
Pocket2'sdan: folds 
viniciusnd1: raises $0.20 to $0.25
enixblr: folds 
André Pará is disconnected 
Al_pkr_plyr: folds 
henriquefjc: calls $0.20
hullab: calls $0.20
*** FLOP *** [7s 9c 9s]
henriquefjc: checks 
hullab: checks 
viniciusnd1: bets $0.30
henriquefjc: raises $1.23 to $1.53 and is all-in
hullab: folds 
André Pará is disconnected 
viniciusnd1: folds 
Uncalled bet ($1.23) returned to henriquefjc
henriquefjc collected $1.31 from pot
henriquefjc: doesn't show hand 
*** SUMMARY ***
Total pot $1.37 | Rake $0.06 
Board [7s 9c 9s]
Seat 1: André Pará folded before Flop (didn't bet)
Seat 2: Pocket2'sdan folded before Flop (didn't bet)
Seat 3: viniciusnd1 folded on the Flop
Seat 4: enixblr (button) folded before Flop (didn't bet)
Seat 5: Al_pkr_plyr (small blind) folded before Flop
Seat 6: henriquefjc (big blind) collected ($1.31)
Seat 7: Zzzanderman folded before Flop (didn't bet)
Seat 8: Dorex2007 folded before Flop (didn't bet)
Seat 9: hullab folded on the Flop



PokerStars Hand #238590656118:  Hold'em No Limit ($0.02/$0.05 USD) - 2022/09/12 15:45:15 PT [2022/09/12 18:45:15 ET]
Table 'Aries III' 9-max Seat #5 is the button
Seat 1: André Pará ($5.73 in chips) 
Seat 2: Pocket2'sdan ($6.61 in chips) 
Seat 3: viniciusnd1 ($8.18 in chips) 
Seat 4: enixblr ($5.33 in chips) 
Seat 5: Al_pkr_plyr ($9.62 in chips) 
Seat 6: henriquefjc ($2.54 in chips) 
Seat 7: Zzzanderman ($6.08 in chips) 
Seat 8: Dorex2007 ($5.07 in chips) 
Seat 9: hullab ($4.15 in chips) 
henriquefjc: posts small blind $0.02
Zzzanderman: posts big blind $0.05
*** HOLE CARDS ***
Dealt to Dorex2007 [6c As]
Dorex2007: folds 
hullab: calls $0.05
André Pará: raises $0.10 to $0.15
Pocket2'sdan: folds 
viniciusnd1: folds 
enixblr: folds 
Al_pkr_plyr: folds 
henriquefjc: folds 
Zzzanderman: folds 
hullab: calls $0.10
*** FLOP *** [6s 4s 5c]
hullab: checks 
André Pará: bets $0.20
hullab: calls $0.20
*** TURN *** [6s 4s 5c] [7h]
hullab: checks 
André Pará: bets $0.30
hullab: folds 
Uncalled bet ($0.30) returned to André Pará
André Pará collected $0.74 from pot
*** SUMMARY ***
Total pot $0.77 | Rake $0.03 
Board [6s 4s 5c 7h]
Seat 1: André Pará collected ($0.74)
Seat 2: Pocket2'sdan folded before Flop (didn't bet)
Seat 3: viniciusnd1 folded before Flop (didn't bet)
Seat 4: enixblr folded before Flop (didn't bet)
Seat 5: Al_pkr_plyr (button) folded before Flop (didn't bet)
Seat 6: henriquefjc (small blind) folded before Flop
Seat 7: Zzzanderman (big blind) folded before Flop
Seat 8: Dorex2007 folded before Flop (didn't bet)
Seat 9: hullab folded on the Turn



PokerStars Hand #238590681203:  Hold'em No Limit ($0.02/$0.05 USD) - 2022/09/12 15:46:34 PT [2022/09/12 18:46:34 ET]
Table 'Aries III' 9-max Seat #6 is the button
Seat 1: André Pará ($6.12 in chips) 
Seat 2: Pocket2'sdan ($6.61 in chips) 
Seat 3: viniciusnd1 ($8.18 in chips) 
Seat 4: enixblr ($5.33 in chips) 
Seat 5: Al_pkr_plyr ($9.62 in chips) 
Seat 6: henriquefjc ($2.52 in chips) 
Seat 7: Zzzanderman ($6.03 in chips) 
Seat 8: Dorex2007 ($5.07 in chips) 
Seat 9: hullab ($3.80 in chips) 
Zzzanderman: posts small blind $0.02
Dorex2007: posts big blind $0.05
*** HOLE CARDS ***
Dealt to Dorex2007 [8d 8h]
hullab has timed out
hullab: folds 
André Pará: folds 
Pocket2'sdan: raises $0.05 to $0.10
viniciusnd1: folds 
enixblr: folds 
Al_pkr_plyr: folds 
henriquefjc: folds 
Zzzanderman: folds 
Dorex2007: calls $0.05
*** FLOP *** [6s 3d 8s]
Dorex2007: bets $0.14
Pocket2'sdan: calls $0.14
*** TURN *** [6s 3d 8s] [2d]
Dorex2007: bets $0.60
Pocket2'sdan: folds 
Uncalled bet ($0.60) returned to Dorex2007
Dorex2007 collected $0.48 from pot
Dorex2007: doesn't show hand 
*** SUMMARY ***
Total pot $0.50 | Rake $0.02 
Board [6s 3d 8s 2d]
Seat 1: André Pará folded before Flop (didn't bet)
Seat 2: Pocket2'sdan folded on the Turn
Seat 3: viniciusnd1 folded before Flop (didn't bet)
Seat 4: enixblr folded before Flop (didn't bet)
Seat 5: Al_pkr_plyr folded before Flop (didn't bet)
Seat 6: henriquefjc (button) folded before Flop (didn't bet)
Seat 7: Zzzanderman (small blind) folded before Flop
Seat 8: Dorex2007 (big blind) collected ($0.48)
Seat 9: hullab folded before Flop (didn't bet)



PokerStars Hand #238590695140:  Hold'em No Limit ($0.02/$0.05 USD) - 2022/09/12 15:47:18 PT [2022/09/12 18:47:18 ET]
Table 'Aries III' 9-max Seat #7 is the button
Seat 1: André Pará ($6.12 in chips) 
Seat 2: Pocket2'sdan ($6.37 in chips) 
Seat 3: viniciusnd1 ($8.18 in chips) 
Seat 4: enixblr ($5.33 in chips) 
Seat 5: Al_pkr_plyr ($9.62 in chips) 
Seat 6: henriquefjc ($2.52 in chips) 
Seat 7: Zzzanderman ($6.01 in chips) 
Seat 8: Dorex2007 ($5.31 in chips) 
Seat 9: hullab ($3.80 in chips) 
Dorex2007: posts small blind $0.02
hullab: posts big blind $0.05
*** HOLE CARDS ***
Dealt to Dorex2007 [5d Ac]
André Pará: folds 
Pocket2'sdan: raises $0.05 to $0.10
viniciusnd1: calls $0.10
enixblr: folds 
Al_pkr_plyr: folds 
henriquefjc: folds 
Zzzanderman: folds 
Dorex2007: folds 
hullab: folds 
*** FLOP *** [Qs Qh 4d]
Pocket2'sdan: bets $0.10
viniciusnd1: raises $0.20 to $0.30
Pocket2'sdan: calls $0.20
*** TURN *** [Qs Qh 4d] [Th]
Pocket2'sdan: checks 
viniciusnd1: checks 
*** RIVER *** [Qs Qh 4d Th] [As]
Pocket2'sdan: bets $0.35
viniciusnd1: folds 
Uncalled bet ($0.35) returned to Pocket2'sdan
Pocket2'sdan collected $0.83 from pot
Pocket2'sdan: doesn't show hand 
*** SUMMARY ***
Total pot $0.87 | Rake $0.04 
Board [Qs Qh 4d Th As]
Seat 1: André Pará folded before Flop (didn't bet)
Seat 2: Pocket2'sdan collected ($0.83)
Seat 3: viniciusnd1 folded on the River
Seat 4: enixblr folded before Flop (didn't bet)
Seat 5: Al_pkr_plyr folded before Flop (didn't bet)
Seat 6: henriquefjc folded before Flop (didn't bet)
Seat 7: Zzzanderman (button) folded before Flop (didn't bet)
Seat 8: Dorex2007 (small blind) folded before Flop
Seat 9: hullab (big blind) folded before Flop



PokerStars Hand #238590712755:  Hold'em No Limit ($0.02/$0.05 USD) - 2022/09/12 15:48:14 PT [2022/09/12 18:48:14 ET]
Table 'Aries III' 9-max Seat #8 is the button
Seat 1: André Pará ($6.12 in chips) 
Seat 2: Pocket2'sdan ($6.80 in chips) 
Seat 3: viniciusnd1 ($7.78 in chips) 
Seat 4: enixblr ($5.33 in chips) 
Seat 5: Al_pkr_plyr ($9.62 in chips) 
Seat 6: henriquefjc ($2.52 in chips) 
Seat 7: Zzzanderman ($6.01 in chips) 
Seat 8: Dorex2007 ($5.29 in chips) 
Seat 9: hullab ($3.75 in chips) 
hullab: posts small blind $0.02
André Pará: posts big blind $0.05
*** HOLE CARDS ***
Dealt to Dorex2007 [Ah Ks]
Pocket2'sdan: folds 
viniciusnd1: folds 
enixblr: folds 
Al_pkr_plyr: folds 
henriquefjc: folds 
Zzzanderman: folds 
Dorex2007: raises $0.12 to $0.17
hullab: calls $0.15
André Pará: folds 
*** FLOP *** [Kd 7c 3d]
hullab: checks 
Dorex2007: bets $0.37
hullab: folds 
Uncalled bet ($0.37) returned to Dorex2007
Dorex2007 collected $0.37 from pot
Dorex2007: doesn't show hand 
*** SUMMARY ***
Total pot $0.39 | Rake $0.02 
Board [Kd 7c 3d]
Seat 1: André Pará (big blind) folded before Flop
Seat 2: Pocket2'sdan folded before Flop (didn't bet)
Seat 3: viniciusnd1 folded before Flop (didn't bet)
Seat 4: enixblr folded before Flop (didn't bet)
Seat 5: Al_pkr_plyr folded before Flop (didn't bet)
Seat 6: henriquefjc folded before Flop (didn't bet)
Seat 7: Zzzanderman folded before Flop (didn't bet)
Seat 8: Dorex2007 (button) collected ($0.37)
Seat 9: hullab (small blind) folded on the Flop



PokerStars Hand #238590727274:  Hold'em No Limit ($0.02/$0.05 USD) - 2022/09/12 15:49:01 PT [2022/09/12 18:49:01 ET]
Table 'Aries III' 9-max Seat #9 is the button
Seat 1: André Pará ($6.07 in chips) 
Seat 2: Pocket2'sdan ($6.80 in chips) 
Seat 3: viniciusnd1 ($7.78 in chips) 
Seat 4: enixblr ($5.33 in chips) 
Seat 5: Al_pkr_plyr ($9.62 in chips) 
Seat 6: henriquefjc ($2.52 in chips) 
Seat 7: Zzzanderman ($6.01 in chips) 
Seat 8: Dorex2007 ($5.49 in chips) 
Seat 9: hullab ($3.58 in chips) 
André Pará: posts small blind $0.02
Pocket2'sdan: posts big blind $0.05
*** HOLE CARDS ***
Dealt to Dorex2007 [Ts 2h]
viniciusnd1: folds 
enixblr: folds 
Al_pkr_plyr: folds 
henriquefjc: folds 
Zzzanderman: folds 
Dorex2007: folds 
Zzzanderman leaves the table
hullab: calls $0.05
André Pará: raises $0.10 to $0.15
Pocket2'sdan: folds 
hullab: calls $0.10
*** FLOP *** [6h Qd Jh]
André Pará: checks 
hullab: checks 
*** TURN *** [6h Qd Jh] [7c]
André Pará: checks 
hullab: bets $0.17
André Pará: calls $0.17
*** RIVER *** [6h Qd Jh 7c] [6d]
André Pará: checks 
hullab: bets $0.33
dhabiles52 joins the table at seat #7 
André Pará: folds 
Uncalled bet ($0.33) returned to hullab
hullab collected $0.66 from pot
*** SUMMARY ***
Total pot $0.69 | Rake $0.03 
Board [6h Qd Jh 7c 6d]
Seat 1: André Pará (small blind) folded on the River
Seat 2: Pocket2'sdan (big blind) folded before Flop
Seat 3: viniciusnd1 folded before Flop (didn't bet)
Seat 4: enixblr folded before Flop (didn't bet)
Seat 5: Al_pkr_plyr folded before Flop (didn't bet)
Seat 6: henriquefjc folded before Flop (didn't bet)
Seat 7: Zzzanderman folded before Flop (didn't bet)
Seat 8: Dorex2007 folded before Flop (didn't bet)
Seat 9: hullab (button) collected ($0.66)



PokerStars Hand #238590751116:  Hold'em No Limit ($0.02/$0.05 USD) - 2022/09/12 15:50:18 PT [2022/09/12 18:50:18 ET]
Table 'Aries III' 9-max Seat #1 is the button
Seat 1: André Pará ($5.75 in chips) 
Seat 2: Pocket2'sdan ($6.75 in chips) 
Seat 3: viniciusnd1 ($7.78 in chips) 
Seat 4: enixblr ($5.33 in chips) 
Seat 5: Al_pkr_plyr ($9.62 in chips) 
Seat 6: henriquefjc ($2.52 in chips) 
Seat 8: Dorex2007 ($5.49 in chips) 
Seat 9: hullab ($3.92 in chips) 
Pocket2'sdan: posts small blind $0.02
viniciusnd1: posts big blind $0.05
dhabiles52: sits out 
*** HOLE CARDS ***
Dealt to Dorex2007 [3d Kc]
enixblr: folds 
Al_pkr_plyr: folds 
henriquefjc: folds 
Dorex2007: folds 
hullab: calls $0.05
André Pará: folds 
Pocket2'sdan: raises $0.05 to $0.10
viniciusnd1: folds 
hullab: calls $0.05
*** FLOP *** [4d 4h Js]
Pocket2'sdan: bets $0.10
hullab: calls $0.10
*** TURN *** [4d 4h Js] [8c]
Pocket2'sdan: checks 
hullab: bets $0.21
Pocket2'sdan: calls $0.21
*** RIVER *** [4d 4h Js 8c] [6s]
Pocket2'sdan: checks 
hullab: bets $0.41
Pocket2'sdan: raises $0.59 to $1
hullab: folds 
Uncalled bet ($0.59) returned to Pocket2'sdan
Pocket2'sdan collected $1.62 from pot
Pocket2'sdan: doesn't show hand 
*** SUMMARY ***
Total pot $1.69 | Rake $0.07 
Board [4d 4h Js 8c 6s]
Seat 1: André Pará (button) folded before Flop (didn't bet)
Seat 2: Pocket2'sdan (small blind) collected ($1.62)
Seat 3: viniciusnd1 (big blind) folded before Flop
Seat 4: enixblr folded before Flop (didn't bet)
Seat 5: Al_pkr_plyr folded before Flop (didn't bet)
Seat 6: henriquefjc folded before Flop (didn't bet)
Seat 8: Dorex2007 folded before Flop (didn't bet)
Seat 9: hullab folded on the River



PokerStars Hand #238590771546:  Hold'em No Limit ($0.02/$0.05 USD) - 2022/09/12 15:51:24 PT [2022/09/12 18:51:24 ET]
Table 'Aries III' 9-max Seat #2 is the button
Seat 1: André Pará ($5.75 in chips) 
Seat 2: Pocket2'sdan ($7.55 in chips) 
Seat 3: viniciusnd1 ($7.73 in chips) 
Seat 4: enixblr ($5.33 in chips) 
Seat 5: Al_pkr_plyr ($9.62 in chips) 
Seat 6: henriquefjc ($2.52 in chips) 
Seat 7: dhabiles52 ($5 in chips) 
Seat 8: Dorex2007 ($5.49 in chips) 
Seat 9: hullab ($3.10 in chips) 
viniciusnd1: posts small blind $0.02
enixblr: posts big blind $0.05
dhabiles52: posts big blind $0.05
*** HOLE CARDS ***
Dealt to Dorex2007 [4c 2c]
Al_pkr_plyr: folds 
henriquefjc: folds 
Al_pkr_plyr leaves the table
dhabiles52: raises $0.06 to $0.11
Dorex2007: folds 
hullab: calls $0.11
André Pará: folds 
Pocket2'sdan: calls $0.11
viniciusnd1: folds 
enixblr: calls $0.06
*** FLOP *** [Qh As 8h]
enixblr: checks 
dhabiles52: checks 
hullab: checks 
antony_rsb joins the table at seat #5 
Pocket2'sdan: bets $0.20
enixblr: folds 
dhabiles52: folds 
dhabiles52 leaves the table
hullab: calls $0.20
*** TURN *** [Qh As 8h] [Js]
hullab: checks 
Pocket2'sdan: checks 
*** RIVER *** [Qh As 8h Js] [Qs]
hullab: bets $0.20
Blippy13 joins the table at seat #7 
Pocket2'sdan: folds 
Uncalled bet ($0.20) returned to hullab
hullab collected $0.82 from pot
*** SUMMARY ***
Total pot $0.86 | Rake $0.04 
Board [Qh As 8h Js Qs]
Seat 1: André Pará folded before Flop (didn't bet)
Seat 2: Pocket2'sdan (button) folded on the River
Seat 3: viniciusnd1 (small blind) folded before Flop
Seat 4: enixblr (big blind) folded on the Flop
Seat 5: Al_pkr_plyr folded before Flop (didn't bet)
Seat 6: henriquefjc folded before Flop (didn't bet)
Seat 7: dhabiles52 folded on the Flop
Seat 8: Dorex2007 folded before Flop (didn't bet)
Seat 9: hullab collected ($0.82)



PokerStars Hand #238590803134:  Hold'em No Limit ($0.02/$0.05 USD) - 2022/09/12 15:53:07 PT [2022/09/12 18:53:07 ET]
Table 'Aries III' 9-max Seat #3 is the button
Seat 1: André Pará ($5.75 in chips) 
Seat 2: Pocket2'sdan ($7.24 in chips) 
Seat 3: viniciusnd1 ($7.71 in chips) 
Seat 4: enixblr ($5.22 in chips) 
Seat 5: antony_rsb ($4 in chips) 
Seat 6: henriquefjc ($2.52 in chips) 
Seat 8: Dorex2007 ($5.49 in chips) 
Seat 9: hullab ($3.61 in chips) 
enixblr: posts small blind $0.02
antony_rsb: posts big blind $0.05
Blippy13: sits out 
*** HOLE CARDS ***
Dealt to Dorex2007 [Ah As]
henriquefjc: folds 
Dorex2007: raises $0.10 to $0.15
hullab: folds 
André Pará: folds 
Pocket2'sdan: folds 
viniciusnd1: folds 
enixblr: folds 
antony_rsb: calls $0.10
*** FLOP *** [6c Tc 5d]
antony_rsb: checks 
Dorex2007: bets $0.21
antony_rsb: folds 
Uncalled bet ($0.21) returned to Dorex2007
Dorex2007 collected $0.31 from pot
Dorex2007: doesn't show hand 
*** SUMMARY ***
Total pot $0.32 | Rake $0.01 
Board [6c Tc 5d]
Seat 1: André Pará folded before Flop (didn't bet)
Seat 2: Pocket2'sdan folded before Flop (didn't bet)
Seat 3: viniciusnd1 (button) folded before Flop (didn't bet)
Seat 4: enixblr (small blind) folded before Flop
Seat 5: antony_rsb (big blind) folded on the Flop
Seat 6: henriquefjc folded before Flop (didn't bet)
Seat 8: Dorex2007 collected ($0.31)
Seat 9: hullab folded before Flop (didn't bet)



PokerStars Hand #238590811310:  Hold'em No Limit ($0.02/$0.05 USD) - 2022/09/12 15:53:34 PT [2022/09/12 18:53:34 ET]
Table 'Aries III' 9-max Seat #4 is the button
Seat 1: André Pará ($5.75 in chips) 
Seat 2: Pocket2'sdan ($7.24 in chips) 
Seat 3: viniciusnd1 ($7.71 in chips) 
Seat 4: enixblr ($5.20 in chips) 
Seat 5: antony_rsb ($3.85 in chips) 
Seat 6: henriquefjc ($2.52 in chips) 
Seat 8: Dorex2007 ($5.65 in chips) 
Seat 9: hullab ($3.61 in chips) 
antony_rsb: posts small blind $0.02
henriquefjc: posts big blind $0.05
Blippy13: sits out 
*** HOLE CARDS ***
Dealt to Dorex2007 [3d Ah]
Dorex2007: folds 
hullab: folds 
André Pará: calls $0.05
Pocket2'sdan: calls $0.05
viniciusnd1: raises $0.25 to $0.30
enixblr: folds 
antony_rsb: folds 
henriquefjc: folds 
André Pará: calls $0.25
Pocket2'sdan: folds 
*** FLOP *** [9d 8d 9h]
André Pará: checks 
viniciusnd1: bets $0.25
André Pará: calls $0.25
*** TURN *** [9d 8d 9h] [Kh]
André Pará: checks 
viniciusnd1: checks 
*** RIVER *** [9d 8d 9h Kh] [8s]
André Pará: bets $1
viniciusnd1: folds 
Uncalled bet ($1) returned to André Pará
André Pará collected $1.17 from pot
*** SUMMARY ***
Total pot $1.22 | Rake $0.05 
Board [9d 8d 9h Kh 8s]
Seat 1: André Pará collected ($1.17)
Seat 2: Pocket2'sdan folded before Flop
Seat 3: viniciusnd1 folded on the River
Seat 4: enixblr (button) folded before Flop (didn't bet)
Seat 5: antony_rsb (small blind) folded before Flop
Seat 6: henriquefjc (big blind) folded before Flop
Seat 8: Dorex2007 folded before Flop (didn't bet)
Seat 9: hullab folded before Flop (didn't bet)



PokerStars Hand #238590836729:  Hold'em No Limit ($0.02/$0.05 USD) - 2022/09/12 15:54:59 PT [2022/09/12 18:54:59 ET]
Table 'Aries III' 9-max Seat #5 is the button
Seat 1: André Pará ($6.37 in chips) 
Seat 2: Pocket2'sdan ($7.19 in chips) 
Seat 3: viniciusnd1 ($7.16 in chips) 
Seat 4: enixblr ($5.20 in chips) 
Seat 5: antony_rsb ($3.83 in chips) 
Seat 6: henriquefjc ($2.47 in chips) 
Seat 7: Blippy13 ($5 in chips) 
Seat 8: Dorex2007 ($5.65 in chips) 
Seat 9: hullab ($3.61 in chips) 
henriquefjc: posts small blind $0.02
Blippy13: posts big blind $0.05
*** HOLE CARDS ***
Dealt to Dorex2007 [8d 5d]
Dorex2007: folds 
hullab: calls $0.05
André Pará: folds 
Pocket2'sdan: raises $0.05 to $0.10
viniciusnd1: folds 
enixblr: folds 
antony_rsb: calls $0.10
henriquefjc: folds 
Blippy13: calls $0.05
hullab: calls $0.05
*** FLOP *** [4s 7s 4c]
Blippy13: checks 
hullab: checks 
Pocket2'sdan: bets $0.20
antony_rsb: folds 
Blippy13: calls $0.20
hullab: calls $0.20
*** TURN *** [4s 7s 4c] [2c]
Blippy13: checks 
hullab: checks 
Pocket2'sdan: bets $0.50
Blippy13: calls $0.50
hullab: calls $0.50
*** RIVER *** [4s 7s 4c 2c] [Kc]
Blippy13: checks 
hullab: checks 
Pocket2'sdan: checks 
*** SHOW DOWN ***
Blippy13: shows [7h Jh] (two pair, Sevens and Fours)
hullab: mucks hand 
Pocket2'sdan: shows [Ac Ah] (two pair, Aces and Fours)
Pocket2'sdan collected $2.42 from pot
*** SUMMARY ***
Total pot $2.52 | Rake $0.10 
Board [4s 7s 4c 2c Kc]
Seat 1: André Pará folded before Flop (didn't bet)
Seat 2: Pocket2'sdan showed [Ac Ah] and won ($2.42) with two pair, Aces and Fours
Seat 3: viniciusnd1 folded before Flop (didn't bet)
Seat 4: enixblr folded before Flop (didn't bet)
Seat 5: antony_rsb (button) folded on the Flop
Seat 6: henriquefjc (small blind) folded before Flop
Seat 7: Blippy13 (big blind) showed [7h Jh] and lost with two pair, Sevens and Fours
Seat 8: Dorex2007 folded before Flop (didn't bet)
Seat 9: hullab mucked [As 8s]



PokerStars Hand #238590855636:  Hold'em No Limit ($0.02/$0.05 USD) - 2022/09/12 15:56:19 PT [2022/09/12 18:56:19 ET]
Table 'Aries III' 9-max Seat #6 is the button
Seat 1: André Pará ($6.37 in chips) 
Seat 2: Pocket2'sdan ($8.81 in chips) 
Seat 3: viniciusnd1 ($7.16 in chips) 
Seat 4: enixblr ($5.20 in chips) 
Seat 5: antony_rsb ($3.73 in chips) 
Seat 6: henriquefjc ($2.45 in chips) 
Seat 7: Blippy13 ($4.20 in chips) 
Seat 8: Dorex2007 ($5.65 in chips) 
Seat 9: hullab ($2.81 in chips) 
Blippy13: posts small blind $0.02
Dorex2007: posts big blind $0.05
*** HOLE CARDS ***
Dealt to Dorex2007 [Jd 9d]
hullab: folds 
André Pará: folds 
Pocket2'sdan: folds 
viniciusnd1: folds 
enixblr: folds 
antony_rsb: raises $0.05 to $0.10
henriquefjc: calls $0.10
Blippy13: calls $0.08
Dorex2007: folds 
*** FLOP *** [4c Kd 9c]
Blippy13: checks 
antony_rsb: checks 
henriquefjc: checks 
*** TURN *** [4c Kd 9c] [5c]
Blippy13: bets $0.17
antony_rsb: calls $0.17
henriquefjc: calls $0.17
*** RIVER *** [4c Kd 9c 5c] [3c]
Blippy13: checks 
antony_rsb: bets $0.20
henriquefjc: folds 
Blippy13: calls $0.20
*** SHOW DOWN ***
antony_rsb: shows [Js Tc] (a flush, Ten high)
Blippy13: mucks hand 
antony_rsb collected $1.21 from pot
*** SUMMARY ***
Total pot $1.26 | Rake $0.05 
Board [4c Kd 9c 5c 3c]
Seat 1: André Pará folded before Flop (didn't bet)
Seat 2: Pocket2'sdan folded before Flop (didn't bet)
Seat 3: viniciusnd1 folded before Flop (didn't bet)
Seat 4: enixblr folded before Flop (didn't bet)
Seat 5: antony_rsb showed [Js Tc] and won ($1.21) with a flush, Ten high
Seat 6: henriquefjc (button) folded on the River
Seat 7: Blippy13 (small blind) mucked [8c 8s]
Seat 8: Dorex2007 (big blind) folded before Flop
Seat 9: hullab folded before Flop (didn't bet)



PokerStars Hand #238590869980:  Hold'em No Limit ($0.02/$0.05 USD) - 2022/09/12 15:57:21 PT [2022/09/12 18:57:21 ET]
Table 'Aries III' 9-max Seat #7 is the button
Seat 1: André Pará ($6.37 in chips) 
Seat 2: Pocket2'sdan ($8.81 in chips) 
Seat 3: viniciusnd1 ($7.16 in chips) 
Seat 4: enixblr ($5.20 in chips) 
Seat 5: antony_rsb ($4.47 in chips) 
Seat 6: henriquefjc ($2.18 in chips) 
Seat 7: Blippy13 ($3.73 in chips) 
Seat 8: Dorex2007 ($5.60 in chips) 
Seat 9: hullab ($2.81 in chips) 
Dorex2007: posts small blind $0.02
hullab: posts big blind $0.05
*** HOLE CARDS ***
Dealt to Dorex2007 [2d 5d]
André Pará: folds 
Pocket2'sdan: folds 
viniciusnd1: raises $0.07 to $0.12
enixblr: raises $0.33 to $0.45
antony_rsb: folds 
henriquefjc: folds 
Pocket2'sdan leaves the table
Blippy13: folds 
Dorex2007: folds 
hullab: folds 
viniciusnd1: raises $6.71 to $7.16 and is all-in
shtshot250 joins the table at seat #2 
enixblr: folds 
Uncalled bet ($6.71) returned to viniciusnd1
viniciusnd1 collected $0.97 from pot
*** SUMMARY ***
Total pot $0.97 | Rake $0 
Seat 1: André Pará folded before Flop (didn't bet)
Seat 2: Pocket2'sdan folded before Flop (didn't bet)
Seat 3: viniciusnd1 collected ($0.97)
Seat 4: enixblr folded before Flop
Seat 5: antony_rsb folded before Flop (didn't bet)
Seat 6: henriquefjc folded before Flop (didn't bet)
Seat 7: Blippy13 (button) folded before Flop (didn't bet)
Seat 8: Dorex2007 (small blind) folded before Flop
Seat 9: hullab (big blind) folded before Flop



PokerStars Hand #238590878435:  Hold'em No Limit ($0.02/$0.05 USD) - 2022/09/12 15:57:56 PT [2022/09/12 18:57:56 ET]
Table 'Aries III' 9-max Seat #8 is the button
Seat 1: André Pará ($6.37 in chips) 
Seat 3: viniciusnd1 ($7.68 in chips) 
Seat 4: enixblr ($5 in chips) 
Seat 5: antony_rsb ($4.47 in chips) 
Seat 6: henriquefjc ($2.18 in chips) 
Seat 7: Blippy13 ($3.73 in chips) 
Seat 8: Dorex2007 ($5.58 in chips) 
Seat 9: hullab ($2.76 in chips) 
hullab: posts small blind $0.02
André Pará: posts big blind $0.05
shtshot250: sits out 
*** HOLE CARDS ***
Dealt to Dorex2007 [Jc As]
viniciusnd1: folds 
enixblr has timed out
enixblr: folds 
antony_rsb: raises $0.05 to $0.10
henriquefjc has timed out
henriquefjc: folds 
Blippy13: folds 
Dorex2007: calls $0.10
hullab: calls $0.08
André Pará: raises $0.20 to $0.30
antony_rsb: calls $0.20
Dorex2007: calls $0.20
hullab: raises $2.46 to $2.76 and is all-in
André Pará: folds 
antony_rsb: calls $2.46
Dorex2007: folds 
*** FLOP *** [7s 2s Ts]
*** TURN *** [7s 2s Ts] [4c]
*** RIVER *** [7s 2s Ts 4c] [Ac]
*** SHOW DOWN ***
hullab: shows [Kd Ks] (a pair of Kings)
antony_rsb: shows [Js Ah] (a pair of Aces)
antony_rsb cashed out the hand for $1.63 | Cash Out Fee $0.02
*** SUMMARY ***
Total pot $6.12 | Rake $0.25 
Board [7s 2s Ts 4c Ac]
Seat 1: André Pará (big blind) folded before Flop
Seat 3: viniciusnd1 folded before Flop (didn't bet)
Seat 4: enixblr folded before Flop (didn't bet)
Seat 5: antony_rsb showed [Js Ah] and won ($5.87) with a pair of Aces (pot not awarded as player cashed out)
Seat 6: henriquefjc folded before Flop (didn't bet)
Seat 7: Blippy13 folded before Flop (didn't bet)
Seat 8: Dorex2007 (button) folded before Flop
Seat 9: hullab (small blind) showed [Kd Ks] and lost with a pair of Kings



PokerStars Hand #238590899547:  Hold'em No Limit ($0.02/$0.05 USD) - 2022/09/12 15:59:26 PT [2022/09/12 18:59:26 ET]
Table 'Aries III' 9-max Seat #1 is the button
Seat 1: André Pará ($6.07 in chips) 
Seat 3: viniciusnd1 ($7.68 in chips) 
Seat 4: enixblr ($5 in chips) 
Seat 5: antony_rsb ($3.34 in chips) 
Seat 6: henriquefjc ($2.18 in chips) 
Seat 7: Blippy13 ($3.73 in chips) 
Seat 8: Dorex2007 ($5.28 in chips) 
viniciusnd1: posts small blind $0.02
enixblr: posts big blind $0.05
*** HOLE CARDS ***
Dealt to Dorex2007 [5c As]
antony_rsb: calls $0.05
henriquefjc: calls $0.05
Blippy13: folds 
Dorex2007: folds 
André Pará: calls $0.05
hullab leaves the table
viniciusnd1: calls $0.03
enixblr: checks 
*** FLOP *** [Qd 8c Td]
AceSpadeSurfer joins the table at seat #9 
viniciusnd1: checks 
enixblr: checks 
antony_rsb: checks 
henriquefjc: checks 
André Pará: checks 
*** TURN *** [Qd 8c Td] [7s]
viniciusnd1: checks 
enixblr: bets $0.18
antony_rsb: folds 
henriquefjc: calls $0.18
André Pará: folds 
viniciusnd1: folds 
*** RIVER *** [Qd 8c Td 7s] [Ac]
enixblr: bets $0.44
henriquefjc: folds 
Uncalled bet ($0.44) returned to enixblr
enixblr collected $0.58 from pot
enixblr: doesn't show hand 
*** SUMMARY ***
Total pot $0.61 | Rake $0.03 
Board [Qd 8c Td 7s Ac]
Seat 1: André Pará (button) folded on the Turn
Seat 3: viniciusnd1 (small blind) folded on the Turn
Seat 4: enixblr (big blind) collected ($0.58)
Seat 5: antony_rsb folded on the Turn
Seat 6: henriquefjc folded on the River
Seat 7: Blippy13 folded before Flop (didn't bet)
Seat 8: Dorex2007 folded before Flop (didn't bet)



PokerStars Hand #238590925166:  Hold'em No Limit ($0.02/$0.05 USD) - 2022/09/12 16:01:08 PT [2022/09/12 19:01:08 ET]
Table 'Aries III' 9-max Seat #3 is the button
Seat 1: André Pará ($6.02 in chips) 
Seat 3: viniciusnd1 ($7.63 in chips) 
Seat 4: enixblr ($5.35 in chips) 
Seat 5: antony_rsb ($3.29 in chips) 
Seat 6: henriquefjc ($1.95 in chips) 
Seat 7: Blippy13 ($3.73 in chips) 
Seat 8: Dorex2007 ($5.28 in chips) 
Seat 9: AceSpadeSurfer ($2 in chips) 
enixblr: posts small blind $0.02
antony_rsb: posts big blind $0.05
AceSpadeSurfer: posts big blind $0.05
shtshot250: sits out 
*** HOLE CARDS ***
Dealt to Dorex2007 [9s Th]
henriquefjc: folds 
Blippy13: raises $0.05 to $0.10
Dorex2007: folds 
AceSpadeSurfer: folds 
André Pará: calls $0.10
viniciusnd1: calls $0.10
enixblr: folds 
antony_rsb: folds 
*** FLOP *** [Qs 4s Qc]
Blippy13: bets $0.20
André Pará: folds 
viniciusnd1: raises $0.30 to $0.50
Blippy13: calls $0.30
*** TURN *** [Qs 4s Qc] [4c]
Blippy13: checks 
viniciusnd1: checks 
*** RIVER *** [Qs 4s Qc 4c] [Ks]
Blippy13: bets $0.63
viniciusnd1: folds 
Uncalled bet ($0.63) returned to Blippy13
Blippy13 collected $1.36 from pot
*** SUMMARY ***
Total pot $1.42 | Rake $0.06 
Board [Qs 4s Qc 4c Ks]
Seat 1: André Pará folded on the Flop
Seat 3: viniciusnd1 (button) folded on the River
Seat 4: enixblr (small blind) folded before Flop
Seat 5: antony_rsb (big blind) folded before Flop
Seat 6: henriquefjc folded before Flop (didn't bet)
Seat 7: Blippy13 collected ($1.36)
Seat 8: Dorex2007 folded before Flop (didn't bet)
Seat 9: AceSpadeSurfer folded before Flop (didn't bet)



PokerStars Hand #238590948724:  Hold'em No Limit ($0.02/$0.05 USD) - 2022/09/12 16:02:29 PT [2022/09/12 19:02:29 ET]
Table 'Aries III' 9-max Seat #4 is the button
Seat 1: André Pará ($5.92 in chips) 
Seat 3: viniciusnd1 ($7.03 in chips) 
Seat 4: enixblr ($5.33 in chips) 
Seat 5: antony_rsb ($3.24 in chips) 
Seat 6: henriquefjc ($1.95 in chips) 
Seat 7: Blippy13 ($4.49 in chips) 
Seat 8: Dorex2007 ($5.28 in chips) 
Seat 9: AceSpadeSurfer ($1.95 in chips) 
antony_rsb: posts small blind $0.02
henriquefjc: posts big blind $0.05
shtshot250: sits out 
*** HOLE CARDS ***
Dealt to Dorex2007 [2h 9s]
Blippy13: folds 
Dorex2007: folds 
AceSpadeSurfer: folds 
André Pará: folds 
viniciusnd1: folds 
enixblr: raises $0.05 to $0.10
antony_rsb: folds 
henriquefjc: folds 
Uncalled bet ($0.05) returned to enixblr
enixblr collected $0.12 from pot
enixblr: doesn't show hand 
*** SUMMARY ***
Total pot $0.12 | Rake $0 
Seat 1: André Pará folded before Flop (didn't bet)
Seat 3: viniciusnd1 folded before Flop (didn't bet)
Seat 4: enixblr (button) collected ($0.12)
Seat 5: antony_rsb (small blind) folded before Flop
Seat 6: henriquefjc (big blind) folded before Flop
Seat 7: Blippy13 folded before Flop (didn't bet)
Seat 8: Dorex2007 folded before Flop (didn't bet)
Seat 9: AceSpadeSurfer folded before Flop (didn't bet)



PokerStars Hand #238590955354:  Hold'em No Limit ($0.02/$0.05 USD) - 2022/09/12 16:02:52 PT [2022/09/12 19:02:52 ET]
Table 'Aries III' 9-max Seat #5 is the button
Seat 1: André Pará ($5.92 in chips) 
Seat 3: viniciusnd1 ($7.03 in chips) 
Seat 4: enixblr ($5.40 in chips) 
Seat 5: antony_rsb ($3.22 in chips) 
Seat 6: henriquefjc ($1.90 in chips) 
Seat 7: Blippy13 ($4.49 in chips) 
Seat 8: Dorex2007 ($5.28 in chips) 
Seat 9: AceSpadeSurfer ($1.95 in chips) 
henriquefjc: posts small blind $0.02
Blippy13: posts big blind $0.05
shtshot250: sits out 
*** HOLE CARDS ***
Dealt to Dorex2007 [3h 2h]
Dorex2007: folds 
AceSpadeSurfer: folds 
André Pará: calls $0.05
viniciusnd1: folds 
enixblr: raises $0.25 to $0.30
antony_rsb: folds 
henriquefjc: folds 
Blippy13: folds 
André Pará: calls $0.25
*** FLOP *** [7d 3d 7s]
André Pará: checks 
enixblr: bets $0.48
André Pará: raises $0.53 to $1.01
enixblr: raises $4.09 to $5.10 and is all-in
André Pará: calls $4.09
*** TURN *** [7d 3d 7s] [Kd]
*** RIVER *** [7d 3d 7s Kd] [5s]
*** SHOW DOWN ***
André Pará: shows [8c 7c] (three of a kind, Sevens)
enixblr: shows [Ks Kh] (a full house, Kings full of Sevens)
enixblr collected $10.42 from pot
*** SUMMARY ***
Total pot $10.87 | Rake $0.45 
Board [7d 3d 7s Kd 5s]
Seat 1: André Pará showed [8c 7c] and lost with three of a kind, Sevens
Seat 3: viniciusnd1 folded before Flop (didn't bet)
Seat 4: enixblr showed [Ks Kh] and won ($10.42) with a full house, Kings full of Sevens
Seat 5: antony_rsb (button) folded before Flop (didn't bet)
Seat 6: henriquefjc (small blind) folded before Flop
Seat 7: Blippy13 (big blind) folded before Flop
Seat 8: Dorex2007 folded before Flop (didn't bet)
Seat 9: AceSpadeSurfer folded before Flop (didn't bet)



PokerStars Hand #238590982695:  Hold'em No Limit ($0.02/$0.05 USD) - 2022/09/12 16:04:25 PT [2022/09/12 19:04:25 ET]
Table 'Aries III' 9-max Seat #6 is the button
Seat 1: André Pará ($0.52 in chips) 
Seat 3: viniciusnd1 ($7.03 in chips) 
Seat 4: enixblr ($10.42 in chips) 
Seat 5: antony_rsb ($3.22 in chips) 
Seat 6: henriquefjc ($1.88 in chips) 
Seat 7: Blippy13 ($4.44 in chips) 
Seat 8: Dorex2007 ($5.28 in chips) 
Seat 9: AceSpadeSurfer ($1.95 in chips) 
Blippy13: posts small blind $0.02
Dorex2007: posts big blind $0.05
shtshot250: sits out 
*** HOLE CARDS ***
Dealt to Dorex2007 [6s Ts]
AceSpadeSurfer: calls $0.05
André Pará: folds 
viniciusnd1: folds 
enixblr: folds 
antony_rsb: folds 
henriquefjc: folds 
Blippy13: folds 
Dorex2007: checks 
*** FLOP *** [7s 5d Qh]
Dorex2007: checks 
AceSpadeSurfer: checks 
*** TURN *** [7s 5d Qh] [Ah]
Dorex2007: checks 
antony_rsb leaves the table
AceSpadeSurfer: bets $0.10
Dorex2007: folds 
Uncalled bet ($0.10) returned to AceSpadeSurfer
AceSpadeSurfer collected $0.12 from pot
AceSpadeSurfer: doesn't show hand 
dhabiles52 joins the table at seat #5 
*** SUMMARY ***
Total pot $0.12 | Rake $0 
Board [7s 5d Qh Ah]
Seat 1: André Pará folded before Flop (didn't bet)
Seat 3: viniciusnd1 folded before Flop (didn't bet)
Seat 4: enixblr folded before Flop (didn't bet)
Seat 5: antony_rsb folded before Flop (didn't bet)
Seat 6: henriquefjc (button) folded before Flop (didn't bet)
Seat 7: Blippy13 (small blind) folded before Flop
Seat 8: Dorex2007 (big blind) folded on the Turn
Seat 9: AceSpadeSurfer collected ($0.12)



PokerStars Hand #238590996584:  Hold'em No Limit ($0.02/$0.05 USD) - 2022/09/12 16:05:12 PT [2022/09/12 19:05:12 ET]
Table 'Aries III' 9-max Seat #7 is the button
Seat 1: André Pará ($5 in chips) 
Seat 3: viniciusnd1 ($7.03 in chips) 
Seat 4: enixblr ($10.42 in chips) 
Seat 6: henriquefjc ($1.88 in chips) 
Seat 7: Blippy13 ($4.42 in chips) 
Seat 8: Dorex2007 ($5.23 in chips) 
Seat 9: AceSpadeSurfer ($2.02 in chips) 
Dorex2007: posts small blind $0.02
AceSpadeSurfer: posts big blind $0.05
shtshot250: sits out 
dhabiles52: sits out 
*** HOLE CARDS ***
Dealt to Dorex2007 [7c 6s]
André Pará: folds 
viniciusnd1: raises $0.07 to $0.12
enixblr: folds 
henriquefjc: folds 
Blippy13: folds 
Dorex2007: folds 
AceSpadeSurfer: calls $0.07
*** FLOP *** [Tc Kd 3c]
AceSpadeSurfer: checks 
viniciusnd1: bets $0.12
AceSpadeSurfer: folds 
Uncalled bet ($0.12) returned to viniciusnd1
viniciusnd1 collected $0.25 from pot
*** SUMMARY ***
Total pot $0.26 | Rake $0.01 
Board [Tc Kd 3c]
Seat 1: André Pará folded before Flop (didn't bet)
Seat 3: viniciusnd1 collected ($0.25)
Seat 4: enixblr folded before Flop (didn't bet)
Seat 6: henriquefjc folded before Flop (didn't bet)
Seat 7: Blippy13 (button) folded before Flop (didn't bet)
Seat 8: Dorex2007 (small blind) folded before Flop
Seat 9: AceSpadeSurfer (big blind) folded on the Flop



PokerStars Hand #238591007722:  Hold'em No Limit ($0.02/$0.05 USD) - 2022/09/12 16:05:50 PT [2022/09/12 19:05:50 ET]
Table 'Aries III' 9-max Seat #8 is the button
Seat 1: André Pará ($5 in chips) 
Seat 3: viniciusnd1 ($7.16 in chips) 
Seat 4: enixblr ($10.42 in chips) 
Seat 5: dhabiles52 ($5 in chips) 
Seat 6: henriquefjc ($1.88 in chips) 
Seat 7: Blippy13 ($4.42 in chips) 
Seat 8: Dorex2007 ($5.21 in chips) 
Seat 9: AceSpadeSurfer ($1.90 in chips) 
AceSpadeSurfer: posts small blind $0.02
André Pará: posts big blind $0.05
shtshot250: sits out 
dhabiles52: posts big blind $0.05
*** HOLE CARDS ***
Dealt to Dorex2007 [5s 8h]
viniciusnd1: folds 
enixblr: raises $0.10 to $0.15
dhabiles52: folds 
henriquefjc: folds 
Blippy13: folds 
Dorex2007: folds 
AceSpadeSurfer: folds 
André Pará: folds 
Uncalled bet ($0.10) returned to enixblr
enixblr collected $0.17 from pot
enixblr: doesn't show hand 
*** SUMMARY ***
Total pot $0.17 | Rake $0 
Seat 1: André Pará (big blind) folded before Flop
Seat 3: viniciusnd1 folded before Flop (didn't bet)
Seat 4: enixblr collected ($0.17)
Seat 5: dhabiles52 folded before Flop (didn't bet)
Seat 6: henriquefjc folded before Flop (didn't bet)
Seat 7: Blippy13 folded before Flop (didn't bet)
Seat 8: Dorex2007 (button) folded before Flop (didn't bet)
Seat 9: AceSpadeSurfer (small blind) folded before Flop



PokerStars Hand #238591016115:  Hold'em No Limit ($0.02/$0.05 USD) - 2022/09/12 16:06:19 PT [2022/09/12 19:06:19 ET]
Table 'Aries III' 9-max Seat #9 is the button
Seat 1: André Pará ($4.95 in chips) 
Seat 2: shtshot250 ($4 in chips) 
Seat 3: viniciusnd1 ($7.16 in chips) 
Seat 4: enixblr ($10.54 in chips) 
Seat 5: dhabiles52 ($5 in chips) 
Seat 6: henriquefjc ($1.88 in chips) 
Seat 7: Blippy13 ($4.42 in chips) 
Seat 8: Dorex2007 ($5.21 in chips) 
Seat 9: AceSpadeSurfer ($1.88 in chips) 
André Pará: posts small blind $0.02
shtshot250: posts big blind $0.05
*** HOLE CARDS ***
Dealt to Dorex2007 [3s 3d]
viniciusnd1: folds 
enixblr has timed out
enixblr: folds 
dhabiles52: raises $0.10 to $0.15
henriquefjc: calls $0.15
Blippy13: folds 
Dorex2007: calls $0.15
AceSpadeSurfer: folds 
André Pará: folds 
shtshot250: folds 
*** FLOP *** [9c 7s 7d]
dhabiles52: checks 
henriquefjc: checks 
Dorex2007: checks 
*** TURN *** [9c 7s 7d] [Kc]
dhabiles52: checks 
henriquefjc: checks 
Dorex2007: checks 
*** RIVER *** [9c 7s 7d Kc] [6h]
dhabiles52: checks 
henriquefjc: checks 
Dorex2007: checks 
*** SHOW DOWN ***
dhabiles52: shows [As Qh] (a pair of Sevens)
henriquefjc: mucks hand 
Dorex2007: shows [3s 3d] (two pair, Sevens and Threes)
Dorex2007 collected $0.50 from pot
*** SUMMARY ***
Total pot $0.52 | Rake $0.02 
Board [9c 7s 7d Kc 6h]
Seat 1: André Pará (small blind) folded before Flop
Seat 2: shtshot250 (big blind) folded before Flop
Seat 3: viniciusnd1 folded before Flop (didn't bet)
Seat 4: enixblr folded before Flop (didn't bet)
Seat 5: dhabiles52 showed [As Qh] and lost with a pair of Sevens
Seat 6: henriquefjc mucked [Ah Jc]
Seat 7: Blippy13 folded before Flop (didn't bet)
Seat 8: Dorex2007 showed [3s 3d] and won ($0.50) with two pair, Sevens and Threes
Seat 9: AceSpadeSurfer (button) folded before Flop (didn't bet)



PokerStars Hand #238591038195:  Hold'em No Limit ($0.02/$0.05 USD) - 2022/09/12 16:07:34 PT [2022/09/12 19:07:34 ET]
Table 'Aries III' 9-max Seat #1 is the button
Seat 1: André Pará ($4.93 in chips) 
Seat 2: shtshot250 ($3.95 in chips) 
Seat 3: viniciusnd1 ($7.16 in chips) 
Seat 4: enixblr ($10.54 in chips) 
Seat 5: dhabiles52 ($5 in chips) 
Seat 6: henriquefjc ($1.73 in chips) 
Seat 7: Blippy13 ($4.42 in chips) 
Seat 8: Dorex2007 ($5.56 in chips) 
Seat 9: AceSpadeSurfer ($1.88 in chips) 
shtshot250: posts small blind $0.02
viniciusnd1: posts big blind $0.05
*** HOLE CARDS ***
Dealt to Dorex2007 [6s 2d]
enixblr: folds 
dhabiles52: folds 
henriquefjc: folds 
Blippy13: folds 
Dorex2007: folds 
AceSpadeSurfer: raises $0.05 to $0.10
André Pará: calls $0.10
shtshot250: folds 
viniciusnd1: calls $0.05
*** FLOP *** [6h Th Jd]
viniciusnd1: checks 
AceSpadeSurfer: checks 
André Pará: checks 
*** TURN *** [6h Th Jd] [4c]
viniciusnd1: checks 
AceSpadeSurfer: bets $0.15
André Pará: calls $0.15
Blippy13 is disconnected 
viniciusnd1: folds 
*** RIVER *** [6h Th Jd 4c] [2c]
AceSpadeSurfer: checks 
André Pará: checks 
*** SHOW DOWN ***
AceSpadeSurfer: shows [Tc Ad] (a pair of Tens)
André Pará: mucks hand 
AceSpadeSurfer collected $0.59 from pot
*** SUMMARY ***
Total pot $0.62 | Rake $0.03 
Board [6h Th Jd 4c 2c]
Seat 1: André Pará (button) mucked [5c 6c]
Seat 2: shtshot250 (small blind) folded before Flop
Seat 3: viniciusnd1 (big blind) folded on the Turn
Seat 4: enixblr folded before Flop (didn't bet)
Seat 5: dhabiles52 folded before Flop (didn't bet)
Seat 6: henriquefjc folded before Flop (didn't bet)
Seat 7: Blippy13 folded before Flop (didn't bet)
Seat 8: Dorex2007 folded before Flop (didn't bet)
Seat 9: AceSpadeSurfer showed [Tc Ad] and won ($0.59) with a pair of Tens



PokerStars Hand #238591055650:  Hold'em No Limit ($0.02/$0.05 USD) - 2022/09/12 16:08:34 PT [2022/09/12 19:08:34 ET]
Table 'Aries III' 9-max Seat #2 is the button
Seat 1: André Pará ($4.68 in chips) 
Seat 2: shtshot250 ($3.93 in chips) 
Seat 3: viniciusnd1 ($7.06 in chips) 
Seat 4: enixblr ($10.54 in chips) 
Seat 5: dhabiles52 ($5 in chips) 
Seat 6: henriquefjc ($1.73 in chips) 
Seat 8: Dorex2007 ($5.56 in chips) 
Seat 9: AceSpadeSurfer ($2.22 in chips) 
viniciusnd1: posts small blind $0.02
enixblr: posts big blind $0.05
*** HOLE CARDS ***
Dealt to Dorex2007 [8d 4d]
dhabiles52: folds 
henriquefjc: raises $0.05 to $0.10
Dorex2007: folds 
AceSpadeSurfer: raises $0.10 to $0.20
André Pará: folds 
shtshot250: raises $0.57 to $0.77
viniciusnd1: folds 
enixblr: folds 
henriquefjc: folds 
AceSpadeSurfer: raises $1.45 to $2.22 and is all-in
shtshot250: calls $1.45
*** FLOP *** [6s 8c 7h]
*** TURN *** [6s 8c 7h] [7s]
*** RIVER *** [6s 8c 7h 7s] [Ks]
*** SHOW DOWN ***
AceSpadeSurfer: shows [Ad Ah] (two pair, Aces and Sevens)
shtshot250: shows [Kc As] (two pair, Kings and Sevens)
AceSpadeSurfer collected $4.42 from pot
*** SUMMARY ***
Total pot $4.61 | Rake $0.19 
Board [6s 8c 7h 7s Ks]
Seat 1: André Pará folded before Flop (didn't bet)
Seat 2: shtshot250 (button) showed [Kc As] and lost with two pair, Kings and Sevens
Seat 3: viniciusnd1 (small blind) folded before Flop
Seat 4: enixblr (big blind) folded before Flop
Seat 5: dhabiles52 folded before Flop (didn't bet)
Seat 6: henriquefjc folded before Flop
Seat 8: Dorex2007 folded before Flop (didn't bet)
Seat 9: AceSpadeSurfer showed [Ad Ah] and won ($4.42) with two pair, Aces and Sevens



PokerStars Hand #238591068632:  Hold'em No Limit ($0.02/$0.05 USD) - 2022/09/12 16:09:19 PT [2022/09/12 19:09:19 ET]
Table 'Aries III' 9-max Seat #3 is the button
Seat 1: André Pará ($5 in chips) 
Seat 2: shtshot250 ($1.71 in chips) 
Seat 3: viniciusnd1 ($7.04 in chips) 
Seat 4: enixblr ($10.49 in chips) 
Seat 5: dhabiles52 ($5 in chips) 
Seat 6: henriquefjc ($1.63 in chips) 
Seat 8: Dorex2007 ($5.56 in chips) 
Seat 9: AceSpadeSurfer ($4.42 in chips) 
enixblr: posts small blind $0.02
dhabiles52: posts big blind $0.05
*** HOLE CARDS ***
Dealt to Dorex2007 [Js Qh]
henriquefjc: folds 
Dorex2007: folds 
AceSpadeSurfer: folds 
André Pará: folds 
shtshot250: raises $1.66 to $1.71 and is all-in
viniciusnd1: folds 
enixblr: folds 
dhabiles52: folds 
Uncalled bet ($1.66) returned to shtshot250
shtshot250 collected $0.12 from pot
shtshot250: doesn't show hand 
*** SUMMARY ***
Total pot $0.12 | Rake $0 
Seat 1: André Pará folded before Flop (didn't bet)
Seat 2: shtshot250 collected ($0.12)
Seat 3: viniciusnd1 (button) folded before Flop (didn't bet)
Seat 4: enixblr (small blind) folded before Flop
Seat 5: dhabiles52 (big blind) folded before Flop
Seat 6: henriquefjc folded before Flop (didn't bet)
Seat 8: Dorex2007 folded before Flop (didn't bet)
Seat 9: AceSpadeSurfer folded before Flop (didn't bet)



PokerStars Hand #238591075664:  Hold'em No Limit ($0.02/$0.05 USD) - 2022/09/12 16:09:44 PT [2022/09/12 19:09:44 ET]
Table 'Aries III' 9-max Seat #4 is the button
Seat 1: André Pará ($5 in chips) 
Seat 2: shtshot250 ($1.78 in chips) 
Seat 3: viniciusnd1 ($7.04 in chips) 
Seat 4: enixblr ($10.47 in chips) 
Seat 5: dhabiles52 ($5 in chips) 
Seat 6: henriquefjc ($1.63 in chips) 
Seat 8: Dorex2007 ($5.56 in chips) 
Seat 9: AceSpadeSurfer ($4.42 in chips) 
dhabiles52: posts small blind $0.02
henriquefjc: posts big blind $0.05
*** HOLE CARDS ***
Dealt to Dorex2007 [6s Ad]
Blippy13 is disconnected 
Dorex2007: folds 
AceSpadeSurfer: calls $0.05
André Pará: folds 
shtshot250: folds 
viniciusnd1: raises $0.20 to $0.25
enixblr: folds 
dhabiles52: folds 
henriquefjc: folds 
AceSpadeSurfer: calls $0.20
*** FLOP *** [Jd 9c 7c]
AceSpadeSurfer: checks 
viniciusnd1: bets $0.30
AceSpadeSurfer: folds 
Uncalled bet ($0.30) returned to viniciusnd1
viniciusnd1 collected $0.55 from pot
*** SUMMARY ***
Total pot $0.57 | Rake $0.02 
Board [Jd 9c 7c]
Seat 1: André Pará folded before Flop (didn't bet)
Seat 2: shtshot250 folded before Flop (didn't bet)
Seat 3: viniciusnd1 collected ($0.55)
Seat 4: enixblr (button) folded before Flop (didn't bet)
Seat 5: dhabiles52 (small blind) folded before Flop
Seat 6: henriquefjc (big blind) folded before Flop
Seat 8: Dorex2007 folded before Flop (didn't bet)
Seat 9: AceSpadeSurfer folded on the Flop



PokerStars Hand #238591087582:  Hold'em No Limit ($0.02/$0.05 USD) - 2022/09/12 16:10:25 PT [2022/09/12 19:10:25 ET]
Table 'Aries III' 9-max Seat #5 is the button
Seat 1: André Pará ($5 in chips) 
Seat 2: shtshot250 ($1.78 in chips) 
Seat 3: viniciusnd1 ($7.34 in chips) 
Seat 4: enixblr ($10.47 in chips) 
Seat 5: dhabiles52 ($5 in chips) 
Seat 6: henriquefjc ($1.58 in chips) 
Seat 8: Dorex2007 ($5.56 in chips) 
Seat 9: AceSpadeSurfer ($4.17 in chips) 
henriquefjc: posts small blind $0.02
Dorex2007: posts big blind $0.05
*** HOLE CARDS ***
Dealt to Dorex2007 [Th 6c]
AceSpadeSurfer: folds 
André Pará: folds 
shtshot250: folds 
viniciusnd1: folds 
enixblr: folds 
dhabiles52: raises $0.07 to $0.12
henriquefjc: folds 
Dorex2007: folds 
Uncalled bet ($0.07) returned to dhabiles52
dhabiles52 collected $0.12 from pot
dhabiles52: doesn't show hand 
*** SUMMARY ***
Total pot $0.12 | Rake $0 
Seat 1: André Pará folded before Flop (didn't bet)
Seat 2: shtshot250 folded before Flop (didn't bet)
Seat 3: viniciusnd1 folded before Flop (didn't bet)
Seat 4: enixblr folded before Flop (didn't bet)
Seat 5: dhabiles52 (button) collected ($0.12)
Seat 6: henriquefjc (small blind) folded before Flop
Seat 8: Dorex2007 (big blind) folded before Flop
Seat 9: AceSpadeSurfer folded before Flop (didn't bet)



PokerStars Hand #238591095073:  Hold'em No Limit ($0.02/$0.05 USD) - 2022/09/12 16:10:51 PT [2022/09/12 19:10:51 ET]
Table 'Aries III' 9-max Seat #6 is the button
Seat 1: André Pará ($5 in chips) 
Seat 2: shtshot250 ($1.78 in chips) 
Seat 3: viniciusnd1 ($7.34 in chips) 
Seat 4: enixblr ($10.47 in chips) 
Seat 5: dhabiles52 ($5.07 in chips) 
Seat 6: henriquefjc ($1.56 in chips) 
Seat 8: Dorex2007 ($5.51 in chips) 
Seat 9: AceSpadeSurfer ($4.17 in chips) 
Dorex2007: posts small blind $0.02
AceSpadeSurfer: posts big blind $0.05
*** HOLE CARDS ***
Dealt to Dorex2007 [Ts 5s]
André Pará: folds 
shtshot250: calls $0.05
viniciusnd1: folds 
enixblr: folds 
dhabiles52: calls $0.05
henriquefjc: folds 
Dorex2007: folds 
AceSpadeSurfer: raises $0.15 to $0.20
shtshot250: calls $0.15
dhabiles52: calls $0.15
*** FLOP *** [2d Qd As]
AceSpadeSurfer: bets $0.34
shtshot250: calls $0.34
dhabiles52: calls $0.34
*** TURN *** [2d Qd As] [7h]
AceSpadeSurfer: bets $0.83
shtshot250: raises $0.41 to $1.24 and is all-in
dhabiles52: folds 
AceSpadeSurfer: calls $0.41
*** RIVER *** [2d Qd As 7h] [Td]
*** SHOW DOWN ***
AceSpadeSurfer: shows [Qh Ah] (two pair, Aces and Queens)
shtshot250: shows [2c 2s] (three of a kind, Deuces)
shtshot250 collected $3.95 from pot
*** SUMMARY ***
Total pot $4.12 | Rake $0.17 
Board [2d Qd As 7h Td]
Seat 1: André Pará folded before Flop (didn't bet)
Seat 2: shtshot250 showed [2c 2s] and won ($3.95) with three of a kind, Deuces
Seat 3: viniciusnd1 folded before Flop (didn't bet)
Seat 4: enixblr folded before Flop (didn't bet)
Seat 5: dhabiles52 folded on the Turn
Seat 6: henriquefjc (button) folded before Flop (didn't bet)
Seat 8: Dorex2007 (small blind) folded before Flop
Seat 9: AceSpadeSurfer (big blind) showed [Qh Ah] and lost with two pair, Aces and Queens



PokerStars Hand #238591115416:  Hold'em No Limit ($0.02/$0.05 USD) - 2022/09/12 16:12:03 PT [2022/09/12 19:12:03 ET]
Table 'Aries III' 9-max Seat #8 is the button
Seat 1: André Pará ($5 in chips) 
Seat 2: shtshot250 ($3.95 in chips) 
Seat 3: viniciusnd1 ($7.34 in chips) 
Seat 4: enixblr ($10.47 in chips) 
Seat 5: dhabiles52 ($5 in chips) 
Seat 6: henriquefjc ($1.56 in chips) 
Seat 8: Dorex2007 ($5.49 in chips) 
Seat 9: AceSpadeSurfer ($2.39 in chips) 
AceSpadeSurfer: posts small blind $0.02
André Pará: posts big blind $0.05
*** HOLE CARDS ***
Dealt to Dorex2007 [6c 8d]
shtshot250: calls $0.05
viniciusnd1: folds 
enixblr: folds 
dhabiles52: folds 
henriquefjc: raises $0.07 to $0.12
Dorex2007: folds 
AceSpadeSurfer: folds 
André Pará: folds 
shtshot250: calls $0.07
*** FLOP *** [2h 9h Jh]
shtshot250: checks 
henriquefjc: checks 
*** TURN *** [2h 9h Jh] [9s]
shtshot250: bets $0.30
henriquefjc: folds 
Uncalled bet ($0.30) returned to shtshot250
shtshot250 collected $0.30 from pot
shtshot250: doesn't show hand 
*** SUMMARY ***
Total pot $0.31 | Rake $0.01 
Board [2h 9h Jh 9s]
Seat 1: André Pará (big blind) folded before Flop
Seat 2: shtshot250 collected ($0.30)
Seat 3: viniciusnd1 folded before Flop (didn't bet)
Seat 4: enixblr folded before Flop (didn't bet)
Seat 5: dhabiles52 folded before Flop (didn't bet)
Seat 6: henriquefjc folded on the Turn
Seat 8: Dorex2007 (button) folded before Flop (didn't bet)
Seat 9: AceSpadeSurfer (small blind) folded before Flop



PokerStars Hand #238591126673:  Hold'em No Limit ($0.02/$0.05 USD) - 2022/09/12 16:12:43 PT [2022/09/12 19:12:43 ET]
Table 'Aries III' 9-max Seat #9 is the button
Seat 1: André Pará ($4.95 in chips) 
Seat 2: shtshot250 ($4.13 in chips) 
Seat 3: viniciusnd1 ($7.34 in chips) 
Seat 4: enixblr ($10.47 in chips) 
Seat 5: dhabiles52 ($5 in chips) 
Seat 6: henriquefjc ($1.44 in chips) 
Seat 8: Dorex2007 ($5.49 in chips) 
Seat 9: AceSpadeSurfer ($2.37 in chips) 
André Pará: posts small blind $0.02
shtshot250: posts big blind $0.05
*** HOLE CARDS ***
Dealt to Dorex2007 [8h 2c]
viniciusnd1: raises $0.07 to $0.12
enixblr: folds 
dhabiles52: folds 
henriquefjc: calls $0.12
Dorex2007: folds 
AceSpadeSurfer: folds 
André Pará: folds 
shtshot250: folds 
*** FLOP *** [Qd Ad 4s]
viniciusnd1: bets $0.20
henriquefjc: calls $0.20
*** TURN *** [Qd Ad 4s] [Kd]
viniciusnd1: bets $0.45
henriquefjc: calls $0.45
*** RIVER *** [Qd Ad 4s Kd] [2d]
viniciusnd1: bets $0.77
henriquefjc: calls $0.67 and is all-in
Uncalled bet ($0.10) returned to viniciusnd1
*** SHOW DOWN ***
viniciusnd1: shows [5h Ah] (a pair of Aces)
henriquefjc: shows [Jd 8d] (a flush, Ace high)
henriquefjc collected $2.83 from pot
*** SUMMARY ***
Total pot $2.95 | Rake $0.12 
Board [Qd Ad 4s Kd 2d]
Seat 1: André Pará (small blind) folded before Flop
Seat 2: shtshot250 (big blind) folded before Flop
Seat 3: viniciusnd1 showed [5h Ah] and lost with a pair of Aces
Seat 4: enixblr folded before Flop (didn't bet)
Seat 5: dhabiles52 folded before Flop (didn't bet)
Seat 6: henriquefjc showed [Jd 8d] and won ($2.83) with a flush, Ace high
Seat 8: Dorex2007 folded before Flop (didn't bet)
Seat 9: AceSpadeSurfer (button) folded before Flop (didn't bet)



PokerStars Hand #238591141329:  Hold'em No Limit ($0.02/$0.05 USD) - 2022/09/12 16:13:35 PT [2022/09/12 19:13:35 ET]
Table 'Aries III' 9-max Seat #1 is the button
Seat 1: André Pará ($4.93 in chips) 
Seat 2: shtshot250 ($4.08 in chips) 
Seat 3: viniciusnd1 ($5.90 in chips) 
Seat 4: enixblr ($10.47 in chips) 
Seat 5: dhabiles52 ($5 in chips) 
Seat 6: henriquefjc ($2.83 in chips) 
Seat 8: Dorex2007 ($5.49 in chips) 
Seat 9: AceSpadeSurfer ($2.37 in chips) 
shtshot250: posts small blind $0.02
viniciusnd1: posts big blind $0.05
*** HOLE CARDS ***
Dealt to Dorex2007 [Ts 8c]
enixblr: folds 
dhabiles52: folds 
henriquefjc: raises $0.05 to $0.10
Dorex2007: folds 
AceSpadeSurfer: folds 
André Pará: folds 
shtshot250: raises $0.25 to $0.35
viniciusnd1: folds 
henriquefjc: calls $0.25
*** FLOP *** [7h Jd 3d]
shtshot250: bets $0.72
henriquefjc: folds 
Uncalled bet ($0.72) returned to shtshot250
shtshot250 collected $0.72 from pot
shtshot250: doesn't show hand 
*** SUMMARY ***
Total pot $0.75 | Rake $0.03 
Board [7h Jd 3d]
Seat 1: André Pará (button) folded before Flop (didn't bet)
Seat 2: shtshot250 (small blind) collected ($0.72)
Seat 3: viniciusnd1 (big blind) folded before Flop
Seat 4: enixblr folded before Flop (didn't bet)
Seat 5: dhabiles52 folded before Flop (didn't bet)
Seat 6: henriquefjc folded on the Flop
Seat 8: Dorex2007 folded before Flop (didn't bet)
Seat 9: AceSpadeSurfer folded before Flop (didn't bet)



PokerStars Hand #238591150699:  Hold'em No Limit ($0.02/$0.05 USD) - 2022/09/12 16:14:07 PT [2022/09/12 19:14:07 ET]
Table 'Aries III' 9-max Seat #2 is the button
Seat 1: André Pará ($4.93 in chips) 
Seat 2: shtshot250 ($4.45 in chips) 
Seat 3: viniciusnd1 ($5.85 in chips) 
Seat 4: enixblr ($10.47 in chips) 
Seat 5: dhabiles52 ($5 in chips) 
Seat 6: henriquefjc ($2.48 in chips) 
Seat 8: Dorex2007 ($5.49 in chips) 
Seat 9: AceSpadeSurfer ($2.37 in chips) 
viniciusnd1: posts small blind $0.02
enixblr: posts big blind $0.05
*** HOLE CARDS ***
Dealt to Dorex2007 [Ks Jc]
dhabiles52: folds 
henriquefjc: folds 
Dorex2007: raises $0.05 to $0.10
AceSpadeSurfer: folds 
André Pará: folds 
shtshot250: calls $0.10
viniciusnd1: folds 
enixblr: folds 
*** FLOP *** [2h Td 9d]
Dorex2007: bets $0.13
shtshot250: calls $0.13
*** TURN *** [2h Td 9d] [3h]
Dorex2007: checks 
shtshot250: checks 
*** RIVER *** [2h Td 9d 3h] [3c]
Dorex2007: bets $0.25
shtshot250: folds 
Uncalled bet ($0.25) returned to Dorex2007
Dorex2007 collected $0.51 from pot
Dorex2007: doesn't show hand 
*** SUMMARY ***
Total pot $0.53 | Rake $0.02 
Board [2h Td 9d 3h 3c]
Seat 1: André Pará folded before Flop (didn't bet)
Seat 2: shtshot250 (button) folded on the River
Seat 3: viniciusnd1 (small blind) folded before Flop
Seat 4: enixblr (big blind) folded before Flop
Seat 5: dhabiles52 folded before Flop (didn't bet)
Seat 6: henriquefjc folded before Flop (didn't bet)
Seat 8: Dorex2007 collected ($0.51)
Seat 9: AceSpadeSurfer folded before Flop (didn't bet)



PokerStars Hand #238591163938:  Hold'em No Limit ($0.02/$0.05 USD) - 2022/09/12 16:14:54 PT [2022/09/12 19:14:54 ET]
Table 'Aries III' 9-max Seat #3 is the button
Seat 1: André Pará ($4.93 in chips) 
Seat 2: shtshot250 ($4.22 in chips) 
Seat 3: viniciusnd1 ($5.83 in chips) 
Seat 4: enixblr ($10.42 in chips) 
Seat 5: dhabiles52 ($5 in chips) 
Seat 6: henriquefjc ($2.48 in chips) 
Seat 8: Dorex2007 ($5.77 in chips) 
Seat 9: AceSpadeSurfer ($2.37 in chips) 
enixblr: posts small blind $0.02
dhabiles52: posts big blind $0.05
*** HOLE CARDS ***
Dealt to Dorex2007 [8c 9d]
henriquefjc: calls $0.05
Dorex2007: folds 
AceSpadeSurfer: folds 
André Pará: folds 
shtshot250: calls $0.05
viniciusnd1: folds 
enixblr: calls $0.03
dhabiles52: raises $0.25 to $0.30
henriquefjc: folds 
shtshot250: calls $0.25
enixblr: calls $0.25
*** FLOP *** [2s 7h Qd]
enixblr: checks 
dhabiles52: bets $0.35
shtshot250: calls $0.35
enixblr: folds 
*** TURN *** [2s 7h Qd] [Kd]
dhabiles52: bets $0.98
shtshot250: raises $0.98 to $1.96
dhabiles52: raises $0.98 to $2.94
shtshot250: raises $0.63 to $3.57 and is all-in
dhabiles52: calls $0.63
*** RIVER *** [2s 7h Qd Kd] [Ah]
*** SHOW DOWN ***
dhabiles52: shows [Kc Ad] (two pair, Aces and Kings)
shtshot250: shows [2h 2c] (three of a kind, Deuces)
shtshot250 collected $8.43 from pot
*** SUMMARY ***
Total pot $8.79 | Rake $0.36 
Board [2s 7h Qd Kd Ah]
Seat 1: André Pará folded before Flop (didn't bet)
Seat 2: shtshot250 showed [2h 2c] and won ($8.43) with three of a kind, Deuces
Seat 3: viniciusnd1 (button) folded before Flop (didn't bet)
Seat 4: enixblr (small blind) folded on the Flop
Seat 5: dhabiles52 (big blind) showed [Kc Ad] and lost with two pair, Aces and Kings
Seat 6: henriquefjc folded before Flop
Seat 8: Dorex2007 folded before Flop (didn't bet)
Seat 9: AceSpadeSurfer folded before Flop (didn't bet)



PokerStars Hand #238591185936:  Hold'em No Limit ($0.02/$0.05 USD) - 2022/09/12 16:16:12 PT [2022/09/12 19:16:12 ET]
Table 'Aries III' 9-max Seat #4 is the button
Seat 1: André Pará ($4.93 in chips) 
Seat 2: shtshot250 ($8.43 in chips) 
Seat 3: viniciusnd1 ($5.83 in chips) 
Seat 4: enixblr ($10.12 in chips) 
Seat 5: dhabiles52 ($5 in chips) 
Seat 6: henriquefjc ($2.43 in chips) 
Seat 8: Dorex2007 ($5.77 in chips) 
Seat 9: AceSpadeSurfer ($2.37 in chips) 
dhabiles52: posts small blind $0.02
henriquefjc: posts big blind $0.05
*** HOLE CARDS ***
Dealt to Dorex2007 [4s 5c]
Dorex2007: folds 
AceSpadeSurfer: folds 
André Pará: calls $0.05
shtshot250: raises $0.20 to $0.25
viniciusnd1: folds 
enixblr: folds 
dhabiles52: folds 
henriquefjc: folds 
André Pará: calls $0.20
*** FLOP *** [3d 6s Jc]
André Pará: checks 
shtshot250: bets $0.55
André Pará: calls $0.55
*** TURN *** [3d 6s Jc] [9h]
André Pará: checks 
shtshot250: bets $0.80
André Pará: raises $1.60 to $2.40
shtshot250: calls $1.60
*** RIVER *** [3d 6s Jc 9h] [Qd]
André Pará: bets $1.73 and is all-in
shtshot250: calls $1.73
*** SHOW DOWN ***
André Pará: shows [9s 9d] (three of a kind, Nines)
shtshot250: shows [Ad Ah] (a pair of Aces)
André Pará collected $9.52 from pot
*** SUMMARY ***
Total pot $9.93 | Rake $0.41 
Board [3d 6s Jc 9h Qd]
Seat 1: André Pará showed [9s 9d] and won ($9.52) with three of a kind, Nines
Seat 2: shtshot250 showed [Ad Ah] and lost with a pair of Aces
Seat 3: viniciusnd1 folded before Flop (didn't bet)
Seat 4: enixblr (button) folded before Flop (didn't bet)
Seat 5: dhabiles52 (small blind) folded before Flop
Seat 6: henriquefjc (big blind) folded before Flop
Seat 8: Dorex2007 folded before Flop (didn't bet)
Seat 9: AceSpadeSurfer folded before Flop (didn't bet)



PokerStars Hand #238591204826:  Hold'em No Limit ($0.02/$0.05 USD) - 2022/09/12 16:17:18 PT [2022/09/12 19:17:18 ET]
Table 'Aries III' 9-max Seat #5 is the button
Seat 1: André Pará ($9.52 in chips) 
Seat 2: shtshot250 ($3.50 in chips) 
Seat 3: viniciusnd1 ($5.83 in chips) 
Seat 4: enixblr ($10.12 in chips) 
Seat 5: dhabiles52 ($5 in chips) 
Seat 6: henriquefjc ($2.38 in chips) 
Seat 8: Dorex2007 ($5.77 in chips) 
Seat 9: AceSpadeSurfer ($2.37 in chips) 
henriquefjc: posts small blind $0.02
Dorex2007: posts big blind $0.05
*** HOLE CARDS ***
Dealt to Dorex2007 [7c 7s]
AceSpadeSurfer: folds 
André Pará: calls $0.05
shtshot250: folds 
viniciusnd1: folds 
enixblr: folds 
dhabiles52: calls $0.05
henriquefjc: calls $0.03
Dorex2007: checks 
*** FLOP *** [9h Kd Jd]
henriquefjc: checks 
Dorex2007: checks 
André Pará: checks 
dhabiles52: checks 
*** TURN *** [9h Kd Jd] [3d]
henriquefjc: checks 
Dorex2007: checks 
André Pará: checks 
dhabiles52: checks 
*** RIVER *** [9h Kd Jd 3d] [3c]
henriquefjc: checks 
Dorex2007: checks 
André Pará: checks 
dhabiles52: checks 
*** SHOW DOWN ***
henriquefjc: shows [2d Ac] (a pair of Threes)
Dorex2007: shows [7c 7s] (two pair, Sevens and Threes)
André Pará: mucks hand 
dhabiles52: mucks hand 
Dorex2007 collected $0.19 from pot
*** SUMMARY ***
Total pot $0.20 | Rake $0.01 
Board [9h Kd Jd 3d 3c]
Seat 1: André Pará mucked [5d 5c]
Seat 2: shtshot250 folded before Flop (didn't bet)
Seat 3: viniciusnd1 folded before Flop (didn't bet)
Seat 4: enixblr folded before Flop (didn't bet)
Seat 5: dhabiles52 (button) mucked [Td 4c]
Seat 6: henriquefjc (small blind) showed [2d Ac] and lost with a pair of Threes
Seat 8: Dorex2007 (big blind) showed [7c 7s] and won ($0.19) with two pair, Sevens and Threes
Seat 9: AceSpadeSurfer folded before Flop (didn't bet)



PokerStars Hand #238591226874:  Hold'em No Limit ($0.02/$0.05 USD) - 2022/09/12 16:18:37 PT [2022/09/12 19:18:37 ET]
Table 'Aries III' 9-max Seat #6 is the button
Seat 1: André Pará ($9.47 in chips) 
Seat 2: shtshot250 ($3.50 in chips) 
Seat 3: viniciusnd1 ($5.83 in chips) 
Seat 4: enixblr ($10.12 in chips) 
Seat 5: dhabiles52 ($5 in chips) 
Seat 6: henriquefjc ($2.33 in chips) 
Seat 8: Dorex2007 ($5.91 in chips) 
Seat 9: AceSpadeSurfer ($2.37 in chips) 
Dorex2007: posts small blind $0.02
AceSpadeSurfer: posts big blind $0.05
*** HOLE CARDS ***
Dealt to Dorex2007 [Tc Ad]
André Pará: calls $0.05
shtshot250: folds 
viniciusnd1: raises $0.20 to $0.25
enixblr: folds 
dhabiles52: raises $0.62 to $0.87
henriquefjc: folds 
Dorex2007: folds 
AceSpadeSurfer: folds 
André Pará: folds 
viniciusnd1: folds 
Uncalled bet ($0.62) returned to dhabiles52
dhabiles52 collected $0.62 from pot
dhabiles52: doesn't show hand 
*** SUMMARY ***
Total pot $0.62 | Rake $0 
Seat 1: André Pará folded before Flop
Seat 2: shtshot250 folded before Flop (didn't bet)
Seat 3: viniciusnd1 folded before Flop
Seat 4: enixblr folded before Flop (didn't bet)
Seat 5: dhabiles52 collected ($0.62)
Seat 6: henriquefjc (button) folded before Flop (didn't bet)
Seat 8: Dorex2007 (small blind) folded before Flop
Seat 9: AceSpadeSurfer (big blind) folded before Flop



PokerStars Hand #238591238483:  Hold'em No Limit ($0.02/$0.05 USD) - 2022/09/12 16:19:19 PT [2022/09/12 19:19:19 ET]
Table 'Aries III' 9-max Seat #8 is the button
Seat 1: André Pará ($9.42 in chips) 
Seat 2: shtshot250 ($3.50 in chips) 
Seat 3: viniciusnd1 ($5.58 in chips) 
Seat 4: enixblr ($10.12 in chips) 
Seat 5: dhabiles52 ($5.37 in chips) 
Seat 6: henriquefjc ($2.33 in chips) 
Seat 8: Dorex2007 ($5.89 in chips) 
André Pará: posts small blind $0.02
shtshot250: posts big blind $0.05
*** HOLE CARDS ***
Dealt to Dorex2007 [3d 7c]
viniciusnd1: folds 
AceSpadeSurfer leaves the table
enixblr: raises $0.10 to $0.15
dhabiles52: folds 
henriquefjc: folds 
Dorex2007: folds 
André Pará: folds 
shtshot250: folds 
Uncalled bet ($0.10) returned to enixblr
enixblr collected $0.12 from pot
enixblr: doesn't show hand 
*** SUMMARY ***
Total pot $0.12 | Rake $0 
Seat 1: André Pará (small blind) folded before Flop
Seat 2: shtshot250 (big blind) folded before Flop
Seat 3: viniciusnd1 folded before Flop (didn't bet)
Seat 4: enixblr collected ($0.12)
Seat 5: dhabiles52 folded before Flop (didn't bet)
Seat 6: henriquefjc folded before Flop (didn't bet)
Seat 8: Dorex2007 (button) folded before Flop (didn't bet)



PokerStars Hand #238591242213:  Hold'em No Limit ($0.02/$0.05 USD) - 2022/09/12 16:19:33 PT [2022/09/12 19:19:33 ET]
Table 'Aries III' 9-max Seat #1 is the button
Seat 1: André Pará ($9.40 in chips) 
Seat 2: shtshot250 ($3.45 in chips) 
Seat 3: viniciusnd1 ($5.58 in chips) 
Seat 4: enixblr ($10.19 in chips) 
Seat 5: dhabiles52 ($5.37 in chips) 
Seat 6: henriquefjc ($2.33 in chips) 
Seat 8: Dorex2007 ($5.89 in chips) 
shtshot250: posts small blind $0.02
viniciusnd1: posts big blind $0.05
*** HOLE CARDS ***
Dealt to Dorex2007 [5c 3h]
enixblr: folds 
dhabiles52: folds 
henriquefjc: folds 
Dorex2007: folds 
André Pará: calls $0.05
shtshot250: folds 
Blippy13 leaves the table
viniciusnd1: raises $0.20 to $0.25
André Pará: calls $0.20
*** FLOP *** [Jh Th Qc]
viniciusnd1: bets $0.25
André Pará: raises $0.30 to $0.55
viniciusnd1: calls $0.30
*** TURN *** [Jh Th Qc] [9s]
viniciusnd1: checks 
André Pará: checks 
*** RIVER *** [Jh Th Qc 9s] [5h]
viniciusnd1: bets $1.25
André Pará: calls $1.25
*** SHOW DOWN ***
viniciusnd1: shows [Ks Ah] (a straight, Ten to Ace)
André Pará: mucks hand 
viniciusnd1 collected $3.95 from pot
*** SUMMARY ***
Total pot $4.12 | Rake $0.17 
Board [Jh Th Qc 9s 5h]
Seat 1: André Pará (button) mucked [Kd Qs]
Seat 2: shtshot250 (small blind) folded before Flop
Seat 3: viniciusnd1 (big blind) showed [Ks Ah] and won ($3.95) with a straight, Ten to Ace
Seat 4: enixblr folded before Flop (didn't bet)
Seat 5: dhabiles52 folded before Flop (didn't bet)
Seat 6: henriquefjc folded before Flop (didn't bet)
Seat 8: Dorex2007 folded before Flop (didn't bet)



PokerStars Hand #238591258260:  Hold'em No Limit ($0.02/$0.05 USD) - 2022/09/12 16:20:31 PT [2022/09/12 19:20:31 ET]
Table 'Aries III' 9-max Seat #2 is the button
Seat 1: André Pará ($7.35 in chips) 
Seat 2: shtshot250 ($3.43 in chips) 
Seat 3: viniciusnd1 ($7.48 in chips) 
Seat 4: enixblr ($10.19 in chips) 
Seat 5: dhabiles52 ($5.37 in chips) 
Seat 6: henriquefjc ($2.33 in chips) 
Seat 8: Dorex2007 ($5.89 in chips) 
viniciusnd1: posts small blind $0.02
enixblr: posts big blind $0.05
*** HOLE CARDS ***
Dealt to Dorex2007 [Ts 6h]
dhabiles52: folds 
henriquefjc: folds 
Dorex2007: folds 
André Pará: calls $0.05
shtshot250: folds 
viniciusnd1: folds 
enixblr: checks 
*** FLOP *** [2c Th 9s]
enixblr: checks 
André Pará: checks 
*** TURN *** [2c Th 9s] [Qh]
enixblr: checks 
André Pará: checks 
*** RIVER *** [2c Th 9s Qh] [Ks]
enixblr: checks 
André Pará: bets $0.10
enixblr: folds 
Uncalled bet ($0.10) returned to André Pará
André Pará collected $0.12 from pot
*** SUMMARY ***
Total pot $0.12 | Rake $0 
Board [2c Th 9s Qh Ks]
Seat 1: André Pará collected ($0.12)
Seat 2: shtshot250 (button) folded before Flop (didn't bet)
Seat 3: viniciusnd1 (small blind) folded before Flop
Seat 4: enixblr (big blind) folded on the River
Seat 5: dhabiles52 folded before Flop (didn't bet)
Seat 6: henriquefjc folded before Flop (didn't bet)
Seat 8: Dorex2007 folded before Flop (didn't bet)



PokerStars Hand #238591270783:  Hold'em No Limit ($0.02/$0.05 USD) - 2022/09/12 16:21:17 PT [2022/09/12 19:21:17 ET]
Table 'Aries III' 9-max Seat #3 is the button
Seat 1: André Pará ($7.42 in chips) 
Seat 2: shtshot250 ($3.43 in chips) 
Seat 3: viniciusnd1 ($7.46 in chips) 
Seat 4: enixblr ($10.14 in chips) 
Seat 5: dhabiles52 ($5.37 in chips) 
Seat 6: henriquefjc ($2.33 in chips) 
Seat 8: Dorex2007 ($5.89 in chips) 
enixblr: posts small blind $0.02
dhabiles52: posts big blind $0.05
*** HOLE CARDS ***
Dealt to Dorex2007 [Kh 6s]
henriquefjc: folds 
Dorex2007: folds 
André Pará: calls $0.05
shtshot250: folds 
viniciusnd1: folds 
enixblr: folds 
dhabiles52: checks 
*** FLOP *** [8c 6c Jc]
dhabiles52: checks 
André Pará: bets $0.10
dhabiles52: folds 
Uncalled bet ($0.10) returned to André Pará
André Pará collected $0.12 from pot
*** SUMMARY ***
Total pot $0.12 | Rake $0 
Board [8c 6c Jc]
Seat 1: André Pará collected ($0.12)
Seat 2: shtshot250 folded before Flop (didn't bet)
Seat 3: viniciusnd1 (button) folded before Flop (didn't bet)
Seat 4: enixblr (small blind) folded before Flop
Seat 5: dhabiles52 (big blind) folded on the Flop
Seat 6: henriquefjc folded before Flop (didn't bet)
Seat 8: Dorex2007 folded before Flop (didn't bet)



PokerStars Hand #238591278464:  Hold'em No Limit ($0.02/$0.05 USD) - 2022/09/12 16:21:45 PT [2022/09/12 19:21:45 ET]
Table 'Aries III' 9-max Seat #4 is the button
Seat 1: André Pará ($7.49 in chips) 
Seat 2: shtshot250 ($3.43 in chips) 
Seat 3: viniciusnd1 ($7.46 in chips) 
Seat 4: enixblr ($10.12 in chips) 
Seat 5: dhabiles52 ($5.32 in chips) 
Seat 6: henriquefjc ($2.33 in chips) 
Seat 8: Dorex2007 ($5.89 in chips) 
dhabiles52: posts small blind $0.02
henriquefjc: posts big blind $0.05
*** HOLE CARDS ***
Dealt to Dorex2007 [Jh Qd]
Dorex2007: folds 
André Pará: folds 
shtshot250: raises $0.12 to $0.17
viniciusnd1: folds 
enixblr: folds 
dhabiles52: folds 
henriquefjc: folds 
Uncalled bet ($0.12) returned to shtshot250
dhabiles52 leaves the table
shtshot250 collected $0.12 from pot
shtshot250: doesn't show hand 
*** SUMMARY ***
Total pot $0.12 | Rake $0 
Seat 1: André Pará folded before Flop (didn't bet)
Seat 2: shtshot250 collected ($0.12)
Seat 3: viniciusnd1 folded before Flop (didn't bet)
Seat 4: enixblr (button) folded before Flop (didn't bet)
Seat 5: dhabiles52 (small blind) folded before Flop
Seat 6: henriquefjc (big blind) folded before Flop
Seat 8: Dorex2007 folded before Flop (didn't bet)



PokerStars Hand #238591283658:  Hold'em No Limit ($0.02/$0.05 USD) - 2022/09/12 16:22:04 PT [2022/09/12 19:22:04 ET]
Table 'Aries III' 9-max Seat #6 is the button
Seat 1: André Pará ($7.49 in chips) 
Seat 2: shtshot250 ($3.50 in chips) 
Seat 3: viniciusnd1 ($7.46 in chips) 
Seat 4: enixblr ($10.12 in chips) 
Seat 6: henriquefjc ($2.28 in chips) 
Seat 8: Dorex2007 ($5.89 in chips) 
Dorex2007: posts small blind $0.02
André Pará: posts big blind $0.05
*** HOLE CARDS ***
Dealt to Dorex2007 [Kd 2h]
shtshot250: calls $0.05
viniciusnd1: folds 
enixblr: folds 
henriquefjc: folds 
Dorex2007: folds 
André Pará: checks 
*** FLOP *** [Ts Ks Kh]
André Pará: checks 
shtshot250: checks 
*** TURN *** [Ts Ks Kh] [Ah]
André Pará: bets $0.05
shtshot250: folds 
Uncalled bet ($0.05) returned to André Pará
André Pará collected $0.12 from pot
*** SUMMARY ***
Total pot $0.12 | Rake $0 
Board [Ts Ks Kh Ah]
Seat 1: André Pará (big blind) collected ($0.12)
Seat 2: shtshot250 folded on the Turn
Seat 3: viniciusnd1 folded before Flop (didn't bet)
Seat 4: enixblr folded before Flop (didn't bet)
Seat 6: henriquefjc (button) folded before Flop (didn't bet)
Seat 8: Dorex2007 (small blind) folded before Flop



PokerStars Hand #238591292436:  Hold'em No Limit ($0.02/$0.05 USD) - 2022/09/12 16:22:36 PT [2022/09/12 19:22:36 ET]
Table 'Aries III' 9-max Seat #8 is the button
Seat 1: André Pará ($7.56 in chips) 
Seat 2: shtshot250 ($3.45 in chips) 
Seat 3: viniciusnd1 ($7.46 in chips) 
Seat 4: enixblr ($10.12 in chips) 
Seat 6: henriquefjc ($2.28 in chips) 
Seat 8: Dorex2007 ($5.87 in chips) 
André Pará: posts small blind $0.02
shtshot250: posts big blind $0.05
*** HOLE CARDS ***
Dealt to Dorex2007 [8c 9s]
viniciusnd1: raises $0.07 to $0.12
enixblr: folds 
henriquefjc: folds 
Dorex2007: folds 
André Pará: folds 
shtshot250: folds 
Uncalled bet ($0.07) returned to viniciusnd1
viniciusnd1 collected $0.12 from pot
*** SUMMARY ***
Total pot $0.12 | Rake $0 
Seat 1: André Pará (small blind) folded before Flop
Seat 2: shtshot250 (big blind) folded before Flop
Seat 3: viniciusnd1 collected ($0.12)
Seat 4: enixblr folded before Flop (didn't bet)
Seat 6: henriquefjc folded before Flop (didn't bet)
Seat 8: Dorex2007 (button) folded before Flop (didn't bet)



PokerStars Hand #238591295369:  Hold'em No Limit ($0.02/$0.05 USD) - 2022/09/12 16:22:46 PT [2022/09/12 19:22:46 ET]
Table 'Aries III' 9-max Seat #1 is the button
Seat 1: André Pará ($7.54 in chips) 
Seat 2: shtshot250 ($3.40 in chips) 
Seat 3: viniciusnd1 ($7.53 in chips) 
Seat 4: enixblr ($10.12 in chips) 
Seat 6: henriquefjc ($2.28 in chips) 
Seat 8: Dorex2007 ($5.87 in chips) 
shtshot250: posts small blind $0.02
viniciusnd1: posts big blind $0.05
*** HOLE CARDS ***
Dealt to Dorex2007 [2d Ks]
enixblr: folds 
henriquefjc: folds 
Dorex2007: folds 
André Pará: folds 
shtshot250: folds 
Uncalled bet ($0.03) returned to viniciusnd1
viniciusnd1 collected $0.04 from pot
petiribi joins the table at seat #5 
*** SUMMARY ***
Total pot $0.04 | Rake $0 
Seat 1: André Pará (button) folded before Flop (didn't bet)
Seat 2: shtshot250 (small blind) folded before Flop
Seat 3: viniciusnd1 (big blind) collected ($0.04)
Seat 4: enixblr folded before Flop (didn't bet)
Seat 6: henriquefjc folded before Flop (didn't bet)
Seat 8: Dorex2007 folded before Flop (didn't bet)



PokerStars Hand #238591297415:  Hold'em No Limit ($0.02/$0.05 USD) - 2022/09/12 16:22:54 PT [2022/09/12 19:22:54 ET]
Table 'Aries III' 9-max Seat #2 is the button
Seat 1: André Pará ($7.54 in chips) 
Seat 2: shtshot250 ($3.38 in chips) 
Seat 3: viniciusnd1 ($7.55 in chips) 
Seat 4: enixblr ($10.12 in chips) 
Seat 6: henriquefjc ($2.28 in chips) 
Seat 8: Dorex2007 ($5.87 in chips) 
cubicroot joins the table at seat #7 
viniciusnd1: posts small blind $0.02
enixblr: posts big blind $0.05
petiribi: sits out 
*** HOLE CARDS ***
Dealt to Dorex2007 [9d Qc]
henriquefjc: folds 
Dorex2007: folds 
André Pará: folds 
shtshot250: folds 
cubicroot leaves the table
viniciusnd1: raises $0.07 to $0.12
enixblr: folds 
Uncalled bet ($0.07) returned to viniciusnd1
viniciusnd1 collected $0.10 from pot
joaop96 joins the table at seat #9 
*** SUMMARY ***
Total pot $0.10 | Rake $0 
Seat 1: André Pará folded before Flop (didn't bet)
Seat 2: shtshot250 (button) folded before Flop (didn't bet)
Seat 3: viniciusnd1 (small blind) collected ($0.10)
Seat 4: enixblr (big blind) folded before Flop
Seat 6: henriquefjc folded before Flop (didn't bet)
Seat 8: Dorex2007 folded before Flop (didn't bet)



PokerStars Hand #238591301221:  Hold'em No Limit ($0.02/$0.05 USD) - 2022/09/12 16:23:08 PT [2022/09/12 19:23:08 ET]
Table 'Aries III' 9-max Seat #3 is the button
Seat 1: André Pará ($7.54 in chips) 
Seat 2: shtshot250 ($3.38 in chips) 
Seat 3: viniciusnd1 ($7.60 in chips) 
Seat 4: enixblr ($10.07 in chips) 
Seat 5: petiribi ($4 in chips) 
Seat 6: henriquefjc ($2.28 in chips) 
Seat 8: Dorex2007 ($5.87 in chips) 
enixblr: posts small blind $0.02
petiribi: posts big blind $0.05
carfd8 joins the table at seat #7 
joaop96: sits out 
*** HOLE CARDS ***
Dealt to Dorex2007 [Ad 5s]
henriquefjc: folds 
Dorex2007: folds 
André Pará: folds 
shtshot250: folds 
viniciusnd1: raises $0.07 to $0.12
enixblr: folds 
petiribi: folds 
Uncalled bet ($0.07) returned to viniciusnd1
viniciusnd1 collected $0.12 from pot
*** SUMMARY ***
Total pot $0.12 | Rake $0 
Seat 1: André Pará folded before Flop (didn't bet)
Seat 2: shtshot250 folded before Flop (didn't bet)
Seat 3: viniciusnd1 (button) collected ($0.12)
Seat 4: enixblr (small blind) folded before Flop
Seat 5: petiribi (big blind) folded before Flop
Seat 6: henriquefjc folded before Flop (didn't bet)
Seat 8: Dorex2007 folded before Flop (didn't bet)



PokerStars Hand #238591306193:  Hold'em No Limit ($0.02/$0.05 USD) - 2022/09/12 16:23:27 PT [2022/09/12 19:23:27 ET]
Table 'Aries III' 9-max Seat #4 is the button
Seat 1: André Pará ($7.54 in chips) 
Seat 2: shtshot250 ($3.38 in chips) 
Seat 3: viniciusnd1 ($7.67 in chips) 
Seat 4: enixblr ($10.05 in chips) 
Seat 5: petiribi ($3.95 in chips) 
Seat 6: henriquefjc ($2.28 in chips) 
Seat 7: carfd8 ($5 in chips) 
Seat 8: Dorex2007 ($5.87 in chips) 
petiribi: posts small blind $0.02
henriquefjc: posts big blind $0.05
carfd8: posts big blind $0.05
joaop96: sits out 
*** HOLE CARDS ***
Dealt to Dorex2007 [Ts 3s]
carfd8: checks 
Dorex2007: folds 
André Pará: folds 
shtshot250: folds 
viniciusnd1: folds 
enixblr: raises $0.15 to $0.20
petiribi: folds 
henriquefjc: folds 
carfd8: folds 
Uncalled bet ($0.15) returned to enixblr
enixblr collected $0.17 from pot
enixblr: doesn't show hand 
*** SUMMARY ***
Total pot $0.17 | Rake $0 
Seat 1: André Pará folded before Flop (didn't bet)
Seat 2: shtshot250 folded before Flop (didn't bet)
Seat 3: viniciusnd1 folded before Flop (didn't bet)
Seat 4: enixblr (button) collected ($0.17)
Seat 5: petiribi (small blind) folded before Flop
Seat 6: henriquefjc (big blind) folded before Flop
Seat 7: carfd8 folded before Flop (didn't bet)
Seat 8: Dorex2007 folded before Flop (didn't bet)



PokerStars Hand #238591314111:  Hold'em No Limit ($0.02/$0.05 USD) - 2022/09/12 16:23:56 PT [2022/09/12 19:23:56 ET]
Table 'Aries III' 9-max Seat #5 is the button
Seat 1: André Pará ($7.54 in chips) 
Seat 2: shtshot250 ($3.38 in chips) 
Seat 3: viniciusnd1 ($7.67 in chips) 
Seat 4: enixblr ($10.17 in chips) 
Seat 5: petiribi ($3.93 in chips) 
Seat 6: henriquefjc ($2.23 in chips) 
Seat 7: carfd8 ($4.95 in chips) 
Seat 8: Dorex2007 ($5.87 in chips) 
Seat 9: joaop96 ($2 in chips) 
henriquefjc: posts small blind $0.02
carfd8: posts big blind $0.05
joaop96: posts big blind $0.05
*** HOLE CARDS ***
Dealt to Dorex2007 [Kc 6s]
Dorex2007: folds 
joaop96: checks 
André Pará: folds 
shtshot250: calls $0.05
viniciusnd1: raises $0.30 to $0.35
enixblr: folds 
petiribi: folds 
henriquefjc: folds 
carfd8: folds 
joaop96: calls $0.30
shtshot250: calls $0.30
*** FLOP *** [2c Ks Qh]
joaop96: bets $0.15
shtshot250: calls $0.15
viniciusnd1: calls $0.15
*** TURN *** [2c Ks Qh] [Ah]
joaop96: checks 
shtshot250: checks 
viniciusnd1: checks 
*** RIVER *** [2c Ks Qh Ah] [4s]
joaop96: checks 
shtshot250: checks 
viniciusnd1: bets $0.75
joaop96: folds 
shtshot250: folds 
Uncalled bet ($0.75) returned to viniciusnd1
viniciusnd1 collected $1.50 from pot
*** SUMMARY ***
Total pot $1.57 | Rake $0.07 
Board [2c Ks Qh Ah 4s]
Seat 1: André Pará folded before Flop (didn't bet)
Seat 2: shtshot250 folded on the River
Seat 3: viniciusnd1 collected ($1.50)
Seat 4: enixblr folded before Flop (didn't bet)
Seat 5: petiribi (button) folded before Flop (didn't bet)
Seat 6: henriquefjc (small blind) folded before Flop
Seat 7: carfd8 (big blind) folded before Flop
Seat 8: Dorex2007 folded before Flop (didn't bet)
Seat 9: joaop96 folded on the River



PokerStars Hand #238591334715:  Hold'em No Limit ($0.02/$0.05 USD) - 2022/09/12 16:25:12 PT [2022/09/12 19:25:12 ET]
Table 'Aries III' 9-max Seat #6 is the button
Seat 1: André Pará ($7.54 in chips) 
Seat 2: shtshot250 ($2.88 in chips) 
Seat 3: viniciusnd1 ($8.67 in chips) 
Seat 4: enixblr ($10.17 in chips) 
Seat 5: petiribi ($3.93 in chips) 
Seat 6: henriquefjc ($2.21 in chips) 
Seat 7: carfd8 ($4.90 in chips) 
Seat 8: Dorex2007 ($5.87 in chips) 
Seat 9: joaop96 ($1.50 in chips) 
carfd8: posts small blind $0.02
Dorex2007: posts big blind $0.05
*** HOLE CARDS ***
Dealt to Dorex2007 [7c Qd]
joaop96: raises $1.45 to $1.50 and is all-in
André Pará: folds 
shtshot250: folds 
viniciusnd1: folds 
enixblr: folds 
petiribi: folds 
henriquefjc: folds 
carfd8: folds 
Dorex2007: folds 
Uncalled bet ($1.45) returned to joaop96
joaop96 collected $0.12 from pot
*** SUMMARY ***
Total pot $0.12 | Rake $0 
Seat 1: André Pará folded before Flop (didn't bet)
Seat 2: shtshot250 folded before Flop (didn't bet)
Seat 3: viniciusnd1 folded before Flop (didn't bet)
Seat 4: enixblr folded before Flop (didn't bet)
Seat 5: petiribi folded before Flop (didn't bet)
Seat 6: henriquefjc (button) folded before Flop (didn't bet)
Seat 7: carfd8 (small blind) folded before Flop
Seat 8: Dorex2007 (big blind) folded before Flop
Seat 9: joaop96 collected ($0.12)



PokerStars Hand #238591340881:  Hold'em No Limit ($0.02/$0.05 USD) - 2022/09/12 16:25:34 PT [2022/09/12 19:25:34 ET]
Table 'Aries III' 9-max Seat #7 is the button
Seat 1: André Pará ($7.54 in chips) 
Seat 2: shtshot250 ($2.88 in chips) 
Seat 3: viniciusnd1 ($8.67 in chips) 
Seat 4: enixblr ($10.17 in chips) 
Seat 5: petiribi ($3.93 in chips) 
Seat 6: henriquefjc ($2.21 in chips) 
Seat 7: carfd8 ($4.88 in chips) 
Seat 8: Dorex2007 ($5.82 in chips) 
Seat 9: joaop96 ($1.57 in chips) 
Dorex2007: posts small blind $0.02
joaop96: posts big blind $0.05
*** HOLE CARDS ***
Dealt to Dorex2007 [9d 8d]
André Pará: folds 
shtshot250: calls $0.05
viniciusnd1: folds 
enixblr: folds 
petiribi: folds 
henriquefjc: calls $0.05
carfd8: folds 
Dorex2007: calls $0.03
joaop96: checks 
*** FLOP *** [Jd 6d 4h]
Dorex2007: checks 
joaop96: checks 
shtshot250: bets $0.19
henriquefjc: folds 
Dorex2007: calls $0.19
joaop96: folds 
*** TURN *** [Jd 6d 4h] [Td]
Dorex2007: checks 
shtshot250: checks 
*** RIVER *** [Jd 6d 4h Td] [6c]
Dorex2007: bets $0.56
shtshot250: folds 
Uncalled bet ($0.56) returned to Dorex2007
Dorex2007 collected $0.56 from pot
Dorex2007: doesn't show hand 
*** SUMMARY ***
Total pot $0.58 | Rake $0.02 
Board [Jd 6d 4h Td 6c]
Seat 1: André Pará folded before Flop (didn't bet)
Seat 2: shtshot250 folded on the River
Seat 3: viniciusnd1 folded before Flop (didn't bet)
Seat 4: enixblr folded before Flop (didn't bet)
Seat 5: petiribi folded before Flop (didn't bet)
Seat 6: henriquefjc folded on the Flop
Seat 7: carfd8 (button) folded before Flop (didn't bet)
Seat 8: Dorex2007 (small blind) collected ($0.56)
Seat 9: joaop96 (big blind) folded on the Flop



PokerStars Hand #238591354819:  Hold'em No Limit ($0.02/$0.05 USD) - 2022/09/12 16:26:25 PT [2022/09/12 19:26:25 ET]
Table 'Aries III' 9-max Seat #8 is the button
Seat 1: André Pará ($7.54 in chips) 
Seat 2: shtshot250 ($2.64 in chips) 
Seat 3: viniciusnd1 ($8.67 in chips) 
Seat 4: enixblr ($10.17 in chips) 
Seat 5: petiribi ($3.93 in chips) 
Seat 6: henriquefjc ($2.16 in chips) 
Seat 7: carfd8 ($4.88 in chips) 
Seat 8: Dorex2007 ($6.14 in chips) 
Seat 9: joaop96 ($1.52 in chips) 
joaop96: posts small blind $0.02
André Pará: posts big blind $0.05
*** HOLE CARDS ***
Dealt to Dorex2007 [3d 2d]
shtshot250: folds 
viniciusnd1: folds 
enixblr: folds 
petiribi: folds 
henriquefjc: folds 
carfd8: folds 
Dorex2007: folds 
joaop96: calls $0.03
André Pará: raises $0.05 to $0.10
joaop96: calls $0.05
*** FLOP *** [As Ad 9h]
joaop96: checks 
André Pará: checks 
*** TURN *** [As Ad 9h] [4d]
joaop96: checks 
André Pará: checks 
*** RIVER *** [As Ad 9h 4d] [7c]
joaop96: checks 
André Pará: checks 
*** SHOW DOWN ***
joaop96: shows [Ks 4h] (two pair, Aces and Fours)
André Pará: mucks hand 
joaop96 collected $0.19 from pot
*** SUMMARY ***
Total pot $0.20 | Rake $0.01 
Board [As Ad 9h 4d 7c]
Seat 1: André Pará (big blind) mucked [Kc Qc]
Seat 2: shtshot250 folded before Flop (didn't bet)
Seat 3: viniciusnd1 folded before Flop (didn't bet)
Seat 4: enixblr folded before Flop (didn't bet)
Seat 5: petiribi folded before Flop (didn't bet)
Seat 6: henriquefjc folded before Flop (didn't bet)
Seat 7: carfd8 folded before Flop (didn't bet)
Seat 8: Dorex2007 (button) folded before Flop (didn't bet)
Seat 9: joaop96 (small blind) showed [Ks 4h] and won ($0.19) with two pair, Aces and Fours



PokerStars Hand #238591365846:  Hold'em No Limit ($0.02/$0.05 USD) - 2022/09/12 16:27:06 PT [2022/09/12 19:27:06 ET]
Table 'Aries III' 9-max Seat #9 is the button
Seat 1: André Pará ($7.44 in chips) 
Seat 2: shtshot250 ($2.64 in chips) 
Seat 3: viniciusnd1 ($8.67 in chips) 
Seat 4: enixblr ($10.17 in chips) 
Seat 5: petiribi ($3.93 in chips) 
Seat 6: henriquefjc ($2.16 in chips) 
Seat 7: carfd8 ($4.88 in chips) 
Seat 8: Dorex2007 ($6.14 in chips) 
Seat 9: joaop96 ($1.61 in chips) 
André Pará: posts small blind $0.02
shtshot250: posts big blind $0.05
*** HOLE CARDS ***
Dealt to Dorex2007 [Qs 5d]
viniciusnd1: folds 
enixblr: raises $0.10 to $0.15
petiribi: calls $0.15
henriquefjc: folds 
carfd8: calls $0.15
Dorex2007: folds 
joaop96: folds 
André Pará: folds 
shtshot250: folds 
*** FLOP *** [7c As Jc]
enixblr: checks 
petiribi: checks 
carfd8: checks 
*** TURN *** [7c As Jc] [2h]
enixblr: checks 
petiribi: checks 
carfd8: bets $0.20
enixblr: folds 
petiribi: folds 
Uncalled bet ($0.20) returned to carfd8
carfd8 collected $0.50 from pot
*** SUMMARY ***
Total pot $0.52 | Rake $0.02 
Board [7c As Jc 2h]
Seat 1: André Pará (small blind) folded before Flop
Seat 2: shtshot250 (big blind) folded before Flop
Seat 3: viniciusnd1 folded before Flop (didn't bet)
Seat 4: enixblr folded on the Turn
Seat 5: petiribi folded on the Turn
Seat 6: henriquefjc folded before Flop (didn't bet)
Seat 7: carfd8 collected ($0.50)
Seat 8: Dorex2007 folded before Flop (didn't bet)
Seat 9: joaop96 (button) folded before Flop (didn't bet)



PokerStars Hand #238591380445:  Hold'em No Limit ($0.02/$0.05 USD) - 2022/09/12 16:28:00 PT [2022/09/12 19:28:00 ET]
Table 'Aries III' 9-max Seat #1 is the button
Seat 1: André Pará ($7.42 in chips) 
Seat 2: shtshot250 ($2.59 in chips) 
Seat 3: viniciusnd1 ($8.67 in chips) 
Seat 4: enixblr ($10.02 in chips) 
Seat 5: petiribi ($3.78 in chips) 
Seat 6: henriquefjc ($2.16 in chips) 
Seat 7: carfd8 ($5.23 in chips) 
Seat 8: Dorex2007 ($6.14 in chips) 
Seat 9: joaop96 ($1.61 in chips) 
shtshot250: posts small blind $0.02
viniciusnd1: posts big blind $0.05
*** HOLE CARDS ***
Dealt to Dorex2007 [2h Th]
enixblr: folds 
petiribi: folds 
henriquefjc: folds 
carfd8: folds 
Dorex2007: folds 
joaop96: calls $0.05
André Pará: calls $0.05
shtshot250: calls $0.03
viniciusnd1: checks 
*** FLOP *** [4c Ad Kc]
shtshot250: checks 
viniciusnd1: checks 
joaop96: checks 
André Pará: checks 
*** TURN *** [4c Ad Kc] [Jd]
shtshot250: checks 
viniciusnd1: checks 
joaop96: checks 
André Pará: checks 
*** RIVER *** [4c Ad Kc Jd] [4s]
shtshot250: checks 
viniciusnd1: checks 
joaop96: bets $0.15
André Pará: calls $0.15
shtshot250: folds 
viniciusnd1: folds 
*** SHOW DOWN ***
joaop96: shows [4d 6d] (three of a kind, Fours)
André Pará: shows [3h 4h] (three of a kind, Fours)
joaop96 collected $0.24 from pot
André Pará collected $0.24 from pot
*** SUMMARY ***
Total pot $0.50 | Rake $0.02 
Board [4c Ad Kc Jd 4s]
Seat 1: André Pará (button) showed [3h 4h] and won ($0.24) with three of a kind, Fours
Seat 2: shtshot250 (small blind) folded on the River
Seat 3: viniciusnd1 (big blind) folded on the River
Seat 4: enixblr folded before Flop (didn't bet)
Seat 5: petiribi folded before Flop (didn't bet)
Seat 6: henriquefjc folded before Flop (didn't bet)
Seat 7: carfd8 folded before Flop (didn't bet)
Seat 8: Dorex2007 folded before Flop (didn't bet)
Seat 9: joaop96 showed [4d 6d] and won ($0.24) with three of a kind, Fours



PokerStars Hand #238591394325:  Hold'em No Limit ($0.02/$0.05 USD) - 2022/09/12 16:28:51 PT [2022/09/12 19:28:51 ET]
Table 'Aries III' 9-max Seat #2 is the button
Seat 1: André Pará ($7.46 in chips) 
Seat 2: shtshot250 ($2.54 in chips) 
Seat 3: viniciusnd1 ($8.62 in chips) 
Seat 4: enixblr ($10.02 in chips) 
Seat 5: petiribi ($3.78 in chips) 
Seat 6: henriquefjc ($2.16 in chips) 
Seat 7: carfd8 ($5.23 in chips) 
Seat 8: Dorex2007 ($6.14 in chips) 
Seat 9: joaop96 ($1.65 in chips) 
viniciusnd1: posts small blind $0.02
enixblr: posts big blind $0.05
*** HOLE CARDS ***
Dealt to Dorex2007 [Ad 4d]
petiribi: folds 
henriquefjc: folds 
carfd8: folds 
Dorex2007: raises $0.05 to $0.10
joaop96: calls $0.10
André Pará: folds 
shtshot250: folds 
viniciusnd1: folds 
enixblr: folds 
*** FLOP *** [8s 3h Qs]
Dorex2007: checks 
joaop96 has timed out
joaop96: checks 
*** TURN *** [8s 3h Qs] [Jh]
Dorex2007: checks 
joaop96: checks 
*** RIVER *** [8s 3h Qs Jh] [9s]
Dorex2007: checks 
joaop96: checks 
*** SHOW DOWN ***
Dorex2007: shows [Ad 4d] (high card Ace)
joaop96: mucks hand 
Dorex2007 collected $0.26 from pot
*** SUMMARY ***
Total pot $0.27 | Rake $0.01 
Board [8s 3h Qs Jh 9s]
Seat 1: André Pará folded before Flop (didn't bet)
Seat 2: shtshot250 (button) folded before Flop (didn't bet)
Seat 3: viniciusnd1 (small blind) folded before Flop
Seat 4: enixblr (big blind) folded before Flop
Seat 5: petiribi folded before Flop (didn't bet)
Seat 6: henriquefjc folded before Flop (didn't bet)
Seat 7: carfd8 folded before Flop (didn't bet)
Seat 8: Dorex2007 showed [Ad 4d] and won ($0.26) with high card Ace
Seat 9: joaop96 mucked [Kh 2c]



PokerStars Hand #238591411831:  Hold'em No Limit ($0.02/$0.05 USD) - 2022/09/12 16:29:57 PT [2022/09/12 19:29:57 ET]
Table 'Aries III' 9-max Seat #3 is the button
Seat 1: André Pará ($7.46 in chips) 
Seat 2: shtshot250 ($2.54 in chips) 
Seat 3: viniciusnd1 ($8.60 in chips) 
Seat 4: enixblr ($9.97 in chips) 
Seat 5: petiribi ($3.78 in chips) 
Seat 6: henriquefjc ($2.16 in chips) 
Seat 7: carfd8 ($5.23 in chips) 
Seat 8: Dorex2007 ($6.30 in chips) 
Seat 9: joaop96 ($1.55 in chips) 
enixblr: posts small blind $0.02
petiribi: posts big blind $0.05
*** HOLE CARDS ***
Dealt to Dorex2007 [8s 7c]
henriquefjc: folds 
carfd8: folds 
Dorex2007: folds 
joaop96: calls $0.05
André Pará: folds 
shtshot250: calls $0.05
viniciusnd1: folds 
enixblr: calls $0.03
petiribi: checks 
*** FLOP *** [2s Qh Ts]
enixblr: checks 
petiribi: checks 
joaop96: checks 
shtshot250: bets $0.19
enixblr: calls $0.19
petiribi: folds 
joaop96: folds 
*** TURN *** [2s Qh Ts] [Jd]
enixblr: checks 
shtshot250: bets $0.56
enixblr: folds 
Uncalled bet ($0.56) returned to shtshot250
shtshot250 collected $0.56 from pot
shtshot250: doesn't show hand 
*** SUMMARY ***
Total pot $0.58 | Rake $0.02 
Board [2s Qh Ts Jd]
Seat 1: André Pará folded before Flop (didn't bet)
Seat 2: shtshot250 collected ($0.56)
Seat 3: viniciusnd1 (button) folded before Flop (didn't bet)
Seat 4: enixblr (small blind) folded on the Turn
Seat 5: petiribi (big blind) folded on the Flop
Seat 6: henriquefjc folded before Flop (didn't bet)
Seat 7: carfd8 folded before Flop (didn't bet)
Seat 8: Dorex2007 folded before Flop (didn't bet)
Seat 9: joaop96 folded on the Flop



PokerStars Hand #238591423395:  Hold'em No Limit ($0.02/$0.05 USD) - 2022/09/12 16:30:40 PT [2022/09/12 19:30:40 ET]
Table 'Aries III' 9-max Seat #4 is the button
Seat 1: André Pará ($7.46 in chips) 
Seat 2: shtshot250 ($2.86 in chips) 
Seat 3: viniciusnd1 ($8.60 in chips) 
Seat 4: enixblr ($9.73 in chips) 
Seat 5: petiribi ($3.73 in chips) 
Seat 6: henriquefjc ($2.16 in chips) 
Seat 7: carfd8 ($5.23 in chips) 
Seat 8: Dorex2007 ($6.30 in chips) 
Seat 9: joaop96 ($1.50 in chips) 
petiribi: posts small blind $0.02
henriquefjc: posts big blind $0.05
*** HOLE CARDS ***
Dealt to Dorex2007 [7c 4h]
carfd8: folds 
Dorex2007: folds 
joaop96: folds 
joaop96 leaves the table
André Pará has timed out
André Pará: folds 
shtshot250: calls $0.05
viniciusnd1: folds 
enixblr: raises $0.10 to $0.15
petiribi: folds 
henriquefjc: folds 
shtshot250: calls $0.10
*** FLOP *** [3s 4c Ad]
shtshot250: checks 
enixblr: checks 
*** TURN *** [3s 4c Ad] [6d]
shtshot250: checks 
enixblr: checks 
*** RIVER *** [3s 4c Ad 6d] [4d]
shtshot250: checks 
enixblr: bets $0.26
shtshot250: folds 
Uncalled bet ($0.26) returned to enixblr
enixblr collected $0.35 from pot
enixblr: doesn't show hand 
*** SUMMARY ***
Total pot $0.37 | Rake $0.02 
Board [3s 4c Ad 6d 4d]
Seat 1: André Pará folded before Flop (didn't bet)
Seat 2: shtshot250 folded on the River
Seat 3: viniciusnd1 folded before Flop (didn't bet)
Seat 4: enixblr (button) collected ($0.35)
Seat 5: petiribi (small blind) folded before Flop
Seat 6: henriquefjc (big blind) folded before Flop
Seat 7: carfd8 folded before Flop (didn't bet)
Seat 8: Dorex2007 folded before Flop (didn't bet)
Seat 9: joaop96 folded before Flop (didn't bet)



PokerStars Hand #238591437521:  Hold'em No Limit ($0.02/$0.05 USD) - 2022/09/12 16:31:34 PT [2022/09/12 19:31:34 ET]
Table 'Aries III' 9-max Seat #5 is the button
Seat 2: shtshot250 ($2.71 in chips) 
Seat 3: viniciusnd1 ($8.60 in chips) 
Seat 4: enixblr ($9.93 in chips) 
Seat 5: petiribi ($3.71 in chips) 
Seat 6: henriquefjc ($2.11 in chips) 
Seat 7: carfd8 ($5.23 in chips) 
Seat 8: Dorex2007 ($6.30 in chips) 
henriquefjc: posts small blind $0.02
carfd8: posts big blind $0.05
*** HOLE CARDS ***
Dealt to Dorex2007 [Th Ah]
Dorex2007: raises $0.10 to $0.15
shtshot250: calls $0.15
viniciusnd1: raises $0.35 to $0.50
enixblr: folds 
petiribi: folds 
henriquefjc: folds 
pachaboy29 joins the table at seat #9 
carfd8: folds 
Dorex2007: folds 
shtshot250: calls $0.35
*** FLOP *** [Qd 7d 8c]
shtshot250: checks 
viniciusnd1: bets $0.60
shtshot250: folds 
Uncalled bet ($0.60) returned to viniciusnd1
viniciusnd1 collected $1.17 from pot
*** SUMMARY ***
Total pot $1.22 | Rake $0.05 
Board [Qd 7d 8c]
Seat 2: shtshot250 folded on the Flop
Seat 3: viniciusnd1 collected ($1.17)
Seat 4: enixblr folded before Flop (didn't bet)
Seat 5: petiribi (button) folded before Flop (didn't bet)
Seat 6: henriquefjc (small blind) folded before Flop
Seat 7: carfd8 (big blind) folded before Flop
Seat 8: Dorex2007 folded before Flop



PokerStars Hand #238591448466:  Hold'em No Limit ($0.02/$0.05 USD) - 2022/09/12 16:32:15 PT [2022/09/12 19:32:15 ET]
Table 'Aries III' 9-max Seat #6 is the button
Seat 2: shtshot250 ($2.21 in chips) 
Seat 3: viniciusnd1 ($9.27 in chips) 
Seat 4: enixblr ($9.93 in chips) 
Seat 5: petiribi ($3.71 in chips) 
Seat 6: henriquefjc ($2.09 in chips) 
Seat 7: carfd8 ($5.18 in chips) 
Seat 8: Dorex2007 ($6.15 in chips) 
carfd8: posts small blind $0.02
Dorex2007: posts big blind $0.05
pachaboy29: sits out 
*** HOLE CARDS ***
Dealt to Dorex2007 [9d 4h]
shtshot250: folds 
viniciusnd1: folds 
enixblr: raises $0.07 to $0.12
petiribi: folds 
henriquefjc: folds 
carfd8: folds 
Dorex2007: folds 
Uncalled bet ($0.07) returned to enixblr
enixblr collected $0.12 from pot
enixblr: doesn't show hand 
*** SUMMARY ***
Total pot $0.12 | Rake $0 
Seat 2: shtshot250 folded before Flop (didn't bet)
Seat 3: viniciusnd1 folded before Flop (didn't bet)
Seat 4: enixblr collected ($0.12)
Seat 5: petiribi folded before Flop (didn't bet)
Seat 6: henriquefjc (button) folded before Flop (didn't bet)
Seat 7: carfd8 (small blind) folded before Flop
Seat 8: Dorex2007 (big blind) folded before Flop



PokerStars Hand #238591451064:  Hold'em No Limit ($0.02/$0.05 USD) - 2022/09/12 16:32:25 PT [2022/09/12 19:32:25 ET]
Table 'Aries III' 9-max Seat #7 is the button
Seat 2: shtshot250 ($2.21 in chips) 
Seat 3: viniciusnd1 ($9.27 in chips) 
Seat 4: enixblr ($10 in chips) 
Seat 5: petiribi ($3.71 in chips) 
Seat 6: henriquefjc ($2.09 in chips) 
Seat 7: carfd8 ($5.16 in chips) 
Seat 8: Dorex2007 ($6.10 in chips) 
Seat 9: pachaboy29 ($5 in chips) 
Dorex2007: posts small blind $0.02
pachaboy29: posts big blind $0.05
*** HOLE CARDS ***
Dealt to Dorex2007 [Ts Tc]
shtshot250: folds 
viniciusnd1: folds 
enixblr: raises $0.10 to $0.15
petiribi: folds 
henriquefjc: folds 
carfd8: folds 
Dorex2007: calls $0.13
pachaboy29: calls $0.10
*** FLOP *** [7d Th 4d]
Dorex2007: checks 
pachaboy29: bets $0.43
enixblr: raises $0.86 to $1.29
Dorex2007: raises $4.66 to $5.95 and is all-in
pachaboy29: folds 
enixblr: calls $4.66
*** TURN *** [7d Th 4d] [9h]
*** RIVER *** [7d Th 4d 9h] [As]
*** SHOW DOWN ***
Dorex2007: shows [Ts Tc] (three of a kind, Tens)
enixblr: shows [Kd Kc] (a pair of Kings)
Dorex2007 cashed out the hand for $10.65 | Cash Out Fee $0.11
*** SUMMARY ***
Total pot $12.78 | Rake $0.53 
Board [7d Th 4d 9h As]
Seat 2: shtshot250 folded before Flop (didn't bet)
Seat 3: viniciusnd1 folded before Flop (didn't bet)
Seat 4: enixblr showed [Kd Kc] and lost with a pair of Kings
Seat 5: petiribi folded before Flop (didn't bet)
Seat 6: henriquefjc folded before Flop (didn't bet)
Seat 7: carfd8 (button) folded before Flop (didn't bet)
Seat 8: Dorex2007 (small blind) showed [Ts Tc] and won ($12.25) with three of a kind, Tens (pot not awarded as player cashed out)
Seat 9: pachaboy29 (big blind) folded on the Flop



PokerStars Hand #238591469928:  Hold'em No Limit ($0.02/$0.05 USD) - 2022/09/12 16:33:38 PT [2022/09/12 19:33:38 ET]
Table 'Aries III' 9-max Seat #8 is the button
Seat 2: shtshot250 ($2.21 in chips) 
Seat 3: viniciusnd1 ($9.27 in chips) 
Seat 4: enixblr ($5 in chips) 
Seat 5: petiribi ($3.71 in chips) 
Seat 6: henriquefjc ($2.09 in chips) 
Seat 7: carfd8 ($5.16 in chips) 
Seat 8: Dorex2007 ($10.65 in chips) 
Seat 9: pachaboy29 ($4.42 in chips) 
pachaboy29: posts small blind $0.02
shtshot250: posts big blind $0.05
*** HOLE CARDS ***
Dealt to Dorex2007 [8d 6c]
viniciusnd1: raises $0.07 to $0.12
enixblr: folds 
petiribi: folds 
henriquefjc: folds 
carfd8: folds 
Dorex2007: folds 
pachaboy29: raises $0.34 to $0.46
shtshot250: calls $0.41
viniciusnd1: folds 
*** FLOP *** [Qh 6s Ks]
pachaboy29: bets $3.96 and is all-in
shtshot250: folds 
Uncalled bet ($3.96) returned to pachaboy29
pachaboy29 collected $1 from pot
pachaboy29: shows [Tc 3d] (high card King)
*** SUMMARY ***
Total pot $1.04 | Rake $0.04 
Board [Qh 6s Ks]
Seat 2: shtshot250 (big blind) folded on the Flop
Seat 3: viniciusnd1 folded before Flop
Seat 4: enixblr folded before Flop (didn't bet)
Seat 5: petiribi folded before Flop (didn't bet)
Seat 6: henriquefjc folded before Flop (didn't bet)
Seat 7: carfd8 folded before Flop (didn't bet)
Seat 8: Dorex2007 (button) folded before Flop (didn't bet)
Seat 9: pachaboy29 (small blind) collected ($1)



PokerStars Hand #238591481096:  Hold'em No Limit ($0.02/$0.05 USD) - 2022/09/12 16:34:21 PT [2022/09/12 19:34:21 ET]
Table 'Aries III' 9-max Seat #9 is the button
Seat 2: shtshot250 ($1.75 in chips) 
Seat 3: viniciusnd1 ($9.15 in chips) 
Seat 4: enixblr ($5 in chips) 
Seat 5: petiribi ($3.71 in chips) 
Seat 6: henriquefjc ($2.09 in chips) 
Seat 7: carfd8 ($5.16 in chips) 
Seat 8: Dorex2007 ($10.65 in chips) 
Seat 9: pachaboy29 ($4.96 in chips) 
shtshot250: posts small blind $0.02
viniciusnd1: posts big blind $0.05
*** HOLE CARDS ***
Dealt to Dorex2007 [5h 7d]
enixblr: raises $0.10 to $0.15
petiribi: folds 
henriquefjc: folds 
carfd8: calls $0.15
Dorex2007: folds 
pachaboy29: folds 
shtshot250: folds 
viniciusnd1: folds 
*** FLOP *** [4s 9h Js]
enixblr: checks 
carfd8: checks 
*** TURN *** [4s 9h Js] [2c]
enixblr: checks 
carfd8: checks 
*** RIVER *** [4s 9h Js 2c] [Ah]
enixblr: bets $0.23
carfd8: raises $0.38 to $0.61
enixblr: folds 
Uncalled bet ($0.38) returned to carfd8
carfd8 collected $0.80 from pot
*** SUMMARY ***
Total pot $0.83 | Rake $0.03 
Board [4s 9h Js 2c Ah]
Seat 2: shtshot250 (small blind) folded before Flop
Seat 3: viniciusnd1 (big blind) folded before Flop
Seat 4: enixblr folded on the River
Seat 5: petiribi folded before Flop (didn't bet)
Seat 6: henriquefjc folded before Flop (didn't bet)
Seat 7: carfd8 collected ($0.80)
Seat 8: Dorex2007 folded before Flop (didn't bet)
Seat 9: pachaboy29 (button) folded before Flop (didn't bet)



PokerStars Hand #238591495844:  Hold'em No Limit ($0.02/$0.05 USD) - 2022/09/12 16:35:18 PT [2022/09/12 19:35:18 ET]
Table 'Aries III' 9-max Seat #3 is the button
Seat 3: viniciusnd1 ($9.10 in chips) 
Seat 4: enixblr ($5 in chips) 
Seat 5: petiribi ($3.71 in chips) 
Seat 6: henriquefjc ($2.09 in chips) 
Seat 7: carfd8 ($5.58 in chips) 
Seat 8: Dorex2007 ($10.65 in chips) 
Seat 9: pachaboy29 ($4.96 in chips) 
enixblr: posts small blind $0.02
petiribi: posts big blind $0.05
*** HOLE CARDS ***
Dealt to Dorex2007 [2c 4c]
henriquefjc: folds 
carfd8: raises $0.10 to $0.15
Dorex2007: folds 
pachaboy29: folds 
viniciusnd1: folds 
enixblr: folds 
petiribi: folds 
Uncalled bet ($0.10) returned to carfd8
carfd8 collected $0.12 from pot
*** SUMMARY ***
Total pot $0.12 | Rake $0 
Seat 3: viniciusnd1 (button) folded before Flop (didn't bet)
Seat 4: enixblr (small blind) folded before Flop
Seat 5: petiribi (big blind) folded before Flop
Seat 6: henriquefjc folded before Flop (didn't bet)
Seat 7: carfd8 collected ($0.12)
Seat 8: Dorex2007 folded before Flop (didn't bet)
Seat 9: pachaboy29 folded before Flop (didn't bet)



PokerStars Hand #238591501390:  Hold'em No Limit ($0.02/$0.05 USD) - 2022/09/12 16:35:39 PT [2022/09/12 19:35:39 ET]
Table 'Aries III' 9-max Seat #4 is the button
Seat 3: viniciusnd1 ($9.10 in chips) 
Seat 4: enixblr ($5 in chips) 
Seat 5: petiribi ($3.66 in chips) 
Seat 6: henriquefjc ($2.09 in chips) 
Seat 7: carfd8 ($5.65 in chips) 
Seat 8: Dorex2007 ($10.65 in chips) 
Seat 9: pachaboy29 ($4.96 in chips) 
petiribi: posts small blind $0.02
henriquefjc: posts big blind $0.05
*** HOLE CARDS ***
Dealt to Dorex2007 [8s 6h]
carfd8: folds 
Dorex2007: folds 
pachaboy29: folds 
viniciusnd1: folds 
enixblr: folds 
petiribi: raises $0.20 to $0.25
henriquefjc: folds 
Uncalled bet ($0.20) returned to petiribi
petiribi collected $0.10 from pot
*** SUMMARY ***
Total pot $0.10 | Rake $0 
Seat 3: viniciusnd1 folded before Flop (didn't bet)
Seat 4: enixblr (button) folded before Flop (didn't bet)
Seat 5: petiribi (small blind) collected ($0.10)
Seat 6: henriquefjc (big blind) folded before Flop
Seat 7: carfd8 folded before Flop (didn't bet)
Seat 8: Dorex2007 folded before Flop (didn't bet)
Seat 9: pachaboy29 folded before Flop (didn't bet)



PokerStars Hand #238591508352:  Hold'em No Limit ($0.02/$0.05 USD) - 2022/09/12 16:36:06 PT [2022/09/12 19:36:06 ET]
Table 'Aries III' 9-max Seat #5 is the button
Seat 3: viniciusnd1 ($9.10 in chips) 
Seat 4: enixblr ($5 in chips) 
Seat 5: petiribi ($3.71 in chips) 
Seat 6: henriquefjc ($2.04 in chips) 
Seat 7: carfd8 ($5.65 in chips) 
Seat 8: Dorex2007 ($10.65 in chips) 
Seat 9: pachaboy29 ($4.96 in chips) 
henriquefjc: posts small blind $0.02
carfd8: posts big blind $0.05
*** HOLE CARDS ***
Dealt to Dorex2007 [Qc Qs]
Dorex2007: calls $0.05
pachaboy29: raises $0.17 to $0.22
viniciusnd1: folds 
enixblr: folds 
petiribi: folds 
henriquefjc: folds 
carfd8: folds 
Dorex2007: raises $10.43 to $10.65 and is all-in
pachaboy29: folds 
Uncalled bet ($10.43) returned to Dorex2007
Dorex2007 collected $0.51 from pot
Dorex2007: doesn't show hand 
*** SUMMARY ***
Total pot $0.51 | Rake $0 
Seat 3: viniciusnd1 folded before Flop (didn't bet)
Seat 4: enixblr folded before Flop (didn't bet)
Seat 5: petiribi (button) folded before Flop (didn't bet)
Seat 6: henriquefjc (small blind) folded before Flop
Seat 7: carfd8 (big blind) folded before Flop
Seat 8: Dorex2007 collected ($0.51)
Seat 9: pachaboy29 folded before Flop



PokerStars Hand #238591520231:  Hold'em No Limit ($0.02/$0.05 USD) - 2022/09/12 16:36:52 PT [2022/09/12 19:36:52 ET]
Table 'Aries III' 9-max Seat #6 is the button
Seat 3: viniciusnd1 ($9.10 in chips) 
Seat 4: enixblr ($5 in chips) 
Seat 5: petiribi ($3.71 in chips) 
Seat 6: henriquefjc ($2.02 in chips) 
Seat 7: carfd8 ($5.60 in chips) 
Seat 8: Dorex2007 ($10.94 in chips) 
Seat 9: pachaboy29 ($4.74 in chips) 
carfd8: posts small blind $0.02
Dorex2007: posts big blind $0.05
*** HOLE CARDS ***
Dealt to Dorex2007 [Jc 6d]
pachaboy29: folds 
viniciusnd1: folds 
enixblr: folds 
petiribi: folds 
henriquefjc: folds 
carfd8: folds 
Uncalled bet ($0.03) returned to Dorex2007
Dorex2007 collected $0.04 from pot
Dorex2007: doesn't show hand 
*** SUMMARY ***
Total pot $0.04 | Rake $0 
Seat 3: viniciusnd1 folded before Flop (didn't bet)
Seat 4: enixblr folded before Flop (didn't bet)
Seat 5: petiribi folded before Flop (didn't bet)
Seat 6: henriquefjc (button) folded before Flop (didn't bet)
Seat 7: carfd8 (small blind) folded before Flop
Seat 8: Dorex2007 (big blind) collected ($0.04)
Seat 9: pachaboy29 folded before Flop (didn't bet)



PokerStars Hand #238591524733:  Hold'em No Limit ($0.02/$0.05 USD) - 2022/09/12 16:37:09 PT [2022/09/12 19:37:09 ET]
Table 'Aries III' 9-max Seat #7 is the button
Seat 3: viniciusnd1 ($9.10 in chips) 
Seat 4: enixblr ($5 in chips) 
Seat 5: petiribi ($3.71 in chips) 
Seat 6: henriquefjc ($2.02 in chips) 
Seat 7: carfd8 ($5.58 in chips) 
Seat 8: Dorex2007 ($10.96 in chips) 
Seat 9: pachaboy29 ($4.74 in chips) 
Dorex2007: posts small blind $0.02
pachaboy29: posts big blind $0.05
*** HOLE CARDS ***
Dealt to Dorex2007 [3s Qc]
viniciusnd1: raises $0.07 to $0.12
enixblr: folds 
petiribi: calls $0.12
henriquefjc: folds 
carfd8: folds 
Dorex2007: folds 
pachaboy29: raises $0.43 to $0.55
viniciusnd1: calls $0.43
petiribi: calls $0.43
*** FLOP *** [8d Jd Qh]
pachaboy29: bets $4.19 and is all-in
viniciusnd1: folds 
petiribi: folds 
Uncalled bet ($4.19) returned to pachaboy29
pachaboy29 collected $1.60 from pot
pachaboy29: shows [6h 7d] (high card Queen)
*** SUMMARY ***
Total pot $1.67 | Rake $0.07 
Board [8d Jd Qh]
Seat 3: viniciusnd1 folded on the Flop
Seat 4: enixblr folded before Flop (didn't bet)
Seat 5: petiribi folded on the Flop
Seat 6: henriquefjc folded before Flop (didn't bet)
Seat 7: carfd8 (button) folded before Flop (didn't bet)
Seat 8: Dorex2007 (small blind) folded before Flop
Seat 9: pachaboy29 (big blind) collected ($1.60)



PokerStars Hand #238591537080:  Hold'em No Limit ($0.02/$0.05 USD) - 2022/09/12 16:37:57 PT [2022/09/12 19:37:57 ET]
Table 'Aries III' 9-max Seat #8 is the button
Seat 3: viniciusnd1 ($8.55 in chips) 
Seat 4: enixblr ($5 in chips) 
Seat 5: petiribi ($3.16 in chips) 
Seat 6: henriquefjc ($2.02 in chips) 
Seat 7: carfd8 ($5.58 in chips) 
Seat 8: Dorex2007 ($10.94 in chips) 
Seat 9: pachaboy29 ($5.79 in chips) 
pachaboy29: posts small blind $0.02
viniciusnd1: posts big blind $0.05
*** HOLE CARDS ***
Dealt to Dorex2007 [3h 5d]
enixblr: folds 
petiribi: calls $0.05
henriquefjc: folds 
carfd8: folds 
Dorex2007: folds 
pachaboy29: raises $0.15 to $0.20
viniciusnd1: folds 
petiribi: folds 
Uncalled bet ($0.15) returned to pachaboy29
pachaboy29 collected $0.15 from pot
*** SUMMARY ***
Total pot $0.15 | Rake $0 
Seat 3: viniciusnd1 (big blind) folded before Flop
Seat 4: enixblr folded before Flop (didn't bet)
Seat 5: petiribi folded before Flop
Seat 6: henriquefjc folded before Flop (didn't bet)
Seat 7: carfd8 folded before Flop (didn't bet)
Seat 8: Dorex2007 (button) folded before Flop (didn't bet)
Seat 9: pachaboy29 (small blind) collected ($0.15)



PokerStars Hand #238591544050:  Hold'em No Limit ($0.02/$0.05 USD) - 2022/09/12 16:38:23 PT [2022/09/12 19:38:23 ET]
Table 'Aries III' 9-max Seat #9 is the button
Seat 3: viniciusnd1 ($8.50 in chips) 
Seat 4: enixblr ($5 in chips) 
Seat 5: petiribi ($3.11 in chips) 
Seat 6: henriquefjc ($2.02 in chips) 
Seat 7: carfd8 ($5.58 in chips) 
Seat 8: Dorex2007 ($10.94 in chips) 
Seat 9: pachaboy29 ($5.89 in chips) 
viniciusnd1: posts small blind $0.02
enixblr: posts big blind $0.05
*** HOLE CARDS ***
Dealt to Dorex2007 [2c Ad]
petiribi: folds 
henriquefjc: folds 
carfd8: folds 
Dorex2007: folds 
pachaboy29: raises $0.12 to $0.17
viniciusnd1: folds 
enixblr: folds 
Uncalled bet ($0.12) returned to pachaboy29
pachaboy29 collected $0.12 from pot
*** SUMMARY ***
Total pot $0.12 | Rake $0 
Seat 3: viniciusnd1 (small blind) folded before Flop
Seat 4: enixblr (big blind) folded before Flop
Seat 5: petiribi folded before Flop (didn't bet)
Seat 6: henriquefjc folded before Flop (didn't bet)
Seat 7: carfd8 folded before Flop (didn't bet)
Seat 8: Dorex2007 folded before Flop (didn't bet)
Seat 9: pachaboy29 (button) collected ($0.12)



PokerStars Hand #238591550088:  Hold'em No Limit ($0.02/$0.05 USD) - 2022/09/12 16:38:47 PT [2022/09/12 19:38:47 ET]
Table 'Aries III' 9-max Seat #3 is the button
Seat 3: viniciusnd1 ($8.48 in chips) 
Seat 4: enixblr ($5 in chips) 
Seat 5: petiribi ($3.11 in chips) 
Seat 6: henriquefjc ($2.02 in chips) 
Seat 7: carfd8 ($5.58 in chips) 
Seat 8: Dorex2007 ($10.94 in chips) 
Seat 9: pachaboy29 ($5.96 in chips) 
enixblr: posts small blind $0.02
petiribi: posts big blind $0.05
*** HOLE CARDS ***
Dealt to Dorex2007 [Kd 8h]
henriquefjc: folds 
carfd8: folds 
Dorex2007: folds 
pachaboy29: raises $0.12 to $0.17
viniciusnd1: folds 
enixblr: folds 
petiribi: folds 
Uncalled bet ($0.12) returned to pachaboy29
pachaboy29 collected $0.12 from pot
*** SUMMARY ***
Total pot $0.12 | Rake $0 
Seat 3: viniciusnd1 (button) folded before Flop (didn't bet)
Seat 4: enixblr (small blind) folded before Flop
Seat 5: petiribi (big blind) folded before Flop
Seat 6: henriquefjc folded before Flop (didn't bet)
Seat 7: carfd8 folded before Flop (didn't bet)
Seat 8: Dorex2007 folded before Flop (didn't bet)
Seat 9: pachaboy29 collected ($0.12)



PokerStars Hand #238591553759:  Hold'em No Limit ($0.02/$0.05 USD) - 2022/09/12 16:39:01 PT [2022/09/12 19:39:01 ET]
Table 'Aries III' 9-max Seat #4 is the button
Seat 3: viniciusnd1 ($8.48 in chips) 
Seat 4: enixblr ($5 in chips) 
Seat 5: petiribi ($3.06 in chips) 
Seat 6: henriquefjc ($2.02 in chips) 
Seat 7: carfd8 ($5.58 in chips) 
Seat 8: Dorex2007 ($10.94 in chips) 
Seat 9: pachaboy29 ($6.03 in chips) 
petiribi: posts small blind $0.02
henriquefjc: posts big blind $0.05
*** HOLE CARDS ***
Dealt to Dorex2007 [Qh 4h]
carfd8: folds 
Dorex2007: folds 
pachaboy29 has timed out
pachaboy29: folds 
viniciusnd1: raises $0.07 to $0.12
enixblr: folds 
petiribi: folds 
henriquefjc: folds 
Uncalled bet ($0.07) returned to viniciusnd1
viniciusnd1 collected $0.12 from pot
*** SUMMARY ***
Total pot $0.12 | Rake $0 
Seat 3: viniciusnd1 collected ($0.12)
Seat 4: enixblr (button) folded before Flop (didn't bet)
Seat 5: petiribi (small blind) folded before Flop
Seat 6: henriquefjc (big blind) folded before Flop
Seat 7: carfd8 folded before Flop (didn't bet)
Seat 8: Dorex2007 folded before Flop (didn't bet)
Seat 9: pachaboy29 folded before Flop (didn't bet)



PokerStars Hand #238591561051:  Hold'em No Limit ($0.02/$0.05 USD) - 2022/09/12 16:39:30 PT [2022/09/12 19:39:30 ET]
Table 'Aries III' 9-max Seat #5 is the button
Seat 3: viniciusnd1 ($8.55 in chips) 
Seat 4: enixblr ($5 in chips) 
Seat 5: petiribi ($3.04 in chips) 
Seat 6: henriquefjc ($1.97 in chips) 
Seat 7: carfd8 ($5.58 in chips) 
Seat 8: Dorex2007 ($10.94 in chips) 
Seat 9: pachaboy29 ($6.03 in chips) 
henriquefjc: posts small blind $0.02
carfd8: posts big blind $0.05
shtshot250: sits out 
*** HOLE CARDS ***
Dealt to Dorex2007 [4s Qc]
Dorex2007: folds 
pachaboy29 has timed out
pachaboy29: folds 
viniciusnd1: folds 
enixblr: raises $0.07 to $0.12
petiribi: folds 
henriquefjc: folds 
carfd8: calls $0.07
*** FLOP *** [Kd 5h Kc]
carfd8: checks 
enixblr: bets $0.10
carfd8: folds 
Uncalled bet ($0.10) returned to enixblr
enixblr collected $0.25 from pot
enixblr: doesn't show hand 
*** SUMMARY ***
Total pot $0.26 | Rake $0.01 
Board [Kd 5h Kc]
Seat 3: viniciusnd1 folded before Flop (didn't bet)
Seat 4: enixblr collected ($0.25)
Seat 5: petiribi (button) folded before Flop (didn't bet)
Seat 6: henriquefjc (small blind) folded before Flop
Seat 7: carfd8 (big blind) folded on the Flop
Seat 8: Dorex2007 folded before Flop (didn't bet)
Seat 9: pachaboy29 folded before Flop (didn't bet)



PokerStars Hand #238591571363:  Hold'em No Limit ($0.02/$0.05 USD) - 2022/09/12 16:40:10 PT [2022/09/12 19:40:10 ET]
Table 'Aries III' 9-max Seat #6 is the button
Seat 2: shtshot250 ($1.73 in chips) 
Seat 3: viniciusnd1 ($8.55 in chips) 
Seat 4: enixblr ($5.13 in chips) 
Seat 5: petiribi ($3.04 in chips) 
Seat 6: henriquefjc ($1.95 in chips) 
Seat 7: carfd8 ($5.46 in chips) 
Seat 8: Dorex2007 ($10.94 in chips) 
Seat 9: pachaboy29 ($6.03 in chips) 
carfd8: posts small blind $0.02
Dorex2007: posts big blind $0.05
shtshot250: posts small & big blinds $0.07
*** HOLE CARDS ***
Dealt to Dorex2007 [Ac 4d]
pachaboy29: calls $0.05
shtshot250: checks 
viniciusnd1: folds 
enixblr: folds 
petiribi: folds 
henriquefjc: raises $0.24 to $0.29
carfd8: folds 
Dorex2007: folds 
pachaboy29: calls $0.24
shtshot250: folds 
*** FLOP *** [3c Kh Js]
pachaboy29: checks 
henriquefjc: bets $0.69
pachaboy29: folds 
Uncalled bet ($0.69) returned to henriquefjc
henriquefjc collected $0.69 from pot
henriquefjc: doesn't show hand 
*** SUMMARY ***
Total pot $0.72 | Rake $0.03 
Board [3c Kh Js]
Seat 2: shtshot250 folded before Flop (didn't bet)
Seat 3: viniciusnd1 folded before Flop (didn't bet)
Seat 4: enixblr folded before Flop (didn't bet)
Seat 5: petiribi folded before Flop (didn't bet)
Seat 6: henriquefjc (button) collected ($0.69)
Seat 7: carfd8 (small blind) folded before Flop
Seat 8: Dorex2007 (big blind) folded before Flop
Seat 9: pachaboy29 folded on the Flop



PokerStars Hand #238591583309:  Hold'em No Limit ($0.02/$0.05 USD) - 2022/09/12 16:40:57 PT [2022/09/12 19:40:57 ET]
Table 'Aries III' 9-max Seat #7 is the button
Seat 2: shtshot250 ($1.66 in chips) 
Seat 3: viniciusnd1 ($8.55 in chips) 
Seat 4: enixblr ($5.13 in chips) 
Seat 5: petiribi ($3.04 in chips) 
Seat 6: henriquefjc ($2.35 in chips) 
Seat 7: carfd8 ($5.44 in chips) 
Seat 8: Dorex2007 ($10.89 in chips) 
Seat 9: pachaboy29 ($5.74 in chips) 
Dorex2007: posts small blind $0.02
pachaboy29: posts big blind $0.05
*** HOLE CARDS ***
Dealt to Dorex2007 [2s Ad]
shtshot250: folds 
viniciusnd1: folds 
enixblr: folds 
petiribi: folds 
henriquefjc: folds 
carfd8: calls $0.05
Dorex2007: folds 
pachaboy29: checks 
*** FLOP *** [2d 6c 5c]
pachaboy29: bets $0.05
carfd8: folds 
Uncalled bet ($0.05) returned to pachaboy29
pachaboy29 collected $0.12 from pot
*** SUMMARY ***
Total pot $0.12 | Rake $0 
Board [2d 6c 5c]
Seat 2: shtshot250 folded before Flop (didn't bet)
Seat 3: viniciusnd1 folded before Flop (didn't bet)
Seat 4: enixblr folded before Flop (didn't bet)
Seat 5: petiribi folded before Flop (didn't bet)
Seat 6: henriquefjc folded before Flop (didn't bet)
Seat 7: carfd8 (button) folded on the Flop
Seat 8: Dorex2007 (small blind) folded before Flop
Seat 9: pachaboy29 (big blind) collected ($0.12)



PokerStars Hand #238591591280:  Hold'em No Limit ($0.02/$0.05 USD) - 2022/09/12 16:41:27 PT [2022/09/12 19:41:27 ET]
Table 'Aries III' 9-max Seat #8 is the button
Seat 2: shtshot250 ($1.66 in chips) 
Seat 3: viniciusnd1 ($8.55 in chips) 
Seat 4: enixblr ($5.13 in chips) 
Seat 5: petiribi ($3.04 in chips) 
Seat 6: henriquefjc ($2.35 in chips) 
Seat 7: carfd8 ($5.39 in chips) 
Seat 8: Dorex2007 ($10.87 in chips) 
Seat 9: pachaboy29 ($5.81 in chips) 
pachaboy29: posts small blind $0.02
shtshot250: posts big blind $0.05
*** HOLE CARDS ***
Dealt to Dorex2007 [Jh 3s]
viniciusnd1: folds 
enixblr: folds 
petiribi: folds 
henriquefjc: folds 
carfd8: calls $0.05
Dorex2007: folds 
pachaboy29: calls $0.03
shtshot250: checks 
*** FLOP *** [Qh 4d Kd]
pachaboy29: bets $0.14
shtshot250: calls $0.14
carfd8: calls $0.14
*** TURN *** [Qh 4d Kd] [8h]
pachaboy29: checks 
shtshot250: checks 
carfd8: checks 
*** RIVER *** [Qh 4d Kd 8h] [4h]
pachaboy29: bets $0.27
shtshot250: folds 
carfd8: calls $0.27
*** SHOW DOWN ***
pachaboy29: shows [9h 2h] (a flush, Queen high)
carfd8: mucks hand 
pachaboy29 collected $1.06 from pot
*** SUMMARY ***
Total pot $1.11 | Rake $0.05 
Board [Qh 4d Kd 8h 4h]
Seat 2: shtshot250 (big blind) folded on the River
Seat 3: viniciusnd1 folded before Flop (didn't bet)
Seat 4: enixblr folded before Flop (didn't bet)
Seat 5: petiribi folded before Flop (didn't bet)
Seat 6: henriquefjc folded before Flop (didn't bet)
Seat 7: carfd8 mucked [5s Qs]
Seat 8: Dorex2007 (button) folded before Flop (didn't bet)
Seat 9: pachaboy29 (small blind) showed [9h 2h] and won ($1.06) with a flush, Queen high



PokerStars Hand #238591610614:  Hold'em No Limit ($0.02/$0.05 USD) - 2022/09/12 16:42:43 PT [2022/09/12 19:42:43 ET]
Table 'Aries III' 9-max Seat #9 is the button
Seat 2: shtshot250 ($1.47 in chips) 
Seat 3: viniciusnd1 ($8.55 in chips) 
Seat 4: enixblr ($5.13 in chips) 
Seat 5: petiribi ($3.04 in chips) 
Seat 6: henriquefjc ($2.35 in chips) 
Seat 7: carfd8 ($4.93 in chips) 
Seat 8: Dorex2007 ($10.87 in chips) 
Seat 9: pachaboy29 ($6.41 in chips) 
shtshot250: posts small blind $0.02
viniciusnd1: posts big blind $0.05
*** HOLE CARDS ***
Dealt to Dorex2007 [Qd 9d]
enixblr: folds 
petiribi: folds 
henriquefjc: raises $0.07 to $0.12
carfd8: calls $0.12
Dorex2007: folds 
pachaboy29: raises $0.43 to $0.55
shtshot250: calls $0.53
viniciusnd1: folds 
henriquefjc: folds 
carfd8: folds 
*** FLOP *** [6c 9h 5d]
shtshot250: checks 
pachaboy29: bets $5.86 and is all-in
shtshot250: folds 
Uncalled bet ($5.86) returned to pachaboy29
pachaboy29 collected $1.33 from pot
*** SUMMARY ***
Total pot $1.39 | Rake $0.06 
Board [6c 9h 5d]
Seat 2: shtshot250 (small blind) folded on the Flop
Seat 3: viniciusnd1 (big blind) folded before Flop
Seat 4: enixblr folded before Flop (didn't bet)
Seat 5: petiribi folded before Flop (didn't bet)
Seat 6: henriquefjc folded before Flop
Seat 7: carfd8 folded before Flop
Seat 8: Dorex2007 folded before Flop (didn't bet)
Seat 9: pachaboy29 (button) collected ($1.33)



PokerStars Hand #238591620803:  Hold'em No Limit ($0.02/$0.05 USD) - 2022/09/12 16:43:24 PT [2022/09/12 19:43:24 ET]
Table 'Aries III' 9-max Seat #2 is the button
Seat 2: shtshot250 ($0.92 in chips) 
Seat 3: viniciusnd1 ($8.50 in chips) 
Seat 4: enixblr ($5.13 in chips) 
Seat 5: petiribi ($3.04 in chips) 
Seat 6: henriquefjc ($2.23 in chips) 
Seat 7: carfd8 ($4.81 in chips) 
Seat 8: Dorex2007 ($10.87 in chips) 
Seat 9: pachaboy29 ($7.19 in chips) 
viniciusnd1: posts small blind $0.02
enixblr: posts big blind $0.05
*** HOLE CARDS ***
Dealt to Dorex2007 [4d Qd]
petiribi: folds 
henriquefjc: folds 
carfd8: folds 
Dorex2007: folds 
pachaboy29: folds 
shtshot250: calls $0.05
viniciusnd1: calls $0.03
enixblr: checks 
*** FLOP *** [9c 7d 5s]
viniciusnd1: checks 
enixblr: checks 
shtshot250: checks 
*** TURN *** [9c 7d 5s] [6h]
viniciusnd1: checks 
enixblr: checks 
shtshot250: checks 
*** RIVER *** [9c 7d 5s 6h] [4s]
viniciusnd1: bets $0.15
enixblr: folds 
shtshot250: calls $0.15
*** SHOW DOWN ***
viniciusnd1: shows [Qs 3s] (a straight, Three to Seven)
shtshot250: mucks hand 
viniciusnd1 collected $0.43 from pot
*** SUMMARY ***
Total pot $0.45 | Rake $0.02 
Board [9c 7d 5s 6h 4s]
Seat 2: shtshot250 (button) mucked [As 6d]
Seat 3: viniciusnd1 (small blind) showed [Qs 3s] and won ($0.43) with a straight, Three to Seven
Seat 4: enixblr (big blind) folded on the River
Seat 5: petiribi folded before Flop (didn't bet)
Seat 6: henriquefjc folded before Flop (didn't bet)
Seat 7: carfd8 folded before Flop (didn't bet)
Seat 8: Dorex2007 folded before Flop (didn't bet)
Seat 9: pachaboy29 folded before Flop (didn't bet)



PokerStars Hand #238591632399:  Hold'em No Limit ($0.02/$0.05 USD) - 2022/09/12 16:44:09 PT [2022/09/12 19:44:09 ET]
Table 'Aries III' 9-max Seat #3 is the button
Seat 2: shtshot250 ($0.72 in chips) 
Seat 3: viniciusnd1 ($8.73 in chips) 
Seat 4: enixblr ($5.08 in chips) 
Seat 5: petiribi ($3.04 in chips) 
Seat 6: henriquefjc ($2.23 in chips) 
Seat 7: carfd8 ($4.81 in chips) 
Seat 8: Dorex2007 ($10.87 in chips) 
Seat 9: pachaboy29 ($7.19 in chips) 
enixblr: posts small blind $0.02
petiribi: posts big blind $0.05
*** HOLE CARDS ***
Dealt to Dorex2007 [Qd 8c]
henriquefjc: folds 
carfd8: folds 
Dorex2007: folds 
pachaboy29: raises $0.12 to $0.17
shtshot250: folds 
viniciusnd1: calls $0.17
enixblr: folds 
petiribi: calls $0.12
*** FLOP *** [Jc 3h 7d]
petiribi: checks 
pachaboy29: checks 
viniciusnd1: bets $0.25
petiribi: folds 
pachaboy29: calls $0.25
*** TURN *** [Jc 3h 7d] [9c]
pachaboy29: bets $0.99
viniciusnd1: folds 
Uncalled bet ($0.99) returned to pachaboy29
pachaboy29 collected $0.99 from pot
pachaboy29: shows [2d Ac] (high card Ace)
*** SUMMARY ***
Total pot $1.03 | Rake $0.04 
Board [Jc 3h 7d 9c]
Seat 2: shtshot250 folded before Flop (didn't bet)
Seat 3: viniciusnd1 (button) folded on the Turn
Seat 4: enixblr (small blind) folded before Flop
Seat 5: petiribi (big blind) folded on the Flop
Seat 6: henriquefjc folded before Flop (didn't bet)
Seat 7: carfd8 folded before Flop (didn't bet)
Seat 8: Dorex2007 folded before Flop (didn't bet)
Seat 9: pachaboy29 collected ($0.99)



PokerStars Hand #238591649126:  Hold'em No Limit ($0.02/$0.05 USD) - 2022/09/12 16:45:16 PT [2022/09/12 19:45:16 ET]
Table 'Aries III' 9-max Seat #4 is the button
Seat 2: shtshot250 ($0.72 in chips) 
Seat 3: viniciusnd1 ($8.31 in chips) 
Seat 4: enixblr ($5.06 in chips) 
Seat 5: petiribi ($2.87 in chips) 
Seat 6: henriquefjc ($2.23 in chips) 
Seat 7: carfd8 ($4.81 in chips) 
Seat 8: Dorex2007 ($10.87 in chips) 
Seat 9: pachaboy29 ($7.76 in chips) 
petiribi: posts small blind $0.02
henriquefjc: posts big blind $0.05
*** HOLE CARDS ***
Dealt to Dorex2007 [6d 4d]
carfd8: folds 
Dorex2007: folds 
pachaboy29: folds 
shtshot250: folds 
viniciusnd1: folds 
enixblr: raises $0.07 to $0.12
petiribi: folds 
henriquefjc: folds 
Uncalled bet ($0.07) returned to enixblr
enixblr collected $0.12 from pot
enixblr: doesn't show hand 
*** SUMMARY ***
Total pot $0.12 | Rake $0 
Seat 2: shtshot250 folded before Flop (didn't bet)
Seat 3: viniciusnd1 folded before Flop (didn't bet)
Seat 4: enixblr (button) collected ($0.12)
Seat 5: petiribi (small blind) folded before Flop
Seat 6: henriquefjc (big blind) folded before Flop
Seat 7: carfd8 folded before Flop (didn't bet)
Seat 8: Dorex2007 folded before Flop (didn't bet)
Seat 9: pachaboy29 folded before Flop (didn't bet)



PokerStars Hand #238591655660:  Hold'em No Limit ($0.02/$0.05 USD) - 2022/09/12 16:45:42 PT [2022/09/12 19:45:42 ET]
Table 'Aries III' 9-max Seat #5 is the button
Seat 2: shtshot250 ($0.72 in chips) 
Seat 3: viniciusnd1 ($8.31 in chips) 
Seat 4: enixblr ($5.13 in chips) 
Seat 5: petiribi ($2.85 in chips) 
Seat 6: henriquefjc ($2.18 in chips) 
Seat 7: carfd8 ($4.81 in chips) 
Seat 8: Dorex2007 ($10.87 in chips) 
Seat 9: pachaboy29 ($7.76 in chips) 
henriquefjc: posts small blind $0.02
carfd8: posts big blind $0.05
*** HOLE CARDS ***
Dealt to Dorex2007 [4d Kd]
Dorex2007: folds 
pachaboy29: raises $0.12 to $0.17
shtshot250: folds 
viniciusnd1: folds 
enixblr: folds 
petiribi: folds 
henriquefjc: calls $0.15
carfd8: folds 
*** FLOP *** [Th Ad Qh]
henriquefjc: checks 
pachaboy29: checks 
*** TURN *** [Th Ad Qh] [Ah]
henriquefjc: checks 
pachaboy29: checks 
*** RIVER *** [Th Ad Qh Ah] [4h]
henriquefjc: checks 
pachaboy29: bets $0.05
henriquefjc: folds 
Uncalled bet ($0.05) returned to pachaboy29
pachaboy29 collected $0.37 from pot
*** SUMMARY ***
Total pot $0.39 | Rake $0.02 
Board [Th Ad Qh Ah 4h]
Seat 2: shtshot250 folded before Flop (didn't bet)
Seat 3: viniciusnd1 folded before Flop (didn't bet)
Seat 4: enixblr folded before Flop (didn't bet)
Seat 5: petiribi (button) folded before Flop (didn't bet)
Seat 6: henriquefjc (small blind) folded on the River
Seat 7: carfd8 (big blind) folded before Flop
Seat 8: Dorex2007 folded before Flop (didn't bet)
Seat 9: pachaboy29 collected ($0.37)



PokerStars Hand #238591669513:  Hold'em No Limit ($0.02/$0.05 USD) - 2022/09/12 16:46:37 PT [2022/09/12 19:46:37 ET]
Table 'Aries III' 9-max Seat #6 is the button
Seat 2: shtshot250 ($0.72 in chips) 
Seat 3: viniciusnd1 ($8.31 in chips) 
Seat 4: enixblr ($5.13 in chips) 
Seat 5: petiribi ($2.85 in chips) 
Seat 6: henriquefjc ($2.01 in chips) 
Seat 7: carfd8 ($4.76 in chips) 
Seat 8: Dorex2007 ($10.87 in chips) 
Seat 9: pachaboy29 ($7.96 in chips) 
carfd8: posts small blind $0.02
Dorex2007: posts big blind $0.05
*** HOLE CARDS ***
Dealt to Dorex2007 [Jc 4d]
pachaboy29: folds 
shtshot250: raises $0.67 to $0.72 and is all-in
viniciusnd1: folds 
enixblr: folds 
petiribi: folds 
henriquefjc: folds 
carfd8: calls $0.70
Dorex2007: folds 
*** FLOP *** [7h 3s 9h]
*** TURN *** [7h 3s 9h] [Qc]
*** RIVER *** [7h 3s 9h Qc] [6s]
*** SHOW DOWN ***
carfd8: shows [Kc Tc] (high card King)
shtshot250: shows [Qs As] (a pair of Queens)
shtshot250 collected $1.43 from pot
*** SUMMARY ***
Total pot $1.49 | Rake $0.06 
Board [7h 3s 9h Qc 6s]
Seat 2: shtshot250 showed [Qs As] and won ($1.43) with a pair of Queens
Seat 3: viniciusnd1 folded before Flop (didn't bet)
Seat 4: enixblr folded before Flop (didn't bet)
Seat 5: petiribi folded before Flop (didn't bet)
Seat 6: henriquefjc (button) folded before Flop (didn't bet)
Seat 7: carfd8 (small blind) showed [Kc Tc] and lost with high card King
Seat 8: Dorex2007 (big blind) folded before Flop
Seat 9: pachaboy29 folded before Flop (didn't bet)



PokerStars Hand #238591677289:  Hold'em No Limit ($0.02/$0.05 USD) - 2022/09/12 16:47:09 PT [2022/09/12 19:47:09 ET]
Table 'Aries III' 9-max Seat #7 is the button
Seat 2: shtshot250 ($1.43 in chips) 
Seat 3: viniciusnd1 ($8.31 in chips) 
Seat 4: enixblr ($5.13 in chips) 
Seat 5: petiribi ($2.85 in chips) 
Seat 6: henriquefjc ($2.01 in chips) 
Seat 7: carfd8 ($4.04 in chips) 
Seat 8: Dorex2007 ($10.82 in chips) 
Seat 9: pachaboy29 ($7.96 in chips) 
Dorex2007: posts small blind $0.02
pachaboy29: posts big blind $0.05
*** HOLE CARDS ***
Dealt to Dorex2007 [8c 6h]
shtshot250: folds 
viniciusnd1: folds 
enixblr: raises $0.07 to $0.12
petiribi: folds 
henriquefjc: folds 
carfd8: folds 
Dorex2007: folds 
pachaboy29: calls $0.07
*** FLOP *** [Ks Td As]
pachaboy29: bets $0.25
enixblr: calls $0.25
*** TURN *** [Ks Td As] [Jc]
pachaboy29: bets $0.73
enixblr: folds 
Uncalled bet ($0.73) returned to pachaboy29
pachaboy29 collected $0.73 from pot
pachaboy29: shows [4h 5d] (high card Ace)
*** SUMMARY ***
Total pot $0.76 | Rake $0.03 
Board [Ks Td As Jc]
Seat 2: shtshot250 folded before Flop (didn't bet)
Seat 3: viniciusnd1 folded before Flop (didn't bet)
Seat 4: enixblr folded on the Turn
Seat 5: petiribi folded before Flop (didn't bet)
Seat 6: henriquefjc folded before Flop (didn't bet)
Seat 7: carfd8 (button) folded before Flop (didn't bet)
Seat 8: Dorex2007 (small blind) folded before Flop
Seat 9: pachaboy29 (big blind) collected ($0.73)



PokerStars Hand #238591692372:  Hold'em No Limit ($0.02/$0.05 USD) - 2022/09/12 16:48:09 PT [2022/09/12 19:48:09 ET]
Table 'Aries III' 9-max Seat #8 is the button
Seat 2: shtshot250 ($1.43 in chips) 
Seat 3: viniciusnd1 ($8.31 in chips) 
Seat 4: enixblr ($5 in chips) 
Seat 5: petiribi ($2.85 in chips) 
Seat 6: henriquefjc ($2.01 in chips) 
Seat 7: carfd8 ($4.04 in chips) 
Seat 8: Dorex2007 ($10.80 in chips) 
Seat 9: pachaboy29 ($8.32 in chips) 
pachaboy29: posts small blind $0.02
shtshot250: posts big blind $0.05
*** HOLE CARDS ***
Dealt to Dorex2007 [4s 7h]
viniciusnd1: folds 
enixblr: folds 
petiribi: folds 
henriquefjc: folds 
carfd8: folds 
Dorex2007: folds 
pachaboy29: raises $0.15 to $0.20
shtshot250: calls $0.15
*** FLOP *** [3c 6c 2h]
pachaboy29: bets $8.12 and is all-in
shtshot250: folds 
Uncalled bet ($8.12) returned to pachaboy29
pachaboy29 collected $0.38 from pot
André Pará leaves the table
*** SUMMARY ***
Total pot $0.40 | Rake $0.02 
Board [3c 6c 2h]
Seat 2: shtshot250 (big blind) folded on the Flop
Seat 3: viniciusnd1 folded before Flop (didn't bet)
Seat 4: enixblr folded before Flop (didn't bet)
Seat 5: petiribi folded before Flop (didn't bet)
Seat 6: henriquefjc folded before Flop (didn't bet)
Seat 7: carfd8 folded before Flop (didn't bet)
Seat 8: Dorex2007 (button) folded before Flop (didn't bet)
Seat 9: pachaboy29 (small blind) collected ($0.38)



PokerStars Hand #238591701174:  Hold'em No Limit ($0.02/$0.05 USD) - 2022/09/12 16:48:45 PT [2022/09/12 19:48:45 ET]
Table 'Aries III' 9-max Seat #9 is the button
Seat 2: shtshot250 ($1.23 in chips) 
Seat 3: viniciusnd1 ($8.31 in chips) 
Seat 4: enixblr ($5 in chips) 
Seat 5: petiribi ($2.85 in chips) 
Seat 6: henriquefjc ($2.01 in chips) 
Seat 7: carfd8 ($4.04 in chips) 
Seat 8: Dorex2007 ($10.80 in chips) 
Seat 9: pachaboy29 ($8.50 in chips) 
shtshot250: posts small blind $0.02
viniciusnd1: posts big blind $0.05
*** HOLE CARDS ***
Dealt to Dorex2007 [7s Ah]
enixblr: folds 
petiribi: folds 
henriquefjc: folds 
carfd8: folds 
Dorex2007: folds 
pachaboy29: folds 
shtshot250: calls $0.03
viniciusnd1: checks 
*** FLOP *** [6h 8d 2d]
shtshot250: checks 
viniciusnd1: bets $0.05
shtshot250: calls $0.05
*** TURN *** [6h 8d 2d] [Ts]
shtshot250: checks 
viniciusnd1: bets $0.20
shtshot250: raises $0.59 to $0.79
viniciusnd1: raises $0.59 to $1.38
shtshot250: calls $0.34 and is all-in
Uncalled bet ($0.25) returned to viniciusnd1
*** RIVER *** [6h 8d 2d Ts] [4s]
*** SHOW DOWN ***
shtshot250: shows [9c 7h] (a straight, Six to Ten)
viniciusnd1: shows [2s Td] (two pair, Tens and Deuces)
shtshot250 collected $2.36 from pot
*** SUMMARY ***
Total pot $2.46 | Rake $0.10 
Board [6h 8d 2d Ts 4s]
Seat 2: shtshot250 (small blind) showed [9c 7h] and won ($2.36) with a straight, Six to Ten
Seat 3: viniciusnd1 (big blind) showed [2s Td] and lost with two pair, Tens and Deuces
Seat 4: enixblr folded before Flop (didn't bet)
Seat 5: petiribi folded before Flop (didn't bet)
Seat 6: henriquefjc folded before Flop (didn't bet)
Seat 7: carfd8 folded before Flop (didn't bet)
Seat 8: Dorex2007 folded before Flop (didn't bet)
Seat 9: pachaboy29 (button) folded before Flop (didn't bet)



PokerStars Hand #238591714435:  Hold'em No Limit ($0.02/$0.05 USD) - 2022/09/12 16:49:39 PT [2022/09/12 19:49:39 ET]
Table 'Aries III' 9-max Seat #2 is the button
Seat 2: shtshot250 ($2.36 in chips) 
Seat 3: viniciusnd1 ($7.08 in chips) 
Seat 4: enixblr ($5 in chips) 
Seat 5: petiribi ($2.85 in chips) 
Seat 6: henriquefjc ($2.01 in chips) 
Seat 7: carfd8 ($4.04 in chips) 
Seat 8: Dorex2007 ($10.80 in chips) 
Seat 9: pachaboy29 ($8.50 in chips) 
viniciusnd1: posts small blind $0.02
enixblr: posts big blind $0.05
*** HOLE CARDS ***
Dealt to Dorex2007 [8h Ah]
petiribi: folds 
henriquefjc: folds 
carfd8: raises $0.10 to $0.15
Dorex2007: folds 
pachaboy29: folds 
shtshot250: calls $0.15
viniciusnd1: folds 
enixblr: folds 
*** FLOP *** [Qd Ts 9h]
carfd8: checks 
shtshot250: bets $0.35
carfd8: calls $0.35
*** TURN *** [Qd Ts 9h] [3s]
carfd8: checks 
shtshot250: bets $0.60
carfd8: calls $0.60
*** RIVER *** [Qd Ts 9h 3s] [3h]
carfd8: checks 
shtshot250: checks 
*** SHOW DOWN ***
carfd8: shows [As Jd] (a pair of Threes)
shtshot250: shows [9c Qc] (two pair, Queens and Nines)
shtshot250 collected $2.18 from pot
*** SUMMARY ***
Total pot $2.27 | Rake $0.09 
Board [Qd Ts 9h 3s 3h]
Seat 2: shtshot250 (button) showed [9c Qc] and won ($2.18) with two pair, Queens and Nines
Seat 3: viniciusnd1 (small blind) folded before Flop
Seat 4: enixblr (big blind) folded before Flop
Seat 5: petiribi folded before Flop (didn't bet)
Seat 6: henriquefjc folded before Flop (didn't bet)
Seat 7: carfd8 showed [As Jd] and lost with a pair of Threes
Seat 8: Dorex2007 folded before Flop (didn't bet)
Seat 9: pachaboy29 folded before Flop (didn't bet)



PokerStars Hand #238591727652:  Hold'em No Limit ($0.02/$0.05 USD) - 2022/09/12 16:50:33 PT [2022/09/12 19:50:33 ET]
Table 'Aries III' 9-max Seat #3 is the button
Seat 2: shtshot250 ($3.44 in chips) 
Seat 3: viniciusnd1 ($7.06 in chips) 
Seat 4: enixblr ($5 in chips) 
Seat 5: petiribi ($2.85 in chips) 
Seat 6: henriquefjc ($2.01 in chips) 
Seat 7: carfd8 ($2.94 in chips) 
Seat 8: Dorex2007 ($10.80 in chips) 
Seat 9: pachaboy29 ($8.50 in chips) 
enixblr: posts small blind $0.02
petiribi: posts big blind $0.05
*** HOLE CARDS ***
Dealt to Dorex2007 [3c 2h]
henriquefjc: folds 
carfd8: folds 
Dorex2007: folds 
pachaboy29 has timed out
pachaboy29: folds 
shtshot250: calls $0.05
viniciusnd1: folds 
enixblr: folds 
carfd8 leaves the table
petiribi: checks 
*** FLOP *** [5s 6c 8d]
petiribi: checks 
shtshot250: bets $0.10
petiribi: calls $0.10
*** TURN *** [5s 6c 8d] [Ad]
petiribi: checks 
shtshot250: bets $0.31
petiribi: folds 
Uncalled bet ($0.31) returned to shtshot250
shtshot250 collected $0.31 from pot
shtshot250: doesn't show hand 
*** SUMMARY ***
Total pot $0.32 | Rake $0.01 
Board [5s 6c 8d Ad]
Seat 2: shtshot250 collected ($0.31)
Seat 3: viniciusnd1 (button) folded before Flop (didn't bet)
Seat 4: enixblr (small blind) folded before Flop
Seat 5: petiribi (big blind) folded on the Turn
Seat 6: henriquefjc folded before Flop (didn't bet)
Seat 7: carfd8 folded before Flop (didn't bet)
Seat 8: Dorex2007 folded before Flop (didn't bet)
Seat 9: pachaboy29 folded before Flop (didn't bet)



