PokerStars Hand #238803243391:  Hold'em No Limit ($0.02/$0.05 USD) - 2022/09/22 17:57:49 PT [2022/09/22 20:57:49 ET]
Table 'Zahringia II' 9-max Seat #2 is the button
Seat 1: Dorex2007 ($5 in chips) 
Seat 2: blopisanz ($5 in chips) 
Seat 3: AssosManiki ($5.48 in chips) 
Seat 4: AGVsmarT ($4.07 in chips) 
Seat 5: SuperPoker728 ($2.19 in chips) 
Seat 6: yur4ik777 ($5.06 in chips) 
Seat 7: Jtc1931 ($5.11 in chips) 
Seat 8: reddevils888 ($2.77 in chips) 
Seat 9: peiranopoker77 ($3.80 in chips) 
AssosManiki: posts small blind $0.02
AGVsmarT: posts big blind $0.05
Dorex2007: posts big blind $0.05
*** HOLE CARDS ***
Dealt to Dorex2007 [7h Td]
SuperPoker728: folds 
yur4ik777: folds 
Jtc1931: folds 
reddevils888: folds 
peiranopoker77: folds 
Dorex2007: raises $0.10 to $0.15
blopisanz: folds 
AssosManiki: folds 
AGVsmarT: folds 
Uncalled bet ($0.10) returned to Dorex2007
Dorex2007 collected $0.12 from pot
Dorex2007: doesn't show hand 
*** SUMMARY ***
Total pot $0.12 | Rake $0 
Seat 1: Dorex2007 collected ($0.12)
Seat 2: blopisanz (button) folded before Flop (didn't bet)
Seat 3: AssosManiki (small blind) folded before Flop
Seat 4: AGVsmarT (big blind) folded before Flop
Seat 5: SuperPoker728 folded before Flop (didn't bet)
Seat 6: yur4ik777 folded before Flop (didn't bet)
Seat 7: Jtc1931 folded before Flop (didn't bet)
Seat 8: reddevils888 folded before Flop (didn't bet)
Seat 9: peiranopoker77 folded before Flop (didn't bet)



PokerStars Hand #238803247937:  Hold'em No Limit ($0.02/$0.05 USD) - 2022/09/22 17:58:15 PT [2022/09/22 20:58:15 ET]
Table 'Zahringia II' 9-max Seat #3 is the button
Seat 1: Dorex2007 ($5.07 in chips) 
Seat 2: blopisanz ($5 in chips) 
Seat 3: AssosManiki ($5.46 in chips) 
Seat 4: AGVsmarT ($4.02 in chips) 
Seat 5: SuperPoker728 ($2.19 in chips) 
Seat 6: yur4ik777 ($5.06 in chips) 
Seat 7: Jtc1931 ($5.11 in chips) 
Seat 8: reddevils888 ($2.77 in chips) 
Seat 9: peiranopoker77 ($3.80 in chips) 
AGVsmarT: posts small blind $0.02
SuperPoker728: posts big blind $0.05
*** HOLE CARDS ***
Dealt to Dorex2007 [2h 3s]
yur4ik777: folds 
Jtc1931: raises $0.10 to $0.15
reddevils888: folds 
peiranopoker77: folds 
Dorex2007: folds 
blopisanz: folds 
AssosManiki: folds 
AGVsmarT: folds 
SuperPoker728: raises $0.32 to $0.47
Jtc1931: folds 
Uncalled bet ($0.32) returned to SuperPoker728
SuperPoker728 collected $0.32 from pot
SuperPoker728: doesn't show hand 
*** SUMMARY ***
Total pot $0.32 | Rake $0 
Seat 1: Dorex2007 folded before Flop (didn't bet)
Seat 2: blopisanz folded before Flop (didn't bet)
Seat 3: AssosManiki (button) folded before Flop (didn't bet)
Seat 4: AGVsmarT (small blind) folded before Flop
Seat 5: SuperPoker728 (big blind) collected ($0.32)
Seat 6: yur4ik777 folded before Flop (didn't bet)
Seat 7: Jtc1931 folded before Flop
Seat 8: reddevils888 folded before Flop (didn't bet)
Seat 9: peiranopoker77 folded before Flop (didn't bet)



PokerStars Hand #238803256018:  Hold'em No Limit ($0.02/$0.05 USD) - 2022/09/22 17:59:01 PT [2022/09/22 20:59:01 ET]
Table 'Zahringia II' 9-max Seat #4 is the button
Seat 1: Dorex2007 ($5.07 in chips) 
Seat 2: blopisanz ($5 in chips) 
Seat 3: AssosManiki ($5.46 in chips) 
Seat 4: AGVsmarT ($4 in chips) 
Seat 5: SuperPoker728 ($2.36 in chips) 
Seat 6: yur4ik777 ($5.06 in chips) 
Seat 7: Jtc1931 ($4.96 in chips) 
Seat 8: reddevils888 ($2.77 in chips) 
Seat 9: peiranopoker77 ($3.80 in chips) 
SuperPoker728: posts small blind $0.02
yur4ik777: posts big blind $0.05
*** HOLE CARDS ***
Dealt to Dorex2007 [Td 2d]
Jtc1931: folds 
Jtc1931 leaves the table
reddevils888: folds 
peiranopoker77 has timed out
peiranopoker77: folds 
Dorex2007: folds 
blopisanz: folds 
AssosManiki: folds 
AGVsmarT: calls $0.05
SuperPoker728: folds 
yur4ik777: checks 
*** FLOP *** [7s Qc 3d]
yur4ik777: bets $0.09
AGVsmarT: calls $0.09
*** TURN *** [7s Qc 3d] [9c]
yur4ik777: checks 
AGVsmarT: bets $0.29
yur4ik777: folds 
Uncalled bet ($0.29) returned to AGVsmarT
AGVsmarT collected $0.29 from pot
*** SUMMARY ***
Total pot $0.30 | Rake $0.01 
Board [7s Qc 3d 9c]
Seat 1: Dorex2007 folded before Flop (didn't bet)
Seat 2: blopisanz folded before Flop (didn't bet)
Seat 3: AssosManiki folded before Flop (didn't bet)
Seat 4: AGVsmarT (button) collected ($0.29)
Seat 5: SuperPoker728 (small blind) folded before Flop
Seat 6: yur4ik777 (big blind) folded on the Turn
Seat 7: Jtc1931 folded before Flop (didn't bet)
Seat 8: reddevils888 folded before Flop (didn't bet)
Seat 9: peiranopoker77 folded before Flop (didn't bet)



PokerStars Hand #238803265290:  Hold'em No Limit ($0.02/$0.05 USD) - 2022/09/22 17:59:54 PT [2022/09/22 20:59:54 ET]
Table 'Zahringia II' 9-max Seat #5 is the button
Seat 1: Dorex2007 ($5.07 in chips) 
Seat 2: blopisanz ($5 in chips) 
Seat 3: AssosManiki ($5.46 in chips) 
Seat 4: AGVsmarT ($4.15 in chips) 
Seat 5: SuperPoker728 ($2.34 in chips) 
Seat 6: yur4ik777 ($4.92 in chips) 
Seat 8: reddevils888 ($2.77 in chips) 
Seat 9: peiranopoker77 ($3.80 in chips) 
yur4ik777: posts small blind $0.02
reddevils888: posts big blind $0.05
*** HOLE CARDS ***
Dealt to Dorex2007 [3h Ah]
montreal555 joins the table at seat #7 
peiranopoker77: raises $0.05 to $0.10
Dorex2007: folds 
blopisanz: folds 
AssosManiki: folds 
AGVsmarT: folds 
SuperPoker728: folds 
yur4ik777: raises $0.25 to $0.35
reddevils888: folds 
peiranopoker77: calls $0.25
*** FLOP *** [Js Ac Ks]
yur4ik777: bets $0.45
peiranopoker77: calls $0.45
*** TURN *** [Js Ac Ks] [Qd]
yur4ik777: checks 
peiranopoker77: bets $3 and is all-in
yur4ik777: calls $3
*** RIVER *** [Js Ac Ks Qd] [5c]
*** SHOW DOWN ***
yur4ik777: shows [Kd Th] (a straight, Ten to Ace)
peiranopoker77: shows [Qc As] (two pair, Aces and Queens)
yur4ik777 collected $7.33 from pot
peiranopoker77 cashed out the hand for $0.90 | Cash Out Fee $0.01
*** SUMMARY ***
Total pot $7.65 | Rake $0.32 
Board [Js Ac Ks Qd 5c]
Seat 1: Dorex2007 folded before Flop (didn't bet)
Seat 2: blopisanz folded before Flop (didn't bet)
Seat 3: AssosManiki folded before Flop (didn't bet)
Seat 4: AGVsmarT folded before Flop (didn't bet)
Seat 5: SuperPoker728 (button) folded before Flop (didn't bet)
Seat 6: yur4ik777 (small blind) showed [Kd Th] and won ($7.33) with a straight, Ten to Ace
Seat 8: reddevils888 (big blind) folded before Flop
Seat 9: peiranopoker77 showed [Qc As] and lost with two pair, Aces and Queens (cashed out).



PokerStars Hand #238803274880:  Hold'em No Limit ($0.02/$0.05 USD) - 2022/09/22 18:00:45 PT [2022/09/22 21:00:45 ET]
Table 'Zahringia II' 9-max Seat #6 is the button
Seat 1: Dorex2007 ($5.07 in chips) 
Seat 2: blopisanz ($5 in chips) 
Seat 3: AssosManiki ($5.46 in chips) 
Seat 4: AGVsmarT ($4.15 in chips) 
Seat 5: SuperPoker728 ($2.34 in chips) 
Seat 6: yur4ik777 ($8.45 in chips) 
Seat 8: reddevils888 ($2.72 in chips) 
Seat 9: peiranopoker77 ($0.90 in chips) 
reddevils888: posts small blind $0.02
peiranopoker77: posts big blind $0.05
*** HOLE CARDS ***
Dealt to Dorex2007 [6c Ah]
Dorex2007: folds 
blopisanz: folds 
AssosManiki: folds 
AGVsmarT: calls $0.05
SuperPoker728: folds 
yur4ik777: folds 
reddevils888: calls $0.03
peiranopoker77: checks 
*** FLOP *** [Jd 4d 9c]
reddevils888: checks 
peiranopoker77: checks 
AGVsmarT: checks 
*** TURN *** [Jd 4d 9c] [Th]
reddevils888: checks 
peiranopoker77: checks 
AGVsmarT: bets $0.05
reddevils888: folds 
peiranopoker77: folds 
Uncalled bet ($0.05) returned to AGVsmarT
AGVsmarT collected $0.14 from pot
*** SUMMARY ***
Total pot $0.15 | Rake $0.01 
Board [Jd 4d 9c Th]
Seat 1: Dorex2007 folded before Flop (didn't bet)
Seat 2: blopisanz folded before Flop (didn't bet)
Seat 3: AssosManiki folded before Flop (didn't bet)
Seat 4: AGVsmarT collected ($0.14)
Seat 5: SuperPoker728 folded before Flop (didn't bet)
Seat 6: yur4ik777 (button) folded before Flop (didn't bet)
Seat 8: reddevils888 (small blind) folded on the Turn
Seat 9: peiranopoker77 (big blind) folded on the Turn



PokerStars Hand #238803285525:  Hold'em No Limit ($0.02/$0.05 USD) - 2022/09/22 18:01:38 PT [2022/09/22 21:01:38 ET]
Table 'Zahringia II' 9-max Seat #8 is the button
Seat 1: Dorex2007 ($5.07 in chips) 
Seat 2: blopisanz ($5 in chips) 
Seat 3: AssosManiki ($5.46 in chips) 
Seat 4: AGVsmarT ($4.24 in chips) 
Seat 5: SuperPoker728 ($2.34 in chips) 
Seat 6: yur4ik777 ($8.45 in chips) 
Seat 8: reddevils888 ($2.67 in chips) 
Seat 9: peiranopoker77 ($0.85 in chips) 
peiranopoker77: posts small blind $0.02
Dorex2007: posts big blind $0.05
montreal555: sits out 
*** HOLE CARDS ***
Dealt to Dorex2007 [7s Jd]
blopisanz: folds 
AssosManiki: folds 
AssosManiki leaves the table
AGVsmarT: folds 
SuperPoker728: calls $0.05
yur4ik777: calls $0.05
reddevils888: raises $0.22 to $0.27
peiranopoker77: folds 
Dorex2007: folds 
SuperPoker728: calls $0.22
yur4ik777: calls $0.22
*** FLOP *** [5d Th Js]
SuperPoker728: checks 
yur4ik777: checks 
reddevils888: checks 
*** TURN *** [5d Th Js] [2s]
SuperPoker728: bets $0.42
yur4ik777: raises $0.42 to $0.84
reddevils888: folds 
SuperPoker728: calls $0.42
*** RIVER *** [5d Th Js 2s] [Qc]
GiniJr joins the table at seat #3 
SuperPoker728: checks 
yur4ik777: checks 
*** SHOW DOWN ***
SuperPoker728: shows [2c Jc] (two pair, Jacks and Deuces)
yur4ik777: mucks hand 
SuperPoker728 collected $2.45 from pot
*** SUMMARY ***
Total pot $2.56 | Rake $0.11 
Board [5d Th Js 2s Qc]
Seat 1: Dorex2007 (big blind) folded before Flop
Seat 2: blopisanz folded before Flop (didn't bet)
Seat 3: AssosManiki folded before Flop (didn't bet)
Seat 4: AGVsmarT folded before Flop (didn't bet)
Seat 5: SuperPoker728 showed [2c Jc] and won ($2.45) with two pair, Jacks and Deuces
Seat 6: yur4ik777 mucked [4d 4c]
Seat 8: reddevils888 (button) folded on the Turn
Seat 9: peiranopoker77 (small blind) folded before Flop



PokerStars Hand #238803308583:  Hold'em No Limit ($0.02/$0.05 USD) - 2022/09/22 18:03:30 PT [2022/09/22 21:03:30 ET]
Table 'Zahringia II' 9-max Seat #9 is the button
Seat 1: Dorex2007 ($5.02 in chips) 
Seat 2: blopisanz ($5 in chips) 
Seat 4: AGVsmarT ($4.24 in chips) 
Seat 5: SuperPoker728 ($3.68 in chips) 
Seat 6: yur4ik777 ($7.34 in chips) 
Seat 8: reddevils888 ($2.40 in chips) 
Seat 9: peiranopoker77 ($0.83 in chips) 
Dorex2007: posts small blind $0.02
blopisanz: posts big blind $0.05
GiniJr: sits out 
montreal555: sits out 
*** HOLE CARDS ***
Dealt to Dorex2007 [Ts Ac]
AGVsmarT: folds 
SuperPoker728: folds 
yur4ik777: folds 
reddevils888: folds 
peiranopoker77: folds 
Dorex2007: raises $0.05 to $0.10
blopisanz: folds 
Uncalled bet ($0.05) returned to Dorex2007
Dorex2007 collected $0.10 from pot
Dorex2007: doesn't show hand 
*** SUMMARY ***
Total pot $0.10 | Rake $0 
Seat 1: Dorex2007 (small blind) collected ($0.10)
Seat 2: blopisanz (big blind) folded before Flop
Seat 4: AGVsmarT folded before Flop (didn't bet)
Seat 5: SuperPoker728 folded before Flop (didn't bet)
Seat 6: yur4ik777 folded before Flop (didn't bet)
Seat 8: reddevils888 folded before Flop (didn't bet)
Seat 9: peiranopoker77 (button) folded before Flop (didn't bet)



PokerStars Hand #238803314191:  Hold'em No Limit ($0.02/$0.05 USD) - 2022/09/22 18:03:57 PT [2022/09/22 21:03:57 ET]
Table 'Zahringia II' 9-max Seat #1 is the button
Seat 1: Dorex2007 ($5.07 in chips) 
Seat 2: blopisanz ($5 in chips) 
Seat 3: GiniJr ($3.80 in chips) 
Seat 4: AGVsmarT ($4.24 in chips) 
Seat 5: SuperPoker728 ($3.68 in chips) 
Seat 6: yur4ik777 ($7.34 in chips) 
Seat 8: reddevils888 ($2.40 in chips) 
Seat 9: peiranopoker77 ($0.83 in chips) 
blopisanz: posts small blind $0.02
GiniJr: posts big blind $0.05
montreal555: sits out 
*** HOLE CARDS ***
Dealt to Dorex2007 [9s Tc]
AGVsmarT: folds 
SuperPoker728: calls $0.05
yur4ik777: folds 
reddevils888: folds 
peiranopoker77: folds 
Dorex2007: folds 
blopisanz: raises $4.30 to $4.35
GiniJr is disconnected 
GiniJr is connected 
GiniJr: folds 
SuperPoker728: folds 
Uncalled bet ($4.30) returned to blopisanz
blopisanz collected $0.15 from pot
*** SUMMARY ***
Total pot $0.15 | Rake $0 
Seat 1: Dorex2007 (button) folded before Flop (didn't bet)
Seat 2: blopisanz (small blind) collected ($0.15)
Seat 3: GiniJr (big blind) folded before Flop
Seat 4: AGVsmarT folded before Flop (didn't bet)
Seat 5: SuperPoker728 folded before Flop
Seat 6: yur4ik777 folded before Flop (didn't bet)
Seat 8: reddevils888 folded before Flop (didn't bet)
Seat 9: peiranopoker77 folded before Flop (didn't bet)



PokerStars Hand #238803325826:  Hold'em No Limit ($0.02/$0.05 USD) - 2022/09/22 18:04:52 PT [2022/09/22 21:04:52 ET]
Table 'Zahringia II' 9-max Seat #2 is the button
Seat 1: Dorex2007 ($5.07 in chips) 
Seat 2: blopisanz ($5.10 in chips) 
Seat 3: GiniJr ($3.75 in chips) 
Seat 4: AGVsmarT ($4.24 in chips) 
Seat 5: SuperPoker728 ($3.63 in chips) 
Seat 6: yur4ik777 ($7.34 in chips) 
Seat 8: reddevils888 ($2.40 in chips) 
Seat 9: peiranopoker77 ($0.83 in chips) 
GiniJr: posts small blind $0.02
AGVsmarT: posts big blind $0.05
montreal555: sits out 
*** HOLE CARDS ***
Dealt to Dorex2007 [9s 6h]
SuperPoker728: folds 
yur4ik777: raises $0.12 to $0.17
reddevils888: folds 
peiranopoker77: calls $0.17
Dorex2007: folds 
blopisanz: folds 
GiniJr: folds 
AGVsmarT: folds 
*** FLOP *** [4c 8h 5c]
yur4ik777: checks 
peiranopoker77: bets $0.10
yur4ik777: raises $0.59 to $0.69
peiranopoker77: calls $0.56 and is all-in
Uncalled bet ($0.03) returned to yur4ik777
*** TURN *** [4c 8h 5c] [7d]
*** RIVER *** [4c 8h 5c 7d] [9d]
*** SHOW DOWN ***
yur4ik777: shows [Kc Qs] (high card King)
peiranopoker77: shows [Ad 5d] (a pair of Fives)
peiranopoker77 collected $1.66 from pot
*** SUMMARY ***
Total pot $1.73 | Rake $0.07 
Board [4c 8h 5c 7d 9d]
Seat 1: Dorex2007 folded before Flop (didn't bet)
Seat 2: blopisanz (button) folded before Flop (didn't bet)
Seat 3: GiniJr (small blind) folded before Flop
Seat 4: AGVsmarT (big blind) folded before Flop
Seat 5: SuperPoker728 folded before Flop (didn't bet)
Seat 6: yur4ik777 showed [Kc Qs] and lost with high card King
Seat 8: reddevils888 folded before Flop (didn't bet)
Seat 9: peiranopoker77 showed [Ad 5d] and won ($1.66) with a pair of Fives



PokerStars Hand #238803339647:  Hold'em No Limit ($0.02/$0.05 USD) - 2022/09/22 18:05:58 PT [2022/09/22 21:05:58 ET]
Table 'Zahringia II' 9-max Seat #3 is the button
Seat 1: Dorex2007 ($5.07 in chips) 
Seat 2: blopisanz ($5.10 in chips) 
Seat 3: GiniJr ($3.73 in chips) 
Seat 4: AGVsmarT ($4.19 in chips) 
Seat 5: SuperPoker728 ($3.63 in chips) 
Seat 6: yur4ik777 ($6.51 in chips) 
Seat 8: reddevils888 ($2.40 in chips) 
Seat 9: peiranopoker77 ($1.66 in chips) 
AGVsmarT: posts small blind $0.02
SuperPoker728: posts big blind $0.05
montreal555: sits out 
*** HOLE CARDS ***
Dealt to Dorex2007 [9s 7h]
yur4ik777: folds 
reddevils888: folds 
peiranopoker77: folds 
Dorex2007: folds 
blopisanz: folds 
GiniJr: raises $0.10 to $0.15
AGVsmarT: folds 
SuperPoker728: calls $0.10
*** FLOP *** [3s 4h Kc]
SuperPoker728: bets $0.15
GiniJr: calls $0.15
*** TURN *** [3s 4h Kc] [4c]
SuperPoker728: checks 
GiniJr: bets $0.29
SuperPoker728: calls $0.29
*** RIVER *** [3s 4h Kc 4c] [4d]
SuperPoker728: bets $0.57
GiniJr: raises $0.57 to $1.14
SuperPoker728: calls $0.57
*** SHOW DOWN ***
GiniJr: shows [2d 6d] (three of a kind, Fours)
SuperPoker728: shows [9c 9d] (a full house, Fours full of Nines)
SuperPoker728 collected $3.34 from pot
*** SUMMARY ***
Total pot $3.48 | Rake $0.14 
Board [3s 4h Kc 4c 4d]
Seat 1: Dorex2007 folded before Flop (didn't bet)
Seat 2: blopisanz folded before Flop (didn't bet)
Seat 3: GiniJr (button) showed [2d 6d] and lost with three of a kind, Fours
Seat 4: AGVsmarT (small blind) folded before Flop
Seat 5: SuperPoker728 (big blind) showed [9c 9d] and won ($3.34) with a full house, Fours full of Nines
Seat 6: yur4ik777 folded before Flop (didn't bet)
Seat 8: reddevils888 folded before Flop (didn't bet)
Seat 9: peiranopoker77 folded before Flop (didn't bet)



PokerStars Hand #238803358700:  Hold'em No Limit ($0.02/$0.05 USD) - 2022/09/22 18:07:30 PT [2022/09/22 21:07:30 ET]
Table 'Zahringia II' 9-max Seat #4 is the button
Seat 1: Dorex2007 ($5.07 in chips) 
Seat 2: blopisanz ($5.10 in chips) 
Seat 3: GiniJr ($2 in chips) 
Seat 4: AGVsmarT ($4.17 in chips) 
Seat 5: SuperPoker728 ($5.24 in chips) 
Seat 6: yur4ik777 ($6.51 in chips) 
Seat 8: reddevils888 ($2.40 in chips) 
Seat 9: peiranopoker77 ($1.66 in chips) 
SuperPoker728: posts small blind $0.02
yur4ik777: posts big blind $0.05
montreal555: sits out 
*** HOLE CARDS ***
Dealt to Dorex2007 [Ac 4d]
reddevils888: raises $0.05 to $0.10
peiranopoker77: folds 
Dorex2007: folds 
blopisanz: folds 
peiranopoker77 leaves the table
GiniJr: folds 
AGVsmarT: calls $0.10
SuperPoker728: folds 
yur4ik777: folds 
*** FLOP *** [7s Td Kh]
reddevils888: bets $0.13
AGVsmarT: calls $0.13
*** TURN *** [7s Td Kh] [4h]
reddevils888: bets $0.38
AGVsmarT: folds 
Uncalled bet ($0.38) returned to reddevils888
reddevils888 collected $0.51 from pot
*** SUMMARY ***
Total pot $0.53 | Rake $0.02 
Board [7s Td Kh 4h]
Seat 1: Dorex2007 folded before Flop (didn't bet)
Seat 2: blopisanz folded before Flop (didn't bet)
Seat 3: GiniJr folded before Flop (didn't bet)
Seat 4: AGVsmarT (button) folded on the Turn
Seat 5: SuperPoker728 (small blind) folded before Flop
Seat 6: yur4ik777 (big blind) folded before Flop
Seat 8: reddevils888 collected ($0.51)
Seat 9: peiranopoker77 folded before Flop (didn't bet)



PokerStars Hand #238803368630:  Hold'em No Limit ($0.02/$0.05 USD) - 2022/09/22 18:08:17 PT [2022/09/22 21:08:17 ET]
Table 'Zahringia II' 9-max Seat #5 is the button
Seat 1: Dorex2007 ($5.07 in chips) 
Seat 2: blopisanz ($5.10 in chips) 
Seat 3: GiniJr ($2 in chips) 
Seat 4: AGVsmarT ($3.94 in chips) 
Seat 5: SuperPoker728 ($5.22 in chips) 
Seat 6: yur4ik777 ($6.46 in chips) 
Seat 7: montreal555 ($5 in chips) 
Seat 8: reddevils888 ($2.68 in chips) 
yur4ik777: posts small blind $0.02
montreal555: posts big blind $0.05
*** HOLE CARDS ***
Dealt to Dorex2007 [Td 6d]
reddevils888: raises $0.05 to $0.10
Dorex2007: folds 
blopisanz: folds 
GiniJr: folds 
AGVsmarT: calls $0.10
SuperPoker728: folds 
yur4ik777: folds 
montreal555: calls $0.05
*** FLOP *** [7h 4d 8h]
montreal555: checks 
reddevils888: checks 
AGVsmarT: bets $0.31
montreal555: folds 
reddevils888: raises $2.27 to $2.58 and is all-in
AGVsmarT: calls $2.27
*** TURN *** [7h 4d 8h] [5d]
*** RIVER *** [7h 4d 8h 5d] [Kh]
*** SHOW DOWN ***
reddevils888: shows [Ah Jh] (a flush, Ace high)
AGVsmarT: shows [6c 5c] (a straight, Four to Eight)
reddevils888 collected $5.25 from pot
*** SUMMARY ***
Total pot $5.48 | Rake $0.23 
Board [7h 4d 8h 5d Kh]
Seat 1: Dorex2007 folded before Flop (didn't bet)
Seat 2: blopisanz folded before Flop (didn't bet)
Seat 3: GiniJr folded before Flop (didn't bet)
Seat 4: AGVsmarT showed [6c 5c] and lost with a straight, Four to Eight
Seat 5: SuperPoker728 (button) folded before Flop (didn't bet)
Seat 6: yur4ik777 (small blind) folded before Flop
Seat 7: montreal555 (big blind) folded on the Flop
Seat 8: reddevils888 showed [Ah Jh] and won ($5.25) with a flush, Ace high



PokerStars Hand #238803380927:  Hold'em No Limit ($0.02/$0.05 USD) - 2022/09/22 18:09:17 PT [2022/09/22 21:09:17 ET]
Table 'Zahringia II' 9-max Seat #6 is the button
Seat 1: Dorex2007 ($5.07 in chips) 
Seat 2: blopisanz ($5.10 in chips) 
Seat 3: GiniJr ($2 in chips) 
Seat 4: AGVsmarT ($1.26 in chips) 
Seat 5: SuperPoker728 ($5.22 in chips) 
Seat 6: yur4ik777 ($6.44 in chips) 
Seat 7: montreal555 ($4.90 in chips) 
Seat 8: reddevils888 ($5.25 in chips) 
montreal555: posts small blind $0.02
reddevils888: posts big blind $0.05
*** HOLE CARDS ***
Dealt to Dorex2007 [3c Qh]
Dorex2007: folds 
blopisanz: folds 
GiniJr: folds 
AGVsmarT: folds 
SuperPoker728: calls $0.05
yur4ik777: folds 
montreal555: calls $0.03
reddevils888: checks 
*** FLOP *** [8h Kd Ah]
montreal555: bets $0.20
reddevils888: folds 
SuperPoker728: calls $0.20
*** TURN *** [8h Kd Ah] [3s]
montreal555: bets $0.60
SuperPoker728: calls $0.60
*** RIVER *** [8h Kd Ah 3s] [9h]
montreal555: bets $1.68
SuperPoker728: folds 
Uncalled bet ($1.68) returned to montreal555
montreal555 collected $1.68 from pot
*** SUMMARY ***
Total pot $1.75 | Rake $0.07 
Board [8h Kd Ah 3s 9h]
Seat 1: Dorex2007 folded before Flop (didn't bet)
Seat 2: blopisanz folded before Flop (didn't bet)
Seat 3: GiniJr folded before Flop (didn't bet)
Seat 4: AGVsmarT folded before Flop (didn't bet)
Seat 5: SuperPoker728 folded on the River
Seat 6: yur4ik777 (button) folded before Flop (didn't bet)
Seat 7: montreal555 (small blind) collected ($1.68)
Seat 8: reddevils888 (big blind) folded on the Flop



PokerStars Hand #238803394372:  Hold'em No Limit ($0.02/$0.05 USD) - 2022/09/22 18:10:22 PT [2022/09/22 21:10:22 ET]
Table 'Zahringia II' 9-max Seat #7 is the button
Seat 1: Dorex2007 ($5.07 in chips) 
Seat 2: blopisanz ($5.10 in chips) 
Seat 3: GiniJr ($2 in chips) 
Seat 4: AGVsmarT ($3.48 in chips) 
Seat 5: SuperPoker728 ($4.37 in chips) 
Seat 6: yur4ik777 ($6.44 in chips) 
Seat 7: montreal555 ($5.73 in chips) 
Seat 8: reddevils888 ($5.20 in chips) 
reddevils888: posts small blind $0.02
Dorex2007: posts big blind $0.05
*** HOLE CARDS ***
Dealt to Dorex2007 [Kc 6h]
blopisanz: folds 
25B25 joins the table at seat #9 
GiniJr has timed out
GiniJr: folds 
AGVsmarT: folds 
SuperPoker728: raises $0.05 to $0.10
yur4ik777: folds 
montreal555: folds 
reddevils888: folds 
Dorex2007: folds 
Uncalled bet ($0.05) returned to SuperPoker728
SuperPoker728 collected $0.12 from pot
SuperPoker728: doesn't show hand 
*** SUMMARY ***
Total pot $0.12 | Rake $0 
Seat 1: Dorex2007 (big blind) folded before Flop
Seat 2: blopisanz folded before Flop (didn't bet)
Seat 3: GiniJr folded before Flop (didn't bet)
Seat 4: AGVsmarT folded before Flop (didn't bet)
Seat 5: SuperPoker728 collected ($0.12)
Seat 6: yur4ik777 folded before Flop (didn't bet)
Seat 7: montreal555 (button) folded before Flop (didn't bet)
Seat 8: reddevils888 (small blind) folded before Flop



PokerStars Hand #238803399501:  Hold'em No Limit ($0.02/$0.05 USD) - 2022/09/22 18:10:47 PT [2022/09/22 21:10:47 ET]
Table 'Zahringia II' 9-max Seat #8 is the button
Seat 1: Dorex2007 ($5.02 in chips) 
Seat 2: blopisanz ($5.10 in chips) 
Seat 3: GiniJr ($2 in chips) 
Seat 4: AGVsmarT ($3.48 in chips) 
Seat 5: SuperPoker728 ($4.44 in chips) 
Seat 6: yur4ik777 ($6.44 in chips) 
Seat 7: montreal555 ($5.73 in chips) 
Seat 8: reddevils888 ($5.18 in chips) 
Dorex2007: posts small blind $0.02
blopisanz: posts big blind $0.05
*** HOLE CARDS ***
Dealt to Dorex2007 [Kc 9s]
GiniJr has timed out
GiniJr: folds 
AGVsmarT: folds 
SuperPoker728: raises $0.05 to $0.10
yur4ik777: folds 
montreal555: folds 
reddevils888: calls $0.10
Dorex2007: folds 
blopisanz: folds 
*** FLOP *** [5s 2h Ah]
SuperPoker728: checks 
reddevils888: checks 
*** TURN *** [5s 2h Ah] [8h]
SuperPoker728: checks 
reddevils888: checks 
*** RIVER *** [5s 2h Ah 8h] [2c]
SuperPoker728: checks 
reddevils888: checks 
*** SHOW DOWN ***
SuperPoker728: shows [8d Qd] (two pair, Eights and Deuces)
reddevils888: shows [8s Ks] (two pair, Eights and Deuces)
SuperPoker728 collected $0.13 from pot
reddevils888 collected $0.13 from pot
*** SUMMARY ***
Total pot $0.27 | Rake $0.01 
Board [5s 2h Ah 8h 2c]
Seat 1: Dorex2007 (small blind) folded before Flop
Seat 2: blopisanz (big blind) folded before Flop
Seat 3: GiniJr folded before Flop (didn't bet)
Seat 4: AGVsmarT folded before Flop (didn't bet)
Seat 5: SuperPoker728 showed [8d Qd] and won ($0.13) with two pair, Eights and Deuces
Seat 6: yur4ik777 folded before Flop (didn't bet)
Seat 7: montreal555 folded before Flop (didn't bet)
Seat 8: reddevils888 (button) showed [8s Ks] and won ($0.13) with two pair, Eights and Deuces



PokerStars Hand #238803410065:  Hold'em No Limit ($0.02/$0.05 USD) - 2022/09/22 18:11:38 PT [2022/09/22 21:11:38 ET]
Table 'Zahringia II' 9-max Seat #1 is the button
Seat 1: Dorex2007 ($5 in chips) 
Seat 2: blopisanz ($5.05 in chips) 
Seat 3: GiniJr ($2 in chips) 
Seat 4: AGVsmarT ($5 in chips) 
Seat 5: SuperPoker728 ($4.47 in chips) 
Seat 6: yur4ik777 ($6.44 in chips) 
Seat 7: montreal555 ($5.73 in chips) 
Seat 8: reddevils888 ($5.21 in chips) 
blopisanz: posts small blind $0.02
GiniJr: posts big blind $0.05
25B25: sits out 
*** HOLE CARDS ***
Dealt to Dorex2007 [Qs Kh]
AGVsmarT: folds 
SuperPoker728: folds 
yur4ik777: folds 
montreal555: folds 
reddevils888: folds 
Dorex2007: raises $0.05 to $0.10
blopisanz: folds 
GiniJr: folds 
Uncalled bet ($0.05) returned to Dorex2007
Dorex2007 collected $0.12 from pot
Dorex2007: doesn't show hand 
*** SUMMARY ***
Total pot $0.12 | Rake $0 
Seat 1: Dorex2007 (button) collected ($0.12)
Seat 2: blopisanz (small blind) folded before Flop
Seat 3: GiniJr (big blind) folded before Flop
Seat 4: AGVsmarT folded before Flop (didn't bet)
Seat 5: SuperPoker728 folded before Flop (didn't bet)
Seat 6: yur4ik777 folded before Flop (didn't bet)
Seat 7: montreal555 folded before Flop (didn't bet)
Seat 8: reddevils888 folded before Flop (didn't bet)



PokerStars Hand #238803414684:  Hold'em No Limit ($0.02/$0.05 USD) - 2022/09/22 18:12:00 PT [2022/09/22 21:12:00 ET]
Table 'Zahringia II' 9-max Seat #2 is the button
Seat 1: Dorex2007 ($5.07 in chips) 
Seat 2: blopisanz ($5.03 in chips) 
Seat 3: GiniJr ($1.95 in chips) 
Seat 4: AGVsmarT ($5 in chips) 
Seat 5: SuperPoker728 ($4.47 in chips) 
Seat 6: yur4ik777 ($6.44 in chips) 
Seat 7: montreal555 ($5.73 in chips) 
Seat 8: reddevils888 ($5.21 in chips) 
GiniJr: posts small blind $0.02
AGVsmarT: posts big blind $0.05
25B25: sits out 
*** HOLE CARDS ***
Dealt to Dorex2007 [5c Js]
SuperPoker728: folds 
yur4ik777: folds 
montreal555: folds 
reddevils888: folds 
Dorex2007: folds 
blopisanz: folds 
25B25 leaves the table
GiniJr: folds 
Uncalled bet ($0.03) returned to AGVsmarT
AGVsmarT collected $0.04 from pot
*** SUMMARY ***
Total pot $0.04 | Rake $0 
Seat 1: Dorex2007 folded before Flop (didn't bet)
Seat 2: blopisanz (button) folded before Flop (didn't bet)
Seat 3: GiniJr (small blind) folded before Flop
Seat 4: AGVsmarT (big blind) collected ($0.04)
Seat 5: SuperPoker728 folded before Flop (didn't bet)
Seat 6: yur4ik777 folded before Flop (didn't bet)
Seat 7: montreal555 folded before Flop (didn't bet)
Seat 8: reddevils888 folded before Flop (didn't bet)



PokerStars Hand #238803419091:  Hold'em No Limit ($0.02/$0.05 USD) - 2022/09/22 18:12:21 PT [2022/09/22 21:12:21 ET]
Table 'Zahringia II' 9-max Seat #3 is the button
Seat 1: Dorex2007 ($5.07 in chips) 
Seat 2: blopisanz ($5.03 in chips) 
Seat 3: GiniJr ($1.93 in chips) 
Seat 4: AGVsmarT ($5.02 in chips) 
Seat 5: SuperPoker728 ($4.47 in chips) 
Seat 6: yur4ik777 ($6.44 in chips) 
Seat 7: montreal555 ($5.73 in chips) 
Seat 8: reddevils888 ($5.21 in chips) 
AGVsmarT: posts small blind $0.02
SuperPoker728: posts big blind $0.05
*** HOLE CARDS ***
Dealt to Dorex2007 [Qd As]
yur4ik777: folds 
maksim-2003 joins the table at seat #9 
montreal555: folds 
reddevils888: folds 
Dorex2007: raises $0.10 to $0.15
blopisanz: folds 
GiniJr has timed out
GiniJr: folds 
AGVsmarT: folds 
SuperPoker728: calls $0.10
*** FLOP *** [8d 2h 2c]
SuperPoker728: bets $0.10
Dorex2007: calls $0.10
*** TURN *** [8d 2h 2c] [9d]
SuperPoker728: checks 
Dorex2007: checks 
*** RIVER *** [8d 2h 2c 9d] [4s]
SuperPoker728: checks 
Dorex2007: checks 
*** SHOW DOWN ***
SuperPoker728: shows [5h Ad] (a pair of Deuces)
Dorex2007: shows [Qd As] (a pair of Deuces - Ace+Queen kicker)
Dorex2007 collected $0.50 from pot
*** SUMMARY ***
Total pot $0.52 | Rake $0.02 
Board [8d 2h 2c 9d 4s]
Seat 1: Dorex2007 showed [Qd As] and won ($0.50) with a pair of Deuces
Seat 2: blopisanz folded before Flop (didn't bet)
Seat 3: GiniJr (button) folded before Flop (didn't bet)
Seat 4: AGVsmarT (small blind) folded before Flop
Seat 5: SuperPoker728 (big blind) showed [5h Ad] and lost with a pair of Deuces
Seat 6: yur4ik777 folded before Flop (didn't bet)
Seat 7: montreal555 folded before Flop (didn't bet)
Seat 8: reddevils888 folded before Flop (didn't bet)



PokerStars Hand #238803432212:  Hold'em No Limit ($0.02/$0.05 USD) - 2022/09/22 18:13:25 PT [2022/09/22 21:13:25 ET]
Table 'Zahringia II' 9-max Seat #4 is the button
Seat 1: Dorex2007 ($5.32 in chips) 
Seat 2: blopisanz ($5.03 in chips) 
Seat 3: GiniJr ($1.93 in chips) 
Seat 4: AGVsmarT ($5 in chips) 
Seat 5: SuperPoker728 ($4.22 in chips) 
Seat 6: yur4ik777 ($6.44 in chips) 
Seat 7: montreal555 ($5.73 in chips) 
Seat 8: reddevils888 ($5.21 in chips) 
SuperPoker728: posts small blind $0.02
yur4ik777: posts big blind $0.05
maksim-2003: sits out 
*** HOLE CARDS ***
Dealt to Dorex2007 [Kc Kh]
montreal555: folds 
reddevils888: folds 
Dorex2007: raises $0.15 to $0.20
blopisanz: folds 
GiniJr has timed out
GiniJr: folds 
AGVsmarT: folds 
SuperPoker728: folds 
yur4ik777: folds 
Uncalled bet ($0.15) returned to Dorex2007
Dorex2007 collected $0.12 from pot
Dorex2007: doesn't show hand 
*** SUMMARY ***
Total pot $0.12 | Rake $0 
Seat 1: Dorex2007 collected ($0.12)
Seat 2: blopisanz folded before Flop (didn't bet)
Seat 3: GiniJr folded before Flop (didn't bet)
Seat 4: AGVsmarT (button) folded before Flop (didn't bet)
Seat 5: SuperPoker728 (small blind) folded before Flop
Seat 6: yur4ik777 (big blind) folded before Flop
Seat 7: montreal555 folded before Flop (didn't bet)
Seat 8: reddevils888 folded before Flop (didn't bet)



PokerStars Hand #238803439102:  Hold'em No Limit ($0.02/$0.05 USD) - 2022/09/22 18:13:58 PT [2022/09/22 21:13:58 ET]
Table 'Zahringia II' 9-max Seat #5 is the button
Seat 1: Dorex2007 ($5.39 in chips) 
Seat 2: blopisanz ($5.03 in chips) 
Seat 4: AGVsmarT ($5 in chips) 
Seat 5: SuperPoker728 ($4.20 in chips) 
Seat 6: yur4ik777 ($6.39 in chips) 
Seat 7: montreal555 ($5.73 in chips) 
Seat 8: reddevils888 ($5.21 in chips) 
yur4ik777: posts small blind $0.02
montreal555: posts big blind $0.05
maksim-2003: sits out 
*** HOLE CARDS ***
Dealt to Dorex2007 [2h 7d]
reddevils888: folds 
Dorex2007: folds 
blopisanz: calls $0.05
AGVsmarT: calls $0.05
SuperPoker728: calls $0.05
yur4ik777: folds 
montreal555: checks 
*** FLOP *** [2d 4d 9h]
montreal555: checks 
blopisanz: checks 
AGVsmarT: checks 
SuperPoker728: bets $0.10
montreal555: folds 
blopisanz: raises $4.88 to $4.98 and is all-in
AGVsmarT: folds 
SuperPoker728: folds [9c]
Uncalled bet ($4.88) returned to blopisanz
blopisanz collected $0.40 from pot
*** SUMMARY ***
Total pot $0.42 | Rake $0.02 
Board [2d 4d 9h]
Seat 1: Dorex2007 folded before Flop (didn't bet)
Seat 2: blopisanz collected ($0.40)
Seat 4: AGVsmarT folded on the Flop
Seat 5: SuperPoker728 (button) folded on the Flop
Seat 6: yur4ik777 (small blind) folded before Flop
Seat 7: montreal555 (big blind) folded on the Flop
Seat 8: reddevils888 folded before Flop (didn't bet)



PokerStars Hand #238803452832:  Hold'em No Limit ($0.02/$0.05 USD) - 2022/09/22 18:15:05 PT [2022/09/22 21:15:05 ET]
Table 'Zahringia II' 9-max Seat #6 is the button
Seat 1: Dorex2007 ($5.39 in chips) 
Seat 2: blopisanz ($5.28 in chips) 
Seat 3: GiniJr ($1.93 in chips) 
Seat 4: AGVsmarT ($4.95 in chips) 
Seat 5: SuperPoker728 ($4.05 in chips) 
Seat 6: yur4ik777 ($6.37 in chips) 
Seat 7: montreal555 ($5.68 in chips) 
Seat 8: reddevils888 ($5.21 in chips) 
montreal555: posts small blind $0.02
reddevils888: posts big blind $0.05
maksim-2003: sits out 
*** HOLE CARDS ***
Dealt to Dorex2007 [9d 9c]
Dorex2007: raises $0.10 to $0.15
blopisanz: folds 
GiniJr: folds 
AGVsmarT: calls $0.15
SuperPoker728: folds 
yur4ik777: folds 
montreal555: calls $0.13
reddevils888: folds 
*** FLOP *** [2h 8c Ks]
montreal555: checks 
Dorex2007: checks 
AGVsmarT: checks 
*** TURN *** [2h 8c Ks] [5c]
montreal555: checks 
Dorex2007: bets $0.24
AGVsmarT: folds 
montreal555: folds 
Uncalled bet ($0.24) returned to Dorex2007
Dorex2007 collected $0.48 from pot
Dorex2007: doesn't show hand 
*** SUMMARY ***
Total pot $0.50 | Rake $0.02 
Board [2h 8c Ks 5c]
Seat 1: Dorex2007 collected ($0.48)
Seat 2: blopisanz folded before Flop (didn't bet)
Seat 3: GiniJr folded before Flop (didn't bet)
Seat 4: AGVsmarT folded on the Turn
Seat 5: SuperPoker728 folded before Flop (didn't bet)
Seat 6: yur4ik777 (button) folded before Flop (didn't bet)
Seat 7: montreal555 (small blind) folded on the Turn
Seat 8: reddevils888 (big blind) folded before Flop



PokerStars Hand #238803462692:  Hold'em No Limit ($0.02/$0.05 USD) - 2022/09/22 18:15:54 PT [2022/09/22 21:15:54 ET]
Table 'Zahringia II' 9-max Seat #7 is the button
Seat 1: Dorex2007 ($5.72 in chips) 
Seat 2: blopisanz ($5.28 in chips) 
Seat 3: GiniJr ($1.93 in chips) 
Seat 4: AGVsmarT ($4.80 in chips) 
Seat 5: SuperPoker728 ($4.05 in chips) 
Seat 6: yur4ik777 ($6.37 in chips) 
Seat 7: montreal555 ($5.53 in chips) 
Seat 8: reddevils888 ($5.16 in chips) 
Seat 9: maksim-2003 ($5 in chips) 
reddevils888: posts small blind $0.02
maksim-2003: posts big blind $0.05
*** HOLE CARDS ***
Dealt to Dorex2007 [2h 9h]
Dorex2007: folds 
blopisanz: folds 
GiniJr: folds 
AGVsmarT: folds 
SuperPoker728: folds 
yur4ik777: folds 
montreal555: folds 
reddevils888: raises $0.10 to $0.15
maksim-2003: folds 
Uncalled bet ($0.10) returned to reddevils888
reddevils888 collected $0.10 from pot
*** SUMMARY ***
Total pot $0.10 | Rake $0 
Seat 1: Dorex2007 folded before Flop (didn't bet)
Seat 2: blopisanz folded before Flop (didn't bet)
Seat 3: GiniJr folded before Flop (didn't bet)
Seat 4: AGVsmarT folded before Flop (didn't bet)
Seat 5: SuperPoker728 folded before Flop (didn't bet)
Seat 6: yur4ik777 folded before Flop (didn't bet)
Seat 7: montreal555 (button) folded before Flop (didn't bet)
Seat 8: reddevils888 (small blind) collected ($0.10)
Seat 9: maksim-2003 (big blind) folded before Flop



PokerStars Hand #238803467244:  Hold'em No Limit ($0.02/$0.05 USD) - 2022/09/22 18:16:16 PT [2022/09/22 21:16:16 ET]
Table 'Zahringia II' 9-max Seat #8 is the button
Seat 1: Dorex2007 ($5.72 in chips) 
Seat 2: blopisanz ($5.28 in chips) 
Seat 3: GiniJr ($1.93 in chips) 
Seat 4: AGVsmarT ($4.80 in chips) 
Seat 5: SuperPoker728 ($4.05 in chips) 
Seat 6: yur4ik777 ($6.37 in chips) 
Seat 7: montreal555 ($5.53 in chips) 
Seat 8: reddevils888 ($5.21 in chips) 
Seat 9: maksim-2003 ($5 in chips) 
maksim-2003: posts small blind $0.02
Dorex2007: posts big blind $0.05
*** HOLE CARDS ***
Dealt to Dorex2007 [Jh 2d]
blopisanz has timed out
blopisanz: folds 
GiniJr: folds 
AGVsmarT: folds 
SuperPoker728: folds 
yur4ik777: raises $0.12 to $0.17
montreal555: folds 
reddevils888: folds 
maksim-2003: folds 
Dorex2007: folds 
Uncalled bet ($0.12) returned to yur4ik777
yur4ik777 collected $0.12 from pot
yur4ik777: doesn't show hand 
*** SUMMARY ***
Total pot $0.12 | Rake $0 
Seat 1: Dorex2007 (big blind) folded before Flop
Seat 2: blopisanz folded before Flop (didn't bet)
Seat 3: GiniJr folded before Flop (didn't bet)
Seat 4: AGVsmarT folded before Flop (didn't bet)
Seat 5: SuperPoker728 folded before Flop (didn't bet)
Seat 6: yur4ik777 collected ($0.12)
Seat 7: montreal555 folded before Flop (didn't bet)
Seat 8: reddevils888 (button) folded before Flop (didn't bet)
Seat 9: maksim-2003 (small blind) folded before Flop



PokerStars Hand #238803473132:  Hold'em No Limit ($0.02/$0.05 USD) - 2022/09/22 18:16:45 PT [2022/09/22 21:16:45 ET]
Table 'Zahringia II' 9-max Seat #9 is the button
Seat 1: Dorex2007 ($5.67 in chips) 
Seat 3: GiniJr ($1.93 in chips) 
Seat 4: AGVsmarT ($4.80 in chips) 
Seat 5: SuperPoker728 ($4.05 in chips) 
Seat 6: yur4ik777 ($6.44 in chips) 
Seat 7: montreal555 ($5.53 in chips) 
Seat 8: reddevils888 ($5.21 in chips) 
Seat 9: maksim-2003 ($5 in chips) 
Dorex2007: posts small blind $0.02
GiniJr: posts big blind $0.05
*** HOLE CARDS ***
Dealt to Dorex2007 [5s Ks]
AGVsmarT: calls $0.05
blopisanz is disconnected 
SuperPoker728: calls $0.05
yur4ik777: folds 
montreal555: folds 
reddevils888: calls $0.05
maksim-2003: folds 
Dorex2007: calls $0.03
GiniJr: checks 
*** FLOP *** [5d Qh 5h]
Dorex2007: checks 
GiniJr: checks 
AGVsmarT: checks 
SuperPoker728: bets $0.10
reddevils888: folds 
Dorex2007: raises $0.22 to $0.32
GiniJr: folds 
AGVsmarT: folds 
SuperPoker728: calls $0.22
*** TURN *** [5d Qh 5h] [Td]
Dorex2007: bets $5.30 and is all-in
SuperPoker728: folds 
Uncalled bet ($5.30) returned to Dorex2007
Dorex2007 collected $0.85 from pot
Dorex2007: doesn't show hand 
*** SUMMARY ***
Total pot $0.89 | Rake $0.04 
Board [5d Qh 5h Td]
Seat 1: Dorex2007 (small blind) collected ($0.85)
Seat 3: GiniJr (big blind) folded on the Flop
Seat 4: AGVsmarT folded on the Flop
Seat 5: SuperPoker728 folded on the Turn
Seat 6: yur4ik777 folded before Flop (didn't bet)
Seat 7: montreal555 folded before Flop (didn't bet)
Seat 8: reddevils888 folded on the Flop
Seat 9: maksim-2003 (button) folded before Flop (didn't bet)



PokerStars Hand #238803490669:  Hold'em No Limit ($0.02/$0.05 USD) - 2022/09/22 18:18:12 PT [2022/09/22 21:18:12 ET]
Table 'Zahringia II' 9-max Seat #1 is the button
Seat 1: Dorex2007 ($6.15 in chips) 
Seat 3: GiniJr ($1.88 in chips) 
Seat 4: AGVsmarT ($4.75 in chips) 
Seat 5: SuperPoker728 ($3.68 in chips) 
Seat 6: yur4ik777 ($6.44 in chips) 
Seat 7: montreal555 ($5.53 in chips) 
Seat 8: reddevils888 ($5.16 in chips) 
Seat 9: maksim-2003 ($5 in chips) 
GiniJr: posts small blind $0.02
AGVsmarT: posts big blind $0.05
*** HOLE CARDS ***
Dealt to Dorex2007 [7d 5s]
SuperPoker728: folds 
yur4ik777: folds 
montreal555: folds 
reddevils888: folds 
maksim-2003: folds 
Dorex2007: folds 
GiniJr: folds 
Uncalled bet ($0.03) returned to AGVsmarT
AGVsmarT collected $0.04 from pot
*** SUMMARY ***
Total pot $0.04 | Rake $0 
Seat 1: Dorex2007 (button) folded before Flop (didn't bet)
Seat 3: GiniJr (small blind) folded before Flop
Seat 4: AGVsmarT (big blind) collected ($0.04)
Seat 5: SuperPoker728 folded before Flop (didn't bet)
Seat 6: yur4ik777 folded before Flop (didn't bet)
Seat 7: montreal555 folded before Flop (didn't bet)
Seat 8: reddevils888 folded before Flop (didn't bet)
Seat 9: maksim-2003 folded before Flop (didn't bet)



PokerStars Hand #238803494988:  Hold'em No Limit ($0.02/$0.05 USD) - 2022/09/22 18:18:33 PT [2022/09/22 21:18:33 ET]
Table 'Zahringia II' 9-max Seat #3 is the button
Seat 1: Dorex2007 ($6.15 in chips) 
Seat 3: GiniJr ($1.86 in chips) 
Seat 4: AGVsmarT ($4.77 in chips) 
Seat 5: SuperPoker728 ($3.68 in chips) 
Seat 6: yur4ik777 ($6.44 in chips) 
Seat 7: montreal555 ($5.53 in chips) 
Seat 8: reddevils888 ($5.16 in chips) 
Seat 9: maksim-2003 ($5 in chips) 
AGVsmarT: posts small blind $0.02
SuperPoker728: posts big blind $0.05
*** HOLE CARDS ***
Dealt to Dorex2007 [4h 6s]
yur4ik777: raises $0.12 to $0.17
montreal555: folds 
reddevils888: folds 
maksim-2003: folds 
Dorex2007: folds 
GiniJr: calls $0.17
AGVsmarT: folds 
SuperPoker728: folds 
*** FLOP *** [3h 3d Qd]
yur4ik777: checks 
GiniJr: checks 
*** TURN *** [3h 3d Qd] [4c]
yur4ik777: bets $0.24
GiniJr: folds 
Uncalled bet ($0.24) returned to yur4ik777
yur4ik777 collected $0.39 from pot
yur4ik777: doesn't show hand 
*** SUMMARY ***
Total pot $0.41 | Rake $0.02 
Board [3h 3d Qd 4c]
Seat 1: Dorex2007 folded before Flop (didn't bet)
Seat 3: GiniJr (button) folded on the Turn
Seat 4: AGVsmarT (small blind) folded before Flop
Seat 5: SuperPoker728 (big blind) folded before Flop
Seat 6: yur4ik777 collected ($0.39)
Seat 7: montreal555 folded before Flop (didn't bet)
Seat 8: reddevils888 folded before Flop (didn't bet)
Seat 9: maksim-2003 folded before Flop (didn't bet)



PokerStars Hand #238803507633:  Hold'em No Limit ($0.02/$0.05 USD) - 2022/09/22 18:19:35 PT [2022/09/22 21:19:35 ET]
Table 'Zahringia II' 9-max Seat #4 is the button
Seat 1: Dorex2007 ($6.15 in chips) 
Seat 3: GiniJr ($1.69 in chips) 
Seat 4: AGVsmarT ($4.75 in chips) 
Seat 5: SuperPoker728 ($3.63 in chips) 
Seat 6: yur4ik777 ($6.66 in chips) 
Seat 7: montreal555 ($5.53 in chips) 
Seat 8: reddevils888 ($5.16 in chips) 
Seat 9: maksim-2003 ($5 in chips) 
SuperPoker728: posts small blind $0.02
yur4ik777: posts big blind $0.05
*** HOLE CARDS ***
Dealt to Dorex2007 [6s Td]
montreal555: folds 
reddevils888: folds 
maksim-2003: folds 
Dorex2007: folds 
GiniJr: folds 
AGVsmarT: raises $0.12 to $0.17
SuperPoker728: folds 
yur4ik777: folds 
Uncalled bet ($0.12) returned to AGVsmarT
AGVsmarT collected $0.12 from pot
*** SUMMARY ***
Total pot $0.12 | Rake $0 
Seat 1: Dorex2007 folded before Flop (didn't bet)
Seat 3: GiniJr folded before Flop (didn't bet)
Seat 4: AGVsmarT (button) collected ($0.12)
Seat 5: SuperPoker728 (small blind) folded before Flop
Seat 6: yur4ik777 (big blind) folded before Flop
Seat 7: montreal555 folded before Flop (didn't bet)
Seat 8: reddevils888 folded before Flop (didn't bet)
Seat 9: maksim-2003 folded before Flop (didn't bet)



PokerStars Hand #238803513255:  Hold'em No Limit ($0.02/$0.05 USD) - 2022/09/22 18:20:03 PT [2022/09/22 21:20:03 ET]
Table 'Zahringia II' 9-max Seat #5 is the button
Seat 1: Dorex2007 ($6.15 in chips) 
Seat 3: GiniJr ($1.69 in chips) 
Seat 4: AGVsmarT ($4.82 in chips) 
Seat 5: SuperPoker728 ($3.61 in chips) 
Seat 6: yur4ik777 ($6.61 in chips) 
Seat 7: montreal555 ($5.53 in chips) 
Seat 8: reddevils888 ($5.16 in chips) 
Seat 9: maksim-2003 ($5 in chips) 
yur4ik777: posts small blind $0.02
montreal555: posts big blind $0.05
*** HOLE CARDS ***
Dealt to Dorex2007 [3c 3s]
reddevils888: folds 
maksim-2003: folds 
Dorex2007: folds 
GiniJr: calls $0.05
AGVsmarT: folds 
SuperPoker728: folds 
yur4ik777: folds 
montreal555: checks 
*** FLOP *** [2s 7h 5h]
montreal555: checks 
GiniJr: checks 
*** TURN *** [2s 7h 5h] [2h]
montreal555: checks 
GiniJr: checks 
*** RIVER *** [2s 7h 5h 2h] [2d]
montreal555: checks 
GiniJr: bets $0.05
montreal555: folds 
Uncalled bet ($0.05) returned to GiniJr
GiniJr collected $0.12 from pot
*** SUMMARY ***
Total pot $0.12 | Rake $0 
Board [2s 7h 5h 2h 2d]
Seat 1: Dorex2007 folded before Flop (didn't bet)
Seat 3: GiniJr collected ($0.12)
Seat 4: AGVsmarT folded before Flop (didn't bet)
Seat 5: SuperPoker728 (button) folded before Flop (didn't bet)
Seat 6: yur4ik777 (small blind) folded before Flop
Seat 7: montreal555 (big blind) folded on the River
Seat 8: reddevils888 folded before Flop (didn't bet)
Seat 9: maksim-2003 folded before Flop (didn't bet)



PokerStars Hand #238803523859:  Hold'em No Limit ($0.02/$0.05 USD) - 2022/09/22 18:20:55 PT [2022/09/22 21:20:55 ET]
Table 'Zahringia II' 9-max Seat #6 is the button
Seat 1: Dorex2007 ($6.15 in chips) 
Seat 3: GiniJr ($1.76 in chips) 
Seat 4: AGVsmarT ($4.82 in chips) 
Seat 5: SuperPoker728 ($3.61 in chips) 
Seat 6: yur4ik777 ($6.59 in chips) 
Seat 7: montreal555 ($5.48 in chips) 
Seat 8: reddevils888 ($5.16 in chips) 
Seat 9: maksim-2003 ($5 in chips) 
montreal555: posts small blind $0.02
reddevils888: posts big blind $0.05
*** HOLE CARDS ***
Dealt to Dorex2007 [9c 2c]
maksim-2003: folds 
Dorex2007: folds 
GiniJr: folds 
AGVsmarT: folds 
SuperPoker728: folds 
yur4ik777: raises $0.12 to $0.17
montreal555: folds 
reddevils888: folds 
Uncalled bet ($0.12) returned to yur4ik777
yur4ik777 collected $0.12 from pot
yur4ik777: doesn't show hand 
*** SUMMARY ***
Total pot $0.12 | Rake $0 
Seat 1: Dorex2007 folded before Flop (didn't bet)
Seat 3: GiniJr folded before Flop (didn't bet)
Seat 4: AGVsmarT folded before Flop (didn't bet)
Seat 5: SuperPoker728 folded before Flop (didn't bet)
Seat 6: yur4ik777 (button) collected ($0.12)
Seat 7: montreal555 (small blind) folded before Flop
Seat 8: reddevils888 (big blind) folded before Flop
Seat 9: maksim-2003 folded before Flop (didn't bet)



PokerStars Hand #238803529772:  Hold'em No Limit ($0.02/$0.05 USD) - 2022/09/22 18:21:24 PT [2022/09/22 21:21:24 ET]
Table 'Zahringia II' 9-max Seat #7 is the button
Seat 1: Dorex2007 ($6.15 in chips) 
Seat 3: GiniJr ($1.76 in chips) 
Seat 4: AGVsmarT ($4.82 in chips) 
Seat 5: SuperPoker728 ($3.61 in chips) 
Seat 6: yur4ik777 ($6.66 in chips) 
Seat 7: montreal555 ($5.46 in chips) 
Seat 8: reddevils888 ($5.11 in chips) 
Seat 9: maksim-2003 ($5 in chips) 
reddevils888: posts small blind $0.02
maksim-2003: posts big blind $0.05
*** HOLE CARDS ***
Dealt to Dorex2007 [4s 9c]
Dorex2007: folds 
GiniJr: calls $0.05
AGVsmarT: calls $0.05
SuperPoker728: folds 
yur4ik777: folds 
montreal555: folds 
reddevils888: folds 
maksim-2003: checks 
*** FLOP *** [3s 2c 5s]
maksim-2003: checks 
GiniJr: checks 
AGVsmarT: checks 
*** TURN *** [3s 2c 5s] [Ad]
maksim-2003: checks 
GiniJr: checks 
AGVsmarT: checks 
*** RIVER *** [3s 2c 5s Ad] [8d]
maksim-2003: checks 
GiniJr: checks 
AGVsmarT: checks 
*** SHOW DOWN ***
maksim-2003: shows [Td Kd] (high card Ace)
GiniJr: mucks hand 
AGVsmarT: shows [Js Kh] (high card Ace - King+Jack kicker)
AGVsmarT collected $0.16 from pot
*** SUMMARY ***
Total pot $0.17 | Rake $0.01 
Board [3s 2c 5s Ad 8d]
Seat 1: Dorex2007 folded before Flop (didn't bet)
Seat 3: GiniJr mucked [Ts Qs]
Seat 4: AGVsmarT showed [Js Kh] and won ($0.16) with high card Ace
Seat 5: SuperPoker728 folded before Flop (didn't bet)
Seat 6: yur4ik777 folded before Flop (didn't bet)
Seat 7: montreal555 (button) folded before Flop (didn't bet)
Seat 8: reddevils888 (small blind) folded before Flop
Seat 9: maksim-2003 (big blind) showed [Td Kd] and lost with high card Ace



PokerStars Hand #238803541188:  Hold'em No Limit ($0.02/$0.05 USD) - 2022/09/22 18:22:21 PT [2022/09/22 21:22:21 ET]
Table 'Zahringia II' 9-max Seat #8 is the button
Seat 1: Dorex2007 ($6.15 in chips) 
Seat 3: GiniJr ($1.71 in chips) 
Seat 4: AGVsmarT ($4.93 in chips) 
Seat 5: SuperPoker728 ($3.61 in chips) 
Seat 6: yur4ik777 ($6.66 in chips) 
Seat 7: montreal555 ($5.46 in chips) 
Seat 8: reddevils888 ($5.09 in chips) 
Seat 9: maksim-2003 ($5 in chips) 
maksim-2003: posts small blind $0.02
Dorex2007: posts big blind $0.05
*** HOLE CARDS ***
Dealt to Dorex2007 [Kd Qh]
GiniJr: folds 
AGVsmarT: folds 
SuperPoker728: folds 
yur4ik777: folds 
montreal555: folds 
reddevils888: folds 
maksim-2003: folds 
Uncalled bet ($0.03) returned to Dorex2007
Dorex2007 collected $0.04 from pot
Dorex2007: doesn't show hand 
*** SUMMARY ***
Total pot $0.04 | Rake $0 
Seat 1: Dorex2007 (big blind) collected ($0.04)
Seat 3: GiniJr folded before Flop (didn't bet)
Seat 4: AGVsmarT folded before Flop (didn't bet)
Seat 5: SuperPoker728 folded before Flop (didn't bet)
Seat 6: yur4ik777 folded before Flop (didn't bet)
Seat 7: montreal555 folded before Flop (didn't bet)
Seat 8: reddevils888 (button) folded before Flop (didn't bet)
Seat 9: maksim-2003 (small blind) folded before Flop



PokerStars Hand #238803543824:  Hold'em No Limit ($0.02/$0.05 USD) - 2022/09/22 18:22:34 PT [2022/09/22 21:22:34 ET]
Table 'Zahringia II' 9-max Seat #9 is the button
Seat 1: Dorex2007 ($6.17 in chips) 
Seat 3: GiniJr ($1.71 in chips) 
Seat 4: AGVsmarT ($4.93 in chips) 
Seat 5: SuperPoker728 ($3.61 in chips) 
Seat 6: yur4ik777 ($6.66 in chips) 
Seat 7: montreal555 ($5.46 in chips) 
Seat 8: reddevils888 ($5.09 in chips) 
Seat 9: maksim-2003 ($5 in chips) 
Dorex2007: posts small blind $0.02
GiniJr: posts big blind $0.05
*** HOLE CARDS ***
Dealt to Dorex2007 [Tc Kd]
AGVsmarT: folds 
SuperPoker728: folds 
yur4ik777: folds 
montreal555: folds 
reddevils888: folds 
reddevils888 leaves the table
maksim-2003: raises $0.07 to $0.12
Dorex2007: folds 
GiniJr: folds 
Uncalled bet ($0.07) returned to maksim-2003
maksim-2003 collected $0.12 from pot
maksim-2003: doesn't show hand 
*** SUMMARY ***
Total pot $0.12 | Rake $0 
Seat 1: Dorex2007 (small blind) folded before Flop
Seat 3: GiniJr (big blind) folded before Flop
Seat 4: AGVsmarT folded before Flop (didn't bet)
Seat 5: SuperPoker728 folded before Flop (didn't bet)
Seat 6: yur4ik777 folded before Flop (didn't bet)
Seat 7: montreal555 folded before Flop (didn't bet)
Seat 8: reddevils888 folded before Flop (didn't bet)
Seat 9: maksim-2003 (button) collected ($0.12)



PokerStars Hand #238803547730:  Hold'em No Limit ($0.02/$0.05 USD) - 2022/09/22 18:22:53 PT [2022/09/22 21:22:53 ET]
Table 'Zahringia II' 9-max Seat #1 is the button
Seat 1: Dorex2007 ($6.15 in chips) 
Seat 3: GiniJr ($1.66 in chips) 
Seat 4: AGVsmarT ($4.93 in chips) 
Seat 5: SuperPoker728 ($3.61 in chips) 
Seat 6: yur4ik777 ($6.66 in chips) 
Seat 7: montreal555 ($5.46 in chips) 
Seat 9: maksim-2003 ($5.07 in chips) 
GiniJr: posts small blind $0.02
AGVsmarT: posts big blind $0.05
*** HOLE CARDS ***
Dealt to Dorex2007 [Th Td]
SuperPoker728: calls $0.05
yur4ik777: folds 
montreal555: folds 
maksim-2003: folds 
Dorex2007: raises $0.10 to $0.15
GiniJr: folds 
AGVsmarT: calls $0.10
SuperPoker728: calls $0.10
*** FLOP *** [3c 6c 4s]
AGVsmarT: bets $0.22
SuperPoker728: folds 
Dorex2007: folds 
Uncalled bet ($0.22) returned to AGVsmarT
AGVsmarT collected $0.45 from pot
*** SUMMARY ***
Total pot $0.47 | Rake $0.02 
Board [3c 6c 4s]
Seat 1: Dorex2007 (button) folded on the Flop
Seat 3: GiniJr (small blind) folded before Flop
Seat 4: AGVsmarT (big blind) collected ($0.45)
Seat 5: SuperPoker728 folded on the Flop
Seat 6: yur4ik777 folded before Flop (didn't bet)
Seat 7: montreal555 folded before Flop (didn't bet)
Seat 9: maksim-2003 folded before Flop (didn't bet)



PokerStars Hand #238803555378:  Hold'em No Limit ($0.02/$0.05 USD) - 2022/09/22 18:23:32 PT [2022/09/22 21:23:32 ET]
Table 'Zahringia II' 9-max Seat #3 is the button
Seat 1: Dorex2007 ($6 in chips) 
Seat 3: GiniJr ($1.64 in chips) 
Seat 4: AGVsmarT ($5.23 in chips) 
Seat 5: SuperPoker728 ($3.46 in chips) 
Seat 6: yur4ik777 ($6.66 in chips) 
Seat 7: montreal555 ($5.46 in chips) 
Seat 9: maksim-2003 ($5.07 in chips) 
AGVsmarT: posts small blind $0.02
SuperPoker728: posts big blind $0.05
*** HOLE CARDS ***
Dealt to Dorex2007 [6s Ts]
yur4ik777: folds 
montreal555: folds 
maksim-2003: folds 
Dorex2007: folds 
GiniJr: raises $0.05 to $0.10
AGVsmarT: folds 
SuperPoker728: folds 
Uncalled bet ($0.05) returned to GiniJr
GiniJr collected $0.12 from pot
*** SUMMARY ***
Total pot $0.12 | Rake $0 
Seat 1: Dorex2007 folded before Flop (didn't bet)
Seat 3: GiniJr (button) collected ($0.12)
Seat 4: AGVsmarT (small blind) folded before Flop
Seat 5: SuperPoker728 (big blind) folded before Flop
Seat 6: yur4ik777 folded before Flop (didn't bet)
Seat 7: montreal555 folded before Flop (didn't bet)
Seat 9: maksim-2003 folded before Flop (didn't bet)



PokerStars Hand #238803559817:  Hold'em No Limit ($0.02/$0.05 USD) - 2022/09/22 18:23:53 PT [2022/09/22 21:23:53 ET]
Table 'Zahringia II' 9-max Seat #4 is the button
Seat 1: Dorex2007 ($6 in chips) 
Seat 3: GiniJr ($1.71 in chips) 
Seat 4: AGVsmarT ($5.21 in chips) 
Seat 5: SuperPoker728 ($3.41 in chips) 
Seat 6: yur4ik777 ($6.66 in chips) 
Seat 7: montreal555 ($5.46 in chips) 
Seat 9: maksim-2003 ($5.07 in chips) 
SuperPoker728: posts small blind $0.02
yur4ik777: posts big blind $0.05
*** HOLE CARDS ***
Dealt to Dorex2007 [9d 3h]
montreal555: folds 
maksim-2003: folds 
Dorex2007: folds 
GiniJr: folds 
AGVsmarT: folds 
SuperPoker728: folds 
Uncalled bet ($0.03) returned to yur4ik777
yur4ik777 collected $0.04 from pot
yur4ik777: doesn't show hand 
*** SUMMARY ***
Total pot $0.04 | Rake $0 
Seat 1: Dorex2007 folded before Flop (didn't bet)
Seat 3: GiniJr folded before Flop (didn't bet)
Seat 4: AGVsmarT (button) folded before Flop (didn't bet)
Seat 5: SuperPoker728 (small blind) folded before Flop
Seat 6: yur4ik777 (big blind) collected ($0.04)
Seat 7: montreal555 folded before Flop (didn't bet)
Seat 9: maksim-2003 folded before Flop (didn't bet)



PokerStars Hand #238803562371:  Hold'em No Limit ($0.02/$0.05 USD) - 2022/09/22 18:24:06 PT [2022/09/22 21:24:06 ET]
Table 'Zahringia II' 9-max Seat #5 is the button
Seat 1: Dorex2007 ($6 in chips) 
Seat 3: GiniJr ($1.71 in chips) 
Seat 4: AGVsmarT ($5.21 in chips) 
Seat 5: SuperPoker728 ($3.39 in chips) 
Seat 6: yur4ik777 ($6.68 in chips) 
Seat 7: montreal555 ($5.46 in chips) 
Seat 9: maksim-2003 ($5.07 in chips) 
yur4ik777: posts small blind $0.02
montreal555: posts big blind $0.05
*** HOLE CARDS ***
Dealt to Dorex2007 [7s 9s]
maksim-2003: folds 
Dorex2007: folds 
GiniJr has timed out
GiniJr: folds 
AGVsmarT: folds 
SuperPoker728: folds 
morayjak joins the table at seat #8 
yur4ik777: raises $0.15 to $0.20
montreal555: folds 
Uncalled bet ($0.15) returned to yur4ik777
yur4ik777 collected $0.10 from pot
yur4ik777: doesn't show hand 
*** SUMMARY ***
Total pot $0.10 | Rake $0 
Seat 1: Dorex2007 folded before Flop (didn't bet)
Seat 3: GiniJr folded before Flop (didn't bet)
Seat 4: AGVsmarT folded before Flop (didn't bet)
Seat 5: SuperPoker728 (button) folded before Flop (didn't bet)
Seat 6: yur4ik777 (small blind) collected ($0.10)
Seat 7: montreal555 (big blind) folded before Flop
Seat 9: maksim-2003 folded before Flop (didn't bet)



PokerStars Hand #238803567792:  Hold'em No Limit ($0.02/$0.05 USD) - 2022/09/22 18:24:33 PT [2022/09/22 21:24:33 ET]
Table 'Zahringia II' 9-max Seat #6 is the button
Seat 1: Dorex2007 ($6 in chips) 
Seat 3: GiniJr ($1.71 in chips) 
Seat 4: AGVsmarT ($5.21 in chips) 
Seat 5: SuperPoker728 ($3.39 in chips) 
Seat 6: yur4ik777 ($6.73 in chips) 
Seat 7: montreal555 ($5.41 in chips) 
Seat 8: morayjak ($2 in chips) 
Seat 9: maksim-2003 ($5.07 in chips) 
montreal555: posts small blind $0.02
morayjak: posts big blind $0.05
*** HOLE CARDS ***
Dealt to Dorex2007 [2c Ah]
maksim-2003: folds 
Dorex2007: folds 
GiniJr has timed out
GiniJr: folds 
AGVsmarT: folds 
SuperPoker728: folds 
yur4ik777: folds 
montreal555: folds 
Uncalled bet ($0.03) returned to morayjak
morayjak collected $0.04 from pot
morayjak: doesn't show hand 
*** SUMMARY ***
Total pot $0.04 | Rake $0 
Seat 1: Dorex2007 folded before Flop (didn't bet)
Seat 3: GiniJr folded before Flop (didn't bet)
Seat 4: AGVsmarT folded before Flop (didn't bet)
Seat 5: SuperPoker728 folded before Flop (didn't bet)
Seat 6: yur4ik777 (button) folded before Flop (didn't bet)
Seat 7: montreal555 (small blind) folded before Flop
Seat 8: morayjak (big blind) collected ($0.04)
Seat 9: maksim-2003 folded before Flop (didn't bet)



PokerStars Hand #238803573641:  Hold'em No Limit ($0.02/$0.05 USD) - 2022/09/22 18:25:02 PT [2022/09/22 21:25:02 ET]
Table 'Zahringia II' 9-max Seat #7 is the button
Seat 1: Dorex2007 ($6 in chips) 
Seat 4: AGVsmarT ($5.21 in chips) 
Seat 5: SuperPoker728 ($3.39 in chips) 
Seat 6: yur4ik777 ($6.73 in chips) 
Seat 7: montreal555 ($5.39 in chips) 
Seat 8: morayjak ($2.02 in chips) 
Seat 9: maksim-2003 ($5.07 in chips) 
morayjak: posts small blind $0.02
maksim-2003: posts big blind $0.05
*** HOLE CARDS ***
Dealt to Dorex2007 [9d 7c]
Dorex2007: folds 
AGVsmarT: calls $0.05
SuperPoker728: folds 
yur4ik777: folds 
montreal555: folds 
morayjak: calls $0.03
maksim-2003: checks 
*** FLOP *** [5h Ts Js]
morayjak: bets $0.15
maksim-2003: folds 
AGVsmarT: folds 
Uncalled bet ($0.15) returned to morayjak
morayjak collected $0.14 from pot
morayjak: doesn't show hand 
*** SUMMARY ***
Total pot $0.15 | Rake $0.01 
Board [5h Ts Js]
Seat 1: Dorex2007 folded before Flop (didn't bet)
Seat 4: AGVsmarT folded on the Flop
Seat 5: SuperPoker728 folded before Flop (didn't bet)
Seat 6: yur4ik777 folded before Flop (didn't bet)
Seat 7: montreal555 (button) folded before Flop (didn't bet)
Seat 8: morayjak (small blind) collected ($0.14)
Seat 9: maksim-2003 (big blind) folded on the Flop



PokerStars Hand #238803582680:  Hold'em No Limit ($0.02/$0.05 USD) - 2022/09/22 18:25:47 PT [2022/09/22 21:25:47 ET]
Table 'Zahringia II' 9-max Seat #8 is the button
Seat 1: Dorex2007 ($6 in chips) 
Seat 3: GiniJr ($1.71 in chips) 
Seat 4: AGVsmarT ($5.16 in chips) 
Seat 5: SuperPoker728 ($3.39 in chips) 
Seat 6: yur4ik777 ($6.73 in chips) 
Seat 7: montreal555 ($5.39 in chips) 
Seat 8: morayjak ($2.11 in chips) 
Seat 9: maksim-2003 ($5.02 in chips) 
maksim-2003: posts small blind $0.02
Dorex2007: posts big blind $0.05
*** HOLE CARDS ***
Dealt to Dorex2007 [Th 7h]
GiniJr: calls $0.05
AGVsmarT: folds 
SuperPoker728: calls $0.05
yur4ik777: folds 
montreal555: folds 
morayjak: folds 
maksim-2003: folds 
Dorex2007: checks 
*** FLOP *** [Qd 3s 3h]
Dorex2007: checks 
GiniJr: checks 
SuperPoker728: checks 
*** TURN *** [Qd 3s 3h] [Td]
Dorex2007: bets $0.08
GiniJr: calls $0.08
SuperPoker728: calls $0.08
*** RIVER *** [Qd 3s 3h Td] [Ts]
blopisanz leaves the table
Dorex2007: bets $0.26
GiniJr: raises $1.32 to $1.58 and is all-in
SuperPoker728: folds 
Dorex2007: calls $1.32
*** SHOW DOWN ***
GiniJr: shows [Ad Tc] (a full house, Tens full of Threes)
Dorex2007: shows [Th 7h] (a full house, Tens full of Threes)
Dorex2007 collected $1.71 from pot
GiniJr collected $1.71 from pot
*** SUMMARY ***
Total pot $3.57 | Rake $0.15 
Board [Qd 3s 3h Td Ts]
Seat 1: Dorex2007 (big blind) showed [Th 7h] and won ($1.71) with a full house, Tens full of Threes
Seat 3: GiniJr showed [Ad Tc] and won ($1.71) with a full house, Tens full of Threes
Seat 4: AGVsmarT folded before Flop (didn't bet)
Seat 5: SuperPoker728 folded on the River
Seat 6: yur4ik777 folded before Flop (didn't bet)
Seat 7: montreal555 folded before Flop (didn't bet)
Seat 8: morayjak (button) folded before Flop (didn't bet)
Seat 9: maksim-2003 (small blind) folded before Flop



PokerStars Hand #238803598189:  Hold'em No Limit ($0.02/$0.05 USD) - 2022/09/22 18:27:05 PT [2022/09/22 21:27:05 ET]
Table 'Zahringia II' 9-max Seat #9 is the button
Seat 1: Dorex2007 ($6 in chips) 
Seat 3: GiniJr ($1.71 in chips) 
Seat 4: AGVsmarT ($5.16 in chips) 
Seat 5: SuperPoker728 ($3.26 in chips) 
Seat 6: yur4ik777 ($6.73 in chips) 
Seat 7: montreal555 ($5.39 in chips) 
Seat 8: morayjak ($2.11 in chips) 
Seat 9: maksim-2003 ($5 in chips) 
Dorex2007: posts small blind $0.02
GiniJr: posts big blind $0.05
*** HOLE CARDS ***
Dealt to Dorex2007 [7d Td]
NoName35387 joins the table at seat #2 
AGVsmarT: raises $0.12 to $0.17
SuperPoker728: folds 
yur4ik777: folds 
montreal555: folds 
morayjak: folds 
maksim-2003: folds 
Dorex2007: folds 
GiniJr: folds 
Uncalled bet ($0.12) returned to AGVsmarT
AGVsmarT collected $0.12 from pot
*** SUMMARY ***
Total pot $0.12 | Rake $0 
Seat 1: Dorex2007 (small blind) folded before Flop
Seat 3: GiniJr (big blind) folded before Flop
Seat 4: AGVsmarT collected ($0.12)
Seat 5: SuperPoker728 folded before Flop (didn't bet)
Seat 6: yur4ik777 folded before Flop (didn't bet)
Seat 7: montreal555 folded before Flop (didn't bet)
Seat 8: morayjak folded before Flop (didn't bet)
Seat 9: maksim-2003 (button) folded before Flop (didn't bet)



PokerStars Hand #238803601913:  Hold'em No Limit ($0.02/$0.05 USD) - 2022/09/22 18:27:24 PT [2022/09/22 21:27:24 ET]
Table 'Zahringia II' 9-max Seat #1 is the button
Seat 1: Dorex2007 ($5.98 in chips) 
Seat 3: GiniJr ($1.66 in chips) 
Seat 4: AGVsmarT ($5.23 in chips) 
Seat 5: SuperPoker728 ($3.26 in chips) 
Seat 6: yur4ik777 ($6.73 in chips) 
Seat 7: montreal555 ($5.39 in chips) 
Seat 8: morayjak ($2.11 in chips) 
Seat 9: maksim-2003 ($5 in chips) 
GiniJr: posts small blind $0.02
AGVsmarT: posts big blind $0.05
*** HOLE CARDS ***
Dealt to Dorex2007 [Qh 6d]
SuperPoker728: folds 
yur4ik777: folds 
montreal555: folds 
morayjak: folds 
maksim-2003: folds 
Dorex2007: folds 
GiniJr: folds 
Uncalled bet ($0.03) returned to AGVsmarT
AGVsmarT collected $0.04 from pot
*** SUMMARY ***
Total pot $0.04 | Rake $0 
Seat 1: Dorex2007 (button) folded before Flop (didn't bet)
Seat 3: GiniJr (small blind) folded before Flop
Seat 4: AGVsmarT (big blind) collected ($0.04)
Seat 5: SuperPoker728 folded before Flop (didn't bet)
Seat 6: yur4ik777 folded before Flop (didn't bet)
Seat 7: montreal555 folded before Flop (didn't bet)
Seat 8: morayjak folded before Flop (didn't bet)
Seat 9: maksim-2003 folded before Flop (didn't bet)



PokerStars Hand #238803607703:  Hold'em No Limit ($0.02/$0.05 USD) - 2022/09/22 18:27:53 PT [2022/09/22 21:27:53 ET]
Table 'Zahringia II' 9-max Seat #3 is the button
Seat 1: Dorex2007 ($5.98 in chips) 
Seat 2: NoName35387 ($5 in chips) 
Seat 3: GiniJr ($1.64 in chips) 
Seat 4: AGVsmarT ($5.25 in chips) 
Seat 5: SuperPoker728 ($3.26 in chips) 
Seat 6: yur4ik777 ($6.73 in chips) 
Seat 7: montreal555 ($5.39 in chips) 
Seat 8: morayjak ($2.11 in chips) 
Seat 9: maksim-2003 ($5 in chips) 
AGVsmarT: posts small blind $0.02
SuperPoker728: posts big blind $0.05
NoName35387: posts big blind $0.05
*** HOLE CARDS ***
Dealt to Dorex2007 [7h 2h]
yur4ik777: folds 
montreal555: folds 
morayjak: raises $0.10 to $0.15
maksim-2003: folds 
Dorex2007: folds 
NoName35387: folds 
GiniJr: folds 
AGVsmarT: folds 
SuperPoker728: calls $0.10
*** FLOP *** [Ah Jh Jd]
SuperPoker728: bets $0.35
morayjak: calls $0.35
*** TURN *** [Ah Jh Jd] [Qd]
SuperPoker728: checks 
morayjak: checks 
*** RIVER *** [Ah Jh Jd Qd] [Qc]
SuperPoker728: checks 
morayjak: checks 
*** SHOW DOWN ***
SuperPoker728: shows [5c Ad] (two pair, Aces and Queens)
morayjak: shows [Th As] (two pair, Aces and Queens)
SuperPoker728 collected $0.52 from pot
morayjak collected $0.51 from pot
*** SUMMARY ***
Total pot $1.07 | Rake $0.04 
Board [Ah Jh Jd Qd Qc]
Seat 1: Dorex2007 folded before Flop (didn't bet)
Seat 2: NoName35387 folded before Flop (didn't bet)
Seat 3: GiniJr (button) folded before Flop (didn't bet)
Seat 4: AGVsmarT (small blind) folded before Flop
Seat 5: SuperPoker728 (big blind) showed [5c Ad] and won ($0.52) with two pair, Aces and Queens
Seat 6: yur4ik777 folded before Flop (didn't bet)
Seat 7: montreal555 folded before Flop (didn't bet)
Seat 8: morayjak showed [Th As] and won ($0.51) with two pair, Aces and Queens
Seat 9: maksim-2003 folded before Flop (didn't bet)



PokerStars Hand #238803619781:  Hold'em No Limit ($0.02/$0.05 USD) - 2022/09/22 18:28:54 PT [2022/09/22 21:28:54 ET]
Table 'Zahringia II' 9-max Seat #4 is the button
Seat 1: Dorex2007 ($5.98 in chips) 
Seat 2: NoName35387 ($4.95 in chips) 
Seat 3: GiniJr ($1.64 in chips) 
Seat 4: AGVsmarT ($5.23 in chips) 
Seat 5: SuperPoker728 ($3.28 in chips) 
Seat 6: yur4ik777 ($6.73 in chips) 
Seat 7: montreal555 ($5.39 in chips) 
Seat 8: morayjak ($2.12 in chips) 
Seat 9: maksim-2003 ($5 in chips) 
SuperPoker728: posts small blind $0.02
yur4ik777: posts big blind $0.05
*** HOLE CARDS ***
Dealt to Dorex2007 [6s 3h]
montreal555: folds 
morayjak: folds 
maksim-2003: folds 
Dorex2007: folds 
NoName35387: folds 
GiniJr: calls $0.05
AGVsmarT: raises $0.17 to $0.22
SuperPoker728: folds 
yur4ik777: calls $0.17
GiniJr: calls $0.17
*** FLOP *** [Qh Qc 5d]
yur4ik777: checks 
GiniJr: bets $0.05
AGVsmarT: calls $0.05
yur4ik777: folds 
*** TURN *** [Qh Qc 5d] [Js]
GiniJr: bets $0.75
AGVsmarT: calls $0.75
*** RIVER *** [Qh Qc 5d Js] [5h]
GiniJr: bets $0.62 and is all-in
AGVsmarT: calls $0.62
*** SHOW DOWN ***
GiniJr: shows [4s 4c] (two pair, Queens and Fives)
AGVsmarT: shows [Qd Ah] (a full house, Queens full of Fives)
AGVsmarT collected $3.37 from pot
*** SUMMARY ***
Total pot $3.52 | Rake $0.15 
Board [Qh Qc 5d Js 5h]
Seat 1: Dorex2007 folded before Flop (didn't bet)
Seat 2: NoName35387 folded before Flop (didn't bet)
Seat 3: GiniJr showed [4s 4c] and lost with two pair, Queens and Fives
Seat 4: AGVsmarT (button) showed [Qd Ah] and won ($3.37) with a full house, Queens full of Fives
Seat 5: SuperPoker728 (small blind) folded before Flop
Seat 6: yur4ik777 (big blind) folded on the Flop
Seat 7: montreal555 folded before Flop (didn't bet)
Seat 8: morayjak folded before Flop (didn't bet)
Seat 9: maksim-2003 folded before Flop (didn't bet)



PokerStars Hand #238803635365:  Hold'em No Limit ($0.02/$0.05 USD) - 2022/09/22 18:30:12 PT [2022/09/22 21:30:12 ET]
Table 'Zahringia II' 9-max Seat #5 is the button
Seat 1: Dorex2007 ($5.98 in chips) 
Seat 2: NoName35387 ($4.95 in chips) 
Seat 4: AGVsmarT ($6.96 in chips) 
Seat 5: SuperPoker728 ($3.26 in chips) 
Seat 6: yur4ik777 ($6.51 in chips) 
Seat 7: montreal555 ($5.39 in chips) 
Seat 8: morayjak ($2.12 in chips) 
Seat 9: maksim-2003 ($5 in chips) 
yur4ik777: posts small blind $0.02
montreal555: posts big blind $0.05
*** HOLE CARDS ***
Dealt to Dorex2007 [5h 3s]
morayjak: folds 
maksim-2003: folds 
Dorex2007: folds 
NoName35387: folds 
AGVsmarT: calls $0.05
SuperPoker728: folds 
yur4ik777: folds 
montreal555: checks 
*** FLOP *** [6d 9c 3h]
montreal555: checks 
AGVsmarT: bets $0.12
montreal555: folds 
Uncalled bet ($0.12) returned to AGVsmarT
AGVsmarT collected $0.12 from pot
*** SUMMARY ***
Total pot $0.12 | Rake $0 
Board [6d 9c 3h]
Seat 1: Dorex2007 folded before Flop (didn't bet)
Seat 2: NoName35387 folded before Flop (didn't bet)
Seat 4: AGVsmarT collected ($0.12)
Seat 5: SuperPoker728 (button) folded before Flop (didn't bet)
Seat 6: yur4ik777 (small blind) folded before Flop
Seat 7: montreal555 (big blind) folded on the Flop
Seat 8: morayjak folded before Flop (didn't bet)
Seat 9: maksim-2003 folded before Flop (didn't bet)



PokerStars Hand #238803641400:  Hold'em No Limit ($0.02/$0.05 USD) - 2022/09/22 18:30:43 PT [2022/09/22 21:30:43 ET]
Table 'Zahringia II' 9-max Seat #6 is the button
Seat 1: Dorex2007 ($5.98 in chips) 
Seat 2: NoName35387 ($4.95 in chips) 
Seat 4: AGVsmarT ($7.03 in chips) 
Seat 5: SuperPoker728 ($3.26 in chips) 
Seat 6: yur4ik777 ($6.49 in chips) 
Seat 7: montreal555 ($5.34 in chips) 
Seat 8: morayjak ($2.12 in chips) 
Seat 9: maksim-2003 ($5 in chips) 
montreal555: posts small blind $0.02
morayjak: posts big blind $0.05
*** HOLE CARDS ***
Dealt to Dorex2007 [4s Jh]
maksim-2003: folds 
Dorex2007: folds 
NoName35387: folds 
AGVsmarT: raises $0.12 to $0.17
GiniJr is disconnected 
SuperPoker728: folds 
yur4ik777: folds 
montreal555: folds 
morayjak: folds 
Uncalled bet ($0.12) returned to AGVsmarT
AGVsmarT collected $0.12 from pot
*** SUMMARY ***
Total pot $0.12 | Rake $0 
Seat 1: Dorex2007 folded before Flop (didn't bet)
Seat 2: NoName35387 folded before Flop (didn't bet)
Seat 4: AGVsmarT collected ($0.12)
Seat 5: SuperPoker728 folded before Flop (didn't bet)
Seat 6: yur4ik777 (button) folded before Flop (didn't bet)
Seat 7: montreal555 (small blind) folded before Flop
Seat 8: morayjak (big blind) folded before Flop
Seat 9: maksim-2003 folded before Flop (didn't bet)



PokerStars Hand #238803645514:  Hold'em No Limit ($0.02/$0.05 USD) - 2022/09/22 18:31:04 PT [2022/09/22 21:31:04 ET]
Table 'Zahringia II' 9-max Seat #7 is the button
Seat 1: Dorex2007 ($5.98 in chips) 
Seat 2: NoName35387 ($4.95 in chips) 
Seat 4: AGVsmarT ($7.10 in chips) 
Seat 5: SuperPoker728 ($3.26 in chips) 
Seat 6: yur4ik777 ($6.49 in chips) 
Seat 7: montreal555 ($5.32 in chips) 
Seat 8: morayjak ($2.07 in chips) 
Seat 9: maksim-2003 ($5 in chips) 
morayjak: posts small blind $0.02
maksim-2003: posts big blind $0.05
*** HOLE CARDS ***
Dealt to Dorex2007 [Kh Js]
Dorex2007: folds 
NoName35387: raises $0.10 to $0.15
AGVsmarT: folds 
SuperPoker728: folds 
yur4ik777: folds 
montreal555: folds 
morayjak: folds 
maksim-2003: folds 
Uncalled bet ($0.10) returned to NoName35387
NoName35387 collected $0.12 from pot
*** SUMMARY ***
Total pot $0.12 | Rake $0 
Seat 1: Dorex2007 folded before Flop (didn't bet)
Seat 2: NoName35387 collected ($0.12)
Seat 4: AGVsmarT folded before Flop (didn't bet)
Seat 5: SuperPoker728 folded before Flop (didn't bet)
Seat 6: yur4ik777 folded before Flop (didn't bet)
Seat 7: montreal555 (button) folded before Flop (didn't bet)
Seat 8: morayjak (small blind) folded before Flop
Seat 9: maksim-2003 (big blind) folded before Flop



PokerStars Hand #238803648649:  Hold'em No Limit ($0.02/$0.05 USD) - 2022/09/22 18:31:19 PT [2022/09/22 21:31:19 ET]
Table 'Zahringia II' 9-max Seat #8 is the button
Seat 1: Dorex2007 ($5.98 in chips) 
Seat 2: NoName35387 ($5.02 in chips) 
Seat 4: AGVsmarT ($7.10 in chips) 
Seat 5: SuperPoker728 ($3.26 in chips) 
Seat 6: yur4ik777 ($6.49 in chips) 
Seat 7: montreal555 ($5.32 in chips) 
Seat 8: morayjak ($2.05 in chips) 
Seat 9: maksim-2003 ($5 in chips) 
maksim-2003: posts small blind $0.02
Dorex2007: posts big blind $0.05
*** HOLE CARDS ***
Dealt to Dorex2007 [5d 2d]
NoName35387: calls $0.05
AGVsmarT: calls $0.05
SuperPoker728: calls $0.05
yur4ik777: folds 
montreal555: folds 
morayjak: folds 
maksim-2003: calls $0.03
Dorex2007: checks 
*** FLOP *** [Jh Kc Kd]
maksim-2003: checks 
Dorex2007: checks 
NoName35387: checks 
AGVsmarT: bets $0.12
SuperPoker728: folds 
maksim-2003: folds 
Dorex2007: folds 
NoName35387: folds 
Uncalled bet ($0.12) returned to AGVsmarT
AGVsmarT collected $0.24 from pot
*** SUMMARY ***
Total pot $0.25 | Rake $0.01 
Board [Jh Kc Kd]
Seat 1: Dorex2007 (big blind) folded on the Flop
Seat 2: NoName35387 folded on the Flop
Seat 4: AGVsmarT collected ($0.24)
Seat 5: SuperPoker728 folded on the Flop
Seat 6: yur4ik777 folded before Flop (didn't bet)
Seat 7: montreal555 folded before Flop (didn't bet)
Seat 8: morayjak (button) folded before Flop (didn't bet)
Seat 9: maksim-2003 (small blind) folded on the Flop



PokerStars Hand #238803657100:  Hold'em No Limit ($0.02/$0.05 USD) - 2022/09/22 18:32:02 PT [2022/09/22 21:32:02 ET]
Table 'Zahringia II' 9-max Seat #9 is the button
Seat 1: Dorex2007 ($5.93 in chips) 
Seat 2: NoName35387 ($4.97 in chips) 
Seat 4: AGVsmarT ($7.29 in chips) 
Seat 5: SuperPoker728 ($3.21 in chips) 
Seat 6: yur4ik777 ($6.49 in chips) 
Seat 7: montreal555 ($5.32 in chips) 
Seat 8: morayjak ($2.05 in chips) 
Seat 9: maksim-2003 ($5 in chips) 
Dorex2007: posts small blind $0.02
NoName35387: posts big blind $0.05
*** HOLE CARDS ***
Dealt to Dorex2007 [9d 3c]
AGVsmarT: calls $0.05
SuperPoker728: folds 
yur4ik777: folds 
montreal555: folds 
morayjak: folds 
maksim-2003: raises $0.10 to $0.15
Dorex2007: folds 
NoName35387: folds 
AGVsmarT: raises $0.37 to $0.52
maksim-2003: folds 
Uncalled bet ($0.37) returned to AGVsmarT
AGVsmarT collected $0.37 from pot
*** SUMMARY ***
Total pot $0.37 | Rake $0 
Seat 1: Dorex2007 (small blind) folded before Flop
Seat 2: NoName35387 (big blind) folded before Flop
Seat 4: AGVsmarT collected ($0.37)
Seat 5: SuperPoker728 folded before Flop (didn't bet)
Seat 6: yur4ik777 folded before Flop (didn't bet)
Seat 7: montreal555 folded before Flop (didn't bet)
Seat 8: morayjak folded before Flop (didn't bet)
Seat 9: maksim-2003 (button) folded before Flop



PokerStars Hand #238803660982:  Hold'em No Limit ($0.02/$0.05 USD) - 2022/09/22 18:32:22 PT [2022/09/22 21:32:22 ET]
Table 'Zahringia II' 9-max Seat #1 is the button
Seat 1: Dorex2007 ($5.91 in chips) 
Seat 2: NoName35387 ($4.92 in chips) 
Seat 4: AGVsmarT ($7.51 in chips) 
Seat 5: SuperPoker728 ($3.21 in chips) 
Seat 6: yur4ik777 ($6.49 in chips) 
Seat 7: montreal555 ($5.32 in chips) 
Seat 8: morayjak ($2.05 in chips) 
Seat 9: maksim-2003 ($5 in chips) 
NoName35387: posts small blind $0.02
AGVsmarT: posts big blind $0.05
*** HOLE CARDS ***
Dealt to Dorex2007 [Ad Jd]
SuperPoker728: folds 
yur4ik777: folds 
montreal555: folds 
morayjak: folds 
maksim-2003: raises $0.10 to $0.15
Dorex2007: calls $0.15
NoName35387: calls $0.13
AGVsmarT: folds 
*** FLOP *** [6c Ac 2d]
NoName35387: checks 
maksim-2003: bets $0.25
Dorex2007: calls $0.25
NoName35387: folds 
*** TURN *** [6c Ac 2d] [8c]
maksim-2003: bets $0.48
Dorex2007: calls $0.48
*** RIVER *** [6c Ac 2d 8c] [4c]
maksim-2003: bets $0.94
Dorex2007: folds 
Uncalled bet ($0.94) returned to maksim-2003
maksim-2003 collected $1.88 from pot
maksim-2003: doesn't show hand 
*** SUMMARY ***
Total pot $1.96 | Rake $0.08 
Board [6c Ac 2d 8c 4c]
Seat 1: Dorex2007 (button) folded on the River
Seat 2: NoName35387 (small blind) folded on the Flop
Seat 4: AGVsmarT (big blind) folded before Flop
Seat 5: SuperPoker728 folded before Flop (didn't bet)
Seat 6: yur4ik777 folded before Flop (didn't bet)
Seat 7: montreal555 folded before Flop (didn't bet)
Seat 8: morayjak folded before Flop (didn't bet)
Seat 9: maksim-2003 collected ($1.88)



PokerStars Hand #238803669092:  Hold'em No Limit ($0.02/$0.05 USD) - 2022/09/22 18:33:04 PT [2022/09/22 21:33:04 ET]
Table 'Zahringia II' 9-max Seat #2 is the button
Seat 1: Dorex2007 ($5.03 in chips) 
Seat 2: NoName35387 ($4.77 in chips) 
Seat 4: AGVsmarT ($7.46 in chips) 
Seat 5: SuperPoker728 ($3.21 in chips) 
Seat 6: yur4ik777 ($6.49 in chips) 
Seat 7: montreal555 ($5.32 in chips) 
Seat 8: morayjak ($2.05 in chips) 
Seat 9: maksim-2003 ($6 in chips) 
AGVsmarT: posts small blind $0.02
SuperPoker728: posts big blind $0.05
*** HOLE CARDS ***
Dealt to Dorex2007 [Td Ks]
yur4ik777: folds 
montreal555: folds 
morayjak: folds 
maksim-2003: folds 
Dorex2007: folds 
NoName35387: folds 
AGVsmarT: calls $0.03
SuperPoker728: checks 
*** FLOP *** [2h 3c Qh]
AGVsmarT: bets $0.10
SuperPoker728: folds 
Uncalled bet ($0.10) returned to AGVsmarT
AGVsmarT collected $0.10 from pot
*** SUMMARY ***
Total pot $0.10 | Rake $0 
Board [2h 3c Qh]
Seat 1: Dorex2007 folded before Flop (didn't bet)
Seat 2: NoName35387 (button) folded before Flop (didn't bet)
Seat 4: AGVsmarT (small blind) collected ($0.10)
Seat 5: SuperPoker728 (big blind) folded on the Flop
Seat 6: yur4ik777 folded before Flop (didn't bet)
Seat 7: montreal555 folded before Flop (didn't bet)
Seat 8: morayjak folded before Flop (didn't bet)
Seat 9: maksim-2003 folded before Flop (didn't bet)



PokerStars Hand #238803674187:  Hold'em No Limit ($0.02/$0.05 USD) - 2022/09/22 18:33:30 PT [2022/09/22 21:33:30 ET]
Table 'Zahringia II' 9-max Seat #4 is the button
Seat 1: Dorex2007 ($5.03 in chips) 
Seat 2: NoName35387 ($4.77 in chips) 
Seat 4: AGVsmarT ($7.51 in chips) 
Seat 5: SuperPoker728 ($3.16 in chips) 
Seat 6: yur4ik777 ($6.49 in chips) 
Seat 7: montreal555 ($5.32 in chips) 
Seat 8: morayjak ($2.05 in chips) 
Seat 9: maksim-2003 ($6 in chips) 
SuperPoker728: posts small blind $0.02
yur4ik777: posts big blind $0.05
*** HOLE CARDS ***
Dealt to Dorex2007 [Qh 6h]
montreal555: folds 
morayjak: raises $0.05 to $0.10
maksim-2003: folds 
Dorex2007: folds 
NoName35387: calls $0.10
AGVsmarT: folds 
SuperPoker728: folds 
yur4ik777: folds 
*** FLOP *** [7d Kh Th]
morayjak: bets $0.15
NoName35387: folds 
Uncalled bet ($0.15) returned to morayjak
morayjak collected $0.26 from pot
morayjak: doesn't show hand 
*** SUMMARY ***
Total pot $0.27 | Rake $0.01 
Board [7d Kh Th]
Seat 1: Dorex2007 folded before Flop (didn't bet)
Seat 2: NoName35387 folded on the Flop
Seat 4: AGVsmarT (button) folded before Flop (didn't bet)
Seat 5: SuperPoker728 (small blind) folded before Flop
Seat 6: yur4ik777 (big blind) folded before Flop
Seat 7: montreal555 folded before Flop (didn't bet)
Seat 8: morayjak collected ($0.26)
Seat 9: maksim-2003 folded before Flop (didn't bet)



PokerStars Hand #238803681892:  Hold'em No Limit ($0.02/$0.05 USD) - 2022/09/22 18:34:10 PT [2022/09/22 21:34:10 ET]
Table 'Zahringia II' 9-max Seat #5 is the button
Seat 1: Dorex2007 ($5.03 in chips) 
Seat 2: NoName35387 ($4.67 in chips) 
Seat 4: AGVsmarT ($7.51 in chips) 
Seat 5: SuperPoker728 ($3.14 in chips) 
Seat 6: yur4ik777 ($6.44 in chips) 
Seat 7: montreal555 ($5.32 in chips) 
Seat 8: morayjak ($2.21 in chips) 
Seat 9: maksim-2003 ($6 in chips) 
yur4ik777: posts small blind $0.02
montreal555: posts big blind $0.05
*** HOLE CARDS ***
Dealt to Dorex2007 [5h 6d]
morayjak: folds 
maksim-2003: folds 
Dorex2007: folds 
NoName35387: folds 
AGVsmarT: folds 
SuperPoker728: calls $0.05
yur4ik777: folds 
montreal555: checks 
*** FLOP *** [3h As Kd]
montreal555: bets $0.15
SuperPoker728: calls $0.15
*** TURN *** [3h As Kd] [3c]
montreal555: bets $0.20
SuperPoker728: folds 
Uncalled bet ($0.20) returned to montreal555
montreal555 collected $0.40 from pot
*** SUMMARY ***
Total pot $0.42 | Rake $0.02 
Board [3h As Kd 3c]
Seat 1: Dorex2007 folded before Flop (didn't bet)
Seat 2: NoName35387 folded before Flop (didn't bet)
Seat 4: AGVsmarT folded before Flop (didn't bet)
Seat 5: SuperPoker728 (button) folded on the Turn
Seat 6: yur4ik777 (small blind) folded before Flop
Seat 7: montreal555 (big blind) collected ($0.40)
Seat 8: morayjak folded before Flop (didn't bet)
Seat 9: maksim-2003 folded before Flop (didn't bet)



PokerStars Hand #238803689127:  Hold'em No Limit ($0.02/$0.05 USD) - 2022/09/22 18:34:46 PT [2022/09/22 21:34:46 ET]
Table 'Zahringia II' 9-max Seat #6 is the button
Seat 1: Dorex2007 ($5.03 in chips) 
Seat 2: NoName35387 ($4.67 in chips) 
Seat 4: AGVsmarT ($7.51 in chips) 
Seat 5: SuperPoker728 ($2.94 in chips) 
Seat 6: yur4ik777 ($6.42 in chips) 
Seat 7: montreal555 ($5.52 in chips) 
Seat 8: morayjak ($2.21 in chips) 
Seat 9: maksim-2003 ($6 in chips) 
montreal555: posts small blind $0.02
morayjak: posts big blind $0.05
*** HOLE CARDS ***
Dealt to Dorex2007 [3d Td]
maksim-2003: raises $0.07 to $0.12
Dorex2007: folds 
NoName35387: folds 
AGVsmarT: folds 
SuperPoker728: folds 
yur4ik777: raises $0.31 to $0.43
montreal555: folds 
morayjak: folds 
maksim-2003: folds 
Uncalled bet ($0.31) returned to yur4ik777
yur4ik777 collected $0.31 from pot
yur4ik777: doesn't show hand 
*** SUMMARY ***
Total pot $0.31 | Rake $0 
Seat 1: Dorex2007 folded before Flop (didn't bet)
Seat 2: NoName35387 folded before Flop (didn't bet)
Seat 4: AGVsmarT folded before Flop (didn't bet)
Seat 5: SuperPoker728 folded before Flop (didn't bet)
Seat 6: yur4ik777 (button) collected ($0.31)
Seat 7: montreal555 (small blind) folded before Flop
Seat 8: morayjak (big blind) folded before Flop
Seat 9: maksim-2003 folded before Flop



PokerStars Hand #238803693984:  Hold'em No Limit ($0.02/$0.05 USD) - 2022/09/22 18:35:10 PT [2022/09/22 21:35:10 ET]
Table 'Zahringia II' 9-max Seat #7 is the button
Seat 1: Dorex2007 ($5.03 in chips) 
Seat 2: NoName35387 ($4.67 in chips) 
Seat 4: AGVsmarT ($7.51 in chips) 
Seat 5: SuperPoker728 ($2.94 in chips) 
Seat 6: yur4ik777 ($6.61 in chips) 
Seat 7: montreal555 ($5.50 in chips) 
Seat 8: morayjak ($2.16 in chips) 
Seat 9: maksim-2003 ($5.88 in chips) 
morayjak: posts small blind $0.02
maksim-2003: posts big blind $0.05
*** HOLE CARDS ***
Dealt to Dorex2007 [Th 3s]
Dorex2007: folds 
NoName35387: folds 
AGVsmarT: folds 
SuperPoker728: folds 
yur4ik777: folds 
montreal555: calls $0.05
morayjak: calls $0.03
maksim-2003: checks 
*** FLOP *** [Js Ts 2c]
morayjak: bets $0.15
maksim-2003: folds 
montreal555: calls $0.15
*** TURN *** [Js Ts 2c] [3d]
morayjak: bets $0.21
montreal555: calls $0.21
*** RIVER *** [Js Ts 2c 3d] [7h]
morayjak: bets $0.41
montreal555: calls $0.41
*** SHOW DOWN ***
morayjak: shows [Ks 8s] (high card King)
montreal555: shows [Jh Qc] (a pair of Jacks)
montreal555 collected $1.62 from pot
*** SUMMARY ***
Total pot $1.69 | Rake $0.07 
Board [Js Ts 2c 3d 7h]
Seat 1: Dorex2007 folded before Flop (didn't bet)
Seat 2: NoName35387 folded before Flop (didn't bet)
Seat 4: AGVsmarT folded before Flop (didn't bet)
Seat 5: SuperPoker728 folded before Flop (didn't bet)
Seat 6: yur4ik777 folded before Flop (didn't bet)
Seat 7: montreal555 (button) showed [Jh Qc] and won ($1.62) with a pair of Jacks
Seat 8: morayjak (small blind) showed [Ks 8s] and lost with high card King
Seat 9: maksim-2003 (big blind) folded on the Flop



PokerStars Hand #238803706711:  Hold'em No Limit ($0.02/$0.05 USD) - 2022/09/22 18:36:13 PT [2022/09/22 21:36:13 ET]
Table 'Zahringia II' 9-max Seat #8 is the button
Seat 1: Dorex2007 ($5.03 in chips) 
Seat 2: NoName35387 ($4.67 in chips) 
Seat 4: AGVsmarT ($7.51 in chips) 
Seat 5: SuperPoker728 ($2.94 in chips) 
Seat 6: yur4ik777 ($6.61 in chips) 
Seat 7: montreal555 ($6.30 in chips) 
Seat 8: morayjak ($1.34 in chips) 
Seat 9: maksim-2003 ($5.83 in chips) 
maksim-2003: posts small blind $0.02
Dorex2007: posts big blind $0.05
*** HOLE CARDS ***
Dealt to Dorex2007 [Jc Ts]
NoName35387: folds 
AGVsmarT: folds 
SuperPoker728: folds 
yur4ik777: folds 
montreal555: folds 
morayjak: folds 
maksim-2003: calls $0.03
Dorex2007: checks 
*** FLOP *** [9c 4s 4d]
maksim-2003: bets $0.05
Dorex2007: folds 
Uncalled bet ($0.05) returned to maksim-2003
maksim-2003 collected $0.10 from pot
maksim-2003: doesn't show hand 
*** SUMMARY ***
Total pot $0.10 | Rake $0 
Board [9c 4s 4d]
Seat 1: Dorex2007 (big blind) folded on the Flop
Seat 2: NoName35387 folded before Flop (didn't bet)
Seat 4: AGVsmarT folded before Flop (didn't bet)
Seat 5: SuperPoker728 folded before Flop (didn't bet)
Seat 6: yur4ik777 folded before Flop (didn't bet)
Seat 7: montreal555 folded before Flop (didn't bet)
Seat 8: morayjak (button) folded before Flop (didn't bet)
Seat 9: maksim-2003 (small blind) collected ($0.10)



PokerStars Hand #238803711516:  Hold'em No Limit ($0.02/$0.05 USD) - 2022/09/22 18:36:37 PT [2022/09/22 21:36:37 ET]
Table 'Zahringia II' 9-max Seat #9 is the button
Seat 1: Dorex2007 ($5 in chips) 
Seat 2: NoName35387 ($4.67 in chips) 
Seat 4: AGVsmarT ($7.51 in chips) 
Seat 5: SuperPoker728 ($2.94 in chips) 
Seat 6: yur4ik777 ($6.61 in chips) 
Seat 7: montreal555 ($6.30 in chips) 
Seat 8: morayjak ($1.34 in chips) 
Seat 9: maksim-2003 ($5.88 in chips) 
Dorex2007: posts small blind $0.02
NoName35387: posts big blind $0.05
*** HOLE CARDS ***
Dealt to Dorex2007 [5h Tc]
AGVsmarT: calls $0.05
SuperPoker728: folds 
yur4ik777: folds 
montreal555: calls $0.05
morayjak: calls $0.05
maksim-2003: folds 
Dorex2007: folds 
NoName35387: checks 
*** FLOP *** [As Qh Qs]
NoName35387: checks 
AGVsmarT: bets $0.05
montreal555: folds 
morayjak: calls $0.05
NoName35387: folds 
*** TURN *** [As Qh Qs] [3h]
AGVsmarT: checks 
morayjak: checks 
*** RIVER *** [As Qh Qs 3h] [5d]
AGVsmarT: checks 
morayjak: bets $0.20
AGVsmarT: folds 
Uncalled bet ($0.20) returned to morayjak
morayjak collected $0.31 from pot
morayjak: doesn't show hand 
*** SUMMARY ***
Total pot $0.32 | Rake $0.01 
Board [As Qh Qs 3h 5d]
Seat 1: Dorex2007 (small blind) folded before Flop
Seat 2: NoName35387 (big blind) folded on the Flop
Seat 4: AGVsmarT folded on the River
Seat 5: SuperPoker728 folded before Flop (didn't bet)
Seat 6: yur4ik777 folded before Flop (didn't bet)
Seat 7: montreal555 folded on the Flop
Seat 8: morayjak collected ($0.31)
Seat 9: maksim-2003 (button) folded before Flop (didn't bet)



PokerStars Hand #238803721229:  Hold'em No Limit ($0.02/$0.05 USD) - 2022/09/22 18:37:26 PT [2022/09/22 21:37:26 ET]
Table 'Zahringia II' 9-max Seat #1 is the button
Seat 1: Dorex2007 ($5 in chips) 
Seat 2: NoName35387 ($4.62 in chips) 
Seat 4: AGVsmarT ($7.41 in chips) 
Seat 5: SuperPoker728 ($2.94 in chips) 
Seat 6: yur4ik777 ($6.61 in chips) 
Seat 7: montreal555 ($6.25 in chips) 
Seat 8: morayjak ($1.55 in chips) 
Seat 9: maksim-2003 ($5.88 in chips) 
NoName35387: posts small blind $0.02
AGVsmarT: posts big blind $0.05
*** HOLE CARDS ***
Dealt to Dorex2007 [Td Kd]
SuperPoker728: folds 
yur4ik777: folds 
montreal555: folds 
morayjak: folds 
maksim-2003: folds 
Dorex2007: raises $0.05 to $0.10
NoName35387: calls $0.08
AGVsmarT: folds 
*** FLOP *** [8c 9c 7c]
NoName35387: checks 
Dorex2007: checks 
*** TURN *** [8c 9c 7c] [As]
NoName35387: checks 
Dorex2007: checks 
*** RIVER *** [8c 9c 7c As] [Js]
NoName35387: checks 
Dorex2007: bets $0.16
NoName35387: folds 
Uncalled bet ($0.16) returned to Dorex2007
Dorex2007 collected $0.24 from pot
Dorex2007: doesn't show hand 
*** SUMMARY ***
Total pot $0.25 | Rake $0.01 
Board [8c 9c 7c As Js]
Seat 1: Dorex2007 (button) collected ($0.24)
Seat 2: NoName35387 (small blind) folded on the River
Seat 4: AGVsmarT (big blind) folded before Flop
Seat 5: SuperPoker728 folded before Flop (didn't bet)
Seat 6: yur4ik777 folded before Flop (didn't bet)
Seat 7: montreal555 folded before Flop (didn't bet)
Seat 8: morayjak folded before Flop (didn't bet)
Seat 9: maksim-2003 folded before Flop (didn't bet)



PokerStars Hand #238803729086:  Hold'em No Limit ($0.02/$0.05 USD) - 2022/09/22 18:38:05 PT [2022/09/22 21:38:05 ET]
Table 'Zahringia II' 9-max Seat #2 is the button
Seat 1: Dorex2007 ($5.14 in chips) 
Seat 2: NoName35387 ($4.52 in chips) 
Seat 4: AGVsmarT ($7.36 in chips) 
Seat 5: SuperPoker728 ($2.94 in chips) 
Seat 6: yur4ik777 ($6.61 in chips) 
Seat 7: montreal555 ($6.25 in chips) 
Seat 8: morayjak ($1.55 in chips) 
Seat 9: maksim-2003 ($5.88 in chips) 
AGVsmarT: posts small blind $0.02
SuperPoker728: posts big blind $0.05
*** HOLE CARDS ***
Dealt to Dorex2007 [Qh 2c]
yur4ik777: folds 
montreal555: folds 
morayjak: folds 
maksim-2003: folds 
Dorex2007: folds 
NoName35387: raises $0.10 to $0.15
AGVsmarT: folds 
SuperPoker728: calls $0.10
*** FLOP *** [Jc 7h 9c]
SuperPoker728: checks 
NoName35387: bets $0.31
SuperPoker728: calls $0.31
*** TURN *** [Jc 7h 9c] [8c]
SuperPoker728: checks 
NoName35387: bets $0.40
SuperPoker728: calls $0.40
*** RIVER *** [Jc 7h 9c 8c] [7c]
SuperPoker728: checks 
NoName35387: checks 
*** SHOW DOWN ***
SuperPoker728: shows [Tc As] (a straight flush, Seven to Jack)
NoName35387: mucks hand 
SuperPoker728 collected $1.67 from pot
*** SUMMARY ***
Total pot $1.74 | Rake $0.07 
Board [Jc 7h 9c 8c 7c]
Seat 1: Dorex2007 folded before Flop (didn't bet)
Seat 2: NoName35387 (button) mucked [Jh Kd]
Seat 4: AGVsmarT (small blind) folded before Flop
Seat 5: SuperPoker728 (big blind) showed [Tc As] and won ($1.67) with a straight flush, Seven to Jack
Seat 6: yur4ik777 folded before Flop (didn't bet)
Seat 7: montreal555 folded before Flop (didn't bet)
Seat 8: morayjak folded before Flop (didn't bet)
Seat 9: maksim-2003 folded before Flop (didn't bet)



PokerStars Hand #238803746573:  Hold'em No Limit ($0.02/$0.05 USD) - 2022/09/22 18:39:31 PT [2022/09/22 21:39:31 ET]
Table 'Zahringia II' 9-max Seat #4 is the button
Seat 1: Dorex2007 ($5.14 in chips) 
Seat 2: NoName35387 ($3.66 in chips) 
Seat 4: AGVsmarT ($7.34 in chips) 
Seat 5: SuperPoker728 ($3.75 in chips) 
Seat 6: yur4ik777 ($6.61 in chips) 
Seat 7: montreal555 ($6.25 in chips) 
Seat 8: morayjak ($1.55 in chips) 
Seat 9: maksim-2003 ($5.88 in chips) 
SuperPoker728: posts small blind $0.02
yur4ik777: posts big blind $0.05
*** HOLE CARDS ***
Dealt to Dorex2007 [5s 6h]
montreal555: folds 
morayjak: folds 
maksim-2003: folds 
Dorex2007: folds 
NoName35387: folds 
AGVsmarT: calls $0.05
SuperPoker728: folds 
yur4ik777: checks 
*** FLOP *** [5c 9h 3h]
yur4ik777: checks 
AGVsmarT: checks 
*** TURN *** [5c 9h 3h] [Ks]
yur4ik777: checks 
AGVsmarT: checks 
*** RIVER *** [5c 9h 3h Ks] [Kc]
yur4ik777: checks 
AGVsmarT: checks 
*** SHOW DOWN ***
yur4ik777: shows [2d 7c] (a pair of Kings)
AGVsmarT: shows [Jd Qh] (a pair of Kings - Queen kicker)
AGVsmarT collected $0.12 from pot
*** SUMMARY ***
Total pot $0.12 | Rake $0 
Board [5c 9h 3h Ks Kc]
Seat 1: Dorex2007 folded before Flop (didn't bet)
Seat 2: NoName35387 folded before Flop (didn't bet)
Seat 4: AGVsmarT (button) showed [Jd Qh] and won ($0.12) with a pair of Kings
Seat 5: SuperPoker728 (small blind) folded before Flop
Seat 6: yur4ik777 (big blind) showed [2d 7c] and lost with a pair of Kings
Seat 7: montreal555 folded before Flop (didn't bet)
Seat 8: morayjak folded before Flop (didn't bet)
Seat 9: maksim-2003 folded before Flop (didn't bet)



PokerStars Hand #238803754954:  Hold'em No Limit ($0.02/$0.05 USD) - 2022/09/22 18:40:14 PT [2022/09/22 21:40:14 ET]
Table 'Zahringia II' 9-max Seat #5 is the button
Seat 1: Dorex2007 ($5.14 in chips) 
Seat 2: NoName35387 ($3.66 in chips) 
Seat 4: AGVsmarT ($7.41 in chips) 
Seat 5: SuperPoker728 ($3.73 in chips) 
Seat 6: yur4ik777 ($6.56 in chips) 
Seat 7: montreal555 ($6.25 in chips) 
Seat 8: morayjak ($1.55 in chips) 
Seat 9: maksim-2003 ($5.88 in chips) 
yur4ik777: posts small blind $0.02
montreal555: posts big blind $0.05
*** HOLE CARDS ***
Dealt to Dorex2007 [Kd 5h]
morayjak: folds 
maksim-2003: folds 
Dorex2007: folds 
NoName35387: folds 
AGVsmarT: folds 
SuperPoker728: folds 
yur4ik777: folds 
Uncalled bet ($0.03) returned to montreal555
montreal555 collected $0.04 from pot
*** SUMMARY ***
Total pot $0.04 | Rake $0 
Seat 1: Dorex2007 folded before Flop (didn't bet)
Seat 2: NoName35387 folded before Flop (didn't bet)
Seat 4: AGVsmarT folded before Flop (didn't bet)
Seat 5: SuperPoker728 (button) folded before Flop (didn't bet)
Seat 6: yur4ik777 (small blind) folded before Flop
Seat 7: montreal555 (big blind) collected ($0.04)
Seat 8: morayjak folded before Flop (didn't bet)
Seat 9: maksim-2003 folded before Flop (didn't bet)



PokerStars Hand #238803757494:  Hold'em No Limit ($0.02/$0.05 USD) - 2022/09/22 18:40:26 PT [2022/09/22 21:40:26 ET]
Table 'Zahringia II' 9-max Seat #6 is the button
Seat 1: Dorex2007 ($5.14 in chips) 
Seat 2: NoName35387 ($3.66 in chips) 
Seat 4: AGVsmarT ($7.41 in chips) 
Seat 5: SuperPoker728 ($3.73 in chips) 
Seat 6: yur4ik777 ($6.54 in chips) 
Seat 7: montreal555 ($6.27 in chips) 
Seat 8: morayjak ($1.55 in chips) 
Seat 9: maksim-2003 ($5.88 in chips) 
montreal555: posts small blind $0.02
morayjak: posts big blind $0.05
*** HOLE CARDS ***
Dealt to Dorex2007 [Jd Qs]
maksim-2003: folds 
Dorex2007: folds 
NoName35387: raises $0.05 to $0.10
AGVsmarT: folds 
SuperPoker728: folds 
yur4ik777: folds 
montreal555: folds 
GiniJr leaves the table
morayjak: folds 
Uncalled bet ($0.05) returned to NoName35387
NoName35387 collected $0.12 from pot
*** SUMMARY ***
Total pot $0.12 | Rake $0 
Seat 1: Dorex2007 folded before Flop (didn't bet)
Seat 2: NoName35387 collected ($0.12)
Seat 4: AGVsmarT folded before Flop (didn't bet)
Seat 5: SuperPoker728 folded before Flop (didn't bet)
Seat 6: yur4ik777 (button) folded before Flop (didn't bet)
Seat 7: montreal555 (small blind) folded before Flop
Seat 8: morayjak (big blind) folded before Flop
Seat 9: maksim-2003 folded before Flop (didn't bet)



PokerStars Hand #238803763173:  Hold'em No Limit ($0.02/$0.05 USD) - 2022/09/22 18:40:55 PT [2022/09/22 21:40:55 ET]
Table 'Zahringia II' 9-max Seat #7 is the button
Seat 1: Dorex2007 ($5.14 in chips) 
Seat 2: NoName35387 ($3.73 in chips) 
Seat 4: AGVsmarT ($7.41 in chips) 
Seat 5: SuperPoker728 ($3.73 in chips) 
Seat 6: yur4ik777 ($6.54 in chips) 
Seat 7: montreal555 ($6.25 in chips) 
Seat 8: morayjak ($1.50 in chips) 
Seat 9: maksim-2003 ($5.88 in chips) 
morayjak: posts small blind $0.02
maksim-2003: posts big blind $0.05
*** HOLE CARDS ***
Dealt to Dorex2007 [3s 6s]
Dorex2007: folds 
NoName35387: raises $0.10 to $0.15
AGVsmarT: calls $0.15
SuperPoker728: folds 
yur4ik777: raises $0.52 to $0.67
montreal555: folds 
morayjak: folds 
maksim-2003: folds 
NoName35387: calls $0.52
AGVsmarT: folds 
*** FLOP *** [Qs 6c Jc]
NoName35387: bets $3.06 and is all-in
Renan Biel joins the table at seat #3 
yur4ik777: folds 
Uncalled bet ($3.06) returned to NoName35387
NoName35387 collected $1.50 from pot
*** SUMMARY ***
Total pot $1.56 | Rake $0.06 
Board [Qs 6c Jc]
Seat 1: Dorex2007 folded before Flop (didn't bet)
Seat 2: NoName35387 collected ($1.50)
Seat 4: AGVsmarT folded before Flop
Seat 5: SuperPoker728 folded before Flop (didn't bet)
Seat 6: yur4ik777 folded on the Flop
Seat 7: montreal555 (button) folded before Flop (didn't bet)
Seat 8: morayjak (small blind) folded before Flop
Seat 9: maksim-2003 (big blind) folded before Flop



PokerStars Hand #238803771695:  Hold'em No Limit ($0.02/$0.05 USD) - 2022/09/22 18:41:38 PT [2022/09/22 21:41:38 ET]
Table 'Zahringia II' 9-max Seat #8 is the button
Seat 1: Dorex2007 ($5.14 in chips) 
Seat 2: NoName35387 ($4.56 in chips) 
Seat 4: AGVsmarT ($7.26 in chips) 
Seat 5: SuperPoker728 ($3.73 in chips) 
Seat 6: yur4ik777 ($5.87 in chips) 
Seat 7: montreal555 ($6.25 in chips) 
Seat 8: morayjak ($1.48 in chips) 
Seat 9: maksim-2003 ($5.83 in chips) 
maksim-2003: posts small blind $0.02
Dorex2007: posts big blind $0.05
Renan Biel: sits out 
*** HOLE CARDS ***
Dealt to Dorex2007 [Ac 3c]
NoName35387: calls $0.05
AGVsmarT: folds 
SuperPoker728: folds 
yur4ik777: folds 
montreal555: folds 
morayjak: raises $0.05 to $0.10
maksim-2003: calls $0.08
Dorex2007: folds 
NoName35387: calls $0.05
*** FLOP *** [9c Ad As]
maksim-2003: checks 
NoName35387: checks 
morayjak: bets $0.17
maksim-2003: folds 
NoName35387: folds 
Uncalled bet ($0.17) returned to morayjak
morayjak collected $0.34 from pot
morayjak: doesn't show hand 
*** SUMMARY ***
Total pot $0.35 | Rake $0.01 
Board [9c Ad As]
Seat 1: Dorex2007 (big blind) folded before Flop
Seat 2: NoName35387 folded on the Flop
Seat 4: AGVsmarT folded before Flop (didn't bet)
Seat 5: SuperPoker728 folded before Flop (didn't bet)
Seat 6: yur4ik777 folded before Flop (didn't bet)
Seat 7: montreal555 folded before Flop (didn't bet)
Seat 8: morayjak (button) collected ($0.34)
Seat 9: maksim-2003 (small blind) folded on the Flop



PokerStars Hand #238803778844:  Hold'em No Limit ($0.02/$0.05 USD) - 2022/09/22 18:42:14 PT [2022/09/22 21:42:14 ET]
Table 'Zahringia II' 9-max Seat #9 is the button
Seat 1: Dorex2007 ($5.09 in chips) 
Seat 2: NoName35387 ($4.46 in chips) 
Seat 4: AGVsmarT ($7.26 in chips) 
Seat 5: SuperPoker728 ($3.73 in chips) 
Seat 6: yur4ik777 ($5.87 in chips) 
Seat 7: montreal555 ($6.25 in chips) 
Seat 8: morayjak ($1.72 in chips) 
Seat 9: maksim-2003 ($5.73 in chips) 
Dorex2007: posts small blind $0.02
NoName35387: posts big blind $0.05
Renan Biel: sits out 
*** HOLE CARDS ***
Dealt to Dorex2007 [8c Qd]
AGVsmarT: folds 
SuperPoker728: folds 
yur4ik777: folds 
montreal555: folds 
morayjak: folds 
maksim-2003: raises $0.07 to $0.12
Dorex2007: folds 
NoName35387: folds 
Uncalled bet ($0.07) returned to maksim-2003
maksim-2003 collected $0.12 from pot
maksim-2003: doesn't show hand 
*** SUMMARY ***
Total pot $0.12 | Rake $0 
Seat 1: Dorex2007 (small blind) folded before Flop
Seat 2: NoName35387 (big blind) folded before Flop
Seat 4: AGVsmarT folded before Flop (didn't bet)
Seat 5: SuperPoker728 folded before Flop (didn't bet)
Seat 6: yur4ik777 folded before Flop (didn't bet)
Seat 7: montreal555 folded before Flop (didn't bet)
Seat 8: morayjak folded before Flop (didn't bet)
Seat 9: maksim-2003 (button) collected ($0.12)



PokerStars Hand #238803782956:  Hold'em No Limit ($0.02/$0.05 USD) - 2022/09/22 18:42:34 PT [2022/09/22 21:42:34 ET]
Table 'Zahringia II' 9-max Seat #1 is the button
Seat 1: Dorex2007 ($5.07 in chips) 
Seat 2: NoName35387 ($4.41 in chips) 
Seat 3: Renan Biel ($2 in chips) 
Seat 4: AGVsmarT ($7.26 in chips) 
Seat 5: SuperPoker728 ($3.73 in chips) 
Seat 6: yur4ik777 ($5.87 in chips) 
Seat 7: montreal555 ($6.25 in chips) 
Seat 8: morayjak ($1.72 in chips) 
Seat 9: maksim-2003 ($5.80 in chips) 
NoName35387: posts small blind $0.02
Renan Biel: posts big blind $0.05
*** HOLE CARDS ***
Dealt to Dorex2007 [4h 3s]
AGVsmarT: folds 
SuperPoker728: folds 
yur4ik777: folds 
montreal555: folds 
morayjak: folds 
maksim-2003: folds 
Dorex2007: folds 
NoName35387: folds 
Uncalled bet ($0.03) returned to Renan Biel
Renan Biel collected $0.04 from pot
Renan Biel: doesn't show hand 
*** SUMMARY ***
Total pot $0.04 | Rake $0 
Seat 1: Dorex2007 (button) folded before Flop (didn't bet)
Seat 2: NoName35387 (small blind) folded before Flop
Seat 3: Renan Biel (big blind) collected ($0.04)
Seat 4: AGVsmarT folded before Flop (didn't bet)
Seat 5: SuperPoker728 folded before Flop (didn't bet)
Seat 6: yur4ik777 folded before Flop (didn't bet)
Seat 7: montreal555 folded before Flop (didn't bet)
Seat 8: morayjak folded before Flop (didn't bet)
Seat 9: maksim-2003 folded before Flop (didn't bet)



PokerStars Hand #238803787170:  Hold'em No Limit ($0.02/$0.05 USD) - 2022/09/22 18:42:56 PT [2022/09/22 21:42:56 ET]
Table 'Zahringia II' 9-max Seat #2 is the button
Seat 1: Dorex2007 ($5.07 in chips) 
Seat 2: NoName35387 ($4.39 in chips) 
Seat 3: Renan Biel ($2.02 in chips) 
Seat 4: AGVsmarT ($7.26 in chips) 
Seat 5: SuperPoker728 ($3.73 in chips) 
Seat 6: yur4ik777 ($5.87 in chips) 
Seat 7: montreal555 ($6.25 in chips) 
Seat 8: morayjak ($1.72 in chips) 
Seat 9: maksim-2003 ($5.80 in chips) 
Renan Biel: posts small blind $0.02
AGVsmarT: posts big blind $0.05
*** HOLE CARDS ***
Dealt to Dorex2007 [9h 8c]
SuperPoker728: raises $0.12 to $0.17
yur4ik777: folds 
montreal555: folds 
morayjak: folds 
maksim-2003: folds 
Dorex2007: folds 
NoName35387: folds 
Renan Biel: folds 
AGVsmarT: folds 
Uncalled bet ($0.12) returned to SuperPoker728
SuperPoker728 collected $0.12 from pot
SuperPoker728: doesn't show hand 
*** SUMMARY ***
Total pot $0.12 | Rake $0 
Seat 1: Dorex2007 folded before Flop (didn't bet)
Seat 2: NoName35387 (button) folded before Flop (didn't bet)
Seat 3: Renan Biel (small blind) folded before Flop
Seat 4: AGVsmarT (big blind) folded before Flop
Seat 5: SuperPoker728 collected ($0.12)
Seat 6: yur4ik777 folded before Flop (didn't bet)
Seat 7: montreal555 folded before Flop (didn't bet)
Seat 8: morayjak folded before Flop (didn't bet)
Seat 9: maksim-2003 folded before Flop (didn't bet)



PokerStars Hand #238803791985:  Hold'em No Limit ($0.02/$0.05 USD) - 2022/09/22 18:43:20 PT [2022/09/22 21:43:20 ET]
Table 'Zahringia II' 9-max Seat #3 is the button
Seat 1: Dorex2007 ($5.07 in chips) 
Seat 2: NoName35387 ($4.39 in chips) 
Seat 3: Renan Biel ($2 in chips) 
Seat 4: AGVsmarT ($7.21 in chips) 
Seat 5: SuperPoker728 ($3.80 in chips) 
Seat 6: yur4ik777 ($5.87 in chips) 
Seat 7: montreal555 ($6.25 in chips) 
Seat 8: morayjak ($1.72 in chips) 
Seat 9: maksim-2003 ($5.80 in chips) 
AGVsmarT: posts small blind $0.02
SuperPoker728: posts big blind $0.05
*** HOLE CARDS ***
Dealt to Dorex2007 [Ac 4c]
yur4ik777: folds 
montreal555: folds 
morayjak: folds 
maksim-2003: folds 
Dorex2007: folds 
NoName35387: folds 
Renan Biel: folds 
AGVsmarT: folds 
Uncalled bet ($0.03) returned to SuperPoker728
SuperPoker728 collected $0.04 from pot
SuperPoker728: doesn't show hand 
*** SUMMARY ***
Total pot $0.04 | Rake $0 
Seat 1: Dorex2007 folded before Flop (didn't bet)
Seat 2: NoName35387 folded before Flop (didn't bet)
Seat 3: Renan Biel (button) folded before Flop (didn't bet)
Seat 4: AGVsmarT (small blind) folded before Flop
Seat 5: SuperPoker728 (big blind) collected ($0.04)
Seat 6: yur4ik777 folded before Flop (didn't bet)
Seat 7: montreal555 folded before Flop (didn't bet)
Seat 8: morayjak folded before Flop (didn't bet)
Seat 9: maksim-2003 folded before Flop (didn't bet)



PokerStars Hand #238803796326:  Hold'em No Limit ($0.02/$0.05 USD) - 2022/09/22 18:43:42 PT [2022/09/22 21:43:42 ET]
Table 'Zahringia II' 9-max Seat #4 is the button
Seat 1: Dorex2007 ($5.07 in chips) 
Seat 2: NoName35387 ($4.39 in chips) 
Seat 3: Renan Biel ($2 in chips) 
Seat 4: AGVsmarT ($7.19 in chips) 
Seat 5: SuperPoker728 ($3.82 in chips) 
Seat 6: yur4ik777 ($5.87 in chips) 
Seat 7: montreal555 ($6.25 in chips) 
Seat 8: morayjak ($1.72 in chips) 
Seat 9: maksim-2003 ($5.80 in chips) 
SuperPoker728: posts small blind $0.02
yur4ik777: posts big blind $0.05
*** HOLE CARDS ***
Dealt to Dorex2007 [Qc 6h]
montreal555: calls $0.05
morayjak: raises $0.05 to $0.10
maksim-2003: folds 
Dorex2007: folds 
NoName35387: calls $0.10
Renan Biel: folds 
AGVsmarT: folds 
SuperPoker728: calls $0.08
yur4ik777: calls $0.05
montreal555: calls $0.05
*** FLOP *** [Ks 9h 7c]
SuperPoker728: bets $0.24
yur4ik777: folds 
montreal555: raises $0.96 to $1.20
morayjak: folds 
NoName35387: folds 
SuperPoker728: folds 
Uncalled bet ($0.96) returned to montreal555
montreal555 collected $0.94 from pot
*** SUMMARY ***
Total pot $0.98 | Rake $0.04 
Board [Ks 9h 7c]
Seat 1: Dorex2007 folded before Flop (didn't bet)
Seat 2: NoName35387 folded on the Flop
Seat 3: Renan Biel folded before Flop (didn't bet)
Seat 4: AGVsmarT (button) folded before Flop (didn't bet)
Seat 5: SuperPoker728 (small blind) folded on the Flop
Seat 6: yur4ik777 (big blind) folded on the Flop
Seat 7: montreal555 collected ($0.94)
Seat 8: morayjak folded on the Flop
Seat 9: maksim-2003 folded before Flop (didn't bet)



PokerStars Hand #238803810095:  Hold'em No Limit ($0.02/$0.05 USD) - 2022/09/22 18:44:52 PT [2022/09/22 21:44:52 ET]
Table 'Zahringia II' 9-max Seat #5 is the button
Seat 1: Dorex2007 ($5.07 in chips) 
Seat 2: NoName35387 ($4.29 in chips) 
Seat 3: Renan Biel ($2 in chips) 
Seat 4: AGVsmarT ($7.19 in chips) 
Seat 5: SuperPoker728 ($3.48 in chips) 
Seat 6: yur4ik777 ($5.77 in chips) 
Seat 7: montreal555 ($6.85 in chips) 
Seat 8: morayjak ($1.62 in chips) 
Seat 9: maksim-2003 ($5.80 in chips) 
yur4ik777: posts small blind $0.02
montreal555: posts big blind $0.05
*** HOLE CARDS ***
Dealt to Dorex2007 [5h As]
morayjak: folds 
maksim-2003: folds 
Dorex2007: folds 
NoName35387: folds 
Renan Biel: calls $0.05
AGVsmarT: raises $0.17 to $0.22
SuperPoker728: folds 
yur4ik777: raises $0.48 to $0.70
montreal555: folds 
Renan Biel: folds 
AGVsmarT: calls $0.48
*** FLOP *** [7h Qc 7c]
yur4ik777: checks 
AGVsmarT: checks 
*** TURN *** [7h Qc 7c] [9c]
yur4ik777: bets $5.07 and is all-in
AGVsmarT: calls $5.07
*** RIVER *** [7h Qc 7c 9c] [3d]
*** SHOW DOWN ***
yur4ik777: shows [Ks Kd] (two pair, Kings and Sevens)
AGVsmarT: shows [Qh Qd] (a full house, Queens full of Sevens)
AGVsmarT collected $11.16 from pot
*** SUMMARY ***
Total pot $11.64 | Rake $0.48 
Board [7h Qc 7c 9c 3d]
Seat 1: Dorex2007 folded before Flop (didn't bet)
Seat 2: NoName35387 folded before Flop (didn't bet)
Seat 3: Renan Biel folded before Flop
Seat 4: AGVsmarT showed [Qh Qd] and won ($11.16) with a full house, Queens full of Sevens
Seat 5: SuperPoker728 (button) folded before Flop (didn't bet)
Seat 6: yur4ik777 (small blind) showed [Ks Kd] and lost with two pair, Kings and Sevens
Seat 7: montreal555 (big blind) folded before Flop
Seat 8: morayjak folded before Flop (didn't bet)
Seat 9: maksim-2003 folded before Flop (didn't bet)



PokerStars Hand #238803824172:  Hold'em No Limit ($0.02/$0.05 USD) - 2022/09/22 18:46:03 PT [2022/09/22 21:46:03 ET]
Table 'Zahringia II' 9-max Seat #6 is the button
Seat 1: Dorex2007 ($5.07 in chips) 
Seat 2: NoName35387 ($4.29 in chips) 
Seat 3: Renan Biel ($1.95 in chips) 
Seat 4: AGVsmarT ($12.58 in chips) 
Seat 5: SuperPoker728 ($3.48 in chips) 
Seat 6: yur4ik777 ($5 in chips) 
Seat 7: montreal555 ($6.80 in chips) 
Seat 8: morayjak ($1.62 in chips) 
Seat 9: maksim-2003 ($5.80 in chips) 
montreal555: posts small blind $0.02
morayjak: posts big blind $0.05
*** HOLE CARDS ***
Dealt to Dorex2007 [8d 2h]
maksim-2003: folds 
Dorex2007: folds 
NoName35387: calls $0.05
Renan Biel: calls $0.05
AGVsmarT: folds 
SuperPoker728: folds 
yur4ik777: raises $0.22 to $0.27
montreal555: folds 
morayjak: folds 
NoName35387: calls $0.22
Renan Biel: calls $0.22
*** FLOP *** [2d 6d 8c]
NoName35387: checks 
Renan Biel: bets $0.35
yur4ik777: folds 
NoName35387: folds 
Uncalled bet ($0.35) returned to Renan Biel
Renan Biel collected $0.84 from pot
Renan Biel: doesn't show hand 
*** SUMMARY ***
Total pot $0.88 | Rake $0.04 
Board [2d 6d 8c]
Seat 1: Dorex2007 folded before Flop (didn't bet)
Seat 2: NoName35387 folded on the Flop
Seat 3: Renan Biel collected ($0.84)
Seat 4: AGVsmarT folded before Flop (didn't bet)
Seat 5: SuperPoker728 folded before Flop (didn't bet)
Seat 6: yur4ik777 (button) folded on the Flop
Seat 7: montreal555 (small blind) folded before Flop
Seat 8: morayjak (big blind) folded before Flop
Seat 9: maksim-2003 folded before Flop (didn't bet)



PokerStars Hand #238803835028:  Hold'em No Limit ($0.02/$0.05 USD) - 2022/09/22 18:46:58 PT [2022/09/22 21:46:58 ET]
Table 'Zahringia II' 9-max Seat #7 is the button
Seat 1: Dorex2007 ($5.07 in chips) 
Seat 2: NoName35387 ($4.02 in chips) 
Seat 3: Renan Biel ($2.52 in chips) 
Seat 4: AGVsmarT ($12.58 in chips) 
Seat 5: SuperPoker728 ($3.48 in chips) 
Seat 6: yur4ik777 ($4.73 in chips) 
Seat 7: montreal555 ($6.78 in chips) 
Seat 8: morayjak ($1.57 in chips) 
Seat 9: maksim-2003 ($5.80 in chips) 
morayjak: posts small blind $0.02
maksim-2003: posts big blind $0.05
*** HOLE CARDS ***
Dealt to Dorex2007 [Kc 4c]
Dorex2007: folds 
NoName35387: folds 
Renan Biel: calls $0.05
AGVsmarT: calls $0.05
SuperPoker728: calls $0.05
yur4ik777: folds 
montreal555: folds 
morayjak: folds 
maksim-2003: checks 
*** FLOP *** [8c Kh 3s]
maksim-2003: checks 
Renan Biel: checks 
AGVsmarT: checks 
SuperPoker728: checks 
*** TURN *** [8c Kh 3s] [9d]
maksim-2003: checks 
Renan Biel: checks 
AGVsmarT: bets $0.10
SuperPoker728: folds 
maksim-2003: folds 
Renan Biel: calls $0.10
*** RIVER *** [8c Kh 3s 9d] [5h]
Renan Biel: checks 
AGVsmarT: checks 
*** SHOW DOWN ***
Renan Biel: shows [8d 6d] (a pair of Eights)
AGVsmarT: mucks hand 
Renan Biel collected $0.40 from pot
*** SUMMARY ***
Total pot $0.42 | Rake $0.02 
Board [8c Kh 3s 9d 5h]
Seat 1: Dorex2007 folded before Flop (didn't bet)
Seat 2: NoName35387 folded before Flop (didn't bet)
Seat 3: Renan Biel showed [8d 6d] and won ($0.40) with a pair of Eights
Seat 4: AGVsmarT mucked [Th Jc]
Seat 5: SuperPoker728 folded on the Turn
Seat 6: yur4ik777 folded before Flop (didn't bet)
Seat 7: montreal555 (button) folded before Flop (didn't bet)
Seat 8: morayjak (small blind) folded before Flop
Seat 9: maksim-2003 (big blind) folded on the Turn



PokerStars Hand #238803850352:  Hold'em No Limit ($0.02/$0.05 USD) - 2022/09/22 18:48:17 PT [2022/09/22 21:48:17 ET]
Table 'Zahringia II' 9-max Seat #8 is the button
Seat 1: Dorex2007 ($5.07 in chips) 
Seat 2: NoName35387 ($4.02 in chips) 
Seat 3: Renan Biel ($2.77 in chips) 
Seat 4: AGVsmarT ($12.43 in chips) 
Seat 5: SuperPoker728 ($3.43 in chips) 
Seat 6: yur4ik777 ($4.73 in chips) 
Seat 7: montreal555 ($6.78 in chips) 
Seat 8: morayjak ($1.55 in chips) 
Seat 9: maksim-2003 ($5.75 in chips) 
maksim-2003: posts small blind $0.02
Dorex2007: posts big blind $0.05
*** HOLE CARDS ***
Dealt to Dorex2007 [3d Th]
NoName35387: calls $0.05
Renan Biel: calls $0.05
AGVsmarT: folds 
SuperPoker728: folds 
yur4ik777: folds 
montreal555: folds 
morayjak: folds 
maksim-2003: raises $0.30 to $0.35
Dorex2007: folds 
NoName35387: folds 
Renan Biel: calls $0.30
*** FLOP *** [5d Qd As]
maksim-2003: bets $0.23
Renan Biel: folds 
Uncalled bet ($0.23) returned to maksim-2003
maksim-2003 collected $0.77 from pot
maksim-2003: doesn't show hand 
*** SUMMARY ***
Total pot $0.80 | Rake $0.03 
Board [5d Qd As]
Seat 1: Dorex2007 (big blind) folded before Flop
Seat 2: NoName35387 folded before Flop
Seat 3: Renan Biel folded on the Flop
Seat 4: AGVsmarT folded before Flop (didn't bet)
Seat 5: SuperPoker728 folded before Flop (didn't bet)
Seat 6: yur4ik777 folded before Flop (didn't bet)
Seat 7: montreal555 folded before Flop (didn't bet)
Seat 8: morayjak (button) folded before Flop (didn't bet)
Seat 9: maksim-2003 (small blind) collected ($0.77)



PokerStars Hand #238803858275:  Hold'em No Limit ($0.02/$0.05 USD) - 2022/09/22 18:48:57 PT [2022/09/22 21:48:57 ET]
Table 'Zahringia II' 9-max Seat #9 is the button
Seat 1: Dorex2007 ($5.02 in chips) 
Seat 2: NoName35387 ($3.97 in chips) 
Seat 3: Renan Biel ($2.42 in chips) 
Seat 4: AGVsmarT ($12.43 in chips) 
Seat 5: SuperPoker728 ($3.43 in chips) 
Seat 6: yur4ik777 ($4.73 in chips) 
Seat 7: montreal555 ($6.78 in chips) 
Seat 8: morayjak ($1.55 in chips) 
Seat 9: maksim-2003 ($6.17 in chips) 
Dorex2007: posts small blind $0.02
NoName35387: posts big blind $0.05
*** HOLE CARDS ***
Dealt to Dorex2007 [Kh Th]
Renan Biel: folds 
AGVsmarT has timed out
AGVsmarT: folds 
SuperPoker728: folds 
yur4ik777: folds 
montreal555: folds 
morayjak: folds 
maksim-2003: folds 
Dorex2007: raises $0.10 to $0.15
NoName35387: folds 
Uncalled bet ($0.10) returned to Dorex2007
Dorex2007 collected $0.10 from pot
Dorex2007: doesn't show hand 
*** SUMMARY ***
Total pot $0.10 | Rake $0 
Seat 1: Dorex2007 (small blind) collected ($0.10)
Seat 2: NoName35387 (big blind) folded before Flop
Seat 3: Renan Biel folded before Flop (didn't bet)
Seat 4: AGVsmarT folded before Flop (didn't bet)
Seat 5: SuperPoker728 folded before Flop (didn't bet)
Seat 6: yur4ik777 folded before Flop (didn't bet)
Seat 7: montreal555 folded before Flop (didn't bet)
Seat 8: morayjak folded before Flop (didn't bet)
Seat 9: maksim-2003 (button) folded before Flop (didn't bet)



PokerStars Hand #238803864765:  Hold'em No Limit ($0.02/$0.05 USD) - 2022/09/22 18:49:30 PT [2022/09/22 21:49:30 ET]
Table 'Zahringia II' 9-max Seat #1 is the button
Seat 1: Dorex2007 ($5.07 in chips) 
Seat 2: NoName35387 ($3.92 in chips) 
Seat 3: Renan Biel ($2.42 in chips) 
Seat 5: SuperPoker728 ($3.43 in chips) 
Seat 6: yur4ik777 ($4.73 in chips) 
Seat 7: montreal555 ($6.78 in chips) 
Seat 8: morayjak ($1.55 in chips) 
Seat 9: maksim-2003 ($6.17 in chips) 
NoName35387: posts small blind $0.02
Renan Biel: posts big blind $0.05
*** HOLE CARDS ***
Dealt to Dorex2007 [Ac 8h]
SuperPoker728: calls $0.05
yur4ik777: folds 
montreal555: folds 
morayjak: raises $0.05 to $0.10
maksim-2003: raises $0.20 to $0.30
Dorex2007: folds 
NoName35387: folds 
Renan Biel: calls $0.25
SuperPoker728: calls $0.25
morayjak: folds 
*** FLOP *** [4d Qh 7h]
Renan Biel: bets $0.49
SuperPoker728: calls $0.49
maksim-2003: folds 
*** TURN *** [4d Qh 7h] [2d]
Renan Biel: bets $1.63 and is all-in
SuperPoker728: calls $1.63
*** RIVER *** [4d Qh 7h 2d] [8s]
*** SHOW DOWN ***
Renan Biel: shows [Ad 5d] (high card Ace)
SuperPoker728: shows [Jc Qd] (a pair of Queens)
SuperPoker728 collected $5.04 from pot
*** SUMMARY ***
Total pot $5.26 | Rake $0.22 
Board [4d Qh 7h 2d 8s]
Seat 1: Dorex2007 (button) folded before Flop (didn't bet)
Seat 2: NoName35387 (small blind) folded before Flop
Seat 3: Renan Biel (big blind) showed [Ad 5d] and lost with high card Ace
Seat 5: SuperPoker728 showed [Jc Qd] and won ($5.04) with a pair of Queens
Seat 6: yur4ik777 folded before Flop (didn't bet)
Seat 7: montreal555 folded before Flop (didn't bet)
Seat 8: morayjak folded before Flop
Seat 9: maksim-2003 folded on the Flop



PokerStars Hand #238803879194:  Hold'em No Limit ($0.02/$0.05 USD) - 2022/09/22 18:50:46 PT [2022/09/22 21:50:46 ET]
Table 'Zahringia II' 9-max Seat #2 is the button
Seat 1: Dorex2007 ($5.07 in chips) 
Seat 2: NoName35387 ($3.90 in chips) 
Seat 5: SuperPoker728 ($6.05 in chips) 
Seat 6: yur4ik777 ($4.73 in chips) 
Seat 7: montreal555 ($6.78 in chips) 
Seat 8: morayjak ($1.45 in chips) 
Seat 9: maksim-2003 ($5.87 in chips) 
SuperPoker728: posts small blind $0.02
yur4ik777: posts big blind $0.05
*** HOLE CARDS ***
Dealt to Dorex2007 [Qs 4h]
montreal555: folds 
morayjak: folds 
maksim-2003: folds 
Dorex2007: folds 
NoName35387: folds 
SuperPoker728: calls $0.03
yur4ik777: checks 
*** FLOP *** [8d 6d Kh]
SuperPoker728: checks 
yur4ik777: checks 
*** TURN *** [8d 6d Kh] [3s]
SuperPoker728: bets $0.10
yur4ik777: folds 
Uncalled bet ($0.10) returned to SuperPoker728
SuperPoker728 collected $0.10 from pot
SuperPoker728: doesn't show hand 
*** SUMMARY ***
Total pot $0.10 | Rake $0 
Board [8d 6d Kh 3s]
Seat 1: Dorex2007 folded before Flop (didn't bet)
Seat 2: NoName35387 (button) folded before Flop (didn't bet)
Seat 5: SuperPoker728 (small blind) collected ($0.10)
Seat 6: yur4ik777 (big blind) folded on the Turn
Seat 7: montreal555 folded before Flop (didn't bet)
Seat 8: morayjak folded before Flop (didn't bet)
Seat 9: maksim-2003 folded before Flop (didn't bet)



PokerStars Hand #238803885130:  Hold'em No Limit ($0.02/$0.05 USD) - 2022/09/22 18:51:16 PT [2022/09/22 21:51:16 ET]
Table 'Zahringia II' 9-max Seat #5 is the button
Seat 1: Dorex2007 ($5.07 in chips) 
Seat 2: NoName35387 ($3.90 in chips) 
Seat 3: Renan Biel ($3 in chips) 
Seat 5: SuperPoker728 ($6.10 in chips) 
Seat 6: yur4ik777 ($4.68 in chips) 
Seat 7: montreal555 ($6.78 in chips) 
Seat 8: morayjak ($1.45 in chips) 
Seat 9: maksim-2003 ($5.87 in chips) 
yur4ik777: posts small blind $0.02
montreal555: posts big blind $0.05
Renan Biel: posts small blind $0.02
*** HOLE CARDS ***
Dealt to Dorex2007 [6s 8s]
morayjak: folds 
maksim-2003: folds 
Dorex2007: folds 
NoName35387: folds 
Renan Biel: calls $0.05
SuperPoker728: folds 
yur4ik777: raises $0.25 to $0.30
montreal555: folds 
Renan Biel: folds 
Uncalled bet ($0.25) returned to yur4ik777
yur4ik777 collected $0.17 from pot
yur4ik777: doesn't show hand 
*** SUMMARY ***
Total pot $0.17 | Rake $0 
Seat 1: Dorex2007 folded before Flop (didn't bet)
Seat 2: NoName35387 folded before Flop (didn't bet)
Seat 3: Renan Biel folded before Flop
Seat 5: SuperPoker728 (button) folded before Flop (didn't bet)
Seat 6: yur4ik777 (small blind) collected ($0.17)
Seat 7: montreal555 (big blind) folded before Flop
Seat 8: morayjak folded before Flop (didn't bet)
Seat 9: maksim-2003 folded before Flop (didn't bet)



PokerStars Hand #238803890397:  Hold'em No Limit ($0.02/$0.05 USD) - 2022/09/22 18:51:44 PT [2022/09/22 21:51:44 ET]
Table 'Zahringia II' 9-max Seat #6 is the button
Seat 1: Dorex2007 ($5.07 in chips) 
Seat 2: NoName35387 ($3.90 in chips) 
Seat 3: Renan Biel ($2.93 in chips) 
Seat 5: SuperPoker728 ($6.10 in chips) 
Seat 6: yur4ik777 ($4.80 in chips) 
Seat 7: montreal555 ($6.73 in chips) 
Seat 8: morayjak ($1.45 in chips) 
Seat 9: maksim-2003 ($5.87 in chips) 
montreal555: posts small blind $0.02
morayjak: posts big blind $0.05
*** HOLE CARDS ***
Dealt to Dorex2007 [Ac Qh]
maksim-2003: folds 
Dorex2007: raises $0.05 to $0.10
NoName35387: folds 
Renan Biel: folds 
SuperPoker728: folds 
yur4ik777: folds 
montreal555: folds 
morayjak: calls $0.05
*** FLOP *** [3c 7d 3h]
morayjak: bets $0.10
Dorex2007: calls $0.10
*** TURN *** [3c 7d 3h] [2c]
morayjak: bets $0.20
Dorex2007: folds 
Uncalled bet ($0.20) returned to morayjak
morayjak collected $0.40 from pot
morayjak: doesn't show hand 
*** SUMMARY ***
Total pot $0.42 | Rake $0.02 
Board [3c 7d 3h 2c]
Seat 1: Dorex2007 folded on the Turn
Seat 2: NoName35387 folded before Flop (didn't bet)
Seat 3: Renan Biel folded before Flop (didn't bet)
Seat 5: SuperPoker728 folded before Flop (didn't bet)
Seat 6: yur4ik777 (button) folded before Flop (didn't bet)
Seat 7: montreal555 (small blind) folded before Flop
Seat 8: morayjak (big blind) collected ($0.40)
Seat 9: maksim-2003 folded before Flop (didn't bet)



PokerStars Hand #238803899295:  Hold'em No Limit ($0.02/$0.05 USD) - 2022/09/22 18:52:29 PT [2022/09/22 21:52:29 ET]
Table 'Zahringia II' 9-max Seat #7 is the button
Seat 1: Dorex2007 ($5 in chips) 
Seat 2: NoName35387 ($3.90 in chips) 
Seat 3: Renan Biel ($2.93 in chips) 
Seat 5: SuperPoker728 ($6.10 in chips) 
Seat 6: yur4ik777 ($4.80 in chips) 
Seat 7: montreal555 ($6.71 in chips) 
Seat 8: morayjak ($1.65 in chips) 
Seat 9: maksim-2003 ($5.87 in chips) 
morayjak: posts small blind $0.02
maksim-2003: posts big blind $0.05
*** HOLE CARDS ***
Dealt to Dorex2007 [Qc 2s]
Dorex2007: folds 
NoName35387: calls $0.05
Renan Biel: calls $0.05
SuperPoker728: folds 
yur4ik777: folds 
montreal555: folds 
morayjak: calls $0.03
maksim-2003: checks 
*** FLOP *** [8d 3s 4c]
morayjak: bets $0.10
maksim-2003: folds 
NoName35387: calls $0.10
Renan Biel: calls $0.10
*** TURN *** [8d 3s 4c] [As]
morayjak: checks 
NoName35387: checks 
Renan Biel: checks 
*** RIVER *** [8d 3s 4c As] [9c]
morayjak: bets $0.24
NoName35387: calls $0.24
Renan Biel: folds 
*** SHOW DOWN ***
morayjak: shows [4h 9h] (two pair, Nines and Fours)
NoName35387: mucks hand 
morayjak collected $0.94 from pot
*** SUMMARY ***
Total pot $0.98 | Rake $0.04 
Board [8d 3s 4c As 9c]
Seat 1: Dorex2007 folded before Flop (didn't bet)
Seat 2: NoName35387 mucked [9s Jc]
Seat 3: Renan Biel folded on the River
Seat 5: SuperPoker728 folded before Flop (didn't bet)
Seat 6: yur4ik777 folded before Flop (didn't bet)
Seat 7: montreal555 (button) folded before Flop (didn't bet)
Seat 8: morayjak (small blind) showed [4h 9h] and won ($0.94) with two pair, Nines and Fours
Seat 9: maksim-2003 (big blind) folded on the Flop



PokerStars Hand #238803913170:  Hold'em No Limit ($0.02/$0.05 USD) - 2022/09/22 18:53:41 PT [2022/09/22 21:53:41 ET]
Table 'Zahringia II' 9-max Seat #8 is the button
Seat 1: Dorex2007 ($5 in chips) 
Seat 2: NoName35387 ($3.51 in chips) 
Seat 3: Renan Biel ($2.78 in chips) 
Seat 5: SuperPoker728 ($6.10 in chips) 
Seat 6: yur4ik777 ($4.80 in chips) 
Seat 7: montreal555 ($6.71 in chips) 
Seat 8: morayjak ($2.20 in chips) 
Seat 9: maksim-2003 ($5.82 in chips) 
maksim-2003: posts small blind $0.02
Dorex2007: posts big blind $0.05
*** HOLE CARDS ***
Dealt to Dorex2007 [7h Ts]
NoName35387: calls $0.05
Renan Biel: folds 
SuperPoker728: calls $0.05
yur4ik777: calls $0.05
montreal555: calls $0.05
morayjak: calls $0.05
maksim-2003: folds 
Dorex2007: checks 
*** FLOP *** [2h 3c 2c]
Dorex2007: checks 
NoName35387: checks 
SuperPoker728: checks 
yur4ik777: checks 
montreal555: checks 
morayjak: checks 
*** TURN *** [2h 3c 2c] [8d]
Dorex2007: checks 
NoName35387: checks 
SuperPoker728: checks 
yur4ik777: checks 
montreal555: checks 
morayjak: bets $0.15
Dorex2007: folds 
NoName35387: raises $0.15 to $0.30
SuperPoker728: folds 
yur4ik777: folds 
montreal555: folds 
morayjak: folds 
Uncalled bet ($0.15) returned to NoName35387
NoName35387 collected $0.59 from pot
*** SUMMARY ***
Total pot $0.62 | Rake $0.03 
Board [2h 3c 2c 8d]
Seat 1: Dorex2007 (big blind) folded on the Turn
Seat 2: NoName35387 collected ($0.59)
Seat 3: Renan Biel folded before Flop (didn't bet)
Seat 5: SuperPoker728 folded on the Turn
Seat 6: yur4ik777 folded on the Turn
Seat 7: montreal555 folded on the Turn
Seat 8: morayjak (button) folded on the Turn
Seat 9: maksim-2003 (small blind) folded before Flop



PokerStars Hand #238803930467:  Hold'em No Limit ($0.02/$0.05 USD) - 2022/09/22 18:55:10 PT [2022/09/22 21:55:10 ET]
Table 'Zahringia II' 9-max Seat #9 is the button
Seat 1: Dorex2007 ($5 in chips) 
Seat 2: NoName35387 ($3.90 in chips) 
Seat 3: Renan Biel ($2.78 in chips) 
Seat 5: SuperPoker728 ($6.05 in chips) 
Seat 6: yur4ik777 ($4.75 in chips) 
Seat 7: montreal555 ($6.66 in chips) 
Seat 8: morayjak ($2 in chips) 
Seat 9: maksim-2003 ($5.80 in chips) 
Dorex2007: posts small blind $0.02
NoName35387: posts big blind $0.05
*** HOLE CARDS ***
Dealt to Dorex2007 [Tc Js]
Renan Biel: calls $0.05
SuperPoker728: folds 
yur4ik777: folds 
montreal555: folds 
morayjak: folds 
morayjak leaves the table
maksim-2003: folds 
maksim-2003 leaves the table
Dorex2007: calls $0.03
NoName35387: checks 
*** FLOP *** [Ts Jh 7d]
Dorex2007: checks 
NoName35387: checks 
SuperPoker728 leaves the table
Renan Biel: checks 
*** TURN *** [Ts Jh 7d] [4s]
Dorex2007: bets $0.14
NoName35387: folds 
Renan Biel: folds 
Uncalled bet ($0.14) returned to Dorex2007
Dorex2007 collected $0.14 from pot
Dorex2007: doesn't show hand 
*** SUMMARY ***
Total pot $0.15 | Rake $0.01 
Board [Ts Jh 7d 4s]
Seat 1: Dorex2007 (small blind) collected ($0.14)
Seat 2: NoName35387 (big blind) folded on the Turn
Seat 3: Renan Biel folded on the Turn
Seat 5: SuperPoker728 folded before Flop (didn't bet)
Seat 6: yur4ik777 folded before Flop (didn't bet)
Seat 7: montreal555 folded before Flop (didn't bet)
Seat 8: morayjak folded before Flop (didn't bet)
Seat 9: maksim-2003 (button) folded before Flop (didn't bet)



PokerStars Hand #238803937821:  Hold'em No Limit ($0.02/$0.05 USD) - 2022/09/22 18:55:57 PT [2022/09/22 21:55:57 ET]
Table 'Zahringia II' 9-max Seat #1 is the button
Seat 1: Dorex2007 ($5.09 in chips) 
Seat 2: NoName35387 ($3.85 in chips) 
Seat 3: Renan Biel ($2.73 in chips) 
Seat 6: yur4ik777 ($4.75 in chips) 
Seat 7: montreal555 ($6.66 in chips) 
NoName35387: posts small blind $0.02
Renan Biel: posts big blind $0.05
*** HOLE CARDS ***
Dealt to Dorex2007 [9c 6c]
yur4ik777: raises $0.12 to $0.17
montreal555: folds 
Dorex2007: folds 
NoName35387: folds 
Renan Biel: folds 
Uncalled bet ($0.12) returned to yur4ik777
yur4ik777 collected $0.12 from pot
yur4ik777: doesn't show hand 
*** SUMMARY ***
Total pot $0.12 | Rake $0 
Seat 1: Dorex2007 (button) folded before Flop (didn't bet)
Seat 2: NoName35387 (small blind) folded before Flop
Seat 3: Renan Biel (big blind) folded before Flop
Seat 6: yur4ik777 collected ($0.12)
Seat 7: montreal555 folded before Flop (didn't bet)



PokerStars Hand #238803939891:  Hold'em No Limit ($0.02/$0.05 USD) - 2022/09/22 18:56:11 PT [2022/09/22 21:56:11 ET]
Table 'Zahringia II' 9-max Seat #2 is the button
Seat 1: Dorex2007 ($5.09 in chips) 
Seat 2: NoName35387 ($3.83 in chips) 
Seat 3: Renan Biel ($2.68 in chips) 
Seat 6: yur4ik777 ($4.82 in chips) 
Seat 7: montreal555 ($6.66 in chips) 
Renan Biel: posts small blind $0.02
yur4ik777: posts big blind $0.05
*** HOLE CARDS ***
Dealt to Dorex2007 [8c 4d]
montreal555: calls $0.05
Dorex2007: folds 
NoName35387: folds 
Renan Biel: folds 
yur4ik777: checks 
*** FLOP *** [Ah Kc 7d]
yur4ik777: checks 
montreal555: bets $0.15
yur4ik777: folds 
Uncalled bet ($0.15) returned to montreal555
montreal555 collected $0.12 from pot
*** SUMMARY ***
Total pot $0.12 | Rake $0 
Board [Ah Kc 7d]
Seat 1: Dorex2007 folded before Flop (didn't bet)
Seat 2: NoName35387 (button) folded before Flop (didn't bet)
Seat 3: Renan Biel (small blind) folded before Flop
Seat 6: yur4ik777 (big blind) folded on the Flop
Seat 7: montreal555 collected ($0.12)



PokerStars Hand #238803945604:  Hold'em No Limit ($0.02/$0.05 USD) - 2022/09/22 18:56:47 PT [2022/09/22 21:56:47 ET]
Table 'Zahringia II' 9-max Seat #3 is the button
Seat 1: Dorex2007 ($5.09 in chips) 
Seat 2: NoName35387 ($3.83 in chips) 
Seat 3: Renan Biel ($2.66 in chips) 
Seat 7: montreal555 ($6.73 in chips) 
montreal555: posts small blind $0.02
Dorex2007: posts big blind $0.05
*** HOLE CARDS ***
Dealt to Dorex2007 [6c 2c]
yur4ik777 leaves the table
NoName35387: raises $0.12 to $0.17
Renan Biel: calls $0.17
montreal555: folds 
Dorex2007: folds 
*** FLOP *** [7s Th 3s]
NoName35387: checks 
Renan Biel: bets $0.19
NoName35387: calls $0.19
*** TURN *** [7s Th 3s] [Qh]
NoName35387: checks 
Renan Biel: bets $0.38
NoName35387: calls $0.38
*** RIVER *** [7s Th 3s Qh] [Kh]
NoName35387: checks 
Renan Biel: bets $0.80
NoName35387: calls $0.80
*** SHOW DOWN ***
Renan Biel: shows [9d 8h] (high card King)
NoName35387: shows [Ks Ah] (a pair of Kings)
NoName35387 collected $3.02 from pot
*** SUMMARY ***
Total pot $3.15 | Rake $0.13 
Board [7s Th 3s Qh Kh]
Seat 1: Dorex2007 (big blind) folded before Flop
Seat 2: NoName35387 showed [Ks Ah] and won ($3.02) with a pair of Kings
Seat 3: Renan Biel (button) showed [9d 8h] and lost with high card King
Seat 7: montreal555 (small blind) folded before Flop



PokerStars Hand #238803954123:  Hold'em No Limit ($0.02/$0.05 USD) - 2022/09/22 18:57:42 PT [2022/09/22 21:57:42 ET]
Table 'Zahringia II' 9-max Seat #7 is the button
Seat 1: Dorex2007 ($5.04 in chips) 
Seat 2: NoName35387 ($5.31 in chips) 
Seat 3: Renan Biel ($1.12 in chips) 
Seat 7: montreal555 ($6.71 in chips) 
Dorex2007: posts small blind $0.02
NoName35387: posts big blind $0.05
*** HOLE CARDS ***
Dealt to Dorex2007 [4c 5s]
Renan Biel: folds 
montreal555: folds 
Dorex2007: folds 
Uncalled bet ($0.03) returned to NoName35387
NoName35387 collected $0.04 from pot
*** SUMMARY ***
Total pot $0.04 | Rake $0 
Seat 1: Dorex2007 (small blind) folded before Flop
Seat 2: NoName35387 (big blind) collected ($0.04)
Seat 3: Renan Biel folded before Flop (didn't bet)
Seat 7: montreal555 (button) folded before Flop (didn't bet)



PokerStars Hand #238803955362:  Hold'em No Limit ($0.02/$0.05 USD) - 2022/09/22 18:57:50 PT [2022/09/22 21:57:50 ET]
Table 'Zahringia II' 9-max Seat #1 is the button
Seat 1: Dorex2007 ($5.02 in chips) 
Seat 2: NoName35387 ($5.33 in chips) 
Seat 3: Renan Biel ($1.12 in chips) 
Seat 7: montreal555 ($6.71 in chips) 
NoName35387: posts small blind $0.02
Renan Biel: posts big blind $0.05
*** HOLE CARDS ***
Dealt to Dorex2007 [3c 3h]
montreal555: folds 
Dorex2007: folds 
NoName35387: calls $0.03
Renan Biel: checks 
*** FLOP *** [Ac 6s 8c]
NoName35387: checks 
Renan Biel: checks 
*** TURN *** [Ac 6s 8c] [Kd]
NoName35387: checks 
Renan Biel: checks 
*** RIVER *** [Ac 6s 8c Kd] [Qc]
NoName35387: checks 
Renan Biel: checks 
*** SHOW DOWN ***
NoName35387: shows [5h Jd] (high card Ace)
Renan Biel: shows [6d 4d] (a pair of Sixes)
Renan Biel collected $0.10 from pot
*** SUMMARY ***
Total pot $0.10 | Rake $0 
Board [Ac 6s 8c Kd Qc]
Seat 1: Dorex2007 (button) folded before Flop (didn't bet)
Seat 2: NoName35387 (small blind) showed [5h Jd] and lost with high card Ace
Seat 3: Renan Biel (big blind) showed [6d 4d] and won ($0.10) with a pair of Sixes
Seat 7: montreal555 folded before Flop (didn't bet)



PokerStars Hand #238803960355:  Hold'em No Limit ($0.02/$0.05 USD) - 2022/09/22 18:58:22 PT [2022/09/22 21:58:22 ET]
Table 'Zahringia II' 9-max Seat #2 is the button
Seat 1: Dorex2007 ($5.02 in chips) 
Seat 2: NoName35387 ($5.28 in chips) 
Seat 3: Renan Biel ($1.17 in chips) 
Renan Biel: posts small blind $0.02
montreal555: is sitting out 
Dorex2007: posts big blind $0.05
*** HOLE CARDS ***
Dealt to Dorex2007 [3c 7c]
NoName35387: folds 
Renan Biel: folds 
Uncalled bet ($0.03) returned to Dorex2007
Dorex2007 collected $0.04 from pot
Dorex2007: doesn't show hand 
*** SUMMARY ***
Total pot $0.04 | Rake $0 
Seat 1: Dorex2007 (big blind) collected ($0.04)
Seat 2: NoName35387 (button) folded before Flop (didn't bet)
Seat 3: Renan Biel (small blind) folded before Flop



