PokerStars Hand #238467909678:  Hold'em No Limit ($0.02/$0.05 USD) - 2022/09/06 21:00:03 PT [2022/09/07 0:00:03 ET]
Table 'Susilva' 9-max Seat #8 is the button
Seat 1: fenixs31 ($2.43 in chips) 
Seat 2: abobora71 ($4.33 in chips) 
Seat 3: r4yjz248 ($4.28 in chips) 
Seat 4: Dorex2007 ($10.16 in chips) 
Seat 5: webby170 ($8.55 in chips) 
Seat 6: Kidmono ($4.04 in chips) 
Seat 7: Rhuks758 ($4.78 in chips) 
Seat 8: watersofain ($5.06 in chips) 
Seat 9: surubenaso ($1.76 in chips) 
surubenaso: posts small blind $0.02
fenixs31: posts big blind $0.05
*** HOLE CARDS ***
Dealt to Dorex2007 [5d 7c]
abobora71: folds 
r4yjz248: folds 
Dorex2007: folds 
webby170: raises $0.06 to $0.11
Kidmono: folds 
Rhuks758: raises $0.29 to $0.40
watersofain: folds 
surubenaso: folds 
fenixs31: calls $0.35
webby170: calls $0.29
*** FLOP *** [5h 9s 8d]
fenixs31: checks 
webby170: checks 
Rhuks758: bets $0.30
fenixs31: calls $0.30
webby170: folds 
*** TURN *** [5h 9s 8d] [3c]
fenixs31: checks 
Rhuks758: bets $0.92
fenixs31: folds 
Uncalled bet ($0.92) returned to Rhuks758
Rhuks758 collected $1.74 from pot
*** SUMMARY ***
Total pot $1.82 | Rake $0.08 
Board [5h 9s 8d 3c]
Seat 1: fenixs31 (big blind) folded on the Turn
Seat 2: abobora71 folded before Flop (didn't bet)
Seat 3: r4yjz248 folded before Flop (didn't bet)
Seat 4: Dorex2007 folded before Flop (didn't bet)
Seat 5: webby170 folded on the Flop
Seat 6: Kidmono folded before Flop (didn't bet)
Seat 7: Rhuks758 collected ($1.74)
Seat 8: watersofain (button) folded before Flop (didn't bet)
Seat 9: surubenaso (small blind) folded before Flop



PokerStars Hand #238467919725:  Hold'em No Limit ($0.02/$0.05 USD) - 2022/09/06 21:01:25 PT [2022/09/07 0:01:25 ET]
Table 'Susilva' 9-max Seat #9 is the button
Seat 1: fenixs31 ($1.73 in chips) 
Seat 2: abobora71 ($4.33 in chips) 
Seat 3: r4yjz248 ($4.28 in chips) 
Seat 4: Dorex2007 ($10.16 in chips) 
Seat 5: webby170 ($8.15 in chips) 
Seat 6: Kidmono ($4.04 in chips) 
Seat 7: Rhuks758 ($5.82 in chips) 
Seat 8: watersofain ($5.06 in chips) 
Seat 9: surubenaso ($1.74 in chips) 
fenixs31: posts small blind $0.02
abobora71: posts big blind $0.05
*** HOLE CARDS ***
Dealt to Dorex2007 [As Td]
r4yjz248: folds 
Dorex2007: calls $0.05
webby170: folds 
Kidmono: folds 
Rhuks758: folds 
watersofain: folds 
surubenaso: folds 
fenixs31: folds 
abobora71: checks 
*** FLOP *** [Qc Ks 5d]
fenixs31 leaves the table
abobora71: checks 
Dorex2007: checks 
*** TURN *** [Qc Ks 5d] [3c]
abobora71: checks 
Dorex2007: checks 
*** RIVER *** [Qc Ks 5d 3c] [9h]
abobora71: checks 
Dorex2007: checks 
*** SHOW DOWN ***
abobora71: shows [Ah 4c] (high card Ace)
Dorex2007: shows [As Td] (high card Ace - King+Queen+Ten kicker)
Dorex2007 collected $0.12 from pot
*** SUMMARY ***
Total pot $0.12 | Rake $0 
Board [Qc Ks 5d 3c 9h]
Seat 1: fenixs31 (small blind) folded before Flop
Seat 2: abobora71 (big blind) showed [Ah 4c] and lost with high card Ace
Seat 3: r4yjz248 folded before Flop (didn't bet)
Seat 4: Dorex2007 showed [As Td] and won ($0.12) with high card Ace
Seat 5: webby170 folded before Flop (didn't bet)
Seat 6: Kidmono folded before Flop (didn't bet)
Seat 7: Rhuks758 folded before Flop (didn't bet)
Seat 8: watersofain folded before Flop (didn't bet)
Seat 9: surubenaso (button) folded before Flop (didn't bet)



PokerStars Hand #238467925484:  Hold'em No Limit ($0.02/$0.05 USD) - 2022/09/06 21:02:10 PT [2022/09/07 0:02:10 ET]
Table 'Susilva' 9-max Seat #2 is the button
Seat 2: abobora71 ($4.28 in chips) 
Seat 3: r4yjz248 ($4.28 in chips) 
Seat 4: Dorex2007 ($10.23 in chips) 
Seat 5: webby170 ($8.15 in chips) 
Seat 6: Kidmono ($4.04 in chips) 
Seat 7: Rhuks758 ($5.82 in chips) 
Seat 8: watersofain ($5.06 in chips) 
Seat 9: surubenaso ($1.74 in chips) 
r4yjz248: posts small blind $0.02
Dorex2007: posts big blind $0.05
*** HOLE CARDS ***
Dealt to Dorex2007 [Ad 2c]
webby170: raises $0.06 to $0.11
Kidmono: folds 
Rhuks758: folds 
Rhuks758 leaves the table
watersofain: folds 
surubenaso: folds 
abobora71: folds 
r4yjz248: folds 
Dorex2007: folds 
Uncalled bet ($0.06) returned to webby170
webby170 collected $0.12 from pot
webby170: shows [Ks Kh] (a pair of Kings)
*** SUMMARY ***
Total pot $0.12 | Rake $0 
Seat 2: abobora71 (button) folded before Flop (didn't bet)
Seat 3: r4yjz248 (small blind) folded before Flop
Seat 4: Dorex2007 (big blind) folded before Flop
Seat 5: webby170 collected ($0.12)
Seat 6: Kidmono folded before Flop (didn't bet)
Seat 7: Rhuks758 folded before Flop (didn't bet)
Seat 8: watersofain folded before Flop (didn't bet)
Seat 9: surubenaso folded before Flop (didn't bet)



PokerStars Hand #238467928419:  Hold'em No Limit ($0.02/$0.05 USD) - 2022/09/06 21:02:33 PT [2022/09/07 0:02:33 ET]
Table 'Susilva' 9-max Seat #3 is the button
Seat 2: abobora71 ($4.28 in chips) 
Seat 3: r4yjz248 ($4.26 in chips) 
Seat 4: Dorex2007 ($10.18 in chips) 
Seat 5: webby170 ($8.22 in chips) 
Seat 6: Kidmono ($4.04 in chips) 
Seat 8: watersofain ($5.06 in chips) 
Seat 9: surubenaso ($1.74 in chips) 
Dorex2007: posts small blind $0.02
webby170: posts big blind $0.05
*** HOLE CARDS ***
Dealt to Dorex2007 [Qh Ad]
imnotliam joins the table at seat #1 
Kidmono: folds 
watersofain: folds 
surubenaso: folds 
abobora71: folds 
r4yjz248: folds 
Dorex2007: raises $0.10 to $0.15
webby170: calls $0.10
*** FLOP *** [5d 8h Th]
Dorex2007: checks 
webby170: checks 
*** TURN *** [5d 8h Th] [Jh]
Dorex2007: checks 
webby170: bets $0.14
Dorex2007: calls $0.14
*** RIVER *** [5d 8h Th Jh] [7c]
Dorex2007: checks 
webby170: checks 
*** SHOW DOWN ***
Dorex2007: shows [Qh Ad] (high card Ace)
webby170: shows [Ac 5c] (a pair of Fives)
webby170 collected $0.56 from pot
*** SUMMARY ***
Total pot $0.58 | Rake $0.02 
Board [5d 8h Th Jh 7c]
Seat 2: abobora71 folded before Flop (didn't bet)
Seat 3: r4yjz248 (button) folded before Flop (didn't bet)
Seat 4: Dorex2007 (small blind) showed [Qh Ad] and lost with high card Ace
Seat 5: webby170 (big blind) showed [Ac 5c] and won ($0.56) with a pair of Fives
Seat 6: Kidmono folded before Flop (didn't bet)
Seat 8: watersofain folded before Flop (didn't bet)
Seat 9: surubenaso folded before Flop (didn't bet)



PokerStars Hand #238467932992:  Hold'em No Limit ($0.02/$0.05 USD) - 2022/09/06 21:03:08 PT [2022/09/07 0:03:08 ET]
Table 'Susilva' 9-max Seat #4 is the button
Seat 1: imnotliam ($5 in chips) 
Seat 2: abobora71 ($4.28 in chips) 
Seat 3: r4yjz248 ($4.26 in chips) 
Seat 4: Dorex2007 ($9.89 in chips) 
Seat 5: webby170 ($8.49 in chips) 
Seat 6: Kidmono ($4.04 in chips) 
Seat 8: watersofain ($5.06 in chips) 
Seat 9: surubenaso ($1.74 in chips) 
webby170: posts small blind $0.02
Kidmono: posts big blind $0.05
imnotliam: posts big blind $0.05
*** HOLE CARDS ***
Dealt to Dorex2007 [5s As]
watersofain: folds 
surubenaso: folds 
imnotliam: checks 
abobora71: folds 
r4yjz248: folds 
Dorex2007: calls $0.05
webby170: folds 
Kidmono: checks 
*** FLOP *** [8c 5c Js]
Kidmono: checks 
imnotliam: bets $0.05
Dorex2007: folds 
Kidmono: folds 
Uncalled bet ($0.05) returned to imnotliam
imnotliam collected $0.16 from pot
*** SUMMARY ***
Total pot $0.17 | Rake $0.01 
Board [8c 5c Js]
Seat 1: imnotliam collected ($0.16)
Seat 2: abobora71 folded before Flop (didn't bet)
Seat 3: r4yjz248 folded before Flop (didn't bet)
Seat 4: Dorex2007 (button) folded on the Flop
Seat 5: webby170 (small blind) folded before Flop
Seat 6: Kidmono (big blind) folded on the Flop
Seat 8: watersofain folded before Flop (didn't bet)
Seat 9: surubenaso folded before Flop (didn't bet)



PokerStars Hand #238467939789:  Hold'em No Limit ($0.02/$0.05 USD) - 2022/09/06 21:04:01 PT [2022/09/07 0:04:01 ET]
Table 'Susilva' 9-max Seat #5 is the button
Seat 1: imnotliam ($5.11 in chips) 
Seat 2: abobora71 ($4.28 in chips) 
Seat 3: r4yjz248 ($4.26 in chips) 
Seat 4: Dorex2007 ($9.84 in chips) 
Seat 5: webby170 ($8.47 in chips) 
Seat 6: Kidmono ($3.99 in chips) 
Seat 8: watersofain ($5.06 in chips) 
Seat 9: surubenaso ($1.74 in chips) 
Kidmono: posts small blind $0.02
watersofain: posts big blind $0.05
*** HOLE CARDS ***
Dealt to Dorex2007 [Kd Kc]
surubenaso: folds 
imnotliam: folds 
abobora71: folds 
r4yjz248: folds 
Dorex2007: raises $0.12 to $0.17
webby170: folds 
Kidmono: calls $0.15
watersofain: folds 
*** FLOP *** [4s 2s 5d]
Kidmono: checks 
Dorex2007: bets $0.40
Kidmono: folds 
Uncalled bet ($0.40) returned to Dorex2007
Dorex2007 collected $0.37 from pot
Dorex2007: doesn't show hand 
*** SUMMARY ***
Total pot $0.39 | Rake $0.02 
Board [4s 2s 5d]
Seat 1: imnotliam folded before Flop (didn't bet)
Seat 2: abobora71 folded before Flop (didn't bet)
Seat 3: r4yjz248 folded before Flop (didn't bet)
Seat 4: Dorex2007 collected ($0.37)
Seat 5: webby170 (button) folded before Flop (didn't bet)
Seat 6: Kidmono (small blind) folded on the Flop
Seat 8: watersofain (big blind) folded before Flop
Seat 9: surubenaso folded before Flop (didn't bet)



PokerStars Hand #238467945214:  Hold'em No Limit ($0.02/$0.05 USD) - 2022/09/06 21:04:43 PT [2022/09/07 0:04:43 ET]
Table 'Susilva' 9-max Seat #6 is the button
Seat 1: imnotliam ($5.11 in chips) 
Seat 2: abobora71 ($4.28 in chips) 
Seat 3: r4yjz248 ($4.26 in chips) 
Seat 4: Dorex2007 ($10.04 in chips) 
Seat 5: webby170 ($8.47 in chips) 
Seat 6: Kidmono ($3.82 in chips) 
Seat 8: watersofain ($5.01 in chips) 
Seat 9: surubenaso ($1.74 in chips) 
watersofain: posts small blind $0.02
surubenaso: posts big blind $0.05
*** HOLE CARDS ***
Dealt to Dorex2007 [8d Ts]
imnotliam: folds 
abobora71: folds 
r4yjz248: folds 
Dorex2007: folds 
webby170: folds 
Kidmono: folds 
watersofain: folds 
Uncalled bet ($0.03) returned to surubenaso
surubenaso collected $0.04 from pot
surubenaso: doesn't show hand 
*** SUMMARY ***
Total pot $0.04 | Rake $0 
Seat 1: imnotliam folded before Flop (didn't bet)
Seat 2: abobora71 folded before Flop (didn't bet)
Seat 3: r4yjz248 folded before Flop (didn't bet)
Seat 4: Dorex2007 folded before Flop (didn't bet)
Seat 5: webby170 folded before Flop (didn't bet)
Seat 6: Kidmono (button) folded before Flop (didn't bet)
Seat 8: watersofain (small blind) folded before Flop
Seat 9: surubenaso (big blind) collected ($0.04)



PokerStars Hand #238467948581:  Hold'em No Limit ($0.02/$0.05 USD) - 2022/09/06 21:05:09 PT [2022/09/07 0:05:09 ET]
Table 'Susilva' 9-max Seat #8 is the button
Seat 1: imnotliam ($5.11 in chips) 
Seat 2: abobora71 ($4.28 in chips) 
Seat 3: r4yjz248 ($4.26 in chips) 
Seat 4: Dorex2007 ($10.04 in chips) 
Seat 5: webby170 ($8.47 in chips) 
Seat 6: Kidmono ($3.82 in chips) 
Seat 8: watersofain ($4.99 in chips) 
Seat 9: surubenaso ($1.76 in chips) 
surubenaso: posts small blind $0.02
imnotliam: posts big blind $0.05
*** HOLE CARDS ***
Dealt to Dorex2007 [Qh 4c]
abobora71: folds 
r4yjz248: folds 
Dorex2007: folds 
webby170: folds 
Kidmono: folds 
watersofain: folds 
surubenaso: calls $0.03
imnotliam: checks 
*** FLOP *** [6c 9d 5h]
surubenaso: checks 
imnotliam: checks 
*** TURN *** [6c 9d 5h] [Kc]
surubenaso: bets $0.10
imnotliam: calls $0.10
*** RIVER *** [6c 9d 5h Kc] [3s]
surubenaso: bets $0.40
imnotliam: folds 
Uncalled bet ($0.40) returned to surubenaso
surubenaso collected $0.29 from pot
surubenaso: doesn't show hand 
*** SUMMARY ***
Total pot $0.30 | Rake $0.01 
Board [6c 9d 5h Kc 3s]
Seat 1: imnotliam (big blind) folded on the River
Seat 2: abobora71 folded before Flop (didn't bet)
Seat 3: r4yjz248 folded before Flop (didn't bet)
Seat 4: Dorex2007 folded before Flop (didn't bet)
Seat 5: webby170 folded before Flop (didn't bet)
Seat 6: Kidmono folded before Flop (didn't bet)
Seat 8: watersofain (button) folded before Flop (didn't bet)
Seat 9: surubenaso (small blind) collected ($0.29)



PokerStars Hand #238467955128:  Hold'em No Limit ($0.02/$0.05 USD) - 2022/09/06 21:05:59 PT [2022/09/07 0:05:59 ET]
Table 'Susilva' 9-max Seat #9 is the button
Seat 1: imnotliam ($4.96 in chips) 
Seat 2: abobora71 ($4.28 in chips) 
Seat 3: r4yjz248 ($4.26 in chips) 
Seat 4: Dorex2007 ($10.04 in chips) 
Seat 5: webby170 ($8.47 in chips) 
Seat 6: Kidmono ($3.82 in chips) 
Seat 8: watersofain ($4.99 in chips) 
Seat 9: surubenaso ($1.90 in chips) 
imnotliam: posts small blind $0.02
abobora71: posts big blind $0.05
*** HOLE CARDS ***
Dealt to Dorex2007 [4d 7h]
r4yjz248: raises $0.10 to $0.15
Dorex2007: folds 
webby170: calls $0.15
Kidmono: folds 
watersofain: folds 
surubenaso: folds 
imnotliam: folds 
abobora71: folds 
*** FLOP *** [Ks Qc Qs]
r4yjz248: checks 
webby170: checks 
*** TURN *** [Ks Qc Qs] [2h]
r4yjz248: checks 
webby170: bets $0.17
r4yjz248: folds 
Uncalled bet ($0.17) returned to webby170
webby170 collected $0.35 from pot
*** SUMMARY ***
Total pot $0.37 | Rake $0.02 
Board [Ks Qc Qs 2h]
Seat 1: imnotliam (small blind) folded before Flop
Seat 2: abobora71 (big blind) folded before Flop
Seat 3: r4yjz248 folded on the Turn
Seat 4: Dorex2007 folded before Flop (didn't bet)
Seat 5: webby170 collected ($0.35)
Seat 6: Kidmono folded before Flop (didn't bet)
Seat 8: watersofain folded before Flop (didn't bet)
Seat 9: surubenaso (button) folded before Flop (didn't bet)



PokerStars Hand #238467963453:  Hold'em No Limit ($0.02/$0.05 USD) - 2022/09/06 21:07:03 PT [2022/09/07 0:07:03 ET]
Table 'Susilva' 9-max Seat #1 is the button
Seat 1: imnotliam ($4.94 in chips) 
Seat 2: abobora71 ($4.23 in chips) 
Seat 3: r4yjz248 ($4.11 in chips) 
Seat 4: Dorex2007 ($10.04 in chips) 
Seat 5: webby170 ($8.67 in chips) 
Seat 6: Kidmono ($3.82 in chips) 
Seat 8: watersofain ($4.99 in chips) 
Seat 9: surubenaso ($1.90 in chips) 
abobora71: posts small blind $0.02
r4yjz248: posts big blind $0.05
*** HOLE CARDS ***
Dealt to Dorex2007 [4s 3h]
Dorex2007: folds 
webby170: folds 
Kidmono: calls $0.05
BluffOnTable joins the table at seat #7 
watersofain: folds 
surubenaso: folds 
imnotliam: raises $0.10 to $0.15
abobora71: folds 
r4yjz248: folds 
Kidmono: calls $0.10
*** FLOP *** [Kd Ts Ad]
Kidmono: checks 
imnotliam: checks 
*** TURN *** [Kd Ts Ad] [2d]
Kidmono: bets $0.35
imnotliam: calls $0.35
*** RIVER *** [Kd Ts Ad 2d] [Td]
Kidmono: bets $0.60
imnotliam: folds 
Uncalled bet ($0.60) returned to Kidmono
Kidmono collected $1.03 from pot
Kidmono: doesn't show hand 
*** SUMMARY ***
Total pot $1.07 | Rake $0.04 
Board [Kd Ts Ad 2d Td]
Seat 1: imnotliam (button) folded on the River
Seat 2: abobora71 (small blind) folded before Flop
Seat 3: r4yjz248 (big blind) folded before Flop
Seat 4: Dorex2007 folded before Flop (didn't bet)
Seat 5: webby170 folded before Flop (didn't bet)
Seat 6: Kidmono collected ($1.03)
Seat 8: watersofain folded before Flop (didn't bet)
Seat 9: surubenaso folded before Flop (didn't bet)



PokerStars Hand #238467973624:  Hold'em No Limit ($0.02/$0.05 USD) - 2022/09/06 21:08:22 PT [2022/09/07 0:08:22 ET]
Table 'Susilva' 9-max Seat #2 is the button
Seat 1: imnotliam ($4.44 in chips) 
Seat 2: abobora71 ($4.21 in chips) 
Seat 3: r4yjz248 ($4.06 in chips) 
Seat 4: Dorex2007 ($10.04 in chips) 
Seat 5: webby170 ($8.67 in chips) 
Seat 6: Kidmono ($4.35 in chips) 
Seat 8: watersofain ($4.99 in chips) 
Seat 9: surubenaso ($1.90 in chips) 
r4yjz248: posts small blind $0.02
Dorex2007: posts big blind $0.05
BluffOnTable: sits out 
*** HOLE CARDS ***
Dealt to Dorex2007 [7c 5c]
webby170: folds 
Kidmono: folds 
watersofain: folds 
surubenaso: raises $0.05 to $0.10
imnotliam: folds 
abobora71: folds 
r4yjz248: calls $0.08
Dorex2007: folds 
*** FLOP *** [Ah Kh As]
r4yjz248: checks 
surubenaso: checks 
*** TURN *** [Ah Kh As] [Tc]
r4yjz248: bets $0.10
surubenaso: calls $0.10
*** RIVER *** [Ah Kh As Tc] [4h]
r4yjz248: bets $0.35
surubenaso: calls $0.35
*** SHOW DOWN ***
r4yjz248: shows [Ts Td] (a full house, Tens full of Aces)
surubenaso: mucks hand 
r4yjz248 collected $1.10 from pot
*** SUMMARY ***
Total pot $1.15 | Rake $0.05 
Board [Ah Kh As Tc 4h]
Seat 1: imnotliam folded before Flop (didn't bet)
Seat 2: abobora71 (button) folded before Flop (didn't bet)
Seat 3: r4yjz248 (small blind) showed [Ts Td] and won ($1.10) with a full house, Tens full of Aces
Seat 4: Dorex2007 (big blind) folded before Flop
Seat 5: webby170 folded before Flop (didn't bet)
Seat 6: Kidmono folded before Flop (didn't bet)
Seat 8: watersofain folded before Flop (didn't bet)
Seat 9: surubenaso mucked [Jc Kc]



PokerStars Hand #238467980227:  Hold'em No Limit ($0.02/$0.05 USD) - 2022/09/06 21:09:13 PT [2022/09/07 0:09:13 ET]
Table 'Susilva' 9-max Seat #3 is the button
Seat 1: imnotliam ($4.44 in chips) 
Seat 2: abobora71 ($4.21 in chips) 
Seat 3: r4yjz248 ($4.61 in chips) 
Seat 4: Dorex2007 ($9.99 in chips) 
Seat 5: webby170 ($8.67 in chips) 
Seat 6: Kidmono ($4.35 in chips) 
Seat 8: watersofain ($4.99 in chips) 
Seat 9: surubenaso ($1.35 in chips) 
Dorex2007: posts small blind $0.02
webby170: posts big blind $0.05
BluffOnTable: sits out 
*** HOLE CARDS ***
Dealt to Dorex2007 [4d 4s]
Kidmono: folds 
watersofain: folds 
surubenaso: folds 
imnotliam: folds 
abobora71: folds 
r4yjz248: folds 
Dorex2007: raises $0.10 to $0.15
webby170: calls $0.10
*** FLOP *** [8h 9s 4c]
surubenaso leaves the table
Dorex2007: checks 
webby170: checks 
*** TURN *** [8h 9s 4c] [Js]
Dorex2007: bets $0.14
webby170: calls $0.14
*** RIVER *** [8h 9s 4c Js] [2s]
Dorex2007: bets $0.28
webby170: folds [Ts]
Uncalled bet ($0.28) returned to Dorex2007
Dorex2007 collected $0.56 from pot
Dorex2007: doesn't show hand 
*** SUMMARY ***
Total pot $0.58 | Rake $0.02 
Board [8h 9s 4c Js 2s]
Seat 1: imnotliam folded before Flop (didn't bet)
Seat 2: abobora71 folded before Flop (didn't bet)
Seat 3: r4yjz248 (button) folded before Flop (didn't bet)
Seat 4: Dorex2007 (small blind) collected ($0.56)
Seat 5: webby170 (big blind) folded on the River
Seat 6: Kidmono folded before Flop (didn't bet)
Seat 8: watersofain folded before Flop (didn't bet)
Seat 9: surubenaso folded before Flop (didn't bet)



PokerStars Hand #238467985926:  Hold'em No Limit ($0.02/$0.05 USD) - 2022/09/06 21:09:59 PT [2022/09/07 0:09:59 ET]
Table 'Susilva' 9-max Seat #4 is the button
Seat 1: imnotliam ($4.44 in chips) 
Seat 2: abobora71 ($4.21 in chips) 
Seat 3: r4yjz248 ($4.61 in chips) 
Seat 4: Dorex2007 ($10.26 in chips) 
Seat 5: webby170 ($8.38 in chips) 
Seat 6: Kidmono ($4.35 in chips) 
Seat 8: watersofain ($4.99 in chips) 
webby170: posts small blind $0.02
Kidmono: posts big blind $0.05
BluffOnTable: sits out 
*** HOLE CARDS ***
Dealt to Dorex2007 [2d Ac]
watersofain: folds 
imnotliam: folds 
abobora71: calls $0.05
r4yjz248: folds 
Dorex2007: folds 
webby170: folds 
Kidmono: checks 
*** FLOP *** [Ah 3c 4c]
Kidmono: checks 
abobora71: checks 
*** TURN *** [Ah 3c 4c] [2s]
Kidmono: checks 
abobora71: checks 
*** RIVER *** [Ah 3c 4c 2s] [7c]
Kidmono: checks 
abobora71: checks 
*** SHOW DOWN ***
Kidmono: shows [6h Ks] (high card Ace)
abobora71: mucks hand 
Kidmono collected $0.12 from pot
*** SUMMARY ***
Total pot $0.12 | Rake $0 
Board [Ah 3c 4c 2s 7c]
Seat 1: imnotliam folded before Flop (didn't bet)
Seat 2: abobora71 mucked [Jh Qd]
Seat 3: r4yjz248 folded before Flop (didn't bet)
Seat 4: Dorex2007 (button) folded before Flop (didn't bet)
Seat 5: webby170 (small blind) folded before Flop
Seat 6: Kidmono (big blind) showed [6h Ks] and won ($0.12) with high card Ace
Seat 8: watersofain folded before Flop (didn't bet)



PokerStars Hand #238467992039:  Hold'em No Limit ($0.02/$0.05 USD) - 2022/09/06 21:10:46 PT [2022/09/07 0:10:46 ET]
Table 'Susilva' 9-max Seat #5 is the button
Seat 1: imnotliam ($4.44 in chips) 
Seat 2: abobora71 ($4.16 in chips) 
Seat 3: r4yjz248 ($4.61 in chips) 
Seat 4: Dorex2007 ($10.26 in chips) 
Seat 5: webby170 ($8.36 in chips) 
Seat 6: Kidmono ($4.42 in chips) 
Seat 7: BluffOnTable ($5 in chips) 
Seat 8: watersofain ($4.99 in chips) 
Kidmono: posts small blind $0.02
BluffOnTable: posts big blind $0.05
*** HOLE CARDS ***
Dealt to Dorex2007 [9s Ac]
watersofain: folds 
imnotliam: calls $0.05
abobora71: folds 
r4yjz248: folds 
Dorex2007: folds 
webby170: calls $0.05
Kidmono: calls $0.03
BluffOnTable: checks 
*** FLOP *** [2h 5s 2s]
Kidmono: checks 
BluffOnTable: checks 
imnotliam: checks 
webby170: bets $0.09
Kidmono: folds 
BluffOnTable: folds 
imnotliam: folds 
Uncalled bet ($0.09) returned to webby170
webby170 collected $0.19 from pot
*** SUMMARY ***
Total pot $0.20 | Rake $0.01 
Board [2h 5s 2s]
Seat 1: imnotliam folded on the Flop
Seat 2: abobora71 folded before Flop (didn't bet)
Seat 3: r4yjz248 folded before Flop (didn't bet)
Seat 4: Dorex2007 folded before Flop (didn't bet)
Seat 5: webby170 (button) collected ($0.19)
Seat 6: Kidmono (small blind) folded on the Flop
Seat 7: BluffOnTable (big blind) folded on the Flop
Seat 8: watersofain folded before Flop (didn't bet)



PokerStars Hand #238467999761:  Hold'em No Limit ($0.02/$0.05 USD) - 2022/09/06 21:11:47 PT [2022/09/07 0:11:47 ET]
Table 'Susilva' 9-max Seat #6 is the button
Seat 1: imnotliam ($4.39 in chips) 
Seat 2: abobora71 ($4.16 in chips) 
Seat 3: r4yjz248 ($4.61 in chips) 
Seat 4: Dorex2007 ($10.26 in chips) 
Seat 5: webby170 ($8.50 in chips) 
Seat 6: Kidmono ($4.37 in chips) 
Seat 7: BluffOnTable ($5 in chips) 
Seat 8: watersofain ($4.99 in chips) 
BluffOnTable: posts small blind $0.02
watersofain: posts big blind $0.05
*** HOLE CARDS ***
Dealt to Dorex2007 [4s Js]
imnotliam: folds 
abobora71: folds 
r4yjz248: folds 
Dorex2007: folds 
webby170: folds 
Kidmono: folds 
BluffOnTable: folds 
Uncalled bet ($0.03) returned to watersofain
watersofain collected $0.04 from pot
watersofain: doesn't show hand 
*** SUMMARY ***
Total pot $0.04 | Rake $0 
Seat 1: imnotliam folded before Flop (didn't bet)
Seat 2: abobora71 folded before Flop (didn't bet)
Seat 3: r4yjz248 folded before Flop (didn't bet)
Seat 4: Dorex2007 folded before Flop (didn't bet)
Seat 5: webby170 folded before Flop (didn't bet)
Seat 6: Kidmono (button) folded before Flop (didn't bet)
Seat 7: BluffOnTable (small blind) folded before Flop
Seat 8: watersofain (big blind) collected ($0.04)



PokerStars Hand #238468002614:  Hold'em No Limit ($0.02/$0.05 USD) - 2022/09/06 21:12:09 PT [2022/09/07 0:12:09 ET]
Table 'Susilva' 9-max Seat #7 is the button
Seat 1: imnotliam ($4.39 in chips) 
Seat 2: abobora71 ($4.16 in chips) 
Seat 3: r4yjz248 ($4.61 in chips) 
Seat 4: Dorex2007 ($10.26 in chips) 
Seat 5: webby170 ($8.50 in chips) 
Seat 6: Kidmono ($4.37 in chips) 
Seat 7: BluffOnTable ($5 in chips) 
Seat 8: watersofain ($5.01 in chips) 
watersofain: posts small blind $0.02
imnotliam: posts big blind $0.05
*** HOLE CARDS ***
Dealt to Dorex2007 [Kc 7c]
abobora71: folds 
r4yjz248: folds 
Dorex2007: folds 
webby170: folds 
Kidmono: folds 
BluffOnTable: folds 
watersofain: folds 
Uncalled bet ($0.03) returned to imnotliam
imnotliam collected $0.04 from pot
*** SUMMARY ***
Total pot $0.04 | Rake $0 
Seat 1: imnotliam (big blind) collected ($0.04)
Seat 2: abobora71 folded before Flop (didn't bet)
Seat 3: r4yjz248 folded before Flop (didn't bet)
Seat 4: Dorex2007 folded before Flop (didn't bet)
Seat 5: webby170 folded before Flop (didn't bet)
Seat 6: Kidmono folded before Flop (didn't bet)
Seat 7: BluffOnTable (button) folded before Flop (didn't bet)
Seat 8: watersofain (small blind) folded before Flop



PokerStars Hand #238468004785:  Hold'em No Limit ($0.02/$0.05 USD) - 2022/09/06 21:12:26 PT [2022/09/07 0:12:26 ET]
Table 'Susilva' 9-max Seat #8 is the button
Seat 1: imnotliam ($4.41 in chips) 
Seat 2: abobora71 ($4.16 in chips) 
Seat 3: r4yjz248 ($4.61 in chips) 
Seat 4: Dorex2007 ($10.26 in chips) 
Seat 5: webby170 ($8.50 in chips) 
Seat 6: Kidmono ($4.37 in chips) 
Seat 7: BluffOnTable ($5 in chips) 
Seat 8: watersofain ($4.99 in chips) 
imnotliam: posts small blind $0.02
abobora71: posts big blind $0.05
*** HOLE CARDS ***
Dealt to Dorex2007 [9c 3d]
r4yjz248: folds 
Dorex2007: folds 
webby170: raises $0.06 to $0.11
Kidmono: folds 
BluffOnTable: folds 
watersofain: folds 
imnotliam: folds 
abobora71: raises $0.06 to $0.17
webby170: calls $0.06
*** FLOP *** [2s Ah 3h]
abobora71: checks 
webby170: checks 
*** TURN *** [2s Ah 3h] [Tc]
abobora71: bets $0.12
webby170: folds 
Uncalled bet ($0.12) returned to abobora71
abobora71 collected $0.35 from pot
abobora71: doesn't show hand 
*** SUMMARY ***
Total pot $0.36 | Rake $0.01 
Board [2s Ah 3h Tc]
Seat 1: imnotliam (small blind) folded before Flop
Seat 2: abobora71 (big blind) collected ($0.35)
Seat 3: r4yjz248 folded before Flop (didn't bet)
Seat 4: Dorex2007 folded before Flop (didn't bet)
Seat 5: webby170 folded on the Turn
Seat 6: Kidmono folded before Flop (didn't bet)
Seat 7: BluffOnTable folded before Flop (didn't bet)
Seat 8: watersofain (button) folded before Flop (didn't bet)



PokerStars Hand #238468008155:  Hold'em No Limit ($0.02/$0.05 USD) - 2022/09/06 21:12:52 PT [2022/09/07 0:12:52 ET]
Table 'Susilva' 9-max Seat #1 is the button
Seat 1: imnotliam ($4.39 in chips) 
Seat 2: abobora71 ($4.34 in chips) 
Seat 3: r4yjz248 ($4.61 in chips) 
Seat 4: Dorex2007 ($10.26 in chips) 
Seat 5: webby170 ($8.33 in chips) 
Seat 6: Kidmono ($4.37 in chips) 
Seat 7: BluffOnTable ($5 in chips) 
Seat 8: watersofain ($4.99 in chips) 
abobora71: posts small blind $0.02
r4yjz248: posts big blind $0.05
*** HOLE CARDS ***
Dealt to Dorex2007 [5h Ts]
Dorex2007: folds 
webby170: folds 
Kidmono: folds 
BluffOnTable: folds 
watersofain: folds 
imnotliam: raises $0.05 to $0.10
abobora71: folds 
r4yjz248: raises $0.20 to $0.30
imnotliam: folds 
Uncalled bet ($0.20) returned to r4yjz248
r4yjz248 collected $0.22 from pot
*** SUMMARY ***
Total pot $0.22 | Rake $0 
Seat 1: imnotliam (button) folded before Flop
Seat 2: abobora71 (small blind) folded before Flop
Seat 3: r4yjz248 (big blind) collected ($0.22)
Seat 4: Dorex2007 folded before Flop (didn't bet)
Seat 5: webby170 folded before Flop (didn't bet)
Seat 6: Kidmono folded before Flop (didn't bet)
Seat 7: BluffOnTable folded before Flop (didn't bet)
Seat 8: watersofain folded before Flop (didn't bet)



PokerStars Hand #238468011651:  Hold'em No Limit ($0.02/$0.05 USD) - 2022/09/06 21:13:19 PT [2022/09/07 0:13:19 ET]
Table 'Susilva' 9-max Seat #2 is the button
Seat 1: imnotliam ($4.29 in chips) 
Seat 2: abobora71 ($4.32 in chips) 
Seat 3: r4yjz248 ($4.73 in chips) 
Seat 4: Dorex2007 ($10.26 in chips) 
Seat 5: webby170 ($8.33 in chips) 
Seat 6: Kidmono ($4.37 in chips) 
Seat 7: BluffOnTable ($5 in chips) 
Seat 8: watersofain ($4.99 in chips) 
r4yjz248: posts small blind $0.02
Dorex2007: posts big blind $0.05
*** HOLE CARDS ***
Dealt to Dorex2007 [As 7h]
webby170: folds 
Templar85 joins the table at seat #9 
Kidmono: folds 
BluffOnTable: folds 
watersofain: folds 
imnotliam: calls $0.05
abobora71: folds 
r4yjz248: folds 
Dorex2007: checks 
*** FLOP *** [Jd Kd Ac]
Dorex2007: checks 
imnotliam: checks 
*** TURN *** [Jd Kd Ac] [Ah]
Dorex2007: checks 
imnotliam: bets $0.05
Dorex2007: calls $0.05
*** RIVER *** [Jd Kd Ac Ah] [Ts]
Dorex2007: checks 
imnotliam: bets $0.30
Dorex2007: calls $0.30
*** SHOW DOWN ***
imnotliam: shows [Kh Kc] (a full house, Kings full of Aces)
Dorex2007: mucks hand 
imnotliam collected $0.79 from pot
*** SUMMARY ***
Total pot $0.82 | Rake $0.03 
Board [Jd Kd Ac Ah Ts]
Seat 1: imnotliam showed [Kh Kc] and won ($0.79) with a full house, Kings full of Aces
Seat 2: abobora71 (button) folded before Flop (didn't bet)
Seat 3: r4yjz248 (small blind) folded before Flop
Seat 4: Dorex2007 (big blind) mucked [As 7h]
Seat 5: webby170 folded before Flop (didn't bet)
Seat 6: Kidmono folded before Flop (didn't bet)
Seat 7: BluffOnTable folded before Flop (didn't bet)
Seat 8: watersofain folded before Flop (didn't bet)



PokerStars Hand #238468018161:  Hold'em No Limit ($0.02/$0.05 USD) - 2022/09/06 21:14:10 PT [2022/09/07 0:14:10 ET]
Table 'Susilva' 9-max Seat #3 is the button
Seat 1: imnotliam ($4.68 in chips) 
Seat 2: abobora71 ($4.32 in chips) 
Seat 3: r4yjz248 ($4.71 in chips) 
Seat 4: Dorex2007 ($9.86 in chips) 
Seat 5: webby170 ($8.33 in chips) 
Seat 6: Kidmono ($4.37 in chips) 
Seat 7: BluffOnTable ($5 in chips) 
Seat 8: watersofain ($4.99 in chips) 
Dorex2007: posts small blind $0.02
webby170: posts big blind $0.05
Templar85: sits out 
*** HOLE CARDS ***
Dealt to Dorex2007 [Kc 7s]
Kidmono: folds 
BluffOnTable: folds 
watersofain: folds 
imnotliam: calls $0.05
abobora71: folds 
r4yjz248: folds 
Dorex2007: folds 
webby170: checks 
*** FLOP *** [3s 2c 9h]
webby170: checks 
imnotliam: bets $0.10
webby170: calls $0.10
*** TURN *** [3s 2c 9h] [5s]
webby170: checks 
imnotliam: checks 
*** RIVER *** [3s 2c 9h 5s] [Qd]
webby170: checks 
imnotliam: bets $0.15
webby170: calls $0.15
*** SHOW DOWN ***
imnotliam: shows [Qh Jh] (a pair of Queens)
webby170: mucks hand 
imnotliam collected $0.59 from pot
*** SUMMARY ***
Total pot $0.62 | Rake $0.03 
Board [3s 2c 9h 5s Qd]
Seat 1: imnotliam showed [Qh Jh] and won ($0.59) with a pair of Queens
Seat 2: abobora71 folded before Flop (didn't bet)
Seat 3: r4yjz248 (button) folded before Flop (didn't bet)
Seat 4: Dorex2007 (small blind) folded before Flop
Seat 5: webby170 (big blind) mucked [Jc 3h]
Seat 6: Kidmono folded before Flop (didn't bet)
Seat 7: BluffOnTable folded before Flop (didn't bet)
Seat 8: watersofain folded before Flop (didn't bet)



PokerStars Hand #238468023777:  Hold'em No Limit ($0.02/$0.05 USD) - 2022/09/06 21:14:54 PT [2022/09/07 0:14:54 ET]
Table 'Susilva' 9-max Seat #4 is the button
Seat 1: imnotliam ($4.97 in chips) 
Seat 2: abobora71 ($4.32 in chips) 
Seat 3: r4yjz248 ($4.71 in chips) 
Seat 4: Dorex2007 ($9.84 in chips) 
Seat 5: webby170 ($8.03 in chips) 
Seat 6: Kidmono ($4.37 in chips) 
Seat 7: BluffOnTable ($5 in chips) 
Seat 8: watersofain ($4.99 in chips) 
webby170: posts small blind $0.02
Kidmono: posts big blind $0.05
Templar85: sits out 
*** HOLE CARDS ***
Dealt to Dorex2007 [3s Ts]
BluffOnTable: folds 
watersofain: folds 
imnotliam: raises $0.05 to $0.10
abobora71: folds 
r4yjz248: folds 
Dorex2007: folds 
webby170: calls $0.08
Kidmono: folds 
*** FLOP *** [Kc 7s 2s]
webby170: checks 
imnotliam: checks 
*** TURN *** [Kc 7s 2s] [Ad]
webby170: checks 
imnotliam: bets $0.10
webby170: calls $0.10
*** RIVER *** [Kc 7s 2s Ad] [Ac]
webby170: checks 
imnotliam: bets $0.55
webby170: folds [Kd 9d]
Uncalled bet ($0.55) returned to imnotliam
imnotliam collected $0.43 from pot
*** SUMMARY ***
Total pot $0.45 | Rake $0.02 
Board [Kc 7s 2s Ad Ac]
Seat 1: imnotliam collected ($0.43)
Seat 2: abobora71 folded before Flop (didn't bet)
Seat 3: r4yjz248 folded before Flop (didn't bet)
Seat 4: Dorex2007 (button) folded before Flop (didn't bet)
Seat 5: webby170 (small blind) folded on the River
Seat 6: Kidmono (big blind) folded before Flop
Seat 7: BluffOnTable folded before Flop (didn't bet)
Seat 8: watersofain folded before Flop (didn't bet)



PokerStars Hand #238468030699:  Hold'em No Limit ($0.02/$0.05 USD) - 2022/09/06 21:15:49 PT [2022/09/07 0:15:49 ET]
Table 'Susilva' 9-max Seat #5 is the button
Seat 1: imnotliam ($5.20 in chips) 
Seat 2: abobora71 ($4.32 in chips) 
Seat 3: r4yjz248 ($4.71 in chips) 
Seat 4: Dorex2007 ($9.84 in chips) 
Seat 5: webby170 ($7.83 in chips) 
Seat 6: Kidmono ($4.32 in chips) 
Seat 7: BluffOnTable ($5 in chips) 
Seat 8: watersofain ($4.99 in chips) 
Kidmono: posts small blind $0.02
BluffOnTable: posts big blind $0.05
Templar85: sits out 
*** HOLE CARDS ***
Dealt to Dorex2007 [7d 6s]
watersofain: calls $0.05
imnotliam: calls $0.05
abobora71: folds 
r4yjz248: folds 
Dorex2007: folds 
webby170: folds 
Kidmono: calls $0.03
BluffOnTable: checks 
*** FLOP *** [7h 4s 3c]
Kidmono: checks 
BluffOnTable: checks 
watersofain: checks 
imnotliam: checks 
*** TURN *** [7h 4s 3c] [Th]
Kidmono: bets $0.10
BluffOnTable: folds 
watersofain: folds 
imnotliam: folds 
Uncalled bet ($0.10) returned to Kidmono
Kidmono collected $0.19 from pot
Kidmono: doesn't show hand 
*** SUMMARY ***
Total pot $0.20 | Rake $0.01 
Board [7h 4s 3c Th]
Seat 1: imnotliam folded on the Turn
Seat 2: abobora71 folded before Flop (didn't bet)
Seat 3: r4yjz248 folded before Flop (didn't bet)
Seat 4: Dorex2007 folded before Flop (didn't bet)
Seat 5: webby170 (button) folded before Flop (didn't bet)
Seat 6: Kidmono (small blind) collected ($0.19)
Seat 7: BluffOnTable (big blind) folded on the Turn
Seat 8: watersofain folded on the Turn



PokerStars Hand #238468040231:  Hold'em No Limit ($0.02/$0.05 USD) - 2022/09/06 21:17:04 PT [2022/09/07 0:17:04 ET]
Table 'Susilva' 9-max Seat #6 is the button
Seat 1: imnotliam ($5.15 in chips) 
Seat 2: abobora71 ($4.32 in chips) 
Seat 3: r4yjz248 ($4.71 in chips) 
Seat 4: Dorex2007 ($9.84 in chips) 
Seat 5: webby170 ($7.83 in chips) 
Seat 6: Kidmono ($4.46 in chips) 
Seat 7: BluffOnTable ($5 in chips) 
Seat 8: watersofain ($4.94 in chips) 
BluffOnTable: posts small blind $0.02
watersofain: posts big blind $0.05
Templar85: sits out 
*** HOLE CARDS ***
Dealt to Dorex2007 [Ac Js]
imnotliam: folds 
abobora71: folds 
r4yjz248: raises $0.10 to $0.15
Dorex2007: calls $0.15
webby170: folds 
Kidmono: folds 
BluffOnTable: folds 
watersofain: folds 
*** FLOP *** [5s 9d Ts]
r4yjz248: bets $0.15
Dorex2007: calls $0.15
*** TURN *** [5s 9d Ts] [5d]
r4yjz248: bets $0.32
Dorex2007: folds 
Uncalled bet ($0.32) returned to r4yjz248
r4yjz248 collected $0.64 from pot
*** SUMMARY ***
Total pot $0.67 | Rake $0.03 
Board [5s 9d Ts 5d]
Seat 1: imnotliam folded before Flop (didn't bet)
Seat 2: abobora71 folded before Flop (didn't bet)
Seat 3: r4yjz248 collected ($0.64)
Seat 4: Dorex2007 folded on the Turn
Seat 5: webby170 folded before Flop (didn't bet)
Seat 6: Kidmono (button) folded before Flop (didn't bet)
Seat 7: BluffOnTable (small blind) folded before Flop
Seat 8: watersofain (big blind) folded before Flop



PokerStars Hand #238468048249:  Hold'em No Limit ($0.02/$0.05 USD) - 2022/09/06 21:18:07 PT [2022/09/07 0:18:07 ET]
Table 'Susilva' 9-max Seat #7 is the button
Seat 1: imnotliam ($5.15 in chips) 
Seat 2: abobora71 ($4.32 in chips) 
Seat 3: r4yjz248 ($5.05 in chips) 
Seat 4: Dorex2007 ($9.54 in chips) 
Seat 5: webby170 ($7.83 in chips) 
Seat 6: Kidmono ($4.46 in chips) 
Seat 7: BluffOnTable ($5 in chips) 
Seat 8: watersofain ($4.89 in chips) 
Seat 9: Templar85 ($5 in chips) 
watersofain: posts small blind $0.02
Templar85: posts big blind $0.05
*** HOLE CARDS ***
Dealt to Dorex2007 [Ac Qc]
imnotliam has timed out
imnotliam: folds 
abobora71: folds 
r4yjz248: folds 
Dorex2007: raises $0.05 to $0.10
webby170: calls $0.10
Kidmono: folds 
BluffOnTable: folds 
watersofain: folds 
Templar85: folds 
*** FLOP *** [9d 5s Kc]
Dorex2007: checks 
webby170: checks 
*** TURN *** [9d 5s Kc] [9h]
Dorex2007: checks 
webby170: checks 
*** RIVER *** [9d 5s Kc 9h] [Jh]
Dorex2007: bets $0.17
webby170: folds 
Uncalled bet ($0.17) returned to Dorex2007
Dorex2007 collected $0.26 from pot
Dorex2007: doesn't show hand 
*** SUMMARY ***
Total pot $0.27 | Rake $0.01 
Board [9d 5s Kc 9h Jh]
Seat 1: imnotliam folded before Flop (didn't bet)
Seat 2: abobora71 folded before Flop (didn't bet)
Seat 3: r4yjz248 folded before Flop (didn't bet)
Seat 4: Dorex2007 collected ($0.26)
Seat 5: webby170 folded on the River
Seat 6: Kidmono folded before Flop (didn't bet)
Seat 7: BluffOnTable (button) folded before Flop (didn't bet)
Seat 8: watersofain (small blind) folded before Flop
Seat 9: Templar85 (big blind) folded before Flop



PokerStars Hand #238468055383:  Hold'em No Limit ($0.02/$0.05 USD) - 2022/09/06 21:19:03 PT [2022/09/07 0:19:03 ET]
Table 'Susilva' 9-max Seat #8 is the button
Seat 1: imnotliam ($5.15 in chips) 
Seat 2: abobora71 ($4.32 in chips) 
Seat 3: r4yjz248 ($5.05 in chips) 
Seat 4: Dorex2007 ($9.70 in chips) 
Seat 5: webby170 ($7.73 in chips) 
Seat 6: Kidmono ($4.46 in chips) 
Seat 7: BluffOnTable ($5 in chips) 
Seat 8: watersofain ($4.87 in chips) 
Seat 9: Templar85 ($5 in chips) 
Templar85: posts small blind $0.02
imnotliam: posts big blind $0.05
*** HOLE CARDS ***
Dealt to Dorex2007 [Kd As]
abobora71: calls $0.05
r4yjz248: folds 
Dorex2007: raises $0.05 to $0.10
webby170: calls $0.10
Kidmono: calls $0.10
BluffOnTable: calls $0.10
watersofain: folds 
Templar85: folds 
imnotliam: calls $0.05
abobora71: calls $0.05
*** FLOP *** [8h 7s 6h]
imnotliam: checks 
abobora71: checks 
Dorex2007: checks 
webby170: checks 
Kidmono: checks 
BluffOnTable: checks 
*** TURN *** [8h 7s 6h] [Qd]
imnotliam: bets $0.10
abobora71: calls $0.10
Dorex2007: folds 
webby170: calls $0.10
Kidmono: folds 
BluffOnTable: folds 
*** RIVER *** [8h 7s 6h Qd] [9d]
imnotliam: checks 
abobora71: bets $0.66
webby170: folds 
imnotliam: folds 
Uncalled bet ($0.66) returned to abobora71
abobora71 collected $0.88 from pot
abobora71: doesn't show hand 
*** SUMMARY ***
Total pot $0.92 | Rake $0.04 
Board [8h 7s 6h Qd 9d]
Seat 1: imnotliam (big blind) folded on the River
Seat 2: abobora71 collected ($0.88)
Seat 3: r4yjz248 folded before Flop (didn't bet)
Seat 4: Dorex2007 folded on the Turn
Seat 5: webby170 folded on the River
Seat 6: Kidmono folded on the Turn
Seat 7: BluffOnTable folded on the Turn
Seat 8: watersofain (button) folded before Flop (didn't bet)
Seat 9: Templar85 (small blind) folded before Flop



PokerStars Hand #238468065497:  Hold'em No Limit ($0.02/$0.05 USD) - 2022/09/06 21:20:24 PT [2022/09/07 0:20:24 ET]
Table 'Susilva' 9-max Seat #9 is the button
Seat 1: imnotliam ($4.95 in chips) 
Seat 2: abobora71 ($5 in chips) 
Seat 3: r4yjz248 ($5.05 in chips) 
Seat 4: Dorex2007 ($9.60 in chips) 
Seat 5: webby170 ($7.53 in chips) 
Seat 6: Kidmono ($4.36 in chips) 
Seat 7: BluffOnTable ($5 in chips) 
Seat 8: watersofain ($4.87 in chips) 
Seat 9: Templar85 ($5 in chips) 
imnotliam: posts small blind $0.02
abobora71: posts big blind $0.05
*** HOLE CARDS ***
Dealt to Dorex2007 [9h 3s]
r4yjz248: folds 
Dorex2007: folds 
webby170: raises $0.06 to $0.11
Kidmono: folds 
BluffOnTable: folds 
watersofain: folds 
Templar85: folds 
imnotliam: calls $0.09
abobora71: calls $0.06
*** FLOP *** [2c 4s Qs]
imnotliam: checks 
abobora71: checks 
webby170: checks 
*** TURN *** [2c 4s Qs] [5h]
imnotliam: bets $0.05
abobora71: calls $0.05
webby170: folds 
*** RIVER *** [2c 4s Qs 5h] [Kd]
imnotliam: bets $0.20
abobora71: folds 
Uncalled bet ($0.20) returned to imnotliam
imnotliam collected $0.41 from pot
*** SUMMARY ***
Total pot $0.43 | Rake $0.02 
Board [2c 4s Qs 5h Kd]
Seat 1: imnotliam (small blind) collected ($0.41)
Seat 2: abobora71 (big blind) folded on the River
Seat 3: r4yjz248 folded before Flop (didn't bet)
Seat 4: Dorex2007 folded before Flop (didn't bet)
Seat 5: webby170 folded on the Turn
Seat 6: Kidmono folded before Flop (didn't bet)
Seat 7: BluffOnTable folded before Flop (didn't bet)
Seat 8: watersofain folded before Flop (didn't bet)
Seat 9: Templar85 (button) folded before Flop (didn't bet)



PokerStars Hand #238468071976:  Hold'em No Limit ($0.02/$0.05 USD) - 2022/09/06 21:21:16 PT [2022/09/07 0:21:16 ET]
Table 'Susilva' 9-max Seat #1 is the button
Seat 1: imnotliam ($5.20 in chips) 
Seat 2: abobora71 ($4.84 in chips) 
Seat 3: r4yjz248 ($5.05 in chips) 
Seat 4: Dorex2007 ($9.60 in chips) 
Seat 5: webby170 ($7.42 in chips) 
Seat 6: Kidmono ($4.36 in chips) 
Seat 7: BluffOnTable ($5 in chips) 
Seat 8: watersofain ($5 in chips) 
Seat 9: Templar85 ($5 in chips) 
abobora71: posts small blind $0.02
r4yjz248: posts big blind $0.05
*** HOLE CARDS ***
Dealt to Dorex2007 [Kh Qc]
Dorex2007: raises $0.05 to $0.10
webby170: folds 
Kidmono: folds 
BluffOnTable: folds 
watersofain: folds 
Templar85: folds 
imnotliam: folds 
abobora71: folds 
r4yjz248: calls $0.05
*** FLOP *** [9s Ah 8c]
r4yjz248: checks 
Dorex2007: checks 
*** TURN *** [9s Ah 8c] [6h]
r4yjz248: bets $0.10
Dorex2007: folds 
Uncalled bet ($0.10) returned to r4yjz248
r4yjz248 collected $0.21 from pot
*** SUMMARY ***
Total pot $0.22 | Rake $0.01 
Board [9s Ah 8c 6h]
Seat 1: imnotliam (button) folded before Flop (didn't bet)
Seat 2: abobora71 (small blind) folded before Flop
Seat 3: r4yjz248 (big blind) collected ($0.21)
Seat 4: Dorex2007 folded on the Turn
Seat 5: webby170 folded before Flop (didn't bet)
Seat 6: Kidmono folded before Flop (didn't bet)
Seat 7: BluffOnTable folded before Flop (didn't bet)
Seat 8: watersofain folded before Flop (didn't bet)
Seat 9: Templar85 folded before Flop (didn't bet)



PokerStars Hand #238468075986:  Hold'em No Limit ($0.02/$0.05 USD) - 2022/09/06 21:21:48 PT [2022/09/07 0:21:48 ET]
Table 'Susilva' 9-max Seat #2 is the button
Seat 1: imnotliam ($5.20 in chips) 
Seat 2: abobora71 ($4.82 in chips) 
Seat 3: r4yjz248 ($5.16 in chips) 
Seat 4: Dorex2007 ($9.50 in chips) 
Seat 5: webby170 ($7.42 in chips) 
Seat 6: Kidmono ($4.36 in chips) 
Seat 7: BluffOnTable ($5 in chips) 
Seat 8: watersofain ($5 in chips) 
Seat 9: Templar85 ($5 in chips) 
r4yjz248: posts small blind $0.02
Dorex2007: posts big blind $0.05
*** HOLE CARDS ***
Dealt to Dorex2007 [Kh 2s]
webby170: folds 
Kidmono: folds 
BluffOnTable: folds 
watersofain: folds 
Templar85: raises $0.07 to $0.12
imnotliam: raises $0.28 to $0.40
abobora71: folds 
r4yjz248: folds 
Dorex2007: folds 
Templar85: folds 
Uncalled bet ($0.28) returned to imnotliam
imnotliam collected $0.31 from pot
*** SUMMARY ***
Total pot $0.31 | Rake $0 
Seat 1: imnotliam collected ($0.31)
Seat 2: abobora71 (button) folded before Flop (didn't bet)
Seat 3: r4yjz248 (small blind) folded before Flop
Seat 4: Dorex2007 (big blind) folded before Flop
Seat 5: webby170 folded before Flop (didn't bet)
Seat 6: Kidmono folded before Flop (didn't bet)
Seat 7: BluffOnTable folded before Flop (didn't bet)
Seat 8: watersofain folded before Flop (didn't bet)
Seat 9: Templar85 folded before Flop



PokerStars Hand #238468078394:  Hold'em No Limit ($0.02/$0.05 USD) - 2022/09/06 21:22:08 PT [2022/09/07 0:22:08 ET]
Table 'Susilva' 9-max Seat #3 is the button
Seat 1: imnotliam ($5.39 in chips) 
Seat 2: abobora71 ($4.82 in chips) 
Seat 3: r4yjz248 ($5.14 in chips) 
Seat 4: Dorex2007 ($9.45 in chips) 
Seat 5: webby170 ($7.42 in chips) 
Seat 6: Kidmono ($4.36 in chips) 
Seat 7: BluffOnTable ($5 in chips) 
Seat 8: watersofain ($5 in chips) 
Seat 9: Templar85 ($5 in chips) 
Dorex2007: posts small blind $0.02
webby170: posts big blind $0.05
*** HOLE CARDS ***
Dealt to Dorex2007 [3h Qc]
Kidmono: folds 
BluffOnTable: folds 
watersofain: folds 
Templar85: folds 
imnotliam: calls $0.05
abobora71: folds 
r4yjz248: raises $0.10 to $0.15
Dorex2007: folds 
webby170: folds 
imnotliam: calls $0.10
*** FLOP *** [4h 6d Kd]
imnotliam: checks 
r4yjz248: bets $0.17
imnotliam: calls $0.17
*** TURN *** [4h 6d Kd] [As]
imnotliam: checks 
r4yjz248: bets $0.34
imnotliam: folds 
Uncalled bet ($0.34) returned to r4yjz248
r4yjz248 collected $0.68 from pot
*** SUMMARY ***
Total pot $0.71 | Rake $0.03 
Board [4h 6d Kd As]
Seat 1: imnotliam folded on the Turn
Seat 2: abobora71 folded before Flop (didn't bet)
Seat 3: r4yjz248 (button) collected ($0.68)
Seat 4: Dorex2007 (small blind) folded before Flop
Seat 5: webby170 (big blind) folded before Flop
Seat 6: Kidmono folded before Flop (didn't bet)
Seat 7: BluffOnTable folded before Flop (didn't bet)
Seat 8: watersofain folded before Flop (didn't bet)
Seat 9: Templar85 folded before Flop (didn't bet)



PokerStars Hand #238468083627:  Hold'em No Limit ($0.02/$0.05 USD) - 2022/09/06 21:22:50 PT [2022/09/07 0:22:50 ET]
Table 'Susilva' 9-max Seat #4 is the button
Seat 1: imnotliam ($5.07 in chips) 
Seat 2: abobora71 ($4.82 in chips) 
Seat 3: r4yjz248 ($5.50 in chips) 
Seat 4: Dorex2007 ($9.43 in chips) 
Seat 5: webby170 ($7.37 in chips) 
Seat 7: BluffOnTable ($5 in chips) 
Seat 8: watersofain ($5 in chips) 
Seat 9: Templar85 ($5 in chips) 
webby170: posts small blind $0.02
BluffOnTable: posts big blind $0.05
*** HOLE CARDS ***
Dealt to Dorex2007 [3d 3h]
watersofain: folds 
Templar85: folds 
imnotliam: raises $0.15 to $0.20
abobora71: folds 
r4yjz248: calls $0.20
Dorex2007: folds 
webby170: folds 
BluffOnTable: folds 
*** FLOP *** [Kd As 2h]
imnotliam: bets $0.30
r4yjz248: folds 
Uncalled bet ($0.30) returned to imnotliam
imnotliam collected $0.45 from pot
imnotliam: shows [9s 9h] (a pair of Nines)
*** SUMMARY ***
Total pot $0.47 | Rake $0.02 
Board [Kd As 2h]
Seat 1: imnotliam collected ($0.45)
Seat 2: abobora71 folded before Flop (didn't bet)
Seat 3: r4yjz248 folded on the Flop
Seat 4: Dorex2007 (button) folded before Flop (didn't bet)
Seat 5: webby170 (small blind) folded before Flop
Seat 7: BluffOnTable (big blind) folded before Flop
Seat 8: watersofain folded before Flop (didn't bet)
Seat 9: Templar85 folded before Flop (didn't bet)



PokerStars Hand #238468086374:  Hold'em No Limit ($0.02/$0.05 USD) - 2022/09/06 21:23:12 PT [2022/09/07 0:23:12 ET]
Table 'Susilva' 9-max Seat #5 is the button
Seat 1: imnotliam ($5.32 in chips) 
Seat 2: abobora71 ($4.82 in chips) 
Seat 3: r4yjz248 ($5.30 in chips) 
Seat 4: Dorex2007 ($9.43 in chips) 
Seat 5: webby170 ($7.35 in chips) 
Seat 7: BluffOnTable ($5 in chips) 
Seat 8: watersofain ($5 in chips) 
Seat 9: Templar85 ($5 in chips) 
BluffOnTable: posts small blind $0.02
watersofain: posts big blind $0.05
*** HOLE CARDS ***
Dealt to Dorex2007 [8c Qh]
Templar85: folds 
imnotliam: calls $0.05
abobora71: folds 
r4yjz248: folds 
Dorex2007: folds 
webby170: raises $0.11 to $0.16
BluffOnTable: folds 
watersofain: calls $0.11
imnotliam: folds 
*** FLOP *** [8h 8d 4c]
watersofain: checks 
webby170: checks 
*** TURN *** [8h 8d 4c] [Tc]
watersofain: checks 
webby170: bets $0.18
watersofain: calls $0.18
*** RIVER *** [8h 8d 4c Tc] [Jc]
watersofain: checks 
webby170: bets $0.46
watersofain: calls $0.46
*** SHOW DOWN ***
webby170: shows [Td Js] (two pair, Jacks and Tens)
watersofain: mucks hand 
webby170 collected $1.60 from pot
*** SUMMARY ***
Total pot $1.67 | Rake $0.07 
Board [8h 8d 4c Tc Jc]
Seat 1: imnotliam folded before Flop
Seat 2: abobora71 folded before Flop (didn't bet)
Seat 3: r4yjz248 folded before Flop (didn't bet)
Seat 4: Dorex2007 folded before Flop (didn't bet)
Seat 5: webby170 (button) showed [Td Js] and won ($1.60) with two pair, Jacks and Tens
Seat 7: BluffOnTable (small blind) folded before Flop
Seat 8: watersofain (big blind) mucked [Ad Jd]
Seat 9: Templar85 folded before Flop (didn't bet)



PokerStars Hand #238468092055:  Hold'em No Limit ($0.02/$0.05 USD) - 2022/09/06 21:23:58 PT [2022/09/07 0:23:58 ET]
Table 'Susilva' 9-max Seat #7 is the button
Seat 1: imnotliam ($5.27 in chips) 
Seat 2: abobora71 ($4.82 in chips) 
Seat 3: r4yjz248 ($5.30 in chips) 
Seat 4: Dorex2007 ($9.43 in chips) 
Seat 5: webby170 ($8.15 in chips) 
Seat 7: BluffOnTable ($5 in chips) 
Seat 8: watersofain ($4.20 in chips) 
Seat 9: Templar85 ($5 in chips) 
watersofain: posts small blind $0.02
Templar85: posts big blind $0.05
*** HOLE CARDS ***
Dealt to Dorex2007 [Tc 4d]
imnotliam: calls $0.05
abobora71: folds 
Kidmono leaves the table
r4yjz248: folds 
Dorex2007: folds 
webby170: folds 
BluffOnTable: calls $0.05
watersofain: folds 
Templar85: checks 
*** FLOP *** [Ad As Ks]
Templar85: checks 
imnotliam: bets $0.10
BluffOnTable: folds 
Templar85: folds 
Uncalled bet ($0.10) returned to imnotliam
imnotliam collected $0.16 from pot
*** SUMMARY ***
Total pot $0.17 | Rake $0.01 
Board [Ad As Ks]
Seat 1: imnotliam collected ($0.16)
Seat 2: abobora71 folded before Flop (didn't bet)
Seat 3: r4yjz248 folded before Flop (didn't bet)
Seat 4: Dorex2007 folded before Flop (didn't bet)
Seat 5: webby170 folded before Flop (didn't bet)
Seat 7: BluffOnTable (button) folded on the Flop
Seat 8: watersofain (small blind) folded before Flop
Seat 9: Templar85 (big blind) folded on the Flop



PokerStars Hand #238468097484:  Hold'em No Limit ($0.02/$0.05 USD) - 2022/09/06 21:24:43 PT [2022/09/07 0:24:43 ET]
Table 'Susilva' 9-max Seat #8 is the button
Seat 1: imnotliam ($5.38 in chips) 
Seat 2: abobora71 ($4.82 in chips) 
Seat 3: r4yjz248 ($5.30 in chips) 
Seat 4: Dorex2007 ($9.43 in chips) 
Seat 5: webby170 ($8.15 in chips) 
Seat 7: BluffOnTable ($5 in chips) 
Seat 8: watersofain ($5 in chips) 
Seat 9: Templar85 ($5 in chips) 
Templar85: posts small blind $0.02
imnotliam: posts big blind $0.05
*** HOLE CARDS ***
Dealt to Dorex2007 [6d Qh]
abobora71: folds 
r4yjz248: folds 
Dorex2007: folds 
webby170: folds 
BluffOnTable: folds 
watersofain: raises $0.10 to $0.15
Templar85: folds 
imnotliam: calls $0.10
*** FLOP *** [3d 6c Ks]
imnotliam: checks 
watersofain: checks 
*** TURN *** [3d 6c Ks] [7c]
imnotliam: checks 
watersofain: bets $0.15
imnotliam: raises $0.15 to $0.30
watersofain: calls $0.15
*** RIVER *** [3d 6c Ks 7c] [9c]
imnotliam: checks 
watersofain: checks 
*** SHOW DOWN ***
imnotliam: shows [7d Ac] (a pair of Sevens)
watersofain: shows [Kh Js] (a pair of Kings)
watersofain collected $0.88 from pot
*** SUMMARY ***
Total pot $0.92 | Rake $0.04 
Board [3d 6c Ks 7c 9c]
Seat 1: imnotliam (big blind) showed [7d Ac] and lost with a pair of Sevens
Seat 2: abobora71 folded before Flop (didn't bet)
Seat 3: r4yjz248 folded before Flop (didn't bet)
Seat 4: Dorex2007 folded before Flop (didn't bet)
Seat 5: webby170 folded before Flop (didn't bet)
Seat 7: BluffOnTable folded before Flop (didn't bet)
Seat 8: watersofain (button) showed [Kh Js] and won ($0.88) with a pair of Kings
Seat 9: Templar85 (small blind) folded before Flop



PokerStars Hand #238468103596:  Hold'em No Limit ($0.02/$0.05 USD) - 2022/09/06 21:25:32 PT [2022/09/07 0:25:32 ET]
Table 'Susilva' 9-max Seat #9 is the button
Seat 1: imnotliam ($4.93 in chips) 
Seat 2: abobora71 ($4.82 in chips) 
Seat 3: r4yjz248 ($5.30 in chips) 
Seat 4: Dorex2007 ($9.43 in chips) 
Seat 5: webby170 ($8.15 in chips) 
Seat 7: BluffOnTable ($5 in chips) 
Seat 8: watersofain ($5.43 in chips) 
Seat 9: Templar85 ($5 in chips) 
imnotliam: posts small blind $0.02
abobora71: posts big blind $0.05
*** HOLE CARDS ***
Dealt to Dorex2007 [Tc 8c]
r4yjz248: folds 
Dorex2007: folds 
webby170: folds 
BluffOnTable: folds 
watersofain: calls $0.05
enixblr joins the table at seat #6 
Templar85: folds 
imnotliam: raises $0.05 to $0.10
abobora71: folds 
watersofain: calls $0.05
*** FLOP *** [9h 9s 4c]
imnotliam: checks 
watersofain: checks 
*** TURN *** [9h 9s 4c] [8d]
imnotliam: bets $0.05
watersofain: calls $0.05
*** RIVER *** [9h 9s 4c 8d] [6s]
imnotliam: bets $0.34
watersofain: calls $0.34
*** SHOW DOWN ***
imnotliam: shows [Kh 8h] (two pair, Nines and Eights)
watersofain: mucks hand 
imnotliam collected $0.99 from pot
*** SUMMARY ***
Total pot $1.03 | Rake $0.04 
Board [9h 9s 4c 8d 6s]
Seat 1: imnotliam (small blind) showed [Kh 8h] and won ($0.99) with two pair, Nines and Eights
Seat 2: abobora71 (big blind) folded before Flop
Seat 3: r4yjz248 folded before Flop (didn't bet)
Seat 4: Dorex2007 folded before Flop (didn't bet)
Seat 5: webby170 folded before Flop (didn't bet)
Seat 7: BluffOnTable folded before Flop (didn't bet)
Seat 8: watersofain mucked [5s 5c]
Seat 9: Templar85 (button) folded before Flop (didn't bet)



PokerStars Hand #238468108423:  Hold'em No Limit ($0.02/$0.05 USD) - 2022/09/06 21:26:11 PT [2022/09/07 0:26:11 ET]
Table 'Susilva' 9-max Seat #1 is the button
Seat 1: imnotliam ($5.43 in chips) 
Seat 2: abobora71 ($4.77 in chips) 
Seat 3: r4yjz248 ($5.30 in chips) 
Seat 4: Dorex2007 ($9.43 in chips) 
Seat 5: webby170 ($8.15 in chips) 
Seat 7: BluffOnTable ($5 in chips) 
Seat 8: watersofain ($4.94 in chips) 
Seat 9: Templar85 ($5 in chips) 
abobora71: posts small blind $0.02
r4yjz248: posts big blind $0.05
enixblr: sits out 
*** HOLE CARDS ***
Dealt to Dorex2007 [9s 3s]
Dorex2007: folds 
webby170: raises $0.06 to $0.11
BluffOnTable: folds 
watersofain: folds 
Templar85: folds 
imnotliam: calls $0.11
abobora71: folds 
r4yjz248: folds 
*** FLOP *** [Jd 5h As]
webby170: checks 
imnotliam: bets $0.05
webby170: calls $0.05
*** TURN *** [Jd 5h As] [4h]
webby170: checks 
imnotliam: bets $0.18
webby170: calls $0.18
*** RIVER *** [Jd 5h As 4h] [2h]
webby170: checks 
imnotliam: bets $0.72
webby170: folds [Ac]
Uncalled bet ($0.72) returned to imnotliam
imnotliam collected $0.72 from pot
*** SUMMARY ***
Total pot $0.75 | Rake $0.03 
Board [Jd 5h As 4h 2h]
Seat 1: imnotliam (button) collected ($0.72)
Seat 2: abobora71 (small blind) folded before Flop
Seat 3: r4yjz248 (big blind) folded before Flop
Seat 4: Dorex2007 folded before Flop (didn't bet)
Seat 5: webby170 folded on the River
Seat 7: BluffOnTable folded before Flop (didn't bet)
Seat 8: watersofain folded before Flop (didn't bet)
Seat 9: Templar85 folded before Flop (didn't bet)



PokerStars Hand #238468114297:  Hold'em No Limit ($0.02/$0.05 USD) - 2022/09/06 21:26:59 PT [2022/09/07 0:26:59 ET]
Table 'Susilva' 9-max Seat #2 is the button
Seat 1: imnotliam ($5.81 in chips) 
Seat 2: abobora71 ($4.75 in chips) 
Seat 3: r4yjz248 ($5.25 in chips) 
Seat 4: Dorex2007 ($9.43 in chips) 
Seat 5: webby170 ($7.81 in chips) 
Seat 7: BluffOnTable ($5 in chips) 
Seat 8: watersofain ($4.94 in chips) 
Seat 9: Templar85 ($5 in chips) 
r4yjz248: posts small blind $0.02
Dorex2007: posts big blind $0.05
enixblr: sits out 
*** HOLE CARDS ***
Dealt to Dorex2007 [Js Ks]
webby170: folds 
BluffOnTable: folds 
watersofain: folds 
Templar85: folds 
imnotliam: folds 
abobora71: folds 
r4yjz248: calls $0.03
Dorex2007: raises $0.15 to $0.20
r4yjz248: calls $0.15
*** FLOP *** [6c 5c Qh]
r4yjz248: checks 
Dorex2007: bets $0.38
r4yjz248: calls $0.38
*** TURN *** [6c 5c Qh] [8c]
r4yjz248: checks 
Dorex2007: bets $0.55
r4yjz248: calls $0.55
*** RIVER *** [6c 5c Qh 8c] [3c]
r4yjz248: checks 
Dorex2007: bets $1.08
r4yjz248: calls $1.08
*** SHOW DOWN ***
Dorex2007: shows [Js Ks] (high card King)
r4yjz248: shows [8h Qs] (two pair, Queens and Eights)
r4yjz248 collected $4.24 from pot
*** SUMMARY ***
Total pot $4.42 | Rake $0.18 
Board [6c 5c Qh 8c 3c]
Seat 1: imnotliam folded before Flop (didn't bet)
Seat 2: abobora71 (button) folded before Flop (didn't bet)
Seat 3: r4yjz248 (small blind) showed [8h Qs] and won ($4.24) with two pair, Queens and Eights
Seat 4: Dorex2007 (big blind) showed [Js Ks] and lost with high card King
Seat 5: webby170 folded before Flop (didn't bet)
Seat 7: BluffOnTable folded before Flop (didn't bet)
Seat 8: watersofain folded before Flop (didn't bet)
Seat 9: Templar85 folded before Flop (didn't bet)



PokerStars Hand #238468119151:  Hold'em No Limit ($0.02/$0.05 USD) - 2022/09/06 21:27:38 PT [2022/09/07 0:27:38 ET]
Table 'Susilva' 9-max Seat #3 is the button
Seat 1: imnotliam ($5.81 in chips) 
Seat 2: abobora71 ($4.75 in chips) 
Seat 3: r4yjz248 ($7.28 in chips) 
Seat 4: Dorex2007 ($7.22 in chips) 
Seat 5: webby170 ($7.81 in chips) 
Seat 7: BluffOnTable ($5 in chips) 
Seat 8: watersofain ($4.94 in chips) 
Seat 9: Templar85 ($5 in chips) 
Dorex2007: posts small blind $0.02
webby170: posts big blind $0.05
enixblr: sits out 
*** HOLE CARDS ***
Dealt to Dorex2007 [Qh 8s]
BluffOnTable: folds 
watersofain: folds 
Templar85: folds 
imnotliam: folds 
abobora71: folds 
r4yjz248: folds 
Dorex2007: folds 
Uncalled bet ($0.03) returned to webby170
webby170 collected $0.04 from pot
*** SUMMARY ***
Total pot $0.04 | Rake $0 
Seat 1: imnotliam folded before Flop (didn't bet)
Seat 2: abobora71 folded before Flop (didn't bet)
Seat 3: r4yjz248 (button) folded before Flop (didn't bet)
Seat 4: Dorex2007 (small blind) folded before Flop
Seat 5: webby170 (big blind) collected ($0.04)
Seat 7: BluffOnTable folded before Flop (didn't bet)
Seat 8: watersofain folded before Flop (didn't bet)
Seat 9: Templar85 folded before Flop (didn't bet)



PokerStars Hand #238468120852:  Hold'em No Limit ($0.02/$0.05 USD) - 2022/09/06 21:27:51 PT [2022/09/07 0:27:51 ET]
Table 'Susilva' 9-max Seat #4 is the button
Seat 1: imnotliam ($5.81 in chips) 
Seat 2: abobora71 ($4.75 in chips) 
Seat 3: r4yjz248 ($7.28 in chips) 
Seat 4: Dorex2007 ($7.20 in chips) 
Seat 5: webby170 ($7.83 in chips) 
Seat 6: enixblr ($5 in chips) 
Seat 7: BluffOnTable ($5 in chips) 
Seat 8: watersofain ($4.94 in chips) 
Seat 9: Templar85 ($5 in chips) 
webby170: posts small blind $0.02
enixblr: posts big blind $0.05
*** HOLE CARDS ***
Dealt to Dorex2007 [6c 2s]
BluffOnTable: folds 
watersofain: calls $0.05
Templar85: folds 
imnotliam: calls $0.05
abobora71: folds 
r4yjz248: raises $0.15 to $0.20
Dorex2007: folds 
webby170: folds 
enixblr: calls $0.15
watersofain: calls $0.15
imnotliam: folds 
*** FLOP *** [Th 3c 5c]
enixblr has timed out
enixblr: checks 
watersofain: checks 
r4yjz248: checks 
*** TURN *** [Th 3c 5c] [4d]
enixblr: checks 
watersofain: bets $0.25
r4yjz248: folds 
enixblr: calls $0.25
*** RIVER *** [Th 3c 5c 4d] [Td]
enixblr: checks 
watersofain: checks 
*** SHOW DOWN ***
enixblr: shows [Jc Qc] (a pair of Tens)
watersofain: shows [4c Ac] (two pair, Tens and Fours)
watersofain collected $1.12 from pot
*** SUMMARY ***
Total pot $1.17 | Rake $0.05 
Board [Th 3c 5c 4d Td]
Seat 1: imnotliam folded before Flop
Seat 2: abobora71 folded before Flop (didn't bet)
Seat 3: r4yjz248 folded on the Turn
Seat 4: Dorex2007 (button) folded before Flop (didn't bet)
Seat 5: webby170 (small blind) folded before Flop
Seat 6: enixblr (big blind) showed [Jc Qc] and lost with a pair of Tens
Seat 7: BluffOnTable folded before Flop (didn't bet)
Seat 8: watersofain showed [4c Ac] and won ($1.12) with two pair, Tens and Fours
Seat 9: Templar85 folded before Flop (didn't bet)



PokerStars Hand #238468132295:  Hold'em No Limit ($0.02/$0.05 USD) - 2022/09/06 21:29:23 PT [2022/09/07 0:29:23 ET]
Table 'Susilva' 9-max Seat #5 is the button
Seat 1: imnotliam ($5.76 in chips) 
Seat 2: abobora71 ($4.75 in chips) 
Seat 3: r4yjz248 ($7.08 in chips) 
Seat 4: Dorex2007 ($7.20 in chips) 
Seat 5: webby170 ($7.81 in chips) 
Seat 6: enixblr ($5 in chips) 
Seat 7: BluffOnTable ($5 in chips) 
Seat 8: watersofain ($5.61 in chips) 
Seat 9: Templar85 ($5 in chips) 
enixblr: posts small blind $0.02
BluffOnTable: posts big blind $0.05
*** HOLE CARDS ***
Dealt to Dorex2007 [4d 3d]
watersofain: calls $0.05
Templar85: folds 
imnotliam: calls $0.05
abobora71: folds 
r4yjz248: folds 
Dorex2007: folds 
webby170: raises $0.16 to $0.21
enixblr: folds 
BluffOnTable: folds 
watersofain: raises $5.40 to $5.61 and is all-in
imnotliam: folds 
webby170: folds 
Uncalled bet ($5.40) returned to watersofain
watersofain collected $0.54 from pot
watersofain: doesn't show hand 
*** SUMMARY ***
Total pot $0.54 | Rake $0 
Seat 1: imnotliam folded before Flop
Seat 2: abobora71 folded before Flop (didn't bet)
Seat 3: r4yjz248 folded before Flop (didn't bet)
Seat 4: Dorex2007 folded before Flop (didn't bet)
Seat 5: webby170 (button) folded before Flop
Seat 6: enixblr (small blind) folded before Flop
Seat 7: BluffOnTable (big blind) folded before Flop
Seat 8: watersofain collected ($0.54)
Seat 9: Templar85 folded before Flop (didn't bet)



PokerStars Hand #238468137312:  Hold'em No Limit ($0.02/$0.05 USD) - 2022/09/06 21:30:04 PT [2022/09/07 0:30:04 ET]
Table 'Susilva' 9-max Seat #6 is the button
Seat 1: imnotliam ($5.71 in chips) 
Seat 2: abobora71 ($4.75 in chips) 
Seat 3: r4yjz248 ($7.08 in chips) 
Seat 4: Dorex2007 ($7.20 in chips) 
Seat 5: webby170 ($7.60 in chips) 
Seat 6: enixblr ($5 in chips) 
Seat 7: BluffOnTable ($5 in chips) 
Seat 8: watersofain ($5.94 in chips) 
Seat 9: Templar85 ($5 in chips) 
BluffOnTable: posts small blind $0.02
watersofain: posts big blind $0.05
*** HOLE CARDS ***
Dealt to Dorex2007 [Kh 7h]
Templar85: folds 
imnotliam: calls $0.05
abobora71: folds 
r4yjz248: calls $0.05
Templar85 leaves the table
Dorex2007: calls $0.05
webby170: calls $0.05
enixblr: calls $0.05
BluffOnTable: folds 
watersofain: checks 
*** FLOP *** [6d Ad Qs]
MOONSP3LL joins the table at seat #9 
watersofain: checks 
imnotliam: checks 
r4yjz248: checks 
Dorex2007: checks 
webby170: checks 
enixblr: checks 
*** TURN *** [6d Ad Qs] [Ts]
watersofain: checks 
imnotliam: checks 
r4yjz248: checks 
Dorex2007: checks 
webby170: checks 
enixblr: bets $0.31
watersofain: folds 
imnotliam: folds 
r4yjz248: folds 
Dorex2007: folds 
webby170: calls $0.31
*** RIVER *** [6d Ad Qs Ts] [Ah]
webby170: checks 
enixblr: bets $0.65
webby170: calls $0.65
*** SHOW DOWN ***
enixblr: shows [7s Ks] (a pair of Aces)
webby170: shows [8s As] (three of a kind, Aces)
webby170 collected $2.15 from pot
*** SUMMARY ***
Total pot $2.24 | Rake $0.09 
Board [6d Ad Qs Ts Ah]
Seat 1: imnotliam folded on the Turn
Seat 2: abobora71 folded before Flop (didn't bet)
Seat 3: r4yjz248 folded on the Turn
Seat 4: Dorex2007 folded on the Turn
Seat 5: webby170 showed [8s As] and won ($2.15) with three of a kind, Aces
Seat 6: enixblr (button) showed [7s Ks] and lost with a pair of Aces
Seat 7: BluffOnTable (small blind) folded before Flop
Seat 8: watersofain (big blind) folded on the Turn
Seat 9: Templar85 folded before Flop (didn't bet)



PokerStars Hand #238468150075:  Hold'em No Limit ($0.02/$0.05 USD) - 2022/09/06 21:31:48 PT [2022/09/07 0:31:48 ET]
Table 'Susilva' 9-max Seat #7 is the button
Seat 1: imnotliam ($5.66 in chips) 
Seat 2: abobora71 ($4.75 in chips) 
Seat 3: r4yjz248 ($7.03 in chips) 
Seat 4: Dorex2007 ($7.15 in chips) 
Seat 5: webby170 ($8.74 in chips) 
Seat 6: enixblr ($5 in chips) 
Seat 7: BluffOnTable ($5 in chips) 
Seat 8: watersofain ($5.89 in chips) 
Seat 9: MOONSP3LL ($2 in chips) 
watersofain: posts small blind $0.02
MOONSP3LL: posts big blind $0.05
*** HOLE CARDS ***
Dealt to Dorex2007 [8h Js]
imnotliam: folds 
abobora71: folds 
r4yjz248: raises $0.10 to $0.15
Dorex2007: folds 
webby170: calls $0.15
enixblr: folds 
BluffOnTable: raises $0.35 to $0.50
watersofain: folds 
MOONSP3LL: folds 
r4yjz248: folds 
webby170: folds [4c 4s]
Uncalled bet ($0.35) returned to BluffOnTable
BluffOnTable collected $0.52 from pot
BluffOnTable: doesn't show hand 
*** SUMMARY ***
Total pot $0.52 | Rake $0 
Seat 1: imnotliam folded before Flop (didn't bet)
Seat 2: abobora71 folded before Flop (didn't bet)
Seat 3: r4yjz248 folded before Flop
Seat 4: Dorex2007 folded before Flop (didn't bet)
Seat 5: webby170 folded before Flop
Seat 6: enixblr folded before Flop (didn't bet)
Seat 7: BluffOnTable (button) collected ($0.52)
Seat 8: watersofain (small blind) folded before Flop
Seat 9: MOONSP3LL (big blind) folded before Flop



PokerStars Hand #238468154134:  Hold'em No Limit ($0.02/$0.05 USD) - 2022/09/06 21:32:22 PT [2022/09/07 0:32:22 ET]
Table 'Susilva' 9-max Seat #8 is the button
Seat 1: imnotliam ($5.66 in chips) 
Seat 2: abobora71 ($4.75 in chips) 
Seat 3: r4yjz248 ($6.88 in chips) 
Seat 4: Dorex2007 ($7.15 in chips) 
Seat 5: webby170 ($8.59 in chips) 
Seat 6: enixblr ($5 in chips) 
Seat 7: BluffOnTable ($5.37 in chips) 
Seat 8: watersofain ($5.87 in chips) 
Seat 9: MOONSP3LL ($1.95 in chips) 
MOONSP3LL: posts small blind $0.02
imnotliam: posts big blind $0.05
*** HOLE CARDS ***
Dealt to Dorex2007 [Kc 4h]
abobora71: raises $0.12 to $0.17
r4yjz248: folds 
Dorex2007: folds 
webby170: folds 
enixblr: folds 
BluffOnTable: folds 
watersofain: folds 
MOONSP3LL: folds 
imnotliam: folds 
Uncalled bet ($0.12) returned to abobora71
abobora71 collected $0.12 from pot
abobora71: doesn't show hand 
*** SUMMARY ***
Total pot $0.12 | Rake $0 
Seat 1: imnotliam (big blind) folded before Flop
Seat 2: abobora71 collected ($0.12)
Seat 3: r4yjz248 folded before Flop (didn't bet)
Seat 4: Dorex2007 folded before Flop (didn't bet)
Seat 5: webby170 folded before Flop (didn't bet)
Seat 6: enixblr folded before Flop (didn't bet)
Seat 7: BluffOnTable folded before Flop (didn't bet)
Seat 8: watersofain (button) folded before Flop (didn't bet)
Seat 9: MOONSP3LL (small blind) folded before Flop



PokerStars Hand #238468156226:  Hold'em No Limit ($0.02/$0.05 USD) - 2022/09/06 21:32:39 PT [2022/09/07 0:32:39 ET]
Table 'Susilva' 9-max Seat #9 is the button
Seat 1: imnotliam ($5.61 in chips) 
Seat 2: abobora71 ($4.82 in chips) 
Seat 3: r4yjz248 ($6.88 in chips) 
Seat 4: Dorex2007 ($7.15 in chips) 
Seat 5: webby170 ($8.59 in chips) 
Seat 6: enixblr ($5 in chips) 
Seat 7: BluffOnTable ($5.37 in chips) 
Seat 8: watersofain ($5.87 in chips) 
Seat 9: MOONSP3LL ($1.93 in chips) 
imnotliam: posts small blind $0.02
abobora71: posts big blind $0.05
*** HOLE CARDS ***
Dealt to Dorex2007 [Ks Qh]
r4yjz248: folds 
Dorex2007: raises $0.10 to $0.15
webby170: folds 
enixblr: folds 
BluffOnTable: folds 
watersofain: folds 
MOONSP3LL: calls $0.15
imnotliam: folds 
abobora71: folds 
*** FLOP *** [Qs 7d Tc]
Dorex2007: bets $0.23
MOONSP3LL: folds 
Uncalled bet ($0.23) returned to Dorex2007
Dorex2007 collected $0.35 from pot
Dorex2007: doesn't show hand 
*** SUMMARY ***
Total pot $0.37 | Rake $0.02 
Board [Qs 7d Tc]
Seat 1: imnotliam (small blind) folded before Flop
Seat 2: abobora71 (big blind) folded before Flop
Seat 3: r4yjz248 folded before Flop (didn't bet)
Seat 4: Dorex2007 collected ($0.35)
Seat 5: webby170 folded before Flop (didn't bet)
Seat 6: enixblr folded before Flop (didn't bet)
Seat 7: BluffOnTable folded before Flop (didn't bet)
Seat 8: watersofain folded before Flop (didn't bet)
Seat 9: MOONSP3LL (button) folded on the Flop



PokerStars Hand #238468160429:  Hold'em No Limit ($0.02/$0.05 USD) - 2022/09/06 21:33:14 PT [2022/09/07 0:33:14 ET]
Table 'Susilva' 9-max Seat #1 is the button
Seat 1: imnotliam ($5.59 in chips) 
Seat 2: abobora71 ($4.77 in chips) 
Seat 3: r4yjz248 ($6.88 in chips) 
Seat 4: Dorex2007 ($7.35 in chips) 
Seat 5: webby170 ($8.59 in chips) 
Seat 6: enixblr ($5 in chips) 
Seat 7: BluffOnTable ($5.37 in chips) 
Seat 8: watersofain ($5.87 in chips) 
Seat 9: MOONSP3LL ($1.78 in chips) 
abobora71: posts small blind $0.02
r4yjz248: posts big blind $0.05
*** HOLE CARDS ***
Dealt to Dorex2007 [6s 4h]
Dorex2007: folds 
webby170: raises $0.06 to $0.11
enixblr: folds 
BluffOnTable: raises $0.54 to $0.65
watersofain: folds 
MOONSP3LL: folds 
imnotliam: folds 
abobora71: folds 
r4yjz248: folds 
webby170: calls $0.54
*** FLOP *** [9d 6h 2d]
webby170: checks 
BluffOnTable: bets $4.72 and is all-in
webby170: folds 
Uncalled bet ($4.72) returned to BluffOnTable
BluffOnTable collected $1.31 from pot
BluffOnTable: doesn't show hand 
*** SUMMARY ***
Total pot $1.37 | Rake $0.06 
Board [9d 6h 2d]
Seat 1: imnotliam (button) folded before Flop (didn't bet)
Seat 2: abobora71 (small blind) folded before Flop
Seat 3: r4yjz248 (big blind) folded before Flop
Seat 4: Dorex2007 folded before Flop (didn't bet)
Seat 5: webby170 folded on the Flop
Seat 6: enixblr folded before Flop (didn't bet)
Seat 7: BluffOnTable collected ($1.31)
Seat 8: watersofain folded before Flop (didn't bet)
Seat 9: MOONSP3LL folded before Flop (didn't bet)



PokerStars Hand #238468164255:  Hold'em No Limit ($0.02/$0.05 USD) - 2022/09/06 21:33:46 PT [2022/09/07 0:33:46 ET]
Table 'Susilva' 9-max Seat #2 is the button
Seat 1: imnotliam ($5.59 in chips) 
Seat 2: abobora71 ($4.75 in chips) 
Seat 3: r4yjz248 ($6.83 in chips) 
Seat 4: Dorex2007 ($7.35 in chips) 
Seat 5: webby170 ($7.94 in chips) 
Seat 6: enixblr ($5 in chips) 
Seat 7: BluffOnTable ($6.03 in chips) 
Seat 8: watersofain ($5.87 in chips) 
Seat 9: MOONSP3LL ($1.78 in chips) 
r4yjz248: posts small blind $0.02
Dorex2007: posts big blind $0.05
*** HOLE CARDS ***
Dealt to Dorex2007 [9s Qh]
webby170: folds 
enixblr: raises $0.07 to $0.12
BluffOnTable: raises $0.53 to $0.65
watersofain: folds 
MOONSP3LL: folds 
imnotliam: folds 
abobora71: folds 
r4yjz248: folds 
Dorex2007: folds 
enixblr: folds 
Uncalled bet ($0.53) returned to BluffOnTable
BluffOnTable collected $0.31 from pot
BluffOnTable: doesn't show hand 
*** SUMMARY ***
Total pot $0.31 | Rake $0 
Seat 1: imnotliam folded before Flop (didn't bet)
Seat 2: abobora71 (button) folded before Flop (didn't bet)
Seat 3: r4yjz248 (small blind) folded before Flop
Seat 4: Dorex2007 (big blind) folded before Flop
Seat 5: webby170 folded before Flop (didn't bet)
Seat 6: enixblr folded before Flop
Seat 7: BluffOnTable collected ($0.31)
Seat 8: watersofain folded before Flop (didn't bet)
Seat 9: MOONSP3LL folded before Flop (didn't bet)



PokerStars Hand #238468167815:  Hold'em No Limit ($0.02/$0.05 USD) - 2022/09/06 21:34:15 PT [2022/09/07 0:34:15 ET]
Table 'Susilva' 9-max Seat #3 is the button
Seat 1: imnotliam ($5.59 in chips) 
Seat 2: abobora71 ($4.75 in chips) 
Seat 3: r4yjz248 ($6.81 in chips) 
Seat 4: Dorex2007 ($7.30 in chips) 
Seat 5: webby170 ($7.94 in chips) 
Seat 6: enixblr ($5 in chips) 
Seat 7: BluffOnTable ($6.22 in chips) 
Seat 8: watersofain ($5.87 in chips) 
Seat 9: MOONSP3LL ($1.78 in chips) 
Dorex2007: posts small blind $0.02
webby170: posts big blind $0.05
*** HOLE CARDS ***
Dealt to Dorex2007 [4c Ah]
enixblr: folds 
BluffOnTable: folds 
watersofain: calls $0.05
MOONSP3LL: folds 
imnotliam: raises $0.10 to $0.15
abobora71: folds 
r4yjz248: folds 
Dorex2007: folds 
webby170: raises $0.10 to $0.25
watersofain: folds 
imnotliam: raises $0.40 to $0.65
webby170: folds 
Uncalled bet ($0.40) returned to imnotliam
imnotliam collected $0.57 from pot
*** SUMMARY ***
Total pot $0.57 | Rake $0 
Seat 1: imnotliam collected ($0.57)
Seat 2: abobora71 folded before Flop (didn't bet)
Seat 3: r4yjz248 (button) folded before Flop (didn't bet)
Seat 4: Dorex2007 (small blind) folded before Flop
Seat 5: webby170 (big blind) folded before Flop
Seat 6: enixblr folded before Flop (didn't bet)
Seat 7: BluffOnTable folded before Flop (didn't bet)
Seat 8: watersofain folded before Flop
Seat 9: MOONSP3LL folded before Flop (didn't bet)



PokerStars Hand #238468170559:  Hold'em No Limit ($0.02/$0.05 USD) - 2022/09/06 21:34:38 PT [2022/09/07 0:34:38 ET]
Table 'Susilva' 9-max Seat #4 is the button
Seat 1: imnotliam ($5.91 in chips) 
Seat 2: abobora71 ($4.75 in chips) 
Seat 3: r4yjz248 ($6.81 in chips) 
Seat 4: Dorex2007 ($7.28 in chips) 
Seat 5: webby170 ($7.69 in chips) 
Seat 6: enixblr ($5 in chips) 
Seat 7: BluffOnTable ($6.22 in chips) 
Seat 8: watersofain ($5.82 in chips) 
Seat 9: MOONSP3LL ($1.78 in chips) 
webby170: posts small blind $0.02
enixblr: posts big blind $0.05
*** HOLE CARDS ***
Dealt to Dorex2007 [Td Ah]
BluffOnTable: raises $0.10 to $0.15
watersofain: folds 
MOONSP3LL: folds 
imnotliam: folds 
abobora71: folds 
r4yjz248: folds 
Dorex2007: calls $0.15
webby170: folds 
enixblr: folds 
*** FLOP *** [8s 5s 5d]
BluffOnTable: bets $0.20
Dorex2007: folds 
Uncalled bet ($0.20) returned to BluffOnTable
BluffOnTable collected $0.35 from pot
BluffOnTable: doesn't show hand 
*** SUMMARY ***
Total pot $0.37 | Rake $0.02 
Board [8s 5s 5d]
Seat 1: imnotliam folded before Flop (didn't bet)
Seat 2: abobora71 folded before Flop (didn't bet)
Seat 3: r4yjz248 folded before Flop (didn't bet)
Seat 4: Dorex2007 (button) folded on the Flop
Seat 5: webby170 (small blind) folded before Flop
Seat 6: enixblr (big blind) folded before Flop
Seat 7: BluffOnTable collected ($0.35)
Seat 8: watersofain folded before Flop (didn't bet)
Seat 9: MOONSP3LL folded before Flop (didn't bet)



PokerStars Hand #238468176325:  Hold'em No Limit ($0.02/$0.05 USD) - 2022/09/06 21:35:27 PT [2022/09/07 0:35:27 ET]
Table 'Susilva' 9-max Seat #5 is the button
Seat 1: imnotliam ($5.91 in chips) 
Seat 2: abobora71 ($4.75 in chips) 
Seat 3: r4yjz248 ($6.81 in chips) 
Seat 4: Dorex2007 ($7.13 in chips) 
Seat 5: webby170 ($7.67 in chips) 
Seat 6: enixblr ($5 in chips) 
Seat 7: BluffOnTable ($6.42 in chips) 
Seat 8: watersofain ($5.82 in chips) 
Seat 9: MOONSP3LL ($1.78 in chips) 
enixblr: posts small blind $0.02
BluffOnTable: posts big blind $0.05
*** HOLE CARDS ***
Dealt to Dorex2007 [Qs 8s]
watersofain: folds 
MOONSP3LL: folds 
watersofain leaves the table
imnotliam: calls $0.05
abobora71: folds 
r4yjz248: folds 
Dorex2007: folds 
webby170: folds 
enixblr: raises $0.25 to $0.30
BluffOnTable: folds 
imnotliam: calls $0.25
*** FLOP *** [9d As 5h]
enixblr: bets $0.55
imnotliam: folds 
Uncalled bet ($0.55) returned to enixblr
enixblr collected $0.62 from pot
enixblr: doesn't show hand 
*** SUMMARY ***
Total pot $0.65 | Rake $0.03 
Board [9d As 5h]
Seat 1: imnotliam folded on the Flop
Seat 2: abobora71 folded before Flop (didn't bet)
Seat 3: r4yjz248 folded before Flop (didn't bet)
Seat 4: Dorex2007 folded before Flop (didn't bet)
Seat 5: webby170 (button) folded before Flop (didn't bet)
Seat 6: enixblr (small blind) collected ($0.62)
Seat 7: BluffOnTable (big blind) folded before Flop
Seat 8: watersofain folded before Flop (didn't bet)
Seat 9: MOONSP3LL folded before Flop (didn't bet)



PokerStars Hand #238468180526:  Hold'em No Limit ($0.02/$0.05 USD) - 2022/09/06 21:36:01 PT [2022/09/07 0:36:01 ET]
Table 'Susilva' 9-max Seat #6 is the button
Seat 1: imnotliam ($5.61 in chips) 
Seat 2: abobora71 ($4.75 in chips) 
Seat 3: r4yjz248 ($6.81 in chips) 
Seat 4: Dorex2007 ($7.13 in chips) 
Seat 5: webby170 ($7.67 in chips) 
Seat 6: enixblr ($5.32 in chips) 
Seat 7: BluffOnTable ($6.37 in chips) 
Seat 9: MOONSP3LL ($1.78 in chips) 
BluffOnTable: posts small blind $0.02
MOONSP3LL: posts big blind $0.05
*** HOLE CARDS ***
Dealt to Dorex2007 [Ac 9h]
imnotliam: folds 
abobora71: folds 
r4yjz248: folds 
Dorex2007: folds 
webby170: folds 
enixblr: raises $0.07 to $0.12
BluffOnTable: folds 
rebelk66 joins the table at seat #8 
MOONSP3LL: calls $0.07
*** FLOP *** [8h 5c 3c]
MOONSP3LL: checks 
enixblr: bets $0.17
MOONSP3LL: folds 
Uncalled bet ($0.17) returned to enixblr
enixblr collected $0.25 from pot
enixblr: doesn't show hand 
*** SUMMARY ***
Total pot $0.26 | Rake $0.01 
Board [8h 5c 3c]
Seat 1: imnotliam folded before Flop (didn't bet)
Seat 2: abobora71 folded before Flop (didn't bet)
Seat 3: r4yjz248 folded before Flop (didn't bet)
Seat 4: Dorex2007 folded before Flop (didn't bet)
Seat 5: webby170 folded before Flop (didn't bet)
Seat 6: enixblr (button) collected ($0.25)
Seat 7: BluffOnTable (small blind) folded before Flop
Seat 9: MOONSP3LL (big blind) folded on the Flop



PokerStars Hand #238468184936:  Hold'em No Limit ($0.02/$0.05 USD) - 2022/09/06 21:36:38 PT [2022/09/07 0:36:38 ET]
Table 'Susilva' 9-max Seat #7 is the button
Seat 1: imnotliam ($5.61 in chips) 
Seat 2: abobora71 ($4.75 in chips) 
Seat 3: r4yjz248 ($6.81 in chips) 
Seat 4: Dorex2007 ($7.13 in chips) 
Seat 5: webby170 ($7.67 in chips) 
Seat 6: enixblr ($5.45 in chips) 
Seat 7: BluffOnTable ($6.35 in chips) 
Seat 9: MOONSP3LL ($1.66 in chips) 
MOONSP3LL: posts small blind $0.02
imnotliam: posts big blind $0.05
*** HOLE CARDS ***
Dealt to Dorex2007 [5h Th]
abobora71: raises $0.12 to $0.17
r4yjz248: calls $0.17
Dorex2007: folds 
webby170: folds 
enixblr: folds 
BluffOnTable: folds 
MOONSP3LL: folds 
imnotliam: folds 
*** FLOP *** [5s 8c 4h]
abobora71: bets $0.26
r4yjz248: calls $0.26
*** TURN *** [5s 8c 4h] [Qh]
abobora71: bets $0.67
r4yjz248: calls $0.67
*** RIVER *** [5s 8c 4h Qh] [5d]
abobora71: bets $1.64
r4yjz248: calls $1.64
*** SHOW DOWN ***
abobora71: shows [Ad Ah] (two pair, Aces and Fives)
r4yjz248: mucks hand 
abobora71 collected $5.32 from pot
*** SUMMARY ***
Total pot $5.55 | Rake $0.23 
Board [5s 8c 4h Qh 5d]
Seat 1: imnotliam (big blind) folded before Flop
Seat 2: abobora71 showed [Ad Ah] and won ($5.32) with two pair, Aces and Fives
Seat 3: r4yjz248 mucked [9d 9c]
Seat 4: Dorex2007 folded before Flop (didn't bet)
Seat 5: webby170 folded before Flop (didn't bet)
Seat 6: enixblr folded before Flop (didn't bet)
Seat 7: BluffOnTable (button) folded before Flop (didn't bet)
Seat 9: MOONSP3LL (small blind) folded before Flop



PokerStars Hand #238468189258:  Hold'em No Limit ($0.02/$0.05 USD) - 2022/09/06 21:37:14 PT [2022/09/07 0:37:14 ET]
Table 'Susilva' 9-max Seat #9 is the button
Seat 1: imnotliam ($5.56 in chips) 
Seat 2: abobora71 ($7.33 in chips) 
Seat 3: r4yjz248 ($4.07 in chips) 
Seat 4: Dorex2007 ($7.13 in chips) 
Seat 5: webby170 ($7.67 in chips) 
Seat 6: enixblr ($5.45 in chips) 
Seat 7: BluffOnTable ($6.35 in chips) 
Seat 8: rebelk66 ($3.43 in chips) 
Seat 9: MOONSP3LL ($1.64 in chips) 
imnotliam: posts small blind $0.02
abobora71: posts big blind $0.05
rebelk66: posts big blind $0.05
*** HOLE CARDS ***
Dealt to Dorex2007 [7h 7c]
r4yjz248: raises $0.10 to $0.15
Dorex2007: calls $0.15
webby170: folds 
enixblr: folds 
BluffOnTable: folds 
rebelk66: calls $0.10
MOONSP3LL: folds 
imnotliam: folds 
abobora71: folds 
*** FLOP *** [2s 4d Ks]
r4yjz248: checks 
Dorex2007: checks 
rebelk66: checks 
*** TURN *** [2s 4d Ks] [4s]
r4yjz248: checks 
Dorex2007: checks 
rebelk66: bets $0.25
r4yjz248: folds 
Dorex2007: folds 
Uncalled bet ($0.25) returned to rebelk66
rebelk66 collected $0.50 from pot
*** SUMMARY ***
Total pot $0.52 | Rake $0.02 
Board [2s 4d Ks 4s]
Seat 1: imnotliam (small blind) folded before Flop
Seat 2: abobora71 (big blind) folded before Flop
Seat 3: r4yjz248 folded on the Turn
Seat 4: Dorex2007 folded on the Turn
Seat 5: webby170 folded before Flop (didn't bet)
Seat 6: enixblr folded before Flop (didn't bet)
Seat 7: BluffOnTable folded before Flop (didn't bet)
Seat 8: rebelk66 collected ($0.50)
Seat 9: MOONSP3LL (button) folded before Flop (didn't bet)



PokerStars Hand #238468197185:  Hold'em No Limit ($0.02/$0.05 USD) - 2022/09/06 21:38:20 PT [2022/09/07 0:38:20 ET]
Table 'Susilva' 9-max Seat #1 is the button
Seat 1: imnotliam ($5.54 in chips) 
Seat 2: abobora71 ($7.28 in chips) 
Seat 3: r4yjz248 ($3.92 in chips) 
Seat 4: Dorex2007 ($6.98 in chips) 
Seat 5: webby170 ($7.67 in chips) 
Seat 6: enixblr ($5.45 in chips) 
Seat 7: BluffOnTable ($6.35 in chips) 
Seat 8: rebelk66 ($3.78 in chips) 
Seat 9: MOONSP3LL ($1.64 in chips) 
abobora71: posts small blind $0.02
r4yjz248: posts big blind $0.05
*** HOLE CARDS ***
Dealt to Dorex2007 [3s 5d]
Dorex2007: folds 
webby170: folds 
enixblr: folds 
BluffOnTable: folds 
rebelk66: folds 
MOONSP3LL: folds 
imnotliam: raises $0.05 to $0.10
abobora71: folds 
r4yjz248: calls $0.05
*** FLOP *** [2h 6c Th]
r4yjz248: checks 
imnotliam: bets $0.10
r4yjz248: folds 
Uncalled bet ($0.10) returned to imnotliam
imnotliam collected $0.21 from pot
*** SUMMARY ***
Total pot $0.22 | Rake $0.01 
Board [2h 6c Th]
Seat 1: imnotliam (button) collected ($0.21)
Seat 2: abobora71 (small blind) folded before Flop
Seat 3: r4yjz248 (big blind) folded on the Flop
Seat 4: Dorex2007 folded before Flop (didn't bet)
Seat 5: webby170 folded before Flop (didn't bet)
Seat 6: enixblr folded before Flop (didn't bet)
Seat 7: BluffOnTable folded before Flop (didn't bet)
Seat 8: rebelk66 folded before Flop (didn't bet)
Seat 9: MOONSP3LL folded before Flop (didn't bet)



PokerStars Hand #238468202483:  Hold'em No Limit ($0.02/$0.05 USD) - 2022/09/06 21:39:04 PT [2022/09/07 0:39:04 ET]
Table 'Susilva' 9-max Seat #2 is the button
Seat 1: imnotliam ($5.65 in chips) 
Seat 2: abobora71 ($7.26 in chips) 
Seat 3: r4yjz248 ($3.82 in chips) 
Seat 4: Dorex2007 ($6.98 in chips) 
Seat 5: webby170 ($7.67 in chips) 
Seat 6: enixblr ($5.45 in chips) 
Seat 7: BluffOnTable ($6.35 in chips) 
Seat 8: rebelk66 ($3.78 in chips) 
Seat 9: MOONSP3LL ($1.64 in chips) 
r4yjz248: posts small blind $0.02
Dorex2007: posts big blind $0.05
*** HOLE CARDS ***
Dealt to Dorex2007 [6s Js]
webby170: raises $0.06 to $0.11
enixblr has timed out
enixblr: folds 
BluffOnTable: folds 
rebelk66: folds 
MOONSP3LL: raises $0.29 to $0.40
imnotliam: folds 
abobora71: folds 
r4yjz248: folds 
Dorex2007: folds 
webby170: calls $0.29
*** FLOP *** [8h 3d 7d]
webby170: checks 
MOONSP3LL: bets $0.55
webby170: folds 
Uncalled bet ($0.55) returned to MOONSP3LL
MOONSP3LL collected $0.82 from pot
MOONSP3LL: doesn't show hand 
*** SUMMARY ***
Total pot $0.87 | Rake $0.05 
Board [8h 3d 7d]
Seat 1: imnotliam folded before Flop (didn't bet)
Seat 2: abobora71 (button) folded before Flop (didn't bet)
Seat 3: r4yjz248 (small blind) folded before Flop
Seat 4: Dorex2007 (big blind) folded before Flop
Seat 5: webby170 folded on the Flop
Seat 6: enixblr folded before Flop (didn't bet)
Seat 7: BluffOnTable folded before Flop (didn't bet)
Seat 8: rebelk66 folded before Flop (didn't bet)
Seat 9: MOONSP3LL collected ($0.82)



PokerStars Hand #238468208588:  Hold'em No Limit ($0.02/$0.05 USD) - 2022/09/06 21:39:55 PT [2022/09/07 0:39:55 ET]
Table 'Susilva' 9-max Seat #3 is the button
Seat 1: imnotliam ($5.65 in chips) 
Seat 2: abobora71 ($7.26 in chips) 
Seat 3: r4yjz248 ($3.80 in chips) 
Seat 4: Dorex2007 ($6.93 in chips) 
Seat 5: webby170 ($7.27 in chips) 
Seat 6: enixblr ($5.45 in chips) 
Seat 7: BluffOnTable ($6.35 in chips) 
Seat 8: rebelk66 ($3.78 in chips) 
Seat 9: MOONSP3LL ($2.06 in chips) 
Dorex2007: posts small blind $0.02
webby170: posts big blind $0.05
*** HOLE CARDS ***
Dealt to Dorex2007 [8d As]
enixblr: raises $0.07 to $0.12
BluffOnTable: folds 
rebelk66: folds 
MOONSP3LL: folds 
imnotliam: folds 
abobora71: folds 
r4yjz248: folds 
Dorex2007: folds 
webby170: calls $0.07
*** FLOP *** [Kc 6h 9d]
webby170: checks 
enixblr: checks 
*** TURN *** [Kc 6h 9d] [Td]
webby170: checks 
enixblr: checks 
*** RIVER *** [Kc 6h 9d Td] [Ks]
webby170: bets $0.12
enixblr: folds 
Uncalled bet ($0.12) returned to webby170
webby170 collected $0.25 from pot
*** SUMMARY ***
Total pot $0.26 | Rake $0.01 
Board [Kc 6h 9d Td Ks]
Seat 1: imnotliam folded before Flop (didn't bet)
Seat 2: abobora71 folded before Flop (didn't bet)
Seat 3: r4yjz248 (button) folded before Flop (didn't bet)
Seat 4: Dorex2007 (small blind) folded before Flop
Seat 5: webby170 (big blind) collected ($0.25)
Seat 6: enixblr folded on the River
Seat 7: BluffOnTable folded before Flop (didn't bet)
Seat 8: rebelk66 folded before Flop (didn't bet)
Seat 9: MOONSP3LL folded before Flop (didn't bet)



PokerStars Hand #238468214968:  Hold'em No Limit ($0.02/$0.05 USD) - 2022/09/06 21:40:48 PT [2022/09/07 0:40:48 ET]
Table 'Susilva' 9-max Seat #4 is the button
Seat 1: imnotliam ($5.65 in chips) 
Seat 2: abobora71 ($7.26 in chips) 
Seat 3: r4yjz248 ($3.80 in chips) 
Seat 4: Dorex2007 ($6.91 in chips) 
Seat 5: webby170 ($7.40 in chips) 
Seat 6: enixblr ($5.33 in chips) 
Seat 7: BluffOnTable ($6.35 in chips) 
Seat 8: rebelk66 ($3.78 in chips) 
Seat 9: MOONSP3LL ($2.06 in chips) 
webby170: posts small blind $0.02
enixblr: posts big blind $0.05
*** HOLE CARDS ***
Dealt to Dorex2007 [4d Jc]
BluffOnTable: folds 
rebelk66: folds 
MOONSP3LL: folds 
imnotliam: calls $0.05
abobora71: folds 
r4yjz248: folds 
Dorex2007: folds 
webby170: calls $0.03
enixblr: checks 
*** FLOP *** [9h Kc Ts]
webby170: checks 
enixblr: checks 
imnotliam: checks 
*** TURN *** [9h Kc Ts] [7s]
webby170: checks 
enixblr: checks 
imnotliam: bets $0.05
webby170: raises $0.07 to $0.12
enixblr: folds 
imnotliam: folds 
Uncalled bet ($0.07) returned to webby170
webby170 collected $0.24 from pot
*** SUMMARY ***
Total pot $0.25 | Rake $0.01 
Board [9h Kc Ts 7s]
Seat 1: imnotliam folded on the Turn
Seat 2: abobora71 folded before Flop (didn't bet)
Seat 3: r4yjz248 folded before Flop (didn't bet)
Seat 4: Dorex2007 (button) folded before Flop (didn't bet)
Seat 5: webby170 (small blind) collected ($0.24)
Seat 6: enixblr (big blind) folded on the Turn
Seat 7: BluffOnTable folded before Flop (didn't bet)
Seat 8: rebelk66 folded before Flop (didn't bet)
Seat 9: MOONSP3LL folded before Flop (didn't bet)



PokerStars Hand #238468223417:  Hold'em No Limit ($0.02/$0.05 USD) - 2022/09/06 21:42:00 PT [2022/09/07 0:42:00 ET]
Table 'Susilva' 9-max Seat #5 is the button
Seat 1: imnotliam ($5.55 in chips) 
Seat 2: abobora71 ($7.26 in chips) 
Seat 3: r4yjz248 ($3.80 in chips) 
Seat 4: Dorex2007 ($6.91 in chips) 
Seat 5: webby170 ($7.54 in chips) 
Seat 6: enixblr ($5.28 in chips) 
Seat 7: BluffOnTable ($6.35 in chips) 
Seat 8: rebelk66 ($3.78 in chips) 
Seat 9: MOONSP3LL ($2.06 in chips) 
enixblr: posts small blind $0.02
BluffOnTable: posts big blind $0.05
*** HOLE CARDS ***
Dealt to Dorex2007 [Ad 4s]
rebelk66: folds 
MOONSP3LL: raises $0.10 to $0.15
imnotliam: folds 
abobora71: folds 
r4yjz248: folds 
Dorex2007: folds 
webby170: folds 
enixblr: folds 
BluffOnTable: folds 
Uncalled bet ($0.10) returned to MOONSP3LL
MOONSP3LL collected $0.12 from pot
MOONSP3LL: doesn't show hand 
*** SUMMARY ***
Total pot $0.12 | Rake $0 
Seat 1: imnotliam folded before Flop (didn't bet)
Seat 2: abobora71 folded before Flop (didn't bet)
Seat 3: r4yjz248 folded before Flop (didn't bet)
Seat 4: Dorex2007 folded before Flop (didn't bet)
Seat 5: webby170 (button) folded before Flop (didn't bet)
Seat 6: enixblr (small blind) folded before Flop
Seat 7: BluffOnTable (big blind) folded before Flop
Seat 8: rebelk66 folded before Flop (didn't bet)
Seat 9: MOONSP3LL collected ($0.12)



PokerStars Hand #238468228231:  Hold'em No Limit ($0.02/$0.05 USD) - 2022/09/06 21:42:40 PT [2022/09/07 0:42:40 ET]
Table 'Susilva' 9-max Seat #6 is the button
Seat 1: imnotliam ($5.55 in chips) 
Seat 2: abobora71 ($7.26 in chips) 
Seat 3: r4yjz248 ($3.80 in chips) 
Seat 4: Dorex2007 ($6.91 in chips) 
Seat 5: webby170 ($7.54 in chips) 
Seat 6: enixblr ($5.26 in chips) 
Seat 7: BluffOnTable ($6.30 in chips) 
Seat 8: rebelk66 ($3.78 in chips) 
Seat 9: MOONSP3LL ($2.13 in chips) 
BluffOnTable: posts small blind $0.02
rebelk66: posts big blind $0.05
*** HOLE CARDS ***
Dealt to Dorex2007 [Qs 5h]
MOONSP3LL: folds 
imnotliam: folds 
abobora71: folds 
r4yjz248: raises $0.10 to $0.15
Dorex2007: folds 
webby170: folds 
enixblr: folds 
BluffOnTable: folds 
rebelk66: calls $0.10
*** FLOP *** [2s Tc Ts]
rebelk66: checks 
r4yjz248: bets $0.15
rebelk66: calls $0.15
*** TURN *** [2s Tc Ts] [Ad]
rebelk66: checks 
r4yjz248: bets $0.29
rebelk66: calls $0.29
*** RIVER *** [2s Tc Ts Ad] [Td]
rebelk66: checks 
r4yjz248: bets $0.60
rebelk66: calls $0.60
*** SHOW DOWN ***
r4yjz248: shows [9s Js] (three of a kind, Tens)
rebelk66: shows [2c As] (a full house, Tens full of Aces)
rebelk66 collected $2.30 from pot
*** SUMMARY ***
Total pot $2.40 | Rake $0.10 
Board [2s Tc Ts Ad Td]
Seat 1: imnotliam folded before Flop (didn't bet)
Seat 2: abobora71 folded before Flop (didn't bet)
Seat 3: r4yjz248 showed [9s Js] and lost with three of a kind, Tens
Seat 4: Dorex2007 folded before Flop (didn't bet)
Seat 5: webby170 folded before Flop (didn't bet)
Seat 6: enixblr (button) folded before Flop (didn't bet)
Seat 7: BluffOnTable (small blind) folded before Flop
Seat 8: rebelk66 (big blind) showed [2c As] and won ($2.30) with a full house, Tens full of Aces
Seat 9: MOONSP3LL folded before Flop (didn't bet)



PokerStars Hand #238468237892:  Hold'em No Limit ($0.02/$0.05 USD) - 2022/09/06 21:44:02 PT [2022/09/07 0:44:02 ET]
Table 'Susilva' 9-max Seat #7 is the button
Seat 1: imnotliam ($5.55 in chips) 
Seat 2: abobora71 ($7.26 in chips) 
Seat 3: r4yjz248 ($2.61 in chips) 
Seat 4: Dorex2007 ($6.91 in chips) 
Seat 5: webby170 ($7.54 in chips) 
Seat 6: enixblr ($5.26 in chips) 
Seat 7: BluffOnTable ($6.28 in chips) 
Seat 8: rebelk66 ($4.89 in chips) 
Seat 9: MOONSP3LL ($2.13 in chips) 
rebelk66: posts small blind $0.02
MOONSP3LL: posts big blind $0.05
*** HOLE CARDS ***
Dealt to Dorex2007 [5h Qh]
imnotliam: folds 
abobora71: folds 
r4yjz248: folds 
Dorex2007: folds 
webby170: folds 
enixblr: folds 
BluffOnTable: folds 
rebelk66: folds 
Uncalled bet ($0.03) returned to MOONSP3LL
MOONSP3LL collected $0.04 from pot
MOONSP3LL: doesn't show hand 
*** SUMMARY ***
Total pot $0.04 | Rake $0 
Seat 1: imnotliam folded before Flop (didn't bet)
Seat 2: abobora71 folded before Flop (didn't bet)
Seat 3: r4yjz248 folded before Flop (didn't bet)
Seat 4: Dorex2007 folded before Flop (didn't bet)
Seat 5: webby170 folded before Flop (didn't bet)
Seat 6: enixblr folded before Flop (didn't bet)
Seat 7: BluffOnTable (button) folded before Flop (didn't bet)
Seat 8: rebelk66 (small blind) folded before Flop
Seat 9: MOONSP3LL (big blind) collected ($0.04)



PokerStars Hand #238468240406:  Hold'em No Limit ($0.02/$0.05 USD) - 2022/09/06 21:44:25 PT [2022/09/07 0:44:25 ET]
Table 'Susilva' 9-max Seat #8 is the button
Seat 1: imnotliam ($5.55 in chips) 
Seat 2: abobora71 ($7.26 in chips) 
Seat 3: r4yjz248 ($2.61 in chips) 
Seat 4: Dorex2007 ($6.91 in chips) 
Seat 5: webby170 ($7.54 in chips) 
Seat 6: enixblr ($5.26 in chips) 
Seat 7: BluffOnTable ($6.28 in chips) 
Seat 8: rebelk66 ($4.87 in chips) 
Seat 9: MOONSP3LL ($2.15 in chips) 
MOONSP3LL: posts small blind $0.02
imnotliam: posts big blind $0.05
*** HOLE CARDS ***
Dealt to Dorex2007 [6s 3h]
abobora71: folds 
r4yjz248: folds 
Dorex2007: folds 
webby170: folds 
enixblr has timed out
enixblr: folds 
BluffOnTable: folds 
rebelk66: folds 
MOONSP3LL: raises $0.10 to $0.15
imnotliam: calls $0.10
*** FLOP *** [6c 4d 6h]
MOONSP3LL: bets $0.10
imnotliam: calls $0.10
*** TURN *** [6c 4d 6h] [Ac]
MOONSP3LL: bets $0.30
imnotliam: calls $0.30
*** RIVER *** [6c 4d 6h Ac] [7s]
MOONSP3LL: bets $0.53
imnotliam: raises $4.47 to $5 and is all-in
MOONSP3LL: folds 
Uncalled bet ($4.47) returned to imnotliam
imnotliam collected $2.07 from pot
*** SUMMARY ***
Total pot $2.16 | Rake $0.09 
Board [6c 4d 6h Ac 7s]
Seat 1: imnotliam (big blind) collected ($2.07)
Seat 2: abobora71 folded before Flop (didn't bet)
Seat 3: r4yjz248 folded before Flop (didn't bet)
Seat 4: Dorex2007 folded before Flop (didn't bet)
Seat 5: webby170 folded before Flop (didn't bet)
Seat 6: enixblr folded before Flop (didn't bet)
Seat 7: BluffOnTable folded before Flop (didn't bet)
Seat 8: rebelk66 (button) folded before Flop (didn't bet)
Seat 9: MOONSP3LL (small blind) folded on the River



PokerStars Hand #238468248490:  Hold'em No Limit ($0.02/$0.05 USD) - 2022/09/06 21:45:34 PT [2022/09/07 0:45:34 ET]
Table 'Susilva' 9-max Seat #9 is the button
Seat 1: imnotliam ($6.54 in chips) 
Seat 2: abobora71 ($7.26 in chips) 
Seat 3: r4yjz248 ($2.61 in chips) 
Seat 4: Dorex2007 ($6.91 in chips) 
Seat 5: webby170 ($7.54 in chips) 
Seat 6: enixblr ($5.26 in chips) 
Seat 7: BluffOnTable ($6.28 in chips) 
Seat 8: rebelk66 ($4.87 in chips) 
Seat 9: MOONSP3LL ($1.07 in chips) 
imnotliam: posts small blind $0.02
abobora71: posts big blind $0.05
*** HOLE CARDS ***
Dealt to Dorex2007 [Js 9d]
r4yjz248: folds 
Dorex2007: folds 
r4yjz248 leaves the table
webby170: folds 
eclihan joins the table at seat #3 
enixblr: folds 
BluffOnTable: folds 
rebelk66: raises $0.05 to $0.10
MOONSP3LL: folds 
imnotliam: folds 
abobora71: folds 
Uncalled bet ($0.05) returned to rebelk66
rebelk66 collected $0.12 from pot
*** SUMMARY ***
Total pot $0.12 | Rake $0 
Seat 1: imnotliam (small blind) folded before Flop
Seat 2: abobora71 (big blind) folded before Flop
Seat 3: r4yjz248 folded before Flop (didn't bet)
Seat 4: Dorex2007 folded before Flop (didn't bet)
Seat 5: webby170 folded before Flop (didn't bet)
Seat 6: enixblr folded before Flop (didn't bet)
Seat 7: BluffOnTable folded before Flop (didn't bet)
Seat 8: rebelk66 collected ($0.12)
Seat 9: MOONSP3LL (button) folded before Flop (didn't bet)



PokerStars Hand #238468252034:  Hold'em No Limit ($0.02/$0.05 USD) - 2022/09/06 21:46:05 PT [2022/09/07 0:46:05 ET]
Table 'Susilva' 9-max Seat #1 is the button
Seat 1: imnotliam ($6.52 in chips) 
Seat 2: abobora71 ($7.21 in chips) 
Seat 3: eclihan ($5 in chips) 
Seat 4: Dorex2007 ($6.91 in chips) 
Seat 5: webby170 ($7.54 in chips) 
Seat 6: enixblr ($5.26 in chips) 
Seat 7: BluffOnTable ($6.28 in chips) 
Seat 8: rebelk66 ($4.94 in chips) 
Seat 9: MOONSP3LL ($1.07 in chips) 
abobora71: posts small blind $0.02
eclihan: posts big blind $0.05
*** HOLE CARDS ***
Dealt to Dorex2007 [Ks Ts]
Dorex2007: raises $0.10 to $0.15
webby170: folds 
enixblr: folds 
BluffOnTable: folds 
rebelk66: folds 
MOONSP3LL: folds 
imnotliam: folds 
abobora71: folds 
eclihan: folds 
Uncalled bet ($0.10) returned to Dorex2007
rebelk66 is disconnected 
Dorex2007 collected $0.12 from pot
Dorex2007: doesn't show hand 
*** SUMMARY ***
Total pot $0.12 | Rake $0 
Seat 1: imnotliam (button) folded before Flop (didn't bet)
Seat 2: abobora71 (small blind) folded before Flop
Seat 3: eclihan (big blind) folded before Flop
Seat 4: Dorex2007 collected ($0.12)
Seat 5: webby170 folded before Flop (didn't bet)
Seat 6: enixblr folded before Flop (didn't bet)
Seat 7: BluffOnTable folded before Flop (didn't bet)
Seat 8: rebelk66 folded before Flop (didn't bet)
Seat 9: MOONSP3LL folded before Flop (didn't bet)



PokerStars Hand #238468255924:  Hold'em No Limit ($0.02/$0.05 USD) - 2022/09/06 21:46:39 PT [2022/09/07 0:46:39 ET]
Table 'Susilva' 9-max Seat #2 is the button
Seat 1: imnotliam ($6.52 in chips) 
Seat 2: abobora71 ($7.19 in chips) 
Seat 3: eclihan ($5 in chips) 
Seat 4: Dorex2007 ($6.98 in chips) 
Seat 5: webby170 ($7.54 in chips) 
Seat 6: enixblr ($5.26 in chips) 
Seat 7: BluffOnTable ($6.28 in chips) 
Seat 8: rebelk66 ($4.94 in chips) 
eclihan: posts small blind $0.02
Dorex2007: posts big blind $0.05
*** HOLE CARDS ***
Dealt to Dorex2007 [9s 8c]
webby170: folds 
enixblr: raises $0.07 to $0.12
BluffOnTable: folds 
rebelk66: folds 
imnotliam: calls $0.12
abobora71: folds 
eclihan: folds 
Dorex2007: folds 
*** FLOP *** [3c Jd 7s]
enixblr: bets $0.20
imnotliam: folds 
Uncalled bet ($0.20) returned to enixblr
enixblr collected $0.30 from pot
enixblr: doesn't show hand 
*** SUMMARY ***
Total pot $0.31 | Rake $0.01 
Board [3c Jd 7s]
Seat 1: imnotliam folded on the Flop
Seat 2: abobora71 (button) folded before Flop (didn't bet)
Seat 3: eclihan (small blind) folded before Flop
Seat 4: Dorex2007 (big blind) folded before Flop
Seat 5: webby170 folded before Flop (didn't bet)
Seat 6: enixblr collected ($0.30)
Seat 7: BluffOnTable folded before Flop (didn't bet)
Seat 8: rebelk66 folded before Flop (didn't bet)



PokerStars Hand #238468260797:  Hold'em No Limit ($0.02/$0.05 USD) - 2022/09/06 21:47:20 PT [2022/09/07 0:47:20 ET]
Table 'Susilva' 9-max Seat #3 is the button
Seat 1: imnotliam ($6.40 in chips) 
Seat 2: abobora71 ($7.19 in chips) 
Seat 3: eclihan ($5 in chips) 
Seat 4: Dorex2007 ($6.93 in chips) 
Seat 5: webby170 ($7.54 in chips) 
Seat 6: enixblr ($5.44 in chips) 
Seat 7: BluffOnTable ($6.28 in chips) 
Seat 8: rebelk66 ($4.94 in chips) 
Dorex2007: posts small blind $0.02
webby170: posts big blind $0.05
*** HOLE CARDS ***
Dealt to Dorex2007 [8c 6c]
enixblr: folds 
BluffOnTable: folds 
rebelk66: calls $0.05
imnotliam: folds 
abobora71: folds 
eclihan: folds 
Dorex2007: folds 
webby170: checks 
*** FLOP *** [5c Kh Qc]
webby170: checks 
rebelk66: checks 
*** TURN *** [5c Kh Qc] [2s]
webby170: checks 
rebelk66: bets $0.06
webby170: folds 
Uncalled bet ($0.06) returned to rebelk66
rebelk66 collected $0.12 from pot
*** SUMMARY ***
Total pot $0.12 | Rake $0 
Board [5c Kh Qc 2s]
Seat 1: imnotliam folded before Flop (didn't bet)
Seat 2: abobora71 folded before Flop (didn't bet)
Seat 3: eclihan (button) folded before Flop (didn't bet)
Seat 4: Dorex2007 (small blind) folded before Flop
Seat 5: webby170 (big blind) folded on the Turn
Seat 6: enixblr folded before Flop (didn't bet)
Seat 7: BluffOnTable folded before Flop (didn't bet)
Seat 8: rebelk66 collected ($0.12)



PokerStars Hand #238468265283:  Hold'em No Limit ($0.02/$0.05 USD) - 2022/09/06 21:47:59 PT [2022/09/07 0:47:59 ET]
Table 'Susilva' 9-max Seat #4 is the button
Seat 1: imnotliam ($6.40 in chips) 
Seat 2: abobora71 ($7.19 in chips) 
Seat 3: eclihan ($5 in chips) 
Seat 4: Dorex2007 ($6.91 in chips) 
Seat 5: webby170 ($7.49 in chips) 
Seat 6: enixblr ($5.44 in chips) 
Seat 7: BluffOnTable ($6.28 in chips) 
Seat 8: rebelk66 ($5.01 in chips) 
webby170: posts small blind $0.02
enixblr: posts big blind $0.05
*** HOLE CARDS ***
Dealt to Dorex2007 [Ah Js]
BluffOnTable: raises $0.10 to $0.15
rebelk66: folds 
imnotliam: folds 
abobora71: folds 
eclihan: folds 
Dorex2007: calls $0.15
webby170: calls $0.13
enixblr: calls $0.10
*** FLOP *** [Qs 7c Qc]
webby170: checks 
enixblr: checks 
BluffOnTable: checks 
Dorex2007: checks 
*** TURN *** [Qs 7c Qc] [6c]
webby170: checks 
enixblr: bets $0.45
BluffOnTable: folds 
Dorex2007: folds 
webby170: folds 
Uncalled bet ($0.45) returned to enixblr
enixblr collected $0.58 from pot
enixblr: doesn't show hand 
*** SUMMARY ***
Total pot $0.60 | Rake $0.02 
Board [Qs 7c Qc 6c]
Seat 1: imnotliam folded before Flop (didn't bet)
Seat 2: abobora71 folded before Flop (didn't bet)
Seat 3: eclihan folded before Flop (didn't bet)
Seat 4: Dorex2007 (button) folded on the Turn
Seat 5: webby170 (small blind) folded on the Turn
Seat 6: enixblr (big blind) collected ($0.58)
Seat 7: BluffOnTable folded on the Turn
Seat 8: rebelk66 folded before Flop (didn't bet)



PokerStars Hand #238468274122:  Hold'em No Limit ($0.02/$0.05 USD) - 2022/09/06 21:49:16 PT [2022/09/07 0:49:16 ET]
Table 'Susilva' 9-max Seat #5 is the button
Seat 1: imnotliam ($6.40 in chips) 
Seat 2: abobora71 ($7.19 in chips) 
Seat 3: eclihan ($5 in chips) 
Seat 4: Dorex2007 ($6.76 in chips) 
Seat 5: webby170 ($7.34 in chips) 
Seat 6: enixblr ($5.87 in chips) 
Seat 7: BluffOnTable ($6.13 in chips) 
Seat 8: rebelk66 ($5.01 in chips) 
enixblr: posts small blind $0.02
BluffOnTable: posts big blind $0.05
*** HOLE CARDS ***
Dealt to Dorex2007 [8h 5h]
rebelk66: raises $0.05 to $0.10
imnotliam: folds 
abobora71: raises $0.07 to $0.17
eclihan: folds 
Dorex2007: folds 
webby170: folds 
enixblr: folds 
BluffOnTable: folds 
rebelk66: calls $0.07
*** FLOP *** [Qc 5s 2s]
rebelk66: checks 
abobora71: checks 
*** TURN *** [Qc 5s 2s] [6c]
rebelk66: checks 
abobora71: bets $0.13
rebelk66: calls $0.13
*** RIVER *** [Qc 5s 2s 6c] [4s]
rebelk66: checks 
abobora71: checks 
*** SHOW DOWN ***
rebelk66: shows [4d Ad] (a pair of Fours)
abobora71: mucks hand 
rebelk66 collected $0.64 from pot
*** SUMMARY ***
Total pot $0.67 | Rake $0.03 
Board [Qc 5s 2s 6c 4s]
Seat 1: imnotliam folded before Flop (didn't bet)
Seat 2: abobora71 mucked [Kh As]
Seat 3: eclihan folded before Flop (didn't bet)
Seat 4: Dorex2007 folded before Flop (didn't bet)
Seat 5: webby170 (button) folded before Flop (didn't bet)
Seat 6: enixblr (small blind) folded before Flop
Seat 7: BluffOnTable (big blind) folded before Flop
Seat 8: rebelk66 showed [4d Ad] and won ($0.64) with a pair of Fours



PokerStars Hand #238468280114:  Hold'em No Limit ($0.02/$0.05 USD) - 2022/09/06 21:50:07 PT [2022/09/07 0:50:07 ET]
Table 'Susilva' 9-max Seat #6 is the button
Seat 1: imnotliam ($6.40 in chips) 
Seat 2: abobora71 ($6.89 in chips) 
Seat 3: eclihan ($5 in chips) 
Seat 4: Dorex2007 ($6.76 in chips) 
Seat 5: webby170 ($7.34 in chips) 
Seat 6: enixblr ($5.85 in chips) 
Seat 7: BluffOnTable ($6.08 in chips) 
Seat 8: rebelk66 ($5.35 in chips) 
BluffOnTable: posts small blind $0.02
rebelk66: posts big blind $0.05
*** HOLE CARDS ***
Dealt to Dorex2007 [8c Jh]
imnotliam: folds 
abobora71: folds 
eclihan: raises $0.07 to $0.12
Dorex2007: folds 
webby170: folds 
enixblr: calls $0.12
BluffOnTable: folds 
rebelk66: folds 
*** FLOP *** [Ts 5d 2s]
eclihan: bets $0.25
enixblr: folds 
Uncalled bet ($0.25) returned to eclihan
eclihan collected $0.30 from pot
eclihan: doesn't show hand 
*** SUMMARY ***
Total pot $0.31 | Rake $0.01 
Board [Ts 5d 2s]
Seat 1: imnotliam folded before Flop (didn't bet)
Seat 2: abobora71 folded before Flop (didn't bet)
Seat 3: eclihan collected ($0.30)
Seat 4: Dorex2007 folded before Flop (didn't bet)
Seat 5: webby170 folded before Flop (didn't bet)
Seat 6: enixblr (button) folded on the Flop
Seat 7: BluffOnTable (small blind) folded before Flop
Seat 8: rebelk66 (big blind) folded before Flop



PokerStars Hand #238468284218:  Hold'em No Limit ($0.02/$0.05 USD) - 2022/09/06 21:50:43 PT [2022/09/07 0:50:43 ET]
Table 'Susilva' 9-max Seat #7 is the button
Seat 1: imnotliam ($6.40 in chips) 
Seat 2: abobora71 ($6.89 in chips) 
Seat 3: eclihan ($5.18 in chips) 
Seat 4: Dorex2007 ($6.76 in chips) 
Seat 5: webby170 ($7.34 in chips) 
Seat 6: enixblr ($5.73 in chips) 
Seat 7: BluffOnTable ($6.06 in chips) 
Seat 8: rebelk66 ($5.30 in chips) 
rebelk66: posts small blind $0.02
imnotliam: posts big blind $0.05
*** HOLE CARDS ***
Dealt to Dorex2007 [Kc 7h]
abobora71: folds 
eclihan: folds 
Dorex2007: folds 
webby170: folds 
enixblr: folds 
BluffOnTable: folds 
rebelk66: calls $0.03
imnotliam: raises $0.05 to $0.10
rebelk66: calls $0.05
*** FLOP *** [2h Kh Js]
rebelk66: checks 
imnotliam: bets $0.05
rebelk66: raises $0.05 to $0.10
imnotliam: folds 
Uncalled bet ($0.05) returned to rebelk66
rebelk66 collected $0.29 from pot
*** SUMMARY ***
Total pot $0.30 | Rake $0.01 
Board [2h Kh Js]
Seat 1: imnotliam (big blind) folded on the Flop
Seat 2: abobora71 folded before Flop (didn't bet)
Seat 3: eclihan folded before Flop (didn't bet)
Seat 4: Dorex2007 folded before Flop (didn't bet)
Seat 5: webby170 folded before Flop (didn't bet)
Seat 6: enixblr folded before Flop (didn't bet)
Seat 7: BluffOnTable (button) folded before Flop (didn't bet)
Seat 8: rebelk66 (small blind) collected ($0.29)



PokerStars Hand #238468289176:  Hold'em No Limit ($0.02/$0.05 USD) - 2022/09/06 21:51:27 PT [2022/09/07 0:51:27 ET]
Table 'Susilva' 9-max Seat #8 is the button
Seat 1: imnotliam ($6.25 in chips) 
Seat 2: abobora71 ($6.89 in chips) 
Seat 3: eclihan ($5.18 in chips) 
Seat 4: Dorex2007 ($6.76 in chips) 
Seat 5: webby170 ($7.34 in chips) 
Seat 6: enixblr ($5.73 in chips) 
Seat 7: BluffOnTable ($6.06 in chips) 
Seat 8: rebelk66 ($5.44 in chips) 
imnotliam: posts small blind $0.02
abobora71: posts big blind $0.05
*** HOLE CARDS ***
Dealt to Dorex2007 [7c Th]
eclihan: folds 
Dorex2007: folds 
webby170: folds 
enixblr: folds 
BluffOnTable: folds 
rebelk66: folds 
imnotliam: raises $0.10 to $0.15
abobora71: folds 
Uncalled bet ($0.10) returned to imnotliam
imnotliam collected $0.10 from pot
*** SUMMARY ***
Total pot $0.10 | Rake $0 
Seat 1: imnotliam (small blind) collected ($0.10)
Seat 2: abobora71 (big blind) folded before Flop
Seat 3: eclihan folded before Flop (didn't bet)
Seat 4: Dorex2007 folded before Flop (didn't bet)
Seat 5: webby170 folded before Flop (didn't bet)
Seat 6: enixblr folded before Flop (didn't bet)
Seat 7: BluffOnTable folded before Flop (didn't bet)
Seat 8: rebelk66 (button) folded before Flop (didn't bet)



PokerStars Hand #238468292543:  Hold'em No Limit ($0.02/$0.05 USD) - 2022/09/06 21:51:57 PT [2022/09/07 0:51:57 ET]
Table 'Susilva' 9-max Seat #1 is the button
Seat 1: imnotliam ($6.30 in chips) 
Seat 2: abobora71 ($6.84 in chips) 
Seat 3: eclihan ($5.18 in chips) 
Seat 4: Dorex2007 ($6.76 in chips) 
Seat 5: webby170 ($7.34 in chips) 
Seat 6: enixblr ($5.73 in chips) 
Seat 7: BluffOnTable ($6.06 in chips) 
Seat 8: rebelk66 ($5.44 in chips) 
abobora71: posts small blind $0.02
eclihan: posts big blind $0.05
MOONSP3LL: sits out 
*** HOLE CARDS ***
Dealt to Dorex2007 [Ks Qh]
Dorex2007: raises $0.10 to $0.15
webby170: folds 
enixblr: folds 
BluffOnTable: raises $0.55 to $0.70
rebelk66: folds 
imnotliam: folds 
abobora71: folds 
eclihan: folds 
Dorex2007: folds 
Uncalled bet ($0.55) returned to BluffOnTable
BluffOnTable collected $0.37 from pot
BluffOnTable: doesn't show hand 
*** SUMMARY ***
Total pot $0.37 | Rake $0 
Seat 1: imnotliam (button) folded before Flop (didn't bet)
Seat 2: abobora71 (small blind) folded before Flop
Seat 3: eclihan (big blind) folded before Flop
Seat 4: Dorex2007 folded before Flop
Seat 5: webby170 folded before Flop (didn't bet)
Seat 6: enixblr folded before Flop (didn't bet)
Seat 7: BluffOnTable collected ($0.37)
Seat 8: rebelk66 folded before Flop (didn't bet)



PokerStars Hand #238468296634:  Hold'em No Limit ($0.02/$0.05 USD) - 2022/09/06 21:52:32 PT [2022/09/07 0:52:32 ET]
Table 'Susilva' 9-max Seat #2 is the button
Seat 1: imnotliam ($6.30 in chips) 
Seat 2: abobora71 ($6.82 in chips) 
Seat 3: eclihan ($5.13 in chips) 
Seat 4: Dorex2007 ($6.61 in chips) 
Seat 5: webby170 ($7.34 in chips) 
Seat 6: enixblr ($5.73 in chips) 
Seat 7: BluffOnTable ($6.28 in chips) 
Seat 8: rebelk66 ($5.44 in chips) 
eclihan: posts small blind $0.02
Dorex2007: posts big blind $0.05
MOONSP3LL: sits out 
*** HOLE CARDS ***
Dealt to Dorex2007 [6d 3d]
webby170: folds 
enixblr: folds 
BluffOnTable: folds 
rebelk66: folds 
imnotliam: folds 
abobora71: folds 
eclihan: raises $0.07 to $0.12
Dorex2007: folds 
Uncalled bet ($0.07) returned to eclihan
eclihan collected $0.10 from pot
eclihan: doesn't show hand 
*** SUMMARY ***
Total pot $0.10 | Rake $0 
Seat 1: imnotliam folded before Flop (didn't bet)
Seat 2: abobora71 (button) folded before Flop (didn't bet)
Seat 3: eclihan (small blind) collected ($0.10)
Seat 4: Dorex2007 (big blind) folded before Flop
Seat 5: webby170 folded before Flop (didn't bet)
Seat 6: enixblr folded before Flop (didn't bet)
Seat 7: BluffOnTable folded before Flop (didn't bet)
Seat 8: rebelk66 folded before Flop (didn't bet)



PokerStars Hand #238468300103:  Hold'em No Limit ($0.02/$0.05 USD) - 2022/09/06 21:53:03 PT [2022/09/07 0:53:03 ET]
Table 'Susilva' 9-max Seat #3 is the button
Seat 1: imnotliam ($6.30 in chips) 
Seat 2: abobora71 ($6.82 in chips) 
Seat 3: eclihan ($5.18 in chips) 
Seat 4: Dorex2007 ($6.56 in chips) 
Seat 5: webby170 ($7.34 in chips) 
Seat 6: enixblr ($5.73 in chips) 
Seat 7: BluffOnTable ($6.28 in chips) 
Seat 8: rebelk66 ($5.44 in chips) 
Dorex2007: posts small blind $0.02
webby170: posts big blind $0.05
MOONSP3LL: sits out 
*** HOLE CARDS ***
Dealt to Dorex2007 [Jc Js]
enixblr: folds 
BluffOnTable: folds 
rebelk66: folds 
imnotliam: calls $0.05
abobora71: raises $0.12 to $0.17
eclihan: folds 
Dorex2007: calls $0.15
webby170: folds 
imnotliam: raises $0.56 to $0.73
abobora71: calls $0.56
Dorex2007: raises $5.83 to $6.56 and is all-in
imnotliam: calls $5.57 and is all-in
abobora71: calls $5.83
*** FLOP *** [4s 2s 5h]
*** TURN *** [4s 2s 5h] [Jh]
*** RIVER *** [4s 2s 5h Jh] [2h]
*** SHOW DOWN ***
Dorex2007: shows [Jc Js] (a full house, Jacks full of Deuces)
abobora71: shows [Qc Qd] (two pair, Queens and Deuces)
Dorex2007 collected $0.50 from side pot
imnotliam: shows [Qh Qs] (two pair, Queens and Deuces)
Dorex2007 collected $18.16 from main pot
abobora71 cashed out the hand for $7.58 | Cash Out Fee $0.08
*** SUMMARY ***
Total pot $19.47 Main pot $18.16. Side pot $0.50. | Rake $0.81 
Board [4s 2s 5h Jh 2h]
Seat 1: imnotliam showed [Qh Qs] and lost with two pair, Queens and Deuces
Seat 2: abobora71 showed [Qc Qd] and lost with two pair, Queens and Deuces (cashed out).
Seat 3: eclihan (button) folded before Flop (didn't bet)
Seat 4: Dorex2007 (small blind) showed [Jc Js] and won ($18.66) with a full house, Jacks full of Deuces
Seat 5: webby170 (big blind) folded before Flop
Seat 6: enixblr folded before Flop (didn't bet)
Seat 7: BluffOnTable folded before Flop (didn't bet)
Seat 8: rebelk66 folded before Flop (didn't bet)



PokerStars Hand #238468306903:  Hold'em No Limit ($0.02/$0.05 USD) - 2022/09/06 21:54:03 PT [2022/09/07 0:54:03 ET]
Table 'Susilva' 9-max Seat #4 is the button
Seat 2: abobora71 ($7.84 in chips) 
Seat 3: eclihan ($5.18 in chips) 
Seat 4: Dorex2007 ($18.66 in chips) 
Seat 5: webby170 ($7.29 in chips) 
Seat 6: enixblr ($5.73 in chips) 
Seat 7: BluffOnTable ($6.28 in chips) 
Seat 8: rebelk66 ($5.44 in chips) 
webby170: posts small blind $0.02
enixblr: posts big blind $0.05
MOONSP3LL: sits out 
*** HOLE CARDS ***
Dealt to Dorex2007 [As 7d]
BluffOnTable: folds 
rebelk66: folds 
abobora71: folds 
eclihan: raises $0.07 to $0.12
Dorex2007: folds 
webby170: folds 
enixblr: folds 
Uncalled bet ($0.07) returned to eclihan
eclihan collected $0.12 from pot
eclihan: doesn't show hand 
*** SUMMARY ***
Total pot $0.12 | Rake $0 
Seat 2: abobora71 folded before Flop (didn't bet)
Seat 3: eclihan collected ($0.12)
Seat 4: Dorex2007 (button) folded before Flop (didn't bet)
Seat 5: webby170 (small blind) folded before Flop
Seat 6: enixblr (big blind) folded before Flop
Seat 7: BluffOnTable folded before Flop (didn't bet)
Seat 8: rebelk66 folded before Flop (didn't bet)



PokerStars Hand #238468308847:  Hold'em No Limit ($0.02/$0.05 USD) - 2022/09/06 21:54:20 PT [2022/09/07 0:54:20 ET]
Table 'Susilva' 9-max Seat #5 is the button
Seat 2: abobora71 ($7.84 in chips) 
Seat 3: eclihan ($5.25 in chips) 
Seat 4: Dorex2007 ($18.66 in chips) 
Seat 5: webby170 ($7.27 in chips) 
Seat 6: enixblr ($5.68 in chips) 
Seat 7: BluffOnTable ($6.28 in chips) 
Seat 8: rebelk66 ($5.44 in chips) 
enixblr: posts small blind $0.02
BluffOnTable: posts big blind $0.05
MOONSP3LL: sits out 
*** HOLE CARDS ***
Dealt to Dorex2007 [3c 5h]
rebelk66: folds 
abobora71: folds 
eclihan: raises $0.07 to $0.12
Dorex2007: folds 
webby170: calls $0.12
enixblr: calls $0.10
BluffOnTable: folds 
*** FLOP *** [3h Ac As]
enixblr: checks 
eclihan: bets $0.12
webby170: folds 
enixblr: calls $0.12
*** TURN *** [3h Ac As] [Td]
enixblr: checks 
eclihan: bets $0.32
enixblr has timed out
enixblr: folds 
Uncalled bet ($0.32) returned to eclihan
eclihan collected $0.62 from pot
eclihan: doesn't show hand 
*** SUMMARY ***
Total pot $0.65 | Rake $0.03 
Board [3h Ac As Td]
Seat 2: abobora71 folded before Flop (didn't bet)
Seat 3: eclihan collected ($0.62)
Seat 4: Dorex2007 folded before Flop (didn't bet)
Seat 5: webby170 (button) folded on the Flop
Seat 6: enixblr (small blind) folded on the Turn
Seat 7: BluffOnTable (big blind) folded before Flop
Seat 8: rebelk66 folded before Flop (didn't bet)



PokerStars Hand #238468317069:  Hold'em No Limit ($0.02/$0.05 USD) - 2022/09/06 21:55:37 PT [2022/09/07 0:55:37 ET]
Table 'Susilva' 9-max Seat #7 is the button
Seat 2: abobora71 ($7.84 in chips) 
Seat 3: eclihan ($5.63 in chips) 
Seat 4: Dorex2007 ($18.66 in chips) 
Seat 5: webby170 ($7.15 in chips) 
Seat 7: BluffOnTable ($6.23 in chips) 
Seat 8: rebelk66 ($5.44 in chips) 
Seat 9: MOONSP3LL ($1.07 in chips) 
rebelk66: posts small blind $0.02
MOONSP3LL: posts big blind $0.05
*** HOLE CARDS ***
Dealt to Dorex2007 [3h 3d]
abobora71: folds 
eclihan: folds 
Dorex2007: calls $0.05
imnotliam is disconnected 
webby170: calls $0.05
BluffOnTable: folds 
rebelk66: calls $0.03
MOONSP3LL: checks 
*** FLOP *** [Kc 6c 3s]
rebelk66: checks 
MOONSP3LL: checks 
Dorex2007: bets $0.13
webby170: folds 
rebelk66: folds 
MOONSP3LL: raises $0.27 to $0.40
Dorex2007: raises $0.99 to $1.39
MOONSP3LL: calls $0.62 and is all-in
Uncalled bet ($0.37) returned to Dorex2007
*** TURN *** [Kc 6c 3s] [Jd]
*** RIVER *** [Kc 6c 3s Jd] [6s]
*** SHOW DOWN ***
MOONSP3LL: shows [4c Jc] (two pair, Jacks and Sixes)
Dorex2007: shows [3h 3d] (a full house, Threes full of Sixes)
Dorex2007 cashed out the hand for $1.56 | Cash Out Fee $0.02
*** SUMMARY ***
Total pot $2.24 | Rake $0.09 
Board [Kc 6c 3s Jd 6s]
Seat 2: abobora71 folded before Flop (didn't bet)
Seat 3: eclihan folded before Flop (didn't bet)
Seat 4: Dorex2007 showed [3h 3d] and won ($2.15) with a full house, Threes full of Sixes (pot not awarded as player cashed out)
Seat 5: webby170 folded on the Flop
Seat 7: BluffOnTable (button) folded before Flop (didn't bet)
Seat 8: rebelk66 (small blind) folded on the Flop
Seat 9: MOONSP3LL (big blind) showed [4c Jc] and lost with two pair, Jacks and Sixes



PokerStars Hand #238468325245:  Hold'em No Limit ($0.02/$0.05 USD) - 2022/09/06 21:57:00 PT [2022/09/07 0:57:00 ET]
Table 'Susilva' 9-max Seat #8 is the button
Seat 2: abobora71 ($7.84 in chips) 
Seat 3: eclihan ($5.63 in chips) 
Seat 4: Dorex2007 ($19.15 in chips) 
Seat 5: webby170 ($7.10 in chips) 
Seat 6: enixblr ($5.44 in chips) 
Seat 7: BluffOnTable ($6.23 in chips) 
Seat 8: rebelk66 ($5.39 in chips) 
abobora71: posts small blind $0.02
eclihan: posts big blind $0.05
*** HOLE CARDS ***
Dealt to Dorex2007 [5d 7d]
Dorex2007: folds 
webby170: folds 
enixblr: folds 
BluffOnTable: folds 
rebelk66: raises $0.05 to $0.10
abobora71: folds 
eclihan: folds 
Uncalled bet ($0.05) returned to rebelk66
rebelk66 collected $0.12 from pot
*** SUMMARY ***
Total pot $0.12 | Rake $0 
Seat 2: abobora71 (small blind) folded before Flop
Seat 3: eclihan (big blind) folded before Flop
Seat 4: Dorex2007 folded before Flop (didn't bet)
Seat 5: webby170 folded before Flop (didn't bet)
Seat 6: enixblr folded before Flop (didn't bet)
Seat 7: BluffOnTable folded before Flop (didn't bet)
Seat 8: rebelk66 (button) collected ($0.12)



PokerStars Hand #238468326699:  Hold'em No Limit ($0.02/$0.05 USD) - 2022/09/06 21:57:15 PT [2022/09/07 0:57:15 ET]
Table 'Susilva' 9-max Seat #2 is the button
Seat 2: abobora71 ($7.82 in chips) 
Seat 3: eclihan ($5.58 in chips) 
Seat 4: Dorex2007 ($19.15 in chips) 
Seat 5: webby170 ($7.10 in chips) 
Seat 6: enixblr ($5.44 in chips) 
Seat 7: BluffOnTable ($6.23 in chips) 
Seat 8: rebelk66 ($5.46 in chips) 
eclihan: posts small blind $0.02
Dorex2007: posts big blind $0.05
*** HOLE CARDS ***
Dealt to Dorex2007 [3d 3h]
webby170 has timed out
webby170: folds 
enixblr: folds 
BluffOnTable: folds 
rebelk66: raises $0.05 to $0.10
abobora71: folds 
eclihan: folds 
Dorex2007: calls $0.05
*** FLOP *** [Kd 5c Qs]
Dorex2007: checks 
rebelk66: bets $0.20
Dorex2007: folds 
Uncalled bet ($0.20) returned to rebelk66
rebelk66 collected $0.21 from pot
*** SUMMARY ***
Total pot $0.22 | Rake $0.01 
Board [Kd 5c Qs]
Seat 2: abobora71 (button) folded before Flop (didn't bet)
Seat 3: eclihan (small blind) folded before Flop
Seat 4: Dorex2007 (big blind) folded on the Flop
Seat 5: webby170 folded before Flop (didn't bet)
Seat 6: enixblr folded before Flop (didn't bet)
Seat 7: BluffOnTable folded before Flop (didn't bet)
Seat 8: rebelk66 collected ($0.21)



PokerStars Hand #238468331298:  Hold'em No Limit ($0.02/$0.05 USD) - 2022/09/06 21:58:02 PT [2022/09/07 0:58:02 ET]
Table 'Susilva' 9-max Seat #3 is the button
Seat 2: abobora71 ($7.82 in chips) 
Seat 3: eclihan ($5.56 in chips) 
Seat 4: Dorex2007 ($19.05 in chips) 
Seat 5: webby170 ($7.10 in chips) 
Seat 6: enixblr ($5.44 in chips) 
Seat 7: BluffOnTable ($6.23 in chips) 
Seat 8: rebelk66 ($5.57 in chips) 
Dorex2007: posts small blind $0.02
webby170: posts big blind $0.05
*** HOLE CARDS ***
Dealt to Dorex2007 [2c 3c]
enixblr: raises $0.10 to $0.15
BluffOnTable: folds 
rebelk66: folds 
abobora71: folds 
eclihan: calls $0.15
Dorex2007: folds 
MOONSP3LL leaves the table
webby170: folds 
*** FLOP *** [Qd Ts 8h]
w3sby joins the table at seat #9 
enixblr: bets $0.45
eclihan: folds 
Uncalled bet ($0.45) returned to enixblr
enixblr collected $0.35 from pot
enixblr: doesn't show hand 
*** SUMMARY ***
Total pot $0.37 | Rake $0.02 
Board [Qd Ts 8h]
Seat 2: abobora71 folded before Flop (didn't bet)
Seat 3: eclihan (button) folded on the Flop
Seat 4: Dorex2007 (small blind) folded before Flop
Seat 5: webby170 (big blind) folded before Flop
Seat 6: enixblr collected ($0.35)
Seat 7: BluffOnTable folded before Flop (didn't bet)
Seat 8: rebelk66 folded before Flop (didn't bet)



PokerStars Hand #238468334851:  Hold'em No Limit ($0.02/$0.05 USD) - 2022/09/06 21:58:38 PT [2022/09/07 0:58:38 ET]
Table 'Susilva' 9-max Seat #4 is the button
Seat 2: abobora71 ($7.82 in chips) 
Seat 3: eclihan ($5.41 in chips) 
Seat 4: Dorex2007 ($19.03 in chips) 
Seat 5: webby170 ($7.05 in chips) 
Seat 6: enixblr ($5.64 in chips) 
Seat 7: BluffOnTable ($6.23 in chips) 
Seat 8: rebelk66 ($5.57 in chips) 
webby170: posts small blind $0.02
enixblr: posts big blind $0.05
w3sby is connected 
w3sby: sits out 
*** HOLE CARDS ***
Dealt to Dorex2007 [Ah 2h]
BluffOnTable: folds 
rebelk66: folds 
abobora71: folds 
eclihan: folds 
Dorex2007: calls $0.05
webby170: calls $0.03
enixblr: raises $0.35 to $0.40
Dorex2007: folds 
webby170: folds [4h 5h]
Uncalled bet ($0.35) returned to enixblr
enixblr collected $0.15 from pot
enixblr: doesn't show hand 
*** SUMMARY ***
Total pot $0.15 | Rake $0 
Seat 2: abobora71 folded before Flop (didn't bet)
Seat 3: eclihan folded before Flop (didn't bet)
Seat 4: Dorex2007 (button) folded before Flop
Seat 5: webby170 (small blind) folded before Flop
Seat 6: enixblr (big blind) collected ($0.15)
Seat 7: BluffOnTable folded before Flop (didn't bet)
Seat 8: rebelk66 folded before Flop (didn't bet)



PokerStars Hand #238468338519:  Hold'em No Limit ($0.02/$0.05 USD) - 2022/09/06 21:59:15 PT [2022/09/07 0:59:15 ET]
Table 'Susilva' 9-max Seat #5 is the button
Seat 3: eclihan ($5.41 in chips) 
Seat 4: Dorex2007 ($18.98 in chips) 
Seat 5: webby170 ($7 in chips) 
Seat 6: enixblr ($5.74 in chips) 
Seat 7: BluffOnTable ($6.23 in chips) 
Seat 8: rebelk66 ($5.57 in chips) 
enixblr: posts small blind $0.02
BluffOnTable: posts big blind $0.05
*** HOLE CARDS ***
Dealt to Dorex2007 [Tc 6s]
rebelk66: folds 
eclihan: folds 
Dorex2007: folds 
webby170: raises $0.06 to $0.11
enixblr: folds 
BluffOnTable: folds 
Uncalled bet ($0.06) returned to webby170
webby170 collected $0.12 from pot
webby170: shows [Ad Kc] (high card Ace)
*** SUMMARY ***
Total pot $0.12 | Rake $0 
Seat 3: eclihan folded before Flop (didn't bet)
Seat 4: Dorex2007 folded before Flop (didn't bet)
Seat 5: webby170 (button) collected ($0.12)
Seat 6: enixblr (small blind) folded before Flop
Seat 7: BluffOnTable (big blind) folded before Flop
Seat 8: rebelk66 folded before Flop (didn't bet)



PokerStars Hand #238468340165:  Hold'em No Limit ($0.02/$0.05 USD) - 2022/09/06 21:59:33 PT [2022/09/07 0:59:33 ET]
Table 'Susilva' 9-max Seat #6 is the button
Seat 3: eclihan ($5.41 in chips) 
Seat 4: Dorex2007 ($18.98 in chips) 
Seat 5: webby170 ($7.07 in chips) 
Seat 6: enixblr ($5.72 in chips) 
Seat 7: BluffOnTable ($6.18 in chips) 
Seat 8: rebelk66 ($5.57 in chips) 
BluffOnTable: posts small blind $0.02
rebelk66: posts big blind $0.05
*** HOLE CARDS ***
Dealt to Dorex2007 [Ts 6d]
eclihan: folds 
Dorex2007: folds 
webby170: folds 
enixblr: raises $0.07 to $0.12
BluffOnTable: folds 
rebelk66: folds 
Uncalled bet ($0.07) returned to enixblr
enixblr collected $0.12 from pot
enixblr: doesn't show hand 
*** SUMMARY ***
Total pot $0.12 | Rake $0 
Seat 3: eclihan folded before Flop (didn't bet)
Seat 4: Dorex2007 folded before Flop (didn't bet)
Seat 5: webby170 folded before Flop (didn't bet)
Seat 6: enixblr (button) collected ($0.12)
Seat 7: BluffOnTable (small blind) folded before Flop
Seat 8: rebelk66 (big blind) folded before Flop



PokerStars Hand #238468341548:  Hold'em No Limit ($0.02/$0.05 USD) - 2022/09/06 21:59:47 PT [2022/09/07 0:59:47 ET]
Table 'Susilva' 9-max Seat #7 is the button
Seat 3: eclihan ($5.41 in chips) 
Seat 4: Dorex2007 ($18.98 in chips) 
Seat 5: webby170 ($7.07 in chips) 
Seat 6: enixblr ($5.79 in chips) 
Seat 7: BluffOnTable ($6.16 in chips) 
Seat 8: rebelk66 ($5.52 in chips) 
rebelk66: posts small blind $0.02
eclihan: posts big blind $0.05
*** HOLE CARDS ***
Dealt to Dorex2007 [Qd 9c]
Dorex2007: folds 
webby170: folds 
enixblr: folds 
BluffOnTable: folds 
rebelk66: calls $0.03
eclihan: checks 
*** FLOP *** [Ts Jd 6h]
rebelk66: checks 
eclihan: checks 
*** TURN *** [Ts Jd 6h] [9s]
rebelk66: checks 
eclihan: bets $0.05
rebelk66: calls $0.05
*** RIVER *** [Ts Jd 6h 9s] [2s]
rebelk66: checks 
eclihan: checks 
*** SHOW DOWN ***
rebelk66: shows [Ad 6c] (a pair of Sixes)
eclihan: mucks hand 
rebelk66 collected $0.19 from pot
*** SUMMARY ***
Total pot $0.20 | Rake $0.01 
Board [Ts Jd 6h 9s 2s]
Seat 3: eclihan (big blind) mucked [6d 8c]
Seat 4: Dorex2007 folded before Flop (didn't bet)
Seat 5: webby170 folded before Flop (didn't bet)
Seat 6: enixblr folded before Flop (didn't bet)
Seat 7: BluffOnTable (button) folded before Flop (didn't bet)
Seat 8: rebelk66 (small blind) showed [Ad 6c] and won ($0.19) with a pair of Sixes



PokerStars Hand #238468346686:  Hold'em No Limit ($0.02/$0.05 USD) - 2022/09/06 22:00:37 PT [2022/09/07 1:00:37 ET]
Table 'Susilva' 9-max Seat #8 is the button
Seat 3: eclihan ($5.31 in chips) 
Seat 4: Dorex2007 ($18.98 in chips) 
Seat 5: webby170 ($7.07 in chips) 
Seat 6: enixblr ($5.79 in chips) 
Seat 7: BluffOnTable ($6.16 in chips) 
Seat 8: rebelk66 ($5.61 in chips) 
eclihan: posts small blind $0.02
Dorex2007: posts big blind $0.05
*** HOLE CARDS ***
Dealt to Dorex2007 [6h 6s]
webby170: folds 
enixblr has timed out
enixblr: folds 
BluffOnTable: folds 
rebelk66: folds 
eclihan: folds 
Uncalled bet ($0.03) returned to Dorex2007
Dorex2007 collected $0.04 from pot
Dorex2007: doesn't show hand 
*** SUMMARY ***
Total pot $0.04 | Rake $0 
Seat 3: eclihan (small blind) folded before Flop
Seat 4: Dorex2007 (big blind) collected ($0.04)
Seat 5: webby170 folded before Flop (didn't bet)
Seat 6: enixblr folded before Flop (didn't bet)
Seat 7: BluffOnTable folded before Flop (didn't bet)
Seat 8: rebelk66 (button) folded before Flop (didn't bet)



PokerStars Hand #238468348662:  Hold'em No Limit ($0.02/$0.05 USD) - 2022/09/06 22:00:55 PT [2022/09/07 1:00:55 ET]
Table 'Susilva' 9-max Seat #3 is the button
Seat 3: eclihan ($5.29 in chips) 
Seat 4: Dorex2007 ($19 in chips) 
Seat 5: webby170 ($7.07 in chips) 
Seat 7: BluffOnTable ($6.16 in chips) 
Seat 8: rebelk66 ($5.61 in chips) 
Dorex2007: posts small blind $0.02
webby170: posts big blind $0.05
*** HOLE CARDS ***
Dealt to Dorex2007 [9h Ad]
BluffOnTable: folds 
rebelk66: folds 
eclihan: folds 
Dorex2007: raises $0.05 to $0.10
webby170: folds 
Uncalled bet ($0.05) returned to Dorex2007
Dorex2007 collected $0.10 from pot
Dorex2007: doesn't show hand 
*** SUMMARY ***
Total pot $0.10 | Rake $0 
Seat 3: eclihan (button) folded before Flop (didn't bet)
Seat 4: Dorex2007 (small blind) collected ($0.10)
Seat 5: webby170 (big blind) folded before Flop
Seat 7: BluffOnTable folded before Flop (didn't bet)
Seat 8: rebelk66 folded before Flop (didn't bet)



PokerStars Hand #238468352243:  Hold'em No Limit ($0.02/$0.05 USD) - 2022/09/06 22:01:27 PT [2022/09/07 1:01:27 ET]
Table 'Susilva' 9-max Seat #4 is the button
Seat 3: eclihan ($5.29 in chips) 
Seat 4: Dorex2007 ($19.05 in chips) 
Seat 5: webby170 ($7.02 in chips) 
Seat 6: enixblr ($5.79 in chips) 
Seat 7: BluffOnTable ($6.16 in chips) 
Seat 8: rebelk66 ($5.61 in chips) 
webby170: posts small blind $0.02
enixblr: posts big blind $0.05
*** HOLE CARDS ***
Dealt to Dorex2007 [7h 3d]
BluffOnTable: raises $0.10 to $0.15
rebelk66: folds 
eclihan: calls $0.15
Dorex2007: folds 
webby170: folds 
enixblr: folds 
*** FLOP *** [5d Qc Kh]
BluffOnTable: checks 
eclihan: checks 
*** TURN *** [5d Qc Kh] [8c]
BluffOnTable: checks 
eclihan: bets $0.12
BluffOnTable: folds 
Uncalled bet ($0.12) returned to eclihan
eclihan collected $0.35 from pot
eclihan: doesn't show hand 
*** SUMMARY ***
Total pot $0.37 | Rake $0.02 
Board [5d Qc Kh 8c]
Seat 3: eclihan collected ($0.35)
Seat 4: Dorex2007 (button) folded before Flop (didn't bet)
Seat 5: webby170 (small blind) folded before Flop
Seat 6: enixblr (big blind) folded before Flop
Seat 7: BluffOnTable folded on the Turn
Seat 8: rebelk66 folded before Flop (didn't bet)



PokerStars Hand #238468356477:  Hold'em No Limit ($0.02/$0.05 USD) - 2022/09/06 22:02:06 PT [2022/09/07 1:02:06 ET]
Table 'Susilva' 9-max Seat #5 is the button
Seat 3: eclihan ($5.49 in chips) 
Seat 4: Dorex2007 ($19.05 in chips) 
Seat 5: webby170 ($7 in chips) 
Seat 6: enixblr ($5.74 in chips) 
Seat 7: BluffOnTable ($6.01 in chips) 
Seat 8: rebelk66 ($5.61 in chips) 
enixblr: posts small blind $0.02
BluffOnTable: posts big blind $0.05
*** HOLE CARDS ***
Dealt to Dorex2007 [Kc 5s]
rebelk66: folds 
eclihan: folds 
Dorex2007: folds 
webby170: folds 
enixblr: raises $0.10 to $0.15
BluffOnTable: folds 
Uncalled bet ($0.10) returned to enixblr
enixblr collected $0.10 from pot
enixblr: doesn't show hand 
*** SUMMARY ***
Total pot $0.10 | Rake $0 
Seat 3: eclihan folded before Flop (didn't bet)
Seat 4: Dorex2007 folded before Flop (didn't bet)
Seat 5: webby170 (button) folded before Flop (didn't bet)
Seat 6: enixblr (small blind) collected ($0.10)
Seat 7: BluffOnTable (big blind) folded before Flop
Seat 8: rebelk66 folded before Flop (didn't bet)



PokerStars Hand #238468357871:  Hold'em No Limit ($0.02/$0.05 USD) - 2022/09/06 22:02:18 PT [2022/09/07 1:02:18 ET]
Table 'Susilva' 9-max Seat #6 is the button
Seat 3: eclihan ($5.49 in chips) 
Seat 4: Dorex2007 ($19.05 in chips) 
Seat 5: webby170 ($7 in chips) 
Seat 6: enixblr ($5.79 in chips) 
Seat 7: BluffOnTable ($5.96 in chips) 
Seat 8: rebelk66 ($5.61 in chips) 
BluffOnTable: posts small blind $0.02
rebelk66: posts big blind $0.05
w3sby: sits out 
*** HOLE CARDS ***
Dealt to Dorex2007 [4s Kh]
eclihan: raises $0.07 to $0.12
Dorex2007: folds 
webby170: raises $0.31 to $0.43
enixblr: folds 
BluffOnTable: folds 
rebelk66: folds 
eclihan: folds 
Uncalled bet ($0.31) returned to webby170
webby170 collected $0.31 from pot
*** SUMMARY ***
Total pot $0.31 | Rake $0 
Seat 3: eclihan folded before Flop
Seat 4: Dorex2007 folded before Flop (didn't bet)
Seat 5: webby170 collected ($0.31)
Seat 6: enixblr (button) folded before Flop (didn't bet)
Seat 7: BluffOnTable (small blind) folded before Flop
Seat 8: rebelk66 (big blind) folded before Flop



PokerStars Hand #238468360332:  Hold'em No Limit ($0.02/$0.05 USD) - 2022/09/06 22:02:40 PT [2022/09/07 1:02:40 ET]
Table 'Susilva' 9-max Seat #7 is the button
Seat 3: eclihan ($5.37 in chips) 
Seat 4: Dorex2007 ($19.05 in chips) 
Seat 5: webby170 ($7.19 in chips) 
Seat 6: enixblr ($5.79 in chips) 
Seat 7: BluffOnTable ($5.94 in chips) 
Seat 8: rebelk66 ($5.56 in chips) 
Seat 9: w3sby ($8.27 in chips) 
rebelk66: posts small blind $0.02
w3sby: posts big blind $0.05
*** HOLE CARDS ***
Dealt to Dorex2007 [5s Kd]
eclihan: raises $0.07 to $0.12
Dorex2007: folds 
webby170: folds 
enixblr: folds 
BluffOnTable: folds 
rebelk66: folds 
w3sby: folds 
Uncalled bet ($0.07) returned to eclihan
eclihan collected $0.12 from pot
eclihan: doesn't show hand 
*** SUMMARY ***
Total pot $0.12 | Rake $0 
Seat 3: eclihan collected ($0.12)
Seat 4: Dorex2007 folded before Flop (didn't bet)
Seat 5: webby170 folded before Flop (didn't bet)
Seat 6: enixblr folded before Flop (didn't bet)
Seat 7: BluffOnTable (button) folded before Flop (didn't bet)
Seat 8: rebelk66 (small blind) folded before Flop
Seat 9: w3sby (big blind) folded before Flop



PokerStars Hand #238468364766:  Hold'em No Limit ($0.02/$0.05 USD) - 2022/09/06 22:03:20 PT [2022/09/07 1:03:20 ET]
Table 'Susilva' 9-max Seat #8 is the button
Seat 3: eclihan ($5.44 in chips) 
Seat 4: Dorex2007 ($19.05 in chips) 
Seat 5: webby170 ($7.19 in chips) 
Seat 6: enixblr ($5.79 in chips) 
Seat 7: BluffOnTable ($5.94 in chips) 
Seat 8: rebelk66 ($5.54 in chips) 
Seat 9: w3sby ($8.22 in chips) 
w3sby: posts small blind $0.02
eclihan: posts big blind $0.05
*** HOLE CARDS ***
Dealt to Dorex2007 [As 6s]
Dorex2007: folds 
webby170: folds 
enixblr has timed out
enixblr: folds 
BluffOnTable: folds 
rebelk66: folds 
w3sby: folds 
Uncalled bet ($0.03) returned to eclihan
eclihan collected $0.04 from pot
eclihan: doesn't show hand 
*** SUMMARY ***
Total pot $0.04 | Rake $0 
Seat 3: eclihan (big blind) collected ($0.04)
Seat 4: Dorex2007 folded before Flop (didn't bet)
Seat 5: webby170 folded before Flop (didn't bet)
Seat 6: enixblr folded before Flop (didn't bet)
Seat 7: BluffOnTable folded before Flop (didn't bet)
Seat 8: rebelk66 (button) folded before Flop (didn't bet)
Seat 9: w3sby (small blind) folded before Flop



PokerStars Hand #238468368048:  Hold'em No Limit ($0.02/$0.05 USD) - 2022/09/06 22:03:49 PT [2022/09/07 1:03:49 ET]
Table 'Susilva' 9-max Seat #9 is the button
Seat 3: eclihan ($5.46 in chips) 
Seat 4: Dorex2007 ($19.05 in chips) 
Seat 5: webby170 ($7.19 in chips) 
Seat 6: enixblr ($5.79 in chips) 
Seat 7: BluffOnTable ($5.94 in chips) 
Seat 8: rebelk66 ($5.54 in chips) 
Seat 9: w3sby ($8.20 in chips) 
eclihan: posts small blind $0.02
Dorex2007: posts big blind $0.05
*** HOLE CARDS ***
Dealt to Dorex2007 [6h Jh]
webby170: raises $0.06 to $0.11
enixblr: folds 
BluffOnTable: folds 
rebelk66: calls $0.11
w3sby has timed out
w3sby: folds 
eclihan: folds 
Dorex2007: calls $0.06
*** FLOP *** [4s 4c 2h]
Dorex2007: checks 
webby170: bets $0.17
rebelk66: calls $0.17
Dorex2007: folds 
*** TURN *** [4s 4c 2h] [Kh]
webby170: checks 
rebelk66: checks 
*** RIVER *** [4s 4c 2h Kh] [8h]
webby170: bets $0.28
rebelk66: raises $0.48 to $0.76
imnotliam leaves the table
Hejter1337 joins the table at seat #1 
webby170: calls $0.48
*** SHOW DOWN ***
rebelk66: shows [Ah 5h] (a flush, Ace high)
webby170: mucks hand 
rebelk66 collected $2.12 from pot
*** SUMMARY ***
Total pot $2.21 | Rake $0.09 
Board [4s 4c 2h Kh 8h]
Seat 3: eclihan (small blind) folded before Flop
Seat 4: Dorex2007 (big blind) folded on the Flop
Seat 5: webby170 mucked [Td Tc]
Seat 6: enixblr folded before Flop (didn't bet)
Seat 7: BluffOnTable folded before Flop (didn't bet)
Seat 8: rebelk66 showed [Ah 5h] and won ($2.12) with a flush, Ace high
Seat 9: w3sby (button) folded before Flop (didn't bet)



PokerStars Hand #238468383957:  Hold'em No Limit ($0.02/$0.05 USD) - 2022/09/06 22:06:11 PT [2022/09/07 1:06:11 ET]
Table 'Susilva' 9-max Seat #3 is the button
Seat 3: eclihan ($5.44 in chips) 
Seat 4: Dorex2007 ($18.94 in chips) 
Seat 5: webby170 ($6.15 in chips) 
Seat 6: enixblr ($5.79 in chips) 
Seat 7: BluffOnTable ($5.94 in chips) 
Seat 8: rebelk66 ($6.62 in chips) 
Seat 9: w3sby ($8.20 in chips) 
Dorex2007: posts small blind $0.02
webby170: posts big blind $0.05
Hejter1337: sits out 
abobora71: sits out 
*** HOLE CARDS ***
Dealt to Dorex2007 [2s 5d]
enixblr: folds 
BluffOnTable: folds 
rebelk66: folds 
w3sby: folds 
eclihan: folds 
Dorex2007: folds 
Uncalled bet ($0.03) returned to webby170
webby170 collected $0.04 from pot
*** SUMMARY ***
Total pot $0.04 | Rake $0 
Seat 3: eclihan (button) folded before Flop (didn't bet)
Seat 4: Dorex2007 (small blind) folded before Flop
Seat 5: webby170 (big blind) collected ($0.04)
Seat 6: enixblr folded before Flop (didn't bet)
Seat 7: BluffOnTable folded before Flop (didn't bet)
Seat 8: rebelk66 folded before Flop (didn't bet)
Seat 9: w3sby folded before Flop (didn't bet)



PokerStars Hand #238468388310:  Hold'em No Limit ($0.02/$0.05 USD) - 2022/09/06 22:06:49 PT [2022/09/07 1:06:49 ET]
Table 'Susilva' 9-max Seat #4 is the button
Seat 3: eclihan ($5.44 in chips) 
Seat 4: Dorex2007 ($18.92 in chips) 
Seat 5: webby170 ($6.17 in chips) 
Seat 6: enixblr ($5.79 in chips) 
Seat 7: BluffOnTable ($5.94 in chips) 
Seat 8: rebelk66 ($6.62 in chips) 
Seat 9: w3sby ($8.20 in chips) 
webby170: posts small blind $0.02
enixblr: posts big blind $0.05
Hejter1337: sits out 
abobora71: sits out 
*** HOLE CARDS ***
Dealt to Dorex2007 [8c 7d]
BluffOnTable: raises $0.10 to $0.15
rebelk66: folds 
w3sby: folds 
eclihan: folds 
Dorex2007: folds 
webby170: folds 
enixblr: folds 
Uncalled bet ($0.10) returned to BluffOnTable
BluffOnTable collected $0.12 from pot
BluffOnTable: doesn't show hand 
*** SUMMARY ***
Total pot $0.12 | Rake $0 
Seat 3: eclihan folded before Flop (didn't bet)
Seat 4: Dorex2007 (button) folded before Flop (didn't bet)
Seat 5: webby170 (small blind) folded before Flop
Seat 6: enixblr (big blind) folded before Flop
Seat 7: BluffOnTable collected ($0.12)
Seat 8: rebelk66 folded before Flop (didn't bet)
Seat 9: w3sby folded before Flop (didn't bet)



PokerStars Hand #238468390479:  Hold'em No Limit ($0.02/$0.05 USD) - 2022/09/06 22:07:08 PT [2022/09/07 1:07:08 ET]
Table 'Susilva' 9-max Seat #5 is the button
Seat 3: eclihan ($5.44 in chips) 
Seat 4: Dorex2007 ($18.92 in chips) 
Seat 5: webby170 ($6.15 in chips) 
Seat 6: enixblr ($5.74 in chips) 
Seat 7: BluffOnTable ($6.01 in chips) 
Seat 8: rebelk66 ($6.62 in chips) 
Seat 9: w3sby ($8.20 in chips) 
enixblr: posts small blind $0.02
BluffOnTable: posts big blind $0.05
Hejter1337: sits out 
abobora71: sits out 
*** HOLE CARDS ***
Dealt to Dorex2007 [4h 5h]
rebelk66: folds 
w3sby: folds 
eclihan: folds 
Dorex2007: folds 
webby170: raises $0.06 to $0.11
enixblr: folds 
BluffOnTable: folds 
Uncalled bet ($0.06) returned to webby170
webby170 collected $0.12 from pot
*** SUMMARY ***
Total pot $0.12 | Rake $0 
Seat 3: eclihan folded before Flop (didn't bet)
Seat 4: Dorex2007 folded before Flop (didn't bet)
Seat 5: webby170 (button) collected ($0.12)
Seat 6: enixblr (small blind) folded before Flop
Seat 7: BluffOnTable (big blind) folded before Flop
Seat 8: rebelk66 folded before Flop (didn't bet)
Seat 9: w3sby folded before Flop (didn't bet)



PokerStars Hand #238468393227:  Hold'em No Limit ($0.02/$0.05 USD) - 2022/09/06 22:07:32 PT [2022/09/07 1:07:32 ET]
Table 'Susilva' 9-max Seat #6 is the button
Seat 3: eclihan ($5.44 in chips) 
Seat 4: Dorex2007 ($18.92 in chips) 
Seat 5: webby170 ($6.22 in chips) 
Seat 6: enixblr ($5.72 in chips) 
Seat 7: BluffOnTable ($5.96 in chips) 
Seat 8: rebelk66 ($6.62 in chips) 
Seat 9: w3sby ($8.20 in chips) 
BluffOnTable: posts small blind $0.02
rebelk66: posts big blind $0.05
Hejter1337: sits out 
abobora71: sits out 
*** HOLE CARDS ***
Dealt to Dorex2007 [8s 4d]
w3sby: folds 
eclihan: folds 
Dorex2007: folds 
webby170: raises $0.06 to $0.11
enixblr: folds 
BluffOnTable: calls $0.09
rebelk66: calls $0.06
*** FLOP *** [3h 9h Ts]
BluffOnTable: checks 
rebelk66: checks 
webby170: checks 
*** TURN *** [3h 9h Ts] [Qs]
BluffOnTable: checks 
rebelk66: bets $0.27
webby170: calls $0.27
BluffOnTable: folds 
*** RIVER *** [3h 9h Ts Qs] [9s]
rebelk66: checks 
webby170: checks 
*** SHOW DOWN ***
rebelk66: shows [Kc Qc] (two pair, Queens and Nines)
webby170: shows [Qh Kh] (two pair, Queens and Nines)
rebelk66 collected $0.42 from pot
webby170 collected $0.41 from pot
*** SUMMARY ***
Total pot $0.87 | Rake $0.04 
Board [3h 9h Ts Qs 9s]
Seat 3: eclihan folded before Flop (didn't bet)
Seat 4: Dorex2007 folded before Flop (didn't bet)
Seat 5: webby170 showed [Qh Kh] and won ($0.41) with two pair, Queens and Nines
Seat 6: enixblr (button) folded before Flop (didn't bet)
Seat 7: BluffOnTable (small blind) folded on the Turn
Seat 8: rebelk66 (big blind) showed [Kc Qc] and won ($0.42) with two pair, Queens and Nines
Seat 9: w3sby folded before Flop (didn't bet)



PokerStars Hand #238468398786:  Hold'em No Limit ($0.02/$0.05 USD) - 2022/09/06 22:08:20 PT [2022/09/07 1:08:20 ET]
Table 'Susilva' 9-max Seat #7 is the button
Seat 3: eclihan ($5.44 in chips) 
Seat 4: Dorex2007 ($18.92 in chips) 
Seat 5: webby170 ($6.25 in chips) 
Seat 6: enixblr ($5.72 in chips) 
Seat 7: BluffOnTable ($5.85 in chips) 
Seat 8: rebelk66 ($6.66 in chips) 
Seat 9: w3sby ($8.20 in chips) 
rebelk66: posts small blind $0.02
w3sby: posts big blind $0.05
Hejter1337: sits out 
abobora71: sits out 
*** HOLE CARDS ***
Dealt to Dorex2007 [9s 2h]
eclihan: folds 
Dorex2007: folds 
webby170: raises $0.06 to $0.11
enixblr: folds 
BluffOnTable: folds 
rebelk66: folds 
w3sby: folds 
Uncalled bet ($0.06) returned to webby170
webby170 collected $0.12 from pot
webby170: shows [Ks Kh] (a pair of Kings)
*** SUMMARY ***
Total pot $0.12 | Rake $0 
Seat 3: eclihan folded before Flop (didn't bet)
Seat 4: Dorex2007 folded before Flop (didn't bet)
Seat 5: webby170 collected ($0.12)
Seat 6: enixblr folded before Flop (didn't bet)
Seat 7: BluffOnTable (button) folded before Flop (didn't bet)
Seat 8: rebelk66 (small blind) folded before Flop
Seat 9: w3sby (big blind) folded before Flop



PokerStars Hand #238468400935:  Hold'em No Limit ($0.02/$0.05 USD) - 2022/09/06 22:08:39 PT [2022/09/07 1:08:39 ET]
Table 'Susilva' 9-max Seat #8 is the button
Seat 1: Hejter1337 ($5 in chips) 
Seat 3: eclihan ($5.44 in chips) 
Seat 4: Dorex2007 ($18.92 in chips) 
Seat 5: webby170 ($6.32 in chips) 
Seat 6: enixblr ($5.72 in chips) 
Seat 7: BluffOnTable ($5.85 in chips) 
Seat 8: rebelk66 ($6.64 in chips) 
Seat 9: w3sby ($8.15 in chips) 
w3sby: posts small blind $0.02
Hejter1337: posts big blind $0.05
abobora71: sits out 
*** HOLE CARDS ***
Dealt to Dorex2007 [2d Kc]
eclihan: folds 
Dorex2007: folds 
webby170: raises $0.06 to $0.11
enixblr: folds 
BluffOnTable: folds 
rebelk66: folds 
w3sby: folds 
Hejter1337: folds 
Uncalled bet ($0.06) returned to webby170
webby170 collected $0.12 from pot
*** SUMMARY ***
Total pot $0.12 | Rake $0 
Seat 1: Hejter1337 (big blind) folded before Flop
Seat 3: eclihan folded before Flop (didn't bet)
Seat 4: Dorex2007 folded before Flop (didn't bet)
Seat 5: webby170 collected ($0.12)
Seat 6: enixblr folded before Flop (didn't bet)
Seat 7: BluffOnTable folded before Flop (didn't bet)
Seat 8: rebelk66 (button) folded before Flop (didn't bet)
Seat 9: w3sby (small blind) folded before Flop



PokerStars Hand #238468403454:  Hold'em No Limit ($0.02/$0.05 USD) - 2022/09/06 22:09:02 PT [2022/09/07 1:09:02 ET]
Table 'Susilva' 9-max Seat #9 is the button
Seat 1: Hejter1337 ($4.95 in chips) 
Seat 2: abobora71 ($7.82 in chips) 
Seat 3: eclihan ($5.44 in chips) 
Seat 4: Dorex2007 ($18.92 in chips) 
Seat 5: webby170 ($6.39 in chips) 
Seat 6: enixblr ($5.72 in chips) 
Seat 7: BluffOnTable ($5.85 in chips) 
Seat 8: rebelk66 ($6.64 in chips) 
Seat 9: w3sby ($8.13 in chips) 
Hejter1337: posts small blind $0.02
abobora71: posts big blind $0.05
*** HOLE CARDS ***
Dealt to Dorex2007 [5c 5s]
eclihan: folds 
Dorex2007: raises $0.05 to $0.10
webby170: calls $0.10
enixblr: calls $0.10
BluffOnTable: folds 
rebelk66: calls $0.10
w3sby: folds 
Hejter1337: folds 
abobora71: folds 
*** FLOP *** [7s 2s 6d]
Dorex2007: checks 
webby170: checks 
enixblr: bets $0.70
rebelk66: folds 
Dorex2007: folds 
webby170: folds 
Uncalled bet ($0.70) returned to enixblr
enixblr collected $0.45 from pot
enixblr: doesn't show hand 
*** SUMMARY ***
Total pot $0.47 | Rake $0.02 
Board [7s 2s 6d]
Seat 1: Hejter1337 (small blind) folded before Flop
Seat 2: abobora71 (big blind) folded before Flop
Seat 3: eclihan folded before Flop (didn't bet)
Seat 4: Dorex2007 folded on the Flop
Seat 5: webby170 folded on the Flop
Seat 6: enixblr collected ($0.45)
Seat 7: BluffOnTable folded before Flop (didn't bet)
Seat 8: rebelk66 folded on the Flop
Seat 9: w3sby (button) folded before Flop (didn't bet)



PokerStars Hand #238468407015:  Hold'em No Limit ($0.02/$0.05 USD) - 2022/09/06 22:09:34 PT [2022/09/07 1:09:34 ET]
Table 'Susilva' 9-max Seat #1 is the button
Seat 1: Hejter1337 ($4.93 in chips) 
Seat 2: abobora71 ($7.77 in chips) 
Seat 3: eclihan ($5.44 in chips) 
Seat 4: Dorex2007 ($18.82 in chips) 
Seat 5: webby170 ($6.29 in chips) 
Seat 6: enixblr ($6.07 in chips) 
Seat 7: BluffOnTable ($5.85 in chips) 
Seat 8: rebelk66 ($6.54 in chips) 
Seat 9: w3sby ($8.13 in chips) 
abobora71: posts small blind $0.02
eclihan: posts big blind $0.05
*** HOLE CARDS ***
Dealt to Dorex2007 [8c Qd]
Dorex2007: folds 
webby170: folds 
enixblr: folds 
BluffOnTable: folds 
rebelk66: folds 
w3sby: raises $0.07 to $0.12
Hejter1337: folds 
abobora71: folds 
eclihan: calls $0.07
*** FLOP *** [Ad As 6s]
eclihan: checks 
w3sby: bets $0.12
eclihan: folds 
Uncalled bet ($0.12) returned to w3sby
w3sby collected $0.25 from pot
w3sby: doesn't show hand 
*** SUMMARY ***
Total pot $0.26 | Rake $0.01 
Board [Ad As 6s]
Seat 1: Hejter1337 (button) folded before Flop (didn't bet)
Seat 2: abobora71 (small blind) folded before Flop
Seat 3: eclihan (big blind) folded on the Flop
Seat 4: Dorex2007 folded before Flop (didn't bet)
Seat 5: webby170 folded before Flop (didn't bet)
Seat 6: enixblr folded before Flop (didn't bet)
Seat 7: BluffOnTable folded before Flop (didn't bet)
Seat 8: rebelk66 folded before Flop (didn't bet)
Seat 9: w3sby collected ($0.25)



PokerStars Hand #238468411023:  Hold'em No Limit ($0.02/$0.05 USD) - 2022/09/06 22:10:09 PT [2022/09/07 1:10:09 ET]
Table 'Susilva' 9-max Seat #2 is the button
Seat 1: Hejter1337 ($4.93 in chips) 
Seat 2: abobora71 ($7.75 in chips) 
Seat 3: eclihan ($5.32 in chips) 
Seat 4: Dorex2007 ($18.82 in chips) 
Seat 5: webby170 ($6.29 in chips) 
Seat 6: enixblr ($6.07 in chips) 
Seat 7: BluffOnTable ($5.85 in chips) 
Seat 8: rebelk66 ($6.54 in chips) 
Seat 9: w3sby ($8.26 in chips) 
eclihan: posts small blind $0.02
Dorex2007: posts big blind $0.05
*** HOLE CARDS ***
Dealt to Dorex2007 [5d 9h]
webby170: folds 
enixblr: raises $0.05 to $0.10
BluffOnTable: folds 
rebelk66: folds 
w3sby: folds 
Hejter1337: folds 
abobora71: folds 
eclihan: folds 
Dorex2007: folds 
Uncalled bet ($0.05) returned to enixblr
enixblr collected $0.12 from pot
enixblr: doesn't show hand 
*** SUMMARY ***
Total pot $0.12 | Rake $0 
Seat 1: Hejter1337 folded before Flop (didn't bet)
Seat 2: abobora71 (button) folded before Flop (didn't bet)
Seat 3: eclihan (small blind) folded before Flop
Seat 4: Dorex2007 (big blind) folded before Flop
Seat 5: webby170 folded before Flop (didn't bet)
Seat 6: enixblr collected ($0.12)
Seat 7: BluffOnTable folded before Flop (didn't bet)
Seat 8: rebelk66 folded before Flop (didn't bet)
Seat 9: w3sby folded before Flop (didn't bet)



PokerStars Hand #238468413945:  Hold'em No Limit ($0.02/$0.05 USD) - 2022/09/06 22:10:35 PT [2022/09/07 1:10:35 ET]
Table 'Susilva' 9-max Seat #3 is the button
Seat 1: Hejter1337 ($4.93 in chips) 
Seat 2: abobora71 ($7.75 in chips) 
Seat 3: eclihan ($5.30 in chips) 
Seat 4: Dorex2007 ($18.77 in chips) 
Seat 5: webby170 ($6.29 in chips) 
Seat 6: enixblr ($6.14 in chips) 
Seat 7: BluffOnTable ($5.85 in chips) 
Seat 8: rebelk66 ($6.54 in chips) 
Seat 9: w3sby ($8.26 in chips) 
Dorex2007: posts small blind $0.02
webby170: posts big blind $0.05
*** HOLE CARDS ***
Dealt to Dorex2007 [6d Qh]
enixblr: folds 
BluffOnTable: folds 
rebelk66: folds 
w3sby: folds 
Hejter1337: folds 
abobora71: calls $0.05
eclihan: raises $0.07 to $0.12
Dorex2007: folds 
webby170: folds 
abobora71: calls $0.07
*** FLOP *** [7c 8c Tc]
abobora71: checks 
eclihan: bets $0.15
abobora71: folds 
Uncalled bet ($0.15) returned to eclihan
eclihan collected $0.30 from pot
eclihan: doesn't show hand 
*** SUMMARY ***
Total pot $0.31 | Rake $0.01 
Board [7c 8c Tc]
Seat 1: Hejter1337 folded before Flop (didn't bet)
Seat 2: abobora71 folded on the Flop
Seat 3: eclihan (button) collected ($0.30)
Seat 4: Dorex2007 (small blind) folded before Flop
Seat 5: webby170 (big blind) folded before Flop
Seat 6: enixblr folded before Flop (didn't bet)
Seat 7: BluffOnTable folded before Flop (didn't bet)
Seat 8: rebelk66 folded before Flop (didn't bet)
Seat 9: w3sby folded before Flop (didn't bet)



PokerStars Hand #238468417056:  Hold'em No Limit ($0.02/$0.05 USD) - 2022/09/06 22:11:03 PT [2022/09/07 1:11:03 ET]
Table 'Susilva' 9-max Seat #4 is the button
Seat 1: Hejter1337 ($4.93 in chips) 
Seat 2: abobora71 ($7.63 in chips) 
Seat 3: eclihan ($5.48 in chips) 
Seat 4: Dorex2007 ($18.75 in chips) 
Seat 5: webby170 ($6.24 in chips) 
Seat 6: enixblr ($6.14 in chips) 
Seat 7: BluffOnTable ($5.85 in chips) 
Seat 8: rebelk66 ($6.54 in chips) 
Seat 9: w3sby ($8.26 in chips) 
webby170: posts small blind $0.02
enixblr: posts big blind $0.05
*** HOLE CARDS ***
Dealt to Dorex2007 [6d Kc]
BluffOnTable: folds 
rebelk66: folds 
w3sby: raises $0.10 to $0.15
Hejter1337: folds 
abobora71: folds 
eclihan: folds 
Dorex2007: folds 
webby170: calls $0.13
enixblr: folds 
*** FLOP *** [7h 7d Qd]
webby170: checks 
w3sby: bets $0.17
webby170: folds 
Uncalled bet ($0.17) returned to w3sby
w3sby collected $0.34 from pot
w3sby: doesn't show hand 
*** SUMMARY ***
Total pot $0.35 | Rake $0.01 
Board [7h 7d Qd]
Seat 1: Hejter1337 folded before Flop (didn't bet)
Seat 2: abobora71 folded before Flop (didn't bet)
Seat 3: eclihan folded before Flop (didn't bet)
Seat 4: Dorex2007 (button) folded before Flop (didn't bet)
Seat 5: webby170 (small blind) folded on the Flop
Seat 6: enixblr (big blind) folded before Flop
Seat 7: BluffOnTable folded before Flop (didn't bet)
Seat 8: rebelk66 folded before Flop (didn't bet)
Seat 9: w3sby collected ($0.34)



PokerStars Hand #238468420689:  Hold'em No Limit ($0.02/$0.05 USD) - 2022/09/06 22:11:35 PT [2022/09/07 1:11:35 ET]
Table 'Susilva' 9-max Seat #5 is the button
Seat 1: Hejter1337 ($4.93 in chips) 
Seat 2: abobora71 ($7.63 in chips) 
Seat 3: eclihan ($5.48 in chips) 
Seat 4: Dorex2007 ($18.75 in chips) 
Seat 5: webby170 ($6.09 in chips) 
Seat 6: enixblr ($6.09 in chips) 
Seat 7: BluffOnTable ($5.85 in chips) 
Seat 8: rebelk66 ($6.54 in chips) 
Seat 9: w3sby ($8.45 in chips) 
enixblr: posts small blind $0.02
BluffOnTable: posts big blind $0.05
*** HOLE CARDS ***
Dealt to Dorex2007 [5s 5h]
rebelk66: folds 
w3sby: raises $0.10 to $0.15
Hejter1337: folds 
abobora71: folds 
eclihan: folds 
Dorex2007: calls $0.15
webby170: folds 
enixblr: calls $0.13
BluffOnTable: folds 
*** FLOP *** [9s Kh 5d]
enixblr: checks 
w3sby: checks 
Dorex2007: bets $0.24
enixblr: folds 
w3sby: folds 
Uncalled bet ($0.24) returned to Dorex2007
Dorex2007 collected $0.48 from pot
Dorex2007: doesn't show hand 
*** SUMMARY ***
Total pot $0.50 | Rake $0.02 
Board [9s Kh 5d]
Seat 1: Hejter1337 folded before Flop (didn't bet)
Seat 2: abobora71 folded before Flop (didn't bet)
Seat 3: eclihan folded before Flop (didn't bet)
Seat 4: Dorex2007 collected ($0.48)
Seat 5: webby170 (button) folded before Flop (didn't bet)
Seat 6: enixblr (small blind) folded on the Flop
Seat 7: BluffOnTable (big blind) folded before Flop
Seat 8: rebelk66 folded before Flop (didn't bet)
Seat 9: w3sby folded on the Flop



PokerStars Hand #238468427267:  Hold'em No Limit ($0.02/$0.05 USD) - 2022/09/06 22:12:34 PT [2022/09/07 1:12:34 ET]
Table 'Susilva' 9-max Seat #6 is the button
Seat 1: Hejter1337 ($4.93 in chips) 
Seat 2: abobora71 ($7.63 in chips) 
Seat 3: eclihan ($5.48 in chips) 
Seat 4: Dorex2007 ($19.08 in chips) 
Seat 5: webby170 ($6.09 in chips) 
Seat 6: enixblr ($5.94 in chips) 
Seat 7: BluffOnTable ($5.80 in chips) 
Seat 8: rebelk66 ($6.54 in chips) 
Seat 9: w3sby ($8.30 in chips) 
BluffOnTable: posts small blind $0.02
rebelk66: posts big blind $0.05
*** HOLE CARDS ***
Dealt to Dorex2007 [5s 9c]
w3sby: folds 
Hejter1337: folds 
abobora71: folds 
eclihan: folds 
Dorex2007: folds 
webby170 has timed out
webby170: folds 
enixblr: raises $0.05 to $0.10
BluffOnTable: folds 
rebelk66: folds 
Uncalled bet ($0.05) returned to enixblr
enixblr collected $0.12 from pot
enixblr: doesn't show hand 
*** SUMMARY ***
Total pot $0.12 | Rake $0 
Seat 1: Hejter1337 folded before Flop (didn't bet)
Seat 2: abobora71 folded before Flop (didn't bet)
Seat 3: eclihan folded before Flop (didn't bet)
Seat 4: Dorex2007 folded before Flop (didn't bet)
Seat 5: webby170 folded before Flop (didn't bet)
Seat 6: enixblr (button) collected ($0.12)
Seat 7: BluffOnTable (small blind) folded before Flop
Seat 8: rebelk66 (big blind) folded before Flop
Seat 9: w3sby folded before Flop (didn't bet)



PokerStars Hand #238468430833:  Hold'em No Limit ($0.02/$0.05 USD) - 2022/09/06 22:13:06 PT [2022/09/07 1:13:06 ET]
Table 'Susilva' 9-max Seat #7 is the button
Seat 1: Hejter1337 ($4.93 in chips) 
Seat 2: abobora71 ($7.63 in chips) 
Seat 3: eclihan ($5.48 in chips) 
Seat 4: Dorex2007 ($19.08 in chips) 
Seat 5: webby170 ($6.09 in chips) 
Seat 6: enixblr ($6.01 in chips) 
Seat 7: BluffOnTable ($5.78 in chips) 
Seat 8: rebelk66 ($6.49 in chips) 
Seat 9: w3sby ($8.30 in chips) 
rebelk66: posts small blind $0.02
w3sby: posts big blind $0.05
*** HOLE CARDS ***
Dealt to Dorex2007 [Js Jc]
Hejter1337: folds 
abobora71: folds 
eclihan: folds 
Dorex2007: raises $0.12 to $0.17
webby170: folds 
enixblr: folds 
BluffOnTable: folds 
rebelk66: folds 
w3sby: calls $0.12
*** FLOP *** [8h Ts 6c]
w3sby: checks 
Dorex2007: bets $0.17
w3sby: folds 
Uncalled bet ($0.17) returned to Dorex2007
Dorex2007 collected $0.35 from pot
Dorex2007: doesn't show hand 
*** SUMMARY ***
Total pot $0.36 | Rake $0.01 
Board [8h Ts 6c]
Seat 1: Hejter1337 folded before Flop (didn't bet)
Seat 2: abobora71 folded before Flop (didn't bet)
Seat 3: eclihan folded before Flop (didn't bet)
Seat 4: Dorex2007 collected ($0.35)
Seat 5: webby170 folded before Flop (didn't bet)
Seat 6: enixblr folded before Flop (didn't bet)
Seat 7: BluffOnTable (button) folded before Flop (didn't bet)
Seat 8: rebelk66 (small blind) folded before Flop
Seat 9: w3sby (big blind) folded on the Flop



PokerStars Hand #238468436386:  Hold'em No Limit ($0.02/$0.05 USD) - 2022/09/06 22:13:57 PT [2022/09/07 1:13:57 ET]
Table 'Susilva' 9-max Seat #8 is the button
Seat 1: Hejter1337 ($4.93 in chips) 
Seat 2: abobora71 ($7.63 in chips) 
Seat 3: eclihan ($5.48 in chips) 
Seat 4: Dorex2007 ($19.26 in chips) 
Seat 5: webby170 ($6.09 in chips) 
Seat 6: enixblr ($6.01 in chips) 
Seat 7: BluffOnTable ($5.78 in chips) 
Seat 8: rebelk66 ($6.47 in chips) 
Seat 9: w3sby ($8.13 in chips) 
w3sby: posts small blind $0.02
Hejter1337: posts big blind $0.05
*** HOLE CARDS ***
Dealt to Dorex2007 [Qc 9c]
abobora71: folds 
eclihan: folds 
Dorex2007: folds 
webby170: folds 
enixblr: raises $0.07 to $0.12
BluffOnTable: folds 
rebelk66: folds 
w3sby: folds 
Hejter1337: folds 
Uncalled bet ($0.07) returned to enixblr
enixblr collected $0.12 from pot
enixblr: doesn't show hand 
*** SUMMARY ***
Total pot $0.12 | Rake $0 
Seat 1: Hejter1337 (big blind) folded before Flop
Seat 2: abobora71 folded before Flop (didn't bet)
Seat 3: eclihan folded before Flop (didn't bet)
Seat 4: Dorex2007 folded before Flop (didn't bet)
Seat 5: webby170 folded before Flop (didn't bet)
Seat 6: enixblr collected ($0.12)
Seat 7: BluffOnTable folded before Flop (didn't bet)
Seat 8: rebelk66 (button) folded before Flop (didn't bet)
Seat 9: w3sby (small blind) folded before Flop



PokerStars Hand #238468438563:  Hold'em No Limit ($0.02/$0.05 USD) - 2022/09/06 22:14:16 PT [2022/09/07 1:14:16 ET]
Table 'Susilva' 9-max Seat #9 is the button
Seat 1: Hejter1337 ($4.88 in chips) 
Seat 2: abobora71 ($7.63 in chips) 
Seat 3: eclihan ($5.48 in chips) 
Seat 4: Dorex2007 ($19.26 in chips) 
Seat 5: webby170 ($6.09 in chips) 
Seat 6: enixblr ($6.08 in chips) 
Seat 7: BluffOnTable ($5.78 in chips) 
Seat 8: rebelk66 ($6.47 in chips) 
Seat 9: w3sby ($8.11 in chips) 
Hejter1337: posts small blind $0.02
abobora71: posts big blind $0.05
*** HOLE CARDS ***
Dealt to Dorex2007 [Qd Qc]
eclihan: folds 
Dorex2007: raises $0.10 to $0.15
webby170: folds 
enixblr: folds 
BluffOnTable: folds 
rebelk66: folds 
w3sby: raises $0.30 to $0.45
Hejter1337: folds 
abobora71: folds 
Dorex2007: raises $18.81 to $19.26 and is all-in
w3sby: folds 
Uncalled bet ($18.81) returned to Dorex2007
Dorex2007 collected $0.97 from pot
Dorex2007: doesn't show hand 
*** SUMMARY ***
Total pot $0.97 | Rake $0 
Seat 1: Hejter1337 (small blind) folded before Flop
Seat 2: abobora71 (big blind) folded before Flop
Seat 3: eclihan folded before Flop (didn't bet)
Seat 4: Dorex2007 collected ($0.97)
Seat 5: webby170 folded before Flop (didn't bet)
Seat 6: enixblr folded before Flop (didn't bet)
Seat 7: BluffOnTable folded before Flop (didn't bet)
Seat 8: rebelk66 folded before Flop (didn't bet)
Seat 9: w3sby (button) folded before Flop



PokerStars Hand #238468442806:  Hold'em No Limit ($0.02/$0.05 USD) - 2022/09/06 22:14:54 PT [2022/09/07 1:14:54 ET]
Table 'Susilva' 9-max Seat #1 is the button
Seat 1: Hejter1337 ($4.86 in chips) 
Seat 2: abobora71 ($7.58 in chips) 
Seat 3: eclihan ($5.48 in chips) 
Seat 4: Dorex2007 ($19.78 in chips) 
Seat 5: webby170 ($6.09 in chips) 
Seat 6: enixblr ($6.08 in chips) 
Seat 7: BluffOnTable ($5.78 in chips) 
Seat 8: rebelk66 ($6.47 in chips) 
Seat 9: w3sby ($7.66 in chips) 
abobora71: posts small blind $0.02
eclihan: posts big blind $0.05
*** HOLE CARDS ***
Dealt to Dorex2007 [As 7h]
Dorex2007: folds 
webby170: folds 
enixblr: folds 
BluffOnTable: raises $0.10 to $0.15
rebelk66: folds 
w3sby: folds 
Hejter1337: folds 
abobora71: folds 
eclihan: folds 
Uncalled bet ($0.10) returned to BluffOnTable
BluffOnTable collected $0.12 from pot
BluffOnTable: doesn't show hand 
*** SUMMARY ***
Total pot $0.12 | Rake $0 
Seat 1: Hejter1337 (button) folded before Flop (didn't bet)
Seat 2: abobora71 (small blind) folded before Flop
Seat 3: eclihan (big blind) folded before Flop
Seat 4: Dorex2007 folded before Flop (didn't bet)
Seat 5: webby170 folded before Flop (didn't bet)
Seat 6: enixblr folded before Flop (didn't bet)
Seat 7: BluffOnTable collected ($0.12)
Seat 8: rebelk66 folded before Flop (didn't bet)
Seat 9: w3sby folded before Flop (didn't bet)



PokerStars Hand #238468445049:  Hold'em No Limit ($0.02/$0.05 USD) - 2022/09/06 22:15:14 PT [2022/09/07 1:15:14 ET]
Table 'Susilva' 9-max Seat #2 is the button
Seat 1: Hejter1337 ($4.86 in chips) 
Seat 2: abobora71 ($7.56 in chips) 
Seat 3: eclihan ($5.43 in chips) 
Seat 4: Dorex2007 ($19.78 in chips) 
Seat 5: webby170 ($6.09 in chips) 
Seat 6: enixblr ($6.08 in chips) 
Seat 7: BluffOnTable ($5.85 in chips) 
Seat 8: rebelk66 ($6.47 in chips) 
Seat 9: w3sby ($7.66 in chips) 
eclihan: posts small blind $0.02
Dorex2007: posts big blind $0.05
*** HOLE CARDS ***
Dealt to Dorex2007 [7c Kd]
webby170: folds 
enixblr: folds 
BluffOnTable: folds 
rebelk66: folds 
w3sby: folds 
Hejter1337: folds 
abobora71: folds 
eclihan: raises $0.05 to $0.10
Dorex2007: folds 
Uncalled bet ($0.05) returned to eclihan
eclihan collected $0.10 from pot
eclihan: doesn't show hand 
*** SUMMARY ***
Total pot $0.10 | Rake $0 
Seat 1: Hejter1337 folded before Flop (didn't bet)
Seat 2: abobora71 (button) folded before Flop (didn't bet)
Seat 3: eclihan (small blind) collected ($0.10)
Seat 4: Dorex2007 (big blind) folded before Flop
Seat 5: webby170 folded before Flop (didn't bet)
Seat 6: enixblr folded before Flop (didn't bet)
Seat 7: BluffOnTable folded before Flop (didn't bet)
Seat 8: rebelk66 folded before Flop (didn't bet)
Seat 9: w3sby folded before Flop (didn't bet)



PokerStars Hand #238468448968:  Hold'em No Limit ($0.02/$0.05 USD) - 2022/09/06 22:15:49 PT [2022/09/07 1:15:49 ET]
Table 'Susilva' 9-max Seat #3 is the button
Seat 1: Hejter1337 ($4.86 in chips) 
Seat 2: abobora71 ($7.56 in chips) 
Seat 3: eclihan ($5.48 in chips) 
Seat 4: Dorex2007 ($19.73 in chips) 
Seat 5: webby170 ($6.09 in chips) 
Seat 6: enixblr ($6.08 in chips) 
Seat 7: BluffOnTable ($5.85 in chips) 
Seat 8: rebelk66 ($6.47 in chips) 
Seat 9: w3sby ($7.66 in chips) 
Dorex2007: posts small blind $0.02
webby170: posts big blind $0.05
*** HOLE CARDS ***
Dealt to Dorex2007 [Th 4s]
enixblr: folds 
BluffOnTable: folds 
rebelk66: raises $0.05 to $0.10
w3sby: folds 
Hejter1337: calls $0.10
abobora71: folds 
eclihan: folds 
Dorex2007: folds 
webby170: calls $0.05
*** FLOP *** [6h As Ks]
webby170: checks 
rebelk66: bets $0.20
Hejter1337: folds 
webby170: calls $0.20
*** TURN *** [6h As Ks] [4d]
webby170: checks 
rebelk66: checks 
*** RIVER *** [6h As Ks 4d] [7s]
webby170: bets $0.34
rebelk66: raises $1.96 to $2.30
webby170: folds [4c Ac]
Uncalled bet ($1.96) returned to rebelk66
rebelk66 collected $1.34 from pot
rebelk66: shows [Qs Js] (a flush, Ace high)
*** SUMMARY ***
Total pot $1.40 | Rake $0.06 
Board [6h As Ks 4d 7s]
Seat 1: Hejter1337 folded on the Flop
Seat 2: abobora71 folded before Flop (didn't bet)
Seat 3: eclihan (button) folded before Flop (didn't bet)
Seat 4: Dorex2007 (small blind) folded before Flop
Seat 5: webby170 (big blind) folded on the River
Seat 6: enixblr folded before Flop (didn't bet)
Seat 7: BluffOnTable folded before Flop (didn't bet)
Seat 8: rebelk66 collected ($1.34)
Seat 9: w3sby folded before Flop (didn't bet)



PokerStars Hand #238468458470:  Hold'em No Limit ($0.02/$0.05 USD) - 2022/09/06 22:17:14 PT [2022/09/07 1:17:14 ET]
Table 'Susilva' 9-max Seat #4 is the button
Seat 1: Hejter1337 ($4.76 in chips) 
Seat 2: abobora71 ($7.56 in chips) 
Seat 3: eclihan ($5.48 in chips) 
Seat 4: Dorex2007 ($19.71 in chips) 
Seat 5: webby170 ($5.45 in chips) 
Seat 6: enixblr ($6.08 in chips) 
Seat 7: BluffOnTable ($5.85 in chips) 
Seat 8: rebelk66 ($7.17 in chips) 
Seat 9: w3sby ($7.66 in chips) 
webby170: posts small blind $0.02
enixblr: posts big blind $0.05
*** HOLE CARDS ***
Dealt to Dorex2007 [Kh 9d]
BluffOnTable: folds 
rebelk66: raises $0.05 to $0.10
w3sby: folds 
Hejter1337: folds 
abobora71: folds 
eclihan: folds 
Dorex2007: folds 
webby170: folds 
enixblr: folds 
Uncalled bet ($0.05) returned to rebelk66
rebelk66 collected $0.12 from pot
*** SUMMARY ***
Total pot $0.12 | Rake $0 
Seat 1: Hejter1337 folded before Flop (didn't bet)
Seat 2: abobora71 folded before Flop (didn't bet)
Seat 3: eclihan folded before Flop (didn't bet)
Seat 4: Dorex2007 (button) folded before Flop (didn't bet)
Seat 5: webby170 (small blind) folded before Flop
Seat 6: enixblr (big blind) folded before Flop
Seat 7: BluffOnTable folded before Flop (didn't bet)
Seat 8: rebelk66 collected ($0.12)
Seat 9: w3sby folded before Flop (didn't bet)



PokerStars Hand #238468461070:  Hold'em No Limit ($0.02/$0.05 USD) - 2022/09/06 22:17:37 PT [2022/09/07 1:17:37 ET]
Table 'Susilva' 9-max Seat #5 is the button
Seat 1: Hejter1337 ($4.76 in chips) 
Seat 2: abobora71 ($7.56 in chips) 
Seat 3: eclihan ($5.48 in chips) 
Seat 4: Dorex2007 ($19.71 in chips) 
Seat 5: webby170 ($5.43 in chips) 
Seat 6: enixblr ($6.03 in chips) 
Seat 7: BluffOnTable ($5.85 in chips) 
Seat 8: rebelk66 ($7.24 in chips) 
Seat 9: w3sby ($7.66 in chips) 
enixblr: posts small blind $0.02
BluffOnTable: posts big blind $0.05
*** HOLE CARDS ***
Dealt to Dorex2007 [Ac Kh]
rebelk66: folds 
w3sby: folds 
Hejter1337: folds 
abobora71: folds 
eclihan: raises $0.07 to $0.12
Dorex2007: raises $0.31 to $0.43
webby170: folds 
enixblr: folds 
BluffOnTable: folds 
eclihan: calls $0.31
*** FLOP *** [4c 7h 9s]
eclihan: checks 
Dorex2007: bets $0.59
eclihan: folds 
Uncalled bet ($0.59) returned to Dorex2007
Dorex2007 collected $0.89 from pot
Dorex2007: doesn't show hand 
*** SUMMARY ***
Total pot $0.93 | Rake $0.04 
Board [4c 7h 9s]
Seat 1: Hejter1337 folded before Flop (didn't bet)
Seat 2: abobora71 folded before Flop (didn't bet)
Seat 3: eclihan folded on the Flop
Seat 4: Dorex2007 collected ($0.89)
Seat 5: webby170 (button) folded before Flop (didn't bet)
Seat 6: enixblr (small blind) folded before Flop
Seat 7: BluffOnTable (big blind) folded before Flop
Seat 8: rebelk66 folded before Flop (didn't bet)
Seat 9: w3sby folded before Flop (didn't bet)



PokerStars Hand #238468467890:  Hold'em No Limit ($0.02/$0.05 USD) - 2022/09/06 22:18:39 PT [2022/09/07 1:18:39 ET]
Table 'Susilva' 9-max Seat #6 is the button
Seat 1: Hejter1337 ($4.76 in chips) 
Seat 2: abobora71 ($7.56 in chips) 
Seat 3: eclihan ($5.05 in chips) 
Seat 4: Dorex2007 ($20.17 in chips) 
Seat 5: webby170 ($5.43 in chips) 
Seat 6: enixblr ($6.01 in chips) 
Seat 7: BluffOnTable ($5.80 in chips) 
Seat 8: rebelk66 ($7.24 in chips) 
Seat 9: w3sby ($7.66 in chips) 
BluffOnTable: posts small blind $0.02
rebelk66: posts big blind $0.05
*** HOLE CARDS ***
Dealt to Dorex2007 [Jh Kd]
w3sby: folds 
Hejter1337: folds 
abobora71: folds 
eclihan: folds 
Dorex2007: raises $0.05 to $0.10
webby170: folds 
enixblr: calls $0.10
BluffOnTable: folds 
rebelk66: calls $0.05
*** FLOP *** [3h 6d 5h]
rebelk66: checks 
Dorex2007: checks 
enixblr: bets $0.21
rebelk66: calls $0.21
Dorex2007: folds 
*** TURN *** [3h 6d 5h] [9c]
rebelk66: checks 
enixblr: bets $0.53
rebelk66: calls $0.53
*** RIVER *** [3h 6d 5h 9c] [As]
rebelk66: checks 
enixblr: checks 
*** SHOW DOWN ***
rebelk66: shows [Qh 4h] (high card Ace)
enixblr: shows [7d 7c] (a pair of Sevens)
enixblr collected $1.73 from pot
*** SUMMARY ***
Total pot $1.80 | Rake $0.07 
Board [3h 6d 5h 9c As]
Seat 1: Hejter1337 folded before Flop (didn't bet)
Seat 2: abobora71 folded before Flop (didn't bet)
Seat 3: eclihan folded before Flop (didn't bet)
Seat 4: Dorex2007 folded on the Flop
Seat 5: webby170 folded before Flop (didn't bet)
Seat 6: enixblr (button) showed [7d 7c] and won ($1.73) with a pair of Sevens
Seat 7: BluffOnTable (small blind) folded before Flop
Seat 8: rebelk66 (big blind) showed [Qh 4h] and lost with high card Ace
Seat 9: w3sby folded before Flop (didn't bet)



PokerStars Hand #238468476067:  Hold'em No Limit ($0.02/$0.05 USD) - 2022/09/06 22:19:53 PT [2022/09/07 1:19:53 ET]
Table 'Susilva' 9-max Seat #7 is the button
Seat 1: Hejter1337 ($4.76 in chips) 
Seat 2: abobora71 ($7.56 in chips) 
Seat 3: eclihan ($5.05 in chips) 
Seat 4: Dorex2007 ($20.07 in chips) 
Seat 5: webby170 ($5.43 in chips) 
Seat 6: enixblr ($6.90 in chips) 
Seat 7: BluffOnTable ($5.78 in chips) 
Seat 8: rebelk66 ($6.40 in chips) 
Seat 9: w3sby ($7.66 in chips) 
rebelk66: posts small blind $0.02
w3sby: posts big blind $0.05
*** HOLE CARDS ***
Dealt to Dorex2007 [6c 3c]
Hejter1337: folds 
abobora71: folds 
eclihan: folds 
Dorex2007: folds 
webby170: raises $0.06 to $0.11
enixblr: folds 
BluffOnTable: folds 
rebelk66: folds 
w3sby: folds 
Uncalled bet ($0.06) returned to webby170
webby170 collected $0.12 from pot
*** SUMMARY ***
Total pot $0.12 | Rake $0 
Seat 1: Hejter1337 folded before Flop (didn't bet)
Seat 2: abobora71 folded before Flop (didn't bet)
Seat 3: eclihan folded before Flop (didn't bet)
Seat 4: Dorex2007 folded before Flop (didn't bet)
Seat 5: webby170 collected ($0.12)
Seat 6: enixblr folded before Flop (didn't bet)
Seat 7: BluffOnTable (button) folded before Flop (didn't bet)
Seat 8: rebelk66 (small blind) folded before Flop
Seat 9: w3sby (big blind) folded before Flop



PokerStars Hand #238468479528:  Hold'em No Limit ($0.02/$0.05 USD) - 2022/09/06 22:20:24 PT [2022/09/07 1:20:24 ET]
Table 'Susilva' 9-max Seat #8 is the button
Seat 1: Hejter1337 ($4.76 in chips) 
Seat 2: abobora71 ($7.56 in chips) 
Seat 3: eclihan ($5.05 in chips) 
Seat 4: Dorex2007 ($20.07 in chips) 
Seat 5: webby170 ($5.50 in chips) 
Seat 6: enixblr ($6.90 in chips) 
Seat 7: BluffOnTable ($5.78 in chips) 
Seat 8: rebelk66 ($6.38 in chips) 
Seat 9: w3sby ($7.61 in chips) 
w3sby: posts small blind $0.02
Hejter1337: posts big blind $0.05
*** HOLE CARDS ***
Dealt to Dorex2007 [Tc As]
abobora71: folds 
eclihan: raises $0.07 to $0.12
Dorex2007: calls $0.12
webby170: folds 
enixblr: folds 
BluffOnTable: folds 
rebelk66: folds 
w3sby: folds 
Hejter1337: folds 
*** FLOP *** [7d 4c Ad]
eclihan: bets $0.15
Dorex2007: calls $0.15
*** TURN *** [7d 4c Ad] [3s]
eclihan: bets $0.48
Dorex2007: calls $0.48
*** RIVER *** [7d 4c Ad 3s] [8c]
eclihan: checks 
Dorex2007: checks 
*** SHOW DOWN ***
eclihan: shows [Ac Qs] (a pair of Aces)
Dorex2007: mucks hand 
eclihan collected $1.50 from pot
*** SUMMARY ***
Total pot $1.57 | Rake $0.07 
Board [7d 4c Ad 3s 8c]
Seat 1: Hejter1337 (big blind) folded before Flop
Seat 2: abobora71 folded before Flop (didn't bet)
Seat 3: eclihan showed [Ac Qs] and won ($1.50) with a pair of Aces
Seat 4: Dorex2007 mucked [Tc As]
Seat 5: webby170 folded before Flop (didn't bet)
Seat 6: enixblr folded before Flop (didn't bet)
Seat 7: BluffOnTable folded before Flop (didn't bet)
Seat 8: rebelk66 (button) folded before Flop (didn't bet)
Seat 9: w3sby (small blind) folded before Flop



PokerStars Hand #238468484795:  Hold'em No Limit ($0.02/$0.05 USD) - 2022/09/06 22:21:11 PT [2022/09/07 1:21:11 ET]
Table 'Susilva' 9-max Seat #9 is the button
Seat 1: Hejter1337 ($4.71 in chips) 
Seat 2: abobora71 ($7.56 in chips) 
Seat 3: eclihan ($5.80 in chips) 
Seat 4: Dorex2007 ($19.32 in chips) 
Seat 5: webby170 ($5.50 in chips) 
Seat 6: enixblr ($6.90 in chips) 
Seat 7: BluffOnTable ($5.78 in chips) 
Seat 8: rebelk66 ($6.38 in chips) 
Seat 9: w3sby ($7.59 in chips) 
Hejter1337: posts small blind $0.02
abobora71: posts big blind $0.05
*** HOLE CARDS ***
Dealt to Dorex2007 [7s Jc]
eclihan: folds 
Dorex2007: folds 
webby170: raises $0.06 to $0.11
enixblr: folds 
BluffOnTable: folds 
rebelk66: folds 
w3sby: folds 
Hejter1337: folds 
abobora71: folds 
Uncalled bet ($0.06) returned to webby170
webby170 collected $0.12 from pot
*** SUMMARY ***
Total pot $0.12 | Rake $0 
Seat 1: Hejter1337 (small blind) folded before Flop
Seat 2: abobora71 (big blind) folded before Flop
Seat 3: eclihan folded before Flop (didn't bet)
Seat 4: Dorex2007 folded before Flop (didn't bet)
Seat 5: webby170 collected ($0.12)
Seat 6: enixblr folded before Flop (didn't bet)
Seat 7: BluffOnTable folded before Flop (didn't bet)
Seat 8: rebelk66 folded before Flop (didn't bet)
Seat 9: w3sby (button) folded before Flop (didn't bet)



PokerStars Hand #238468487288:  Hold'em No Limit ($0.02/$0.05 USD) - 2022/09/06 22:21:34 PT [2022/09/07 1:21:34 ET]
Table 'Susilva' 9-max Seat #1 is the button
Seat 1: Hejter1337 ($4.69 in chips) 
Seat 2: abobora71 ($7.51 in chips) 
Seat 3: eclihan ($5.80 in chips) 
Seat 4: Dorex2007 ($19.32 in chips) 
Seat 5: webby170 ($5.57 in chips) 
Seat 6: enixblr ($6.90 in chips) 
Seat 7: BluffOnTable ($5.78 in chips) 
Seat 8: rebelk66 ($6.38 in chips) 
Seat 9: w3sby ($7.59 in chips) 
abobora71: posts small blind $0.02
eclihan: posts big blind $0.05
*** HOLE CARDS ***
Dealt to Dorex2007 [Jd 6c]
Dorex2007: folds 
webby170: folds 
enixblr: raises $0.05 to $0.10
BluffOnTable: folds 
rebelk66: folds 
w3sby: folds 
Hejter1337: folds 
abobora71: folds 
eclihan: calls $0.05
*** FLOP *** [Ts Jh As]
eclihan: checks 
enixblr: bets $0.14
eclihan: calls $0.14
*** TURN *** [Ts Jh As] [Kh]
eclihan: checks 
enixblr: checks 
*** RIVER *** [Ts Jh As Kh] [4s]
eclihan: checks 
enixblr: checks 
*** SHOW DOWN ***
eclihan: shows [9h Th] (a pair of Tens)
enixblr: shows [Ah 2h] (a pair of Aces)
enixblr collected $0.48 from pot
*** SUMMARY ***
Total pot $0.50 | Rake $0.02 
Board [Ts Jh As Kh 4s]
Seat 1: Hejter1337 (button) folded before Flop (didn't bet)
Seat 2: abobora71 (small blind) folded before Flop
Seat 3: eclihan (big blind) showed [9h Th] and lost with a pair of Tens
Seat 4: Dorex2007 folded before Flop (didn't bet)
Seat 5: webby170 folded before Flop (didn't bet)
Seat 6: enixblr showed [Ah 2h] and won ($0.48) with a pair of Aces
Seat 7: BluffOnTable folded before Flop (didn't bet)
Seat 8: rebelk66 folded before Flop (didn't bet)
Seat 9: w3sby folded before Flop (didn't bet)



PokerStars Hand #238468492452:  Hold'em No Limit ($0.02/$0.05 USD) - 2022/09/06 22:22:21 PT [2022/09/07 1:22:21 ET]
Table 'Susilva' 9-max Seat #2 is the button
Seat 1: Hejter1337 ($4.69 in chips) 
Seat 2: abobora71 ($7.49 in chips) 
Seat 3: eclihan ($5.56 in chips) 
Seat 4: Dorex2007 ($19.32 in chips) 
Seat 5: webby170 ($5.57 in chips) 
Seat 6: enixblr ($7.14 in chips) 
Seat 7: BluffOnTable ($5.78 in chips) 
Seat 8: rebelk66 ($6.38 in chips) 
Seat 9: w3sby ($7.59 in chips) 
eclihan: posts small blind $0.02
Dorex2007: posts big blind $0.05
*** HOLE CARDS ***
Dealt to Dorex2007 [Ks 4d]
webby170: raises $0.06 to $0.11
enixblr: folds 
BluffOnTable: folds 
rebelk66: folds 
w3sby: folds 
Hejter1337: folds 
abobora71: folds 
eclihan: folds 
Dorex2007: folds 
Uncalled bet ($0.06) returned to webby170
webby170 collected $0.12 from pot
*** SUMMARY ***
Total pot $0.12 | Rake $0 
Seat 1: Hejter1337 folded before Flop (didn't bet)
Seat 2: abobora71 (button) folded before Flop (didn't bet)
Seat 3: eclihan (small blind) folded before Flop
Seat 4: Dorex2007 (big blind) folded before Flop
Seat 5: webby170 collected ($0.12)
Seat 6: enixblr folded before Flop (didn't bet)
Seat 7: BluffOnTable folded before Flop (didn't bet)
Seat 8: rebelk66 folded before Flop (didn't bet)
Seat 9: w3sby folded before Flop (didn't bet)



PokerStars Hand #238468494071:  Hold'em No Limit ($0.02/$0.05 USD) - 2022/09/06 22:22:36 PT [2022/09/07 1:22:36 ET]
Table 'Susilva' 9-max Seat #3 is the button
Seat 1: Hejter1337 ($4.69 in chips) 
Seat 2: abobora71 ($7.49 in chips) 
Seat 3: eclihan ($5.54 in chips) 
Seat 4: Dorex2007 ($19.27 in chips) 
Seat 5: webby170 ($5.64 in chips) 
Seat 6: enixblr ($7.14 in chips) 
Seat 7: BluffOnTable ($5.78 in chips) 
Seat 8: rebelk66 ($6.38 in chips) 
Seat 9: w3sby ($7.59 in chips) 
Dorex2007: posts small blind $0.02
webby170: posts big blind $0.05
*** HOLE CARDS ***
Dealt to Dorex2007 [8s 6h]
enixblr has timed out
enixblr: folds 
BluffOnTable: folds 
rebelk66: folds 
w3sby: folds 
Hejter1337: folds 
abobora71: folds 
eclihan: folds 
Dorex2007: folds 
Uncalled bet ($0.03) returned to webby170
webby170 collected $0.04 from pot
*** SUMMARY ***
Total pot $0.04 | Rake $0 
Seat 1: Hejter1337 folded before Flop (didn't bet)
Seat 2: abobora71 folded before Flop (didn't bet)
Seat 3: eclihan (button) folded before Flop (didn't bet)
Seat 4: Dorex2007 (small blind) folded before Flop
Seat 5: webby170 (big blind) collected ($0.04)
Seat 6: enixblr folded before Flop (didn't bet)
Seat 7: BluffOnTable folded before Flop (didn't bet)
Seat 8: rebelk66 folded before Flop (didn't bet)
Seat 9: w3sby folded before Flop (didn't bet)



PokerStars Hand #238468497601:  Hold'em No Limit ($0.02/$0.05 USD) - 2022/09/06 22:23:08 PT [2022/09/07 1:23:08 ET]
Table 'Susilva' 9-max Seat #4 is the button
Seat 1: Hejter1337 ($4.69 in chips) 
Seat 2: abobora71 ($7.49 in chips) 
Seat 3: eclihan ($5.54 in chips) 
Seat 4: Dorex2007 ($19.25 in chips) 
Seat 5: webby170 ($5.66 in chips) 
Seat 6: enixblr ($7.14 in chips) 
Seat 7: BluffOnTable ($5.78 in chips) 
Seat 8: rebelk66 ($6.38 in chips) 
Seat 9: w3sby ($7.59 in chips) 
webby170: posts small blind $0.02
enixblr: posts big blind $0.05
*** HOLE CARDS ***
Dealt to Dorex2007 [As 7h]
BluffOnTable: folds 
rebelk66: folds 
w3sby: folds 
Hejter1337: raises $0.10 to $0.15
abobora71: folds 
eclihan: calls $0.15
Dorex2007: folds 
webby170: folds 
enixblr: folds 
*** FLOP *** [Tc 5h Kc]
Hejter1337: bets $0.17
eclihan: calls $0.17
*** TURN *** [Tc 5h Kc] [4s]
Hejter1337: bets $0.34
eclihan: calls $0.34
*** RIVER *** [Tc 5h Kc 4s] [7d]
Hejter1337: bets $0.66
eclihan: folds 
Uncalled bet ($0.66) returned to Hejter1337
Hejter1337 collected $1.33 from pot
Hejter1337: doesn't show hand 
*** SUMMARY ***
Total pot $1.39 | Rake $0.06 
Board [Tc 5h Kc 4s 7d]
Seat 1: Hejter1337 collected ($1.33)
Seat 2: abobora71 folded before Flop (didn't bet)
Seat 3: eclihan folded on the River
Seat 4: Dorex2007 (button) folded before Flop (didn't bet)
Seat 5: webby170 (small blind) folded before Flop
Seat 6: enixblr (big blind) folded before Flop
Seat 7: BluffOnTable folded before Flop (didn't bet)
Seat 8: rebelk66 folded before Flop (didn't bet)
Seat 9: w3sby folded before Flop (didn't bet)



PokerStars Hand #238468503123:  Hold'em No Limit ($0.02/$0.05 USD) - 2022/09/06 22:23:58 PT [2022/09/07 1:23:58 ET]
Table 'Susilva' 9-max Seat #5 is the button
Seat 1: Hejter1337 ($5.36 in chips) 
Seat 2: abobora71 ($7.49 in chips) 
Seat 3: eclihan ($5 in chips) 
Seat 4: Dorex2007 ($19.25 in chips) 
Seat 5: webby170 ($5.64 in chips) 
Seat 6: enixblr ($7.09 in chips) 
Seat 7: BluffOnTable ($5.78 in chips) 
Seat 8: rebelk66 ($6.38 in chips) 
Seat 9: w3sby ($7.59 in chips) 
enixblr: posts small blind $0.02
BluffOnTable: posts big blind $0.05
*** HOLE CARDS ***
Dealt to Dorex2007 [Kd 5h]
rebelk66: folds 
w3sby: folds 
Hejter1337: folds 
abobora71: folds 
eclihan: raises $0.07 to $0.12
Dorex2007: folds 
webby170: folds 
enixblr: folds 
BluffOnTable: folds 
Uncalled bet ($0.07) returned to eclihan
eclihan collected $0.12 from pot
eclihan: doesn't show hand 
*** SUMMARY ***
Total pot $0.12 | Rake $0 
Seat 1: Hejter1337 folded before Flop (didn't bet)
Seat 2: abobora71 folded before Flop (didn't bet)
Seat 3: eclihan collected ($0.12)
Seat 4: Dorex2007 folded before Flop (didn't bet)
Seat 5: webby170 (button) folded before Flop (didn't bet)
Seat 6: enixblr (small blind) folded before Flop
Seat 7: BluffOnTable (big blind) folded before Flop
Seat 8: rebelk66 folded before Flop (didn't bet)
Seat 9: w3sby folded before Flop (didn't bet)



PokerStars Hand #238468506356:  Hold'em No Limit ($0.02/$0.05 USD) - 2022/09/06 22:24:27 PT [2022/09/07 1:24:27 ET]
Table 'Susilva' 9-max Seat #6 is the button
Seat 1: Hejter1337 ($5.36 in chips) 
Seat 2: abobora71 ($7.49 in chips) 
Seat 3: eclihan ($5.07 in chips) 
Seat 4: Dorex2007 ($19.25 in chips) 
Seat 5: webby170 ($5.64 in chips) 
Seat 6: enixblr ($7.07 in chips) 
Seat 7: BluffOnTable ($5.73 in chips) 
Seat 8: rebelk66 ($6.38 in chips) 
Seat 9: w3sby ($7.59 in chips) 
BluffOnTable: posts small blind $0.02
rebelk66: posts big blind $0.05
*** HOLE CARDS ***
Dealt to Dorex2007 [As 7s]
w3sby: folds 
Hejter1337: folds 
abobora71: folds 
eclihan: folds 
Dorex2007: folds 
webby170: raises $0.06 to $0.11
enixblr: folds 
BluffOnTable: folds 
rebelk66: folds 
Uncalled bet ($0.06) returned to webby170
webby170 collected $0.12 from pot
*** SUMMARY ***
Total pot $0.12 | Rake $0 
Seat 1: Hejter1337 folded before Flop (didn't bet)
Seat 2: abobora71 folded before Flop (didn't bet)
Seat 3: eclihan folded before Flop (didn't bet)
Seat 4: Dorex2007 folded before Flop (didn't bet)
Seat 5: webby170 collected ($0.12)
Seat 6: enixblr (button) folded before Flop (didn't bet)
Seat 7: BluffOnTable (small blind) folded before Flop
Seat 8: rebelk66 (big blind) folded before Flop
Seat 9: w3sby folded before Flop (didn't bet)



PokerStars Hand #238468509951:  Hold'em No Limit ($0.02/$0.05 USD) - 2022/09/06 22:25:00 PT [2022/09/07 1:25:00 ET]
Table 'Susilva' 9-max Seat #7 is the button
Seat 1: Hejter1337 ($5.36 in chips) 
Seat 2: abobora71 ($7.49 in chips) 
Seat 3: eclihan ($5.07 in chips) 
Seat 4: Dorex2007 ($19.25 in chips) 
Seat 5: webby170 ($5.71 in chips) 
Seat 6: enixblr ($7.07 in chips) 
Seat 7: BluffOnTable ($5.71 in chips) 
Seat 8: rebelk66 ($6.33 in chips) 
Seat 9: w3sby ($7.59 in chips) 
rebelk66: posts small blind $0.02
w3sby: posts big blind $0.05
*** HOLE CARDS ***
Dealt to Dorex2007 [4s Jc]
Hejter1337: folds 
abobora71: folds 
eclihan: raises $0.07 to $0.12
Dorex2007: folds 
webby170: calls $0.12
enixblr: folds 
BluffOnTable: folds 
rebelk66: folds 
w3sby: folds 
*** FLOP *** [7c Th Kh]
eclihan: bets $0.15
webby170: folds 
Uncalled bet ($0.15) returned to eclihan
eclihan collected $0.30 from pot
eclihan: doesn't show hand 
*** SUMMARY ***
Total pot $0.31 | Rake $0.01 
Board [7c Th Kh]
Seat 1: Hejter1337 folded before Flop (didn't bet)
Seat 2: abobora71 folded before Flop (didn't bet)
Seat 3: eclihan collected ($0.30)
Seat 4: Dorex2007 folded before Flop (didn't bet)
Seat 5: webby170 folded on the Flop
Seat 6: enixblr folded before Flop (didn't bet)
Seat 7: BluffOnTable (button) folded before Flop (didn't bet)
Seat 8: rebelk66 (small blind) folded before Flop
Seat 9: w3sby (big blind) folded before Flop



PokerStars Hand #238468513670:  Hold'em No Limit ($0.02/$0.05 USD) - 2022/09/06 22:25:34 PT [2022/09/07 1:25:34 ET]
Table 'Susilva' 9-max Seat #8 is the button
Seat 1: Hejter1337 ($5.36 in chips) 
Seat 2: abobora71 ($7.49 in chips) 
Seat 3: eclihan ($5.25 in chips) 
Seat 4: Dorex2007 ($19.25 in chips) 
Seat 5: webby170 ($5.59 in chips) 
Seat 6: enixblr ($7.07 in chips) 
Seat 7: BluffOnTable ($5.71 in chips) 
Seat 8: rebelk66 ($6.31 in chips) 
Seat 9: w3sby ($7.54 in chips) 
w3sby: posts small blind $0.02
Hejter1337: posts big blind $0.05
*** HOLE CARDS ***
Dealt to Dorex2007 [8d 5c]
abobora71: folds 
eclihan: folds 
Dorex2007: folds 
webby170: raises $0.06 to $0.11
enixblr: folds 
BluffOnTable: folds 
rebelk66: folds 
w3sby: raises $0.34 to $0.45
Hejter1337: folds 
webby170: raises $0.95 to $1.40
w3sby: folds 
Uncalled bet ($0.95) returned to webby170
webby170 collected $0.95 from pot
*** SUMMARY ***
Total pot $0.95 | Rake $0 
Seat 1: Hejter1337 (big blind) folded before Flop
Seat 2: abobora71 folded before Flop (didn't bet)
Seat 3: eclihan folded before Flop (didn't bet)
Seat 4: Dorex2007 folded before Flop (didn't bet)
Seat 5: webby170 collected ($0.95)
Seat 6: enixblr folded before Flop (didn't bet)
Seat 7: BluffOnTable folded before Flop (didn't bet)
Seat 8: rebelk66 (button) folded before Flop (didn't bet)
Seat 9: w3sby (small blind) folded before Flop



PokerStars Hand #238468518876:  Hold'em No Limit ($0.02/$0.05 USD) - 2022/09/06 22:26:21 PT [2022/09/07 1:26:21 ET]
Table 'Susilva' 9-max Seat #9 is the button
Seat 1: Hejter1337 ($5.31 in chips) 
Seat 2: abobora71 ($7.49 in chips) 
Seat 3: eclihan ($5.25 in chips) 
Seat 4: Dorex2007 ($19.25 in chips) 
Seat 5: webby170 ($6.09 in chips) 
Seat 6: enixblr ($7.07 in chips) 
Seat 7: BluffOnTable ($5.71 in chips) 
Seat 8: rebelk66 ($6.31 in chips) 
Seat 9: w3sby ($7.09 in chips) 
Hejter1337: posts small blind $0.02
abobora71: posts big blind $0.05
*** HOLE CARDS ***
Dealt to Dorex2007 [Kc 8s]
eclihan: folds 
Dorex2007: folds 
webby170: folds 
enixblr: folds 
BluffOnTable: folds 
rebelk66: folds 
w3sby: folds 
Hejter1337: calls $0.03
abobora71: checks 
*** FLOP *** [4h 4s 4c]
Hejter1337: checks 
abobora71: checks 
*** TURN *** [4h 4s 4c] [Js]
enixblr leaves the table
Hejter1337: checks 
enixblr joins the table at seat #6 
abobora71: checks 
*** RIVER *** [4h 4s 4c Js] [6d]
Hejter1337: bets $0.05
abobora71: folds 
Uncalled bet ($0.05) returned to Hejter1337
Hejter1337 collected $0.10 from pot
Hejter1337: doesn't show hand 
*** SUMMARY ***
Total pot $0.10 | Rake $0 
Board [4h 4s 4c Js 6d]
Seat 1: Hejter1337 (small blind) collected ($0.10)
Seat 2: abobora71 (big blind) folded on the River
Seat 3: eclihan folded before Flop (didn't bet)
Seat 4: Dorex2007 folded before Flop (didn't bet)
Seat 5: webby170 folded before Flop (didn't bet)
Seat 6: enixblr folded before Flop (didn't bet)
Seat 7: BluffOnTable folded before Flop (didn't bet)
Seat 8: rebelk66 folded before Flop (didn't bet)
Seat 9: w3sby (button) folded before Flop (didn't bet)



