PokerStars Hand #239000076621:  Hold'em No Limit ($0.02/$0.05 USD) - 2022/10/02 15:20:48 PT [2022/10/02 18:20:48 ET]
Table 'Siegena II' 9-max Seat #5 is the button
Seat 1: nlpoker999 ($8.33 in chips) 
Seat 3: megtorlo2244 ($4.74 in chips) 
Seat 4: Dorex2007 ($5 in chips) 
Seat 5: ToivoTheMachine ($4.93 in chips) 
Seat 6: Zzzanderman ($4.61 in chips) 
Seat 7: pilxx ($6.39 in chips) 
Seat 8: tanyaa1956 ($6.94 in chips) 
Seat 9: MrWaffle_lol ($6.32 in chips) 
Zzzanderman: posts small blind $0.02
pilxx: posts big blind $0.05
Dorex2007: posts big blind $0.05
*** HOLE CARDS ***
Dealt to Dorex2007 [Js 6s]
tanyaa1956: folds 
MrWaffle_lol: folds 
nlpoker999: raises $0.10 to $0.15
megtorlo2244: folds 
Dorex2007: folds 
ToivoTheMachine: folds 
Zzzanderman: calls $0.13
pilxx: folds 
*** FLOP *** [2s 3d 3s]
Zzzanderman: checks 
nlpoker999: bets $0.15
Zzzanderman: folds 
Uncalled bet ($0.15) returned to nlpoker999
nlpoker999 collected $0.38 from pot
nlpoker999: doesn't show hand 
*** SUMMARY ***
Total pot $0.40 | Rake $0.02 
Board [2s 3d 3s]
Seat 1: nlpoker999 collected ($0.38)
Seat 3: megtorlo2244 folded before Flop (didn't bet)
Seat 4: Dorex2007 folded before Flop (didn't bet)
Seat 5: ToivoTheMachine (button) folded before Flop (didn't bet)
Seat 6: Zzzanderman (small blind) folded on the Flop
Seat 7: pilxx (big blind) folded before Flop
Seat 8: tanyaa1956 folded before Flop (didn't bet)
Seat 9: MrWaffle_lol folded before Flop (didn't bet)



PokerStars Hand #239000090081:  Hold'em No Limit ($0.02/$0.05 USD) - 2022/10/02 15:21:30 PT [2022/10/02 18:21:30 ET]
Table 'Siegena II' 9-max Seat #6 is the button
Seat 1: nlpoker999 ($8.56 in chips) 
Seat 3: megtorlo2244 ($4.74 in chips) 
Seat 4: Dorex2007 ($5 in chips) 
Seat 5: ToivoTheMachine ($4.93 in chips) 
Seat 6: Zzzanderman ($4.46 in chips) 
Seat 7: pilxx ($6.34 in chips) 
Seat 9: MrWaffle_lol ($6.32 in chips) 
pilxx: posts small blind $0.02
tanyaa1956: is sitting out 
MrWaffle_lol: posts big blind $0.05
*** HOLE CARDS ***
Dealt to Dorex2007 [7h 6h]
nlpoker999: folds 
tanyaa1956 leaves the table
megtorlo2244: folds 
Dorex2007: folds 
PocketsK1ng joins the table at seat #8 
ToivoTheMachine: raises $0.06 to $0.11
Zzzanderman: folds 
pilxx: folds 
MrWaffle_lol: folds 
Uncalled bet ($0.06) returned to ToivoTheMachine
ToivoTheMachine collected $0.12 from pot
ToivoTheMachine: doesn't show hand 
*** SUMMARY ***
Total pot $0.12 | Rake $0 
Seat 1: nlpoker999 folded before Flop (didn't bet)
Seat 3: megtorlo2244 folded before Flop (didn't bet)
Seat 4: Dorex2007 folded before Flop (didn't bet)
Seat 5: ToivoTheMachine collected ($0.12)
Seat 6: Zzzanderman (button) folded before Flop (didn't bet)
Seat 7: pilxx (small blind) folded before Flop
Seat 9: MrWaffle_lol (big blind) folded before Flop



PokerStars Hand #239000098255:  Hold'em No Limit ($0.02/$0.05 USD) - 2022/10/02 15:21:55 PT [2022/10/02 18:21:55 ET]
Table 'Siegena II' 9-max Seat #7 is the button
Seat 1: nlpoker999 ($8.56 in chips) 
Seat 3: megtorlo2244 ($4.74 in chips) 
Seat 4: Dorex2007 ($5 in chips) 
Seat 5: ToivoTheMachine ($5 in chips) 
Seat 6: Zzzanderman ($4.46 in chips) 
Seat 7: pilxx ($6.32 in chips) 
Seat 9: MrWaffle_lol ($6.27 in chips) 
MrWaffle_lol: posts small blind $0.02
nlpoker999: posts big blind $0.05
*** HOLE CARDS ***
Dealt to Dorex2007 [5h 7h]
megtorlo2244: folds 
Dorex2007: folds 
ToivoTheMachine: raises $0.07 to $0.12
Zzzanderman: folds 
pilxx: calls $0.12
MrWaffle_lol: folds 
nlpoker999: folds 
*** FLOP *** [8h 4c Ks]
ToivoTheMachine: checks 
pilxx: checks 
*** TURN *** [8h 4c Ks] [Qh]
ToivoTheMachine: checks 
pilxx: checks 
*** RIVER *** [8h 4c Ks Qh] [As]
ToivoTheMachine: checks 
pilxx: bets $0.15
ToivoTheMachine: raises $0.26 to $0.41
pilxx: calls $0.26
*** SHOW DOWN ***
ToivoTheMachine: shows [Qc Qs] (three of a kind, Queens)
pilxx: mucks hand 
ToivoTheMachine collected $1.08 from pot
*** SUMMARY ***
Total pot $1.13 | Rake $0.05 
Board [8h 4c Ks Qh As]
Seat 1: nlpoker999 (big blind) folded before Flop
Seat 3: megtorlo2244 folded before Flop (didn't bet)
Seat 4: Dorex2007 folded before Flop (didn't bet)
Seat 5: ToivoTheMachine showed [Qc Qs] and won ($1.08) with three of a kind, Queens
Seat 6: Zzzanderman folded before Flop (didn't bet)
Seat 7: pilxx (button) mucked [6h Ac]
Seat 9: MrWaffle_lol (small blind) folded before Flop



PokerStars Hand #239000117414:  Hold'em No Limit ($0.02/$0.05 USD) - 2022/10/02 15:22:55 PT [2022/10/02 18:22:55 ET]
Table 'Siegena II' 9-max Seat #9 is the button
Seat 1: nlpoker999 ($8.51 in chips) 
Seat 3: megtorlo2244 ($4.74 in chips) 
Seat 4: Dorex2007 ($5 in chips) 
Seat 5: ToivoTheMachine ($5.55 in chips) 
Seat 6: Zzzanderman ($4.46 in chips) 
Seat 7: pilxx ($5.79 in chips) 
Seat 9: MrWaffle_lol ($6.25 in chips) 
nlpoker999: posts small blind $0.02
megtorlo2244: posts big blind $0.05
PocketsK1ng: sits out 
*** HOLE CARDS ***
Dealt to Dorex2007 [Qd 4h]
Dorex2007: folds 
ToivoTheMachine: folds 
Zzzanderman: folds 
pilxx: raises $0.05 to $0.10
MrWaffle_lol: folds 
nlpoker999: folds 
megtorlo2244: calls $0.05
*** FLOP *** [Ts 2c 7c]
megtorlo2244: checks 
pilxx: bets $0.10
megtorlo2244: folds 
Uncalled bet ($0.10) returned to pilxx
pilxx collected $0.21 from pot
*** SUMMARY ***
Total pot $0.22 | Rake $0.01 
Board [Ts 2c 7c]
Seat 1: nlpoker999 (small blind) folded before Flop
Seat 3: megtorlo2244 (big blind) folded on the Flop
Seat 4: Dorex2007 folded before Flop (didn't bet)
Seat 5: ToivoTheMachine folded before Flop (didn't bet)
Seat 6: Zzzanderman folded before Flop (didn't bet)
Seat 7: pilxx collected ($0.21)
Seat 9: MrWaffle_lol (button) folded before Flop (didn't bet)



PokerStars Hand #239000124032:  Hold'em No Limit ($0.02/$0.05 USD) - 2022/10/02 15:23:16 PT [2022/10/02 18:23:16 ET]
Table 'Siegena II' 9-max Seat #1 is the button
Seat 1: nlpoker999 ($8.49 in chips) 
Seat 3: megtorlo2244 ($4.64 in chips) 
Seat 4: Dorex2007 ($5 in chips) 
Seat 5: ToivoTheMachine ($5.55 in chips) 
Seat 6: Zzzanderman ($4.46 in chips) 
Seat 7: pilxx ($5.90 in chips) 
Seat 9: MrWaffle_lol ($6.25 in chips) 
megtorlo2244: posts small blind $0.02
Dorex2007: posts big blind $0.05
PocketsK1ng: sits out 
*** HOLE CARDS ***
Dealt to Dorex2007 [Kd 6s]
ToivoTheMachine: folds 
Zzzanderman: folds 
pilxx: folds 
MrWaffle_lol: folds 
nlpoker999: raises $0.10 to $0.15
megtorlo2244: folds 
Dorex2007: folds 
Uncalled bet ($0.10) returned to nlpoker999
nlpoker999 collected $0.12 from pot
nlpoker999: doesn't show hand 
*** SUMMARY ***
Total pot $0.12 | Rake $0 
Seat 1: nlpoker999 (button) collected ($0.12)
Seat 3: megtorlo2244 (small blind) folded before Flop
Seat 4: Dorex2007 (big blind) folded before Flop
Seat 5: ToivoTheMachine folded before Flop (didn't bet)
Seat 6: Zzzanderman folded before Flop (didn't bet)
Seat 7: pilxx folded before Flop (didn't bet)
Seat 9: MrWaffle_lol folded before Flop (didn't bet)



PokerStars Hand #239000134255:  Hold'em No Limit ($0.02/$0.05 USD) - 2022/10/02 15:23:48 PT [2022/10/02 18:23:48 ET]
Table 'Siegena II' 9-max Seat #3 is the button
Seat 1: nlpoker999 ($8.56 in chips) 
Seat 3: megtorlo2244 ($4.62 in chips) 
Seat 4: Dorex2007 ($5 in chips) 
Seat 5: ToivoTheMachine ($5.55 in chips) 
Seat 6: Zzzanderman ($4.46 in chips) 
Seat 7: pilxx ($5.90 in chips) 
Seat 9: MrWaffle_lol ($6.25 in chips) 
Dorex2007: posts small blind $0.02
ToivoTheMachine: posts big blind $0.05
PocketsK1ng: sits out 
*** HOLE CARDS ***
Dealt to Dorex2007 [Qd Ad]
Zzzanderman: folds 
pilxx: folds 
MrWaffle_lol: folds 
nlpoker999: folds 
megtorlo2244: folds 
Dorex2007: raises $0.10 to $0.15
ToivoTheMachine: calls $0.10
*** FLOP *** [7s 5d As]
Dorex2007: checks 
ToivoTheMachine: bets $0.07
Dorex2007: raises $0.22 to $0.29
ToivoTheMachine: folds 
Uncalled bet ($0.22) returned to Dorex2007
Dorex2007 collected $0.42 from pot
Dorex2007: doesn't show hand 
*** SUMMARY ***
Total pot $0.44 | Rake $0.02 
Board [7s 5d As]
Seat 1: nlpoker999 folded before Flop (didn't bet)
Seat 3: megtorlo2244 (button) folded before Flop (didn't bet)
Seat 4: Dorex2007 (small blind) collected ($0.42)
Seat 5: ToivoTheMachine (big blind) folded on the Flop
Seat 6: Zzzanderman folded before Flop (didn't bet)
Seat 7: pilxx folded before Flop (didn't bet)
Seat 9: MrWaffle_lol folded before Flop (didn't bet)



PokerStars Hand #239000155242:  Hold'em No Limit ($0.02/$0.05 USD) - 2022/10/02 15:24:54 PT [2022/10/02 18:24:54 ET]
Table 'Siegena II' 9-max Seat #4 is the button
Seat 1: nlpoker999 ($8.56 in chips) 
Seat 3: megtorlo2244 ($4.62 in chips) 
Seat 4: Dorex2007 ($5.20 in chips) 
Seat 5: ToivoTheMachine ($5.33 in chips) 
Seat 6: Zzzanderman ($4.46 in chips) 
Seat 7: pilxx ($5.90 in chips) 
Seat 9: MrWaffle_lol ($6.25 in chips) 
ToivoTheMachine: posts small blind $0.02
Zzzanderman: posts big blind $0.05
PocketsK1ng: sits out 
*** HOLE CARDS ***
Dealt to Dorex2007 [Kh Js]
pilxx: calls $0.05
MrWaffle_lol: folds 
nlpoker999: folds 
megtorlo2244: folds 
megtorlo2244 leaves the table
Dorex2007: folds 
ToivoTheMachine: folds 
Zzzanderman: checks 
*** FLOP *** [As Kd 4d]
Zzzanderman: checks 
pilxx: bets $0.06
Zzzanderman: folds 
Uncalled bet ($0.06) returned to pilxx
pilxx collected $0.12 from pot
*** SUMMARY ***
Total pot $0.12 | Rake $0 
Board [As Kd 4d]
Seat 1: nlpoker999 folded before Flop (didn't bet)
Seat 3: megtorlo2244 folded before Flop (didn't bet)
Seat 4: Dorex2007 (button) folded before Flop (didn't bet)
Seat 5: ToivoTheMachine (small blind) folded before Flop
Seat 6: Zzzanderman (big blind) folded on the Flop
Seat 7: pilxx collected ($0.12)
Seat 9: MrWaffle_lol folded before Flop (didn't bet)



PokerStars Hand #239000162519:  Hold'em No Limit ($0.02/$0.05 USD) - 2022/10/02 15:25:17 PT [2022/10/02 18:25:17 ET]
Table 'Siegena II' 9-max Seat #5 is the button
Seat 1: nlpoker999 ($8.56 in chips) 
Seat 4: Dorex2007 ($5.20 in chips) 
Seat 5: ToivoTheMachine ($5.31 in chips) 
Seat 6: Zzzanderman ($4.41 in chips) 
Seat 7: pilxx ($5.97 in chips) 
Seat 9: MrWaffle_lol ($6.25 in chips) 
Zzzanderman: posts small blind $0.02
pilxx: posts big blind $0.05
PocketsK1ng: sits out 
*** HOLE CARDS ***
Dealt to Dorex2007 [7d 5c]
MrWaffle_lol: raises $0.12 to $0.17
nlpoker999: calls $0.17
Dorex2007: folds 
VXNX$157 joins the table at seat #3 
ToivoTheMachine: calls $0.17
Zzzanderman: folds 
pilxx: calls $0.12
*** FLOP *** [Ts Tc 4c]
pilxx: checks 
MrWaffle_lol: checks 
nlpoker999: checks 
ToivoTheMachine: checks 
*** TURN *** [Ts Tc 4c] [Jh]
pilxx: checks 
MrWaffle_lol: checks 
nlpoker999: checks 
ToivoTheMachine: checks 
*** RIVER *** [Ts Tc 4c Jh] [5s]
pilxx: bets $0.05
MrWaffle_lol: folds 
nlpoker999: calls $0.05
ToivoTheMachine: raises $0.27 to $0.32
pilxx: folds 
nlpoker999: folds 
Uncalled bet ($0.27) returned to ToivoTheMachine
ToivoTheMachine collected $0.81 from pot
ToivoTheMachine: doesn't show hand 
*** SUMMARY ***
Total pot $0.85 | Rake $0.04 
Board [Ts Tc 4c Jh 5s]
Seat 1: nlpoker999 folded on the River
Seat 4: Dorex2007 folded before Flop (didn't bet)
Seat 5: ToivoTheMachine (button) collected ($0.81)
Seat 6: Zzzanderman (small blind) folded before Flop
Seat 7: pilxx (big blind) folded on the River
Seat 9: MrWaffle_lol folded on the River



PokerStars Hand #239000188854:  Hold'em No Limit ($0.02/$0.05 USD) - 2022/10/02 15:26:40 PT [2022/10/02 18:26:40 ET]
Table 'Siegena II' 9-max Seat #6 is the button
Seat 1: nlpoker999 ($8.34 in chips) 
Seat 3: VXNX$157 ($2.85 in chips) 
Seat 4: Dorex2007 ($5.20 in chips) 
Seat 5: ToivoTheMachine ($5.90 in chips) 
Seat 6: Zzzanderman ($4.39 in chips) 
Seat 7: pilxx ($5.75 in chips) 
Seat 8: PocketsK1ng ($5 in chips) 
Seat 9: MrWaffle_lol ($6.08 in chips) 
pilxx: posts small blind $0.02
PocketsK1ng: posts big blind $0.05
VXNX$157: posts big blind $0.05
*** HOLE CARDS ***
Dealt to Dorex2007 [9d Jc]
MrWaffle_lol: folds 
nlpoker999: folds 
VXNX$157: checks 
Dorex2007: folds 
ToivoTheMachine: folds 
Zzzanderman: folds 
pilxx: calls $0.03
PocketsK1ng: raises $0.15 to $0.20
VXNX$157: calls $0.15
pilxx: folds 
*** FLOP *** [2s 4c 4h]
PocketsK1ng: bets $0.13
VXNX$157: folds 
Uncalled bet ($0.13) returned to PocketsK1ng
PocketsK1ng collected $0.43 from pot
*** SUMMARY ***
Total pot $0.45 | Rake $0.02 
Board [2s 4c 4h]
Seat 1: nlpoker999 folded before Flop (didn't bet)
Seat 3: VXNX$157 folded on the Flop
Seat 4: Dorex2007 folded before Flop (didn't bet)
Seat 5: ToivoTheMachine folded before Flop (didn't bet)
Seat 6: Zzzanderman (button) folded before Flop (didn't bet)
Seat 7: pilxx (small blind) folded before Flop
Seat 8: PocketsK1ng (big blind) collected ($0.43)
Seat 9: MrWaffle_lol folded before Flop (didn't bet)



PokerStars Hand #239000201896:  Hold'em No Limit ($0.02/$0.05 USD) - 2022/10/02 15:27:22 PT [2022/10/02 18:27:22 ET]
Table 'Siegena II' 9-max Seat #7 is the button
Seat 1: nlpoker999 ($8.34 in chips) 
Seat 2: withnohandlebar ($7.47 in chips) 
Seat 3: VXNX$157 ($2.65 in chips) 
Seat 4: Dorex2007 ($5.20 in chips) 
Seat 5: ToivoTheMachine ($5.90 in chips) 
Seat 6: Zzzanderman ($4.39 in chips) 
Seat 7: pilxx ($5.70 in chips) 
Seat 8: PocketsK1ng ($5.23 in chips) 
Seat 9: MrWaffle_lol ($6.08 in chips) 
PocketsK1ng: posts small blind $0.02
MrWaffle_lol: posts big blind $0.05
withnohandlebar: posts small & big blinds $0.07
*** HOLE CARDS ***
Dealt to Dorex2007 [6c As]
nlpoker999: folds 
withnohandlebar: checks 
VXNX$157: folds 
Dorex2007: folds 
ToivoTheMachine: raises $0.15 to $0.20
Zzzanderman: folds 
pilxx: folds 
PocketsK1ng: folds 
MrWaffle_lol: folds 
withnohandlebar: folds 
Uncalled bet ($0.15) returned to ToivoTheMachine
ToivoTheMachine collected $0.19 from pot
ToivoTheMachine: doesn't show hand 
*** SUMMARY ***
Total pot $0.19 | Rake $0 
Seat 1: nlpoker999 folded before Flop (didn't bet)
Seat 2: withnohandlebar folded before Flop (didn't bet)
Seat 3: VXNX$157 folded before Flop (didn't bet)
Seat 4: Dorex2007 folded before Flop (didn't bet)
Seat 5: ToivoTheMachine collected ($0.19)
Seat 6: Zzzanderman folded before Flop (didn't bet)
Seat 7: pilxx (button) folded before Flop (didn't bet)
Seat 8: PocketsK1ng (small blind) folded before Flop
Seat 9: MrWaffle_lol (big blind) folded before Flop



PokerStars Hand #239000208701:  Hold'em No Limit ($0.02/$0.05 USD) - 2022/10/02 15:27:44 PT [2022/10/02 18:27:44 ET]
Table 'Siegena II' 9-max Seat #8 is the button
Seat 1: nlpoker999 ($8.34 in chips) 
Seat 2: withnohandlebar ($7.40 in chips) 
Seat 3: VXNX$157 ($2.65 in chips) 
Seat 4: Dorex2007 ($5.20 in chips) 
Seat 5: ToivoTheMachine ($6.04 in chips) 
Seat 6: Zzzanderman ($4.39 in chips) 
Seat 7: pilxx ($5.70 in chips) 
Seat 8: PocketsK1ng ($5.21 in chips) 
Seat 9: MrWaffle_lol ($6.03 in chips) 
MrWaffle_lol: posts small blind $0.02
nlpoker999: posts big blind $0.05
*** HOLE CARDS ***
Dealt to Dorex2007 [4h 6c]
withnohandlebar: folds 
VXNX$157: folds 
Dorex2007: folds 
ToivoTheMachine: folds 
Zzzanderman: folds 
pilxx: raises $0.05 to $0.10
PocketsK1ng: folds 
MrWaffle_lol: folds 
nlpoker999: folds 
Uncalled bet ($0.05) returned to pilxx
pilxx collected $0.12 from pot
*** SUMMARY ***
Total pot $0.12 | Rake $0 
Seat 1: nlpoker999 (big blind) folded before Flop
Seat 2: withnohandlebar folded before Flop (didn't bet)
Seat 3: VXNX$157 folded before Flop (didn't bet)
Seat 4: Dorex2007 folded before Flop (didn't bet)
Seat 5: ToivoTheMachine folded before Flop (didn't bet)
Seat 6: Zzzanderman folded before Flop (didn't bet)
Seat 7: pilxx collected ($0.12)
Seat 8: PocketsK1ng (button) folded before Flop (didn't bet)
Seat 9: MrWaffle_lol (small blind) folded before Flop



PokerStars Hand #239000215737:  Hold'em No Limit ($0.02/$0.05 USD) - 2022/10/02 15:28:06 PT [2022/10/02 18:28:06 ET]
Table 'Siegena II' 9-max Seat #9 is the button
Seat 1: nlpoker999 ($8.29 in chips) 
Seat 2: withnohandlebar ($7.40 in chips) 
Seat 3: VXNX$157 ($2.65 in chips) 
Seat 4: Dorex2007 ($5.20 in chips) 
Seat 5: ToivoTheMachine ($6.04 in chips) 
Seat 6: Zzzanderman ($4.39 in chips) 
Seat 7: pilxx ($5.77 in chips) 
Seat 8: PocketsK1ng ($5.21 in chips) 
Seat 9: MrWaffle_lol ($6.01 in chips) 
nlpoker999: posts small blind $0.02
withnohandlebar: posts big blind $0.05
*** HOLE CARDS ***
Dealt to Dorex2007 [As 6c]
VXNX$157: folds 
Dorex2007: folds 
ToivoTheMachine: raises $0.08 to $0.13
Zzzanderman: folds 
pilxx: calls $0.13
PocketsK1ng: folds 
MrWaffle_lol: folds 
nlpoker999: folds 
withnohandlebar: folds 
*** FLOP *** [9c 8h 5h]
ToivoTheMachine: checks 
pilxx: checks 
*** TURN *** [9c 8h 5h] [Kc]
ToivoTheMachine: checks 
pilxx: checks 
*** RIVER *** [9c 8h 5h Kc] [Ks]
MrWaffle_lol leaves the table
ToivoTheMachine: bets $0.10
pilxx: folds 
Uncalled bet ($0.10) returned to ToivoTheMachine
ToivoTheMachine collected $0.32 from pot
ToivoTheMachine: doesn't show hand 
*** SUMMARY ***
Total pot $0.33 | Rake $0.01 
Board [9c 8h 5h Kc Ks]
Seat 1: nlpoker999 (small blind) folded before Flop
Seat 2: withnohandlebar (big blind) folded before Flop
Seat 3: VXNX$157 folded before Flop (didn't bet)
Seat 4: Dorex2007 folded before Flop (didn't bet)
Seat 5: ToivoTheMachine collected ($0.32)
Seat 6: Zzzanderman folded before Flop (didn't bet)
Seat 7: pilxx folded on the River
Seat 8: PocketsK1ng folded before Flop (didn't bet)
Seat 9: MrWaffle_lol (button) folded before Flop (didn't bet)



PokerStars Hand #239000233275:  Hold'em No Limit ($0.02/$0.05 USD) - 2022/10/02 15:29:02 PT [2022/10/02 18:29:02 ET]
Table 'Siegena II' 9-max Seat #1 is the button
Seat 1: nlpoker999 ($8.27 in chips) 
Seat 2: withnohandlebar ($7.35 in chips) 
Seat 3: VXNX$157 ($2.65 in chips) 
Seat 4: Dorex2007 ($5.20 in chips) 
Seat 5: ToivoTheMachine ($6.23 in chips) 
Seat 6: Zzzanderman ($4.39 in chips) 
Seat 7: pilxx ($5.64 in chips) 
Seat 8: PocketsK1ng ($5.21 in chips) 
withnohandlebar: posts small blind $0.02
VXNX$157: posts big blind $0.05
*** HOLE CARDS ***
Dealt to Dorex2007 [As 5h]
Dorex2007: folds 
ToivoTheMachine: folds 
Zzzanderman: folds 
pilxx: folds 
PocketsK1ng: raises $0.10 to $0.15
nlpoker999: folds 
withnohandlebar: folds 
VXNX$157: calls $0.10
*** FLOP *** [6c 8d 9s]
VXNX$157: checks 
PocketsK1ng: checks 
*** TURN *** [6c 8d 9s] [Jh]
VXNX$157: checks 
PocketsK1ng: checks 
*** RIVER *** [6c 8d 9s Jh] [Qc]
VXNX$157: bets $0.25
PocketsK1ng: folds 
Uncalled bet ($0.25) returned to VXNX$157
VXNX$157 collected $0.31 from pot
VXNX$157: doesn't show hand 
*** SUMMARY ***
Total pot $0.32 | Rake $0.01 
Board [6c 8d 9s Jh Qc]
Seat 1: nlpoker999 (button) folded before Flop (didn't bet)
Seat 2: withnohandlebar (small blind) folded before Flop
Seat 3: VXNX$157 (big blind) collected ($0.31)
Seat 4: Dorex2007 folded before Flop (didn't bet)
Seat 5: ToivoTheMachine folded before Flop (didn't bet)
Seat 6: Zzzanderman folded before Flop (didn't bet)
Seat 7: pilxx folded before Flop (didn't bet)
Seat 8: PocketsK1ng folded on the River



PokerStars Hand #239000247317:  Hold'em No Limit ($0.02/$0.05 USD) - 2022/10/02 15:29:48 PT [2022/10/02 18:29:48 ET]
Table 'Siegena II' 9-max Seat #2 is the button
Seat 1: nlpoker999 ($8.27 in chips) 
Seat 2: withnohandlebar ($7.33 in chips) 
Seat 3: VXNX$157 ($2.81 in chips) 
Seat 4: Dorex2007 ($5.20 in chips) 
Seat 5: ToivoTheMachine ($6.23 in chips) 
Seat 6: Zzzanderman ($4.39 in chips) 
Seat 7: pilxx ($5.64 in chips) 
Seat 8: PocketsK1ng ($5.06 in chips) 
VXNX$157: posts small blind $0.02
Dorex2007: posts big blind $0.05
*** HOLE CARDS ***
Dealt to Dorex2007 [2d Jh]
ToivoTheMachine: folds 
Zzzanderman: raises $0.10 to $0.15
pilxx: folds 
PocketsK1ng: folds 
nlpoker999: calls $0.15
withnohandlebar: folds 
dessa78 joins the table at seat #9 
VXNX$157: raises $0.30 to $0.45
Dorex2007: folds 
Zzzanderman: calls $0.30
nlpoker999: calls $0.30
*** FLOP *** [4c 6c 5s]
VXNX$157: checks 
Zzzanderman: checks 
nlpoker999: checks 
*** TURN *** [4c 6c 5s] [3c]
VXNX$157: checks 
Zzzanderman: checks 
nlpoker999: checks 
*** RIVER *** [4c 6c 5s 3c] [3s]
VXNX$157: bets $0.45
Zzzanderman: calls $0.45
nlpoker999: folds 
*** SHOW DOWN ***
VXNX$157: shows [Js Ah] (a pair of Threes)
Zzzanderman: shows [Kc Kh] (two pair, Kings and Threes)
Zzzanderman collected $2.20 from pot
*** SUMMARY ***
Total pot $2.30 | Rake $0.10 
Board [4c 6c 5s 3c 3s]
Seat 1: nlpoker999 folded on the River
Seat 2: withnohandlebar (button) folded before Flop (didn't bet)
Seat 3: VXNX$157 (small blind) showed [Js Ah] and lost with a pair of Threes
Seat 4: Dorex2007 (big blind) folded before Flop
Seat 5: ToivoTheMachine folded before Flop (didn't bet)
Seat 6: Zzzanderman showed [Kc Kh] and won ($2.20) with two pair, Kings and Threes
Seat 7: pilxx folded before Flop (didn't bet)
Seat 8: PocketsK1ng folded before Flop (didn't bet)



PokerStars Hand #239000271855:  Hold'em No Limit ($0.02/$0.05 USD) - 2022/10/02 15:31:05 PT [2022/10/02 18:31:05 ET]
Table 'Siegena II' 9-max Seat #3 is the button
Seat 1: nlpoker999 ($7.82 in chips) 
Seat 2: withnohandlebar ($7.33 in chips) 
Seat 3: VXNX$157 ($1.91 in chips) 
Seat 4: Dorex2007 ($5.15 in chips) 
Seat 5: ToivoTheMachine ($6.23 in chips) 
Seat 6: Zzzanderman ($5.69 in chips) 
Seat 7: pilxx ($5.64 in chips) 
Seat 8: PocketsK1ng ($5.06 in chips) 
Dorex2007: posts small blind $0.02
ToivoTheMachine: posts big blind $0.05
dessa78: sits out 
*** HOLE CARDS ***
Dealt to Dorex2007 [2c 6c]
Zzzanderman: folds 
pilxx: folds 
PocketsK1ng: folds 
nlpoker999: raises $0.10 to $0.15
withnohandlebar: folds 
VXNX$157: calls $0.15
Dorex2007: folds 
ToivoTheMachine: calls $0.10
*** FLOP *** [Th 6s Jh]
ToivoTheMachine: checks 
nlpoker999: bets $0.22
VXNX$157: calls $0.22
ToivoTheMachine: calls $0.22
*** TURN *** [Th 6s Jh] [5c]
ToivoTheMachine: checks 
nlpoker999: checks 
VXNX$157: checks 
*** RIVER *** [Th 6s Jh 5c] [Qh]
ToivoTheMachine: bets $0.62
nlpoker999: folds 
VXNX$157: folds 
Uncalled bet ($0.62) returned to ToivoTheMachine
ToivoTheMachine collected $1.08 from pot
ToivoTheMachine: doesn't show hand 
*** SUMMARY ***
Total pot $1.13 | Rake $0.05 
Board [Th 6s Jh 5c Qh]
Seat 1: nlpoker999 folded on the River
Seat 2: withnohandlebar folded before Flop (didn't bet)
Seat 3: VXNX$157 (button) folded on the River
Seat 4: Dorex2007 (small blind) folded before Flop
Seat 5: ToivoTheMachine (big blind) collected ($1.08)
Seat 6: Zzzanderman folded before Flop (didn't bet)
Seat 7: pilxx folded before Flop (didn't bet)
Seat 8: PocketsK1ng folded before Flop (didn't bet)



PokerStars Hand #239000294552:  Hold'em No Limit ($0.02/$0.05 USD) - 2022/10/02 15:32:17 PT [2022/10/02 18:32:17 ET]
Table 'Siegena II' 9-max Seat #4 is the button
Seat 1: nlpoker999 ($7.45 in chips) 
Seat 2: withnohandlebar ($7.33 in chips) 
Seat 3: VXNX$157 ($1.54 in chips) 
Seat 4: Dorex2007 ($5.13 in chips) 
Seat 5: ToivoTheMachine ($6.94 in chips) 
Seat 6: Zzzanderman ($5.69 in chips) 
Seat 7: pilxx ($5.64 in chips) 
Seat 8: PocketsK1ng ($5.06 in chips) 
ToivoTheMachine: posts small blind $0.02
Zzzanderman: posts big blind $0.05
dessa78: sits out 
*** HOLE CARDS ***
Dealt to Dorex2007 [7c 8c]
pilxx: folds 
PocketsK1ng: folds 
nlpoker999: raises $0.10 to $0.15
withnohandlebar: folds 
VXNX$157: raises $0.35 to $0.50
Dorex2007: folds 
ToivoTheMachine: folds 
Zzzanderman: folds 
nlpoker999: folds 
Uncalled bet ($0.35) returned to VXNX$157
VXNX$157 collected $0.37 from pot
VXNX$157: doesn't show hand 
*** SUMMARY ***
Total pot $0.37 | Rake $0 
Seat 1: nlpoker999 folded before Flop
Seat 2: withnohandlebar folded before Flop (didn't bet)
Seat 3: VXNX$157 collected ($0.37)
Seat 4: Dorex2007 (button) folded before Flop (didn't bet)
Seat 5: ToivoTheMachine (small blind) folded before Flop
Seat 6: Zzzanderman (big blind) folded before Flop
Seat 7: pilxx folded before Flop (didn't bet)
Seat 8: PocketsK1ng folded before Flop (didn't bet)



PokerStars Hand #239000304242:  Hold'em No Limit ($0.02/$0.05 USD) - 2022/10/02 15:32:48 PT [2022/10/02 18:32:48 ET]
Table 'Siegena II' 9-max Seat #5 is the button
Seat 1: nlpoker999 ($7.30 in chips) 
Seat 2: withnohandlebar ($7.33 in chips) 
Seat 3: VXNX$157 ($1.76 in chips) 
Seat 4: Dorex2007 ($5.13 in chips) 
Seat 5: ToivoTheMachine ($6.92 in chips) 
Seat 6: Zzzanderman ($5.64 in chips) 
Seat 7: pilxx ($5.64 in chips) 
Seat 8: PocketsK1ng ($5.06 in chips) 
Zzzanderman: posts small blind $0.02
pilxx: posts big blind $0.05
dessa78: sits out 
*** HOLE CARDS ***
Dealt to Dorex2007 [Ac 3c]
PocketsK1ng: raises $0.10 to $0.15
nlpoker999: folds 
withnohandlebar: folds 
VXNX$157: folds 
Dorex2007: folds 
ToivoTheMachine: calls $0.15
Zzzanderman: folds 
pilxx: folds 
*** FLOP *** [Th 7d Ts]
PocketsK1ng: checks 
ToivoTheMachine: checks 
*** TURN *** [Th 7d Ts] [4h]
PocketsK1ng: checks 
ToivoTheMachine: checks 
*** RIVER *** [Th 7d Ts 4h] [4s]
PocketsK1ng: checks 
ToivoTheMachine: checks 
*** SHOW DOWN ***
PocketsK1ng: shows [Ah Qc] (two pair, Tens and Fours)
ToivoTheMachine: mucks hand 
PocketsK1ng collected $0.35 from pot
*** SUMMARY ***
Total pot $0.37 | Rake $0.02 
Board [Th 7d Ts 4h 4s]
Seat 1: nlpoker999 folded before Flop (didn't bet)
Seat 2: withnohandlebar folded before Flop (didn't bet)
Seat 3: VXNX$157 folded before Flop (didn't bet)
Seat 4: Dorex2007 folded before Flop (didn't bet)
Seat 5: ToivoTheMachine (button) mucked [Qh Js]
Seat 6: Zzzanderman (small blind) folded before Flop
Seat 7: pilxx (big blind) folded before Flop
Seat 8: PocketsK1ng showed [Ah Qc] and won ($0.35) with two pair, Tens and Fours



PokerStars Hand #239000334197:  Hold'em No Limit ($0.02/$0.05 USD) - 2022/10/02 15:34:25 PT [2022/10/02 18:34:25 ET]
Table 'Siegena II' 9-max Seat #6 is the button
Seat 1: nlpoker999 ($7.30 in chips) 
Seat 3: VXNX$157 ($1.76 in chips) 
Seat 4: Dorex2007 ($5.13 in chips) 
Seat 5: ToivoTheMachine ($6.77 in chips) 
Seat 6: Zzzanderman ($5.62 in chips) 
Seat 7: pilxx ($5.59 in chips) 
Seat 8: PocketsK1ng ($5.26 in chips) 
pilxx: posts small blind $0.02
PocketsK1ng: posts big blind $0.05
dessa78: sits out 
*** HOLE CARDS ***
Dealt to Dorex2007 [Jc 8d]
nlpoker999: folds 
VXNX$157: raises $0.05 to $0.10
Dorex2007: folds 
ToivoTheMachine: raises $0.20 to $0.30
Zzzanderman: folds 
pilxx: calls $0.28
PocketsK1ng: folds 
VXNX$157: calls $0.20
*** FLOP *** [8s 9d Ks]
pilxx: checks 
VXNX$157: checks 
ToivoTheMachine: bets $0.45
pilxx: folds 
VXNX$157: calls $0.45
*** TURN *** [8s 9d Ks] [Kh]
VXNX$157: checks 
ToivoTheMachine: bets $0.25
VXNX$157: calls $0.25
*** RIVER *** [8s 9d Ks Kh] [6c]
VXNX$157: checks 
ToivoTheMachine: bets $5.77 and is all-in
VXNX$157: folds 
Uncalled bet ($5.77) returned to ToivoTheMachine
ToivoTheMachine collected $2.25 from pot
ToivoTheMachine: doesn't show hand 
*** SUMMARY ***
Total pot $2.35 | Rake $0.10 
Board [8s 9d Ks Kh 6c]
Seat 1: nlpoker999 folded before Flop (didn't bet)
Seat 3: VXNX$157 folded on the River
Seat 4: Dorex2007 folded before Flop (didn't bet)
Seat 5: ToivoTheMachine collected ($2.25)
Seat 6: Zzzanderman (button) folded before Flop (didn't bet)
Seat 7: pilxx (small blind) folded on the Flop
Seat 8: PocketsK1ng (big blind) folded before Flop



PokerStars Hand #239000359381:  Hold'em No Limit ($0.02/$0.05 USD) - 2022/10/02 15:35:45 PT [2022/10/02 18:35:45 ET]
Table 'Siegena II' 9-max Seat #7 is the button
Seat 1: nlpoker999 ($7.30 in chips) 
Seat 3: VXNX$157 ($0.76 in chips) 
Seat 4: Dorex2007 ($5.13 in chips) 
Seat 5: ToivoTheMachine ($8.02 in chips) 
Seat 6: Zzzanderman ($5.62 in chips) 
Seat 7: pilxx ($5.29 in chips) 
Seat 8: PocketsK1ng ($5.21 in chips) 
Seat 9: dessa78 ($5 in chips) 
PocketsK1ng: posts small blind $0.02
dessa78: posts big blind $0.05
*** HOLE CARDS ***
Dealt to Dorex2007 [3h Ts]
nlpoker999: folds 
VXNX$157: folds 
Dorex2007: folds 
ToivoTheMachine: folds 
Zzzanderman: folds 
pilxx: raises $0.05 to $0.10
PocketsK1ng: folds 
dessa78: folds 
Uncalled bet ($0.05) returned to pilxx
pilxx collected $0.12 from pot
*** SUMMARY ***
Total pot $0.12 | Rake $0 
Seat 1: nlpoker999 folded before Flop (didn't bet)
Seat 3: VXNX$157 folded before Flop (didn't bet)
Seat 4: Dorex2007 folded before Flop (didn't bet)
Seat 5: ToivoTheMachine folded before Flop (didn't bet)
Seat 6: Zzzanderman folded before Flop (didn't bet)
Seat 7: pilxx (button) collected ($0.12)
Seat 8: PocketsK1ng (small blind) folded before Flop
Seat 9: dessa78 (big blind) folded before Flop



PokerStars Hand #239000369199:  Hold'em No Limit ($0.02/$0.05 USD) - 2022/10/02 15:36:17 PT [2022/10/02 18:36:17 ET]
Table 'Siegena II' 9-max Seat #8 is the button
Seat 1: nlpoker999 ($7.30 in chips) 
Seat 2: withnohandlebar ($7.33 in chips) 
Seat 3: VXNX$157 ($0.76 in chips) 
Seat 4: Dorex2007 ($5.13 in chips) 
Seat 5: ToivoTheMachine ($8.02 in chips) 
Seat 6: Zzzanderman ($5.62 in chips) 
Seat 7: pilxx ($5.36 in chips) 
Seat 8: PocketsK1ng ($5.19 in chips) 
Seat 9: dessa78 ($4.95 in chips) 
dessa78: posts small blind $0.02
nlpoker999: posts big blind $0.05
*** HOLE CARDS ***
Dealt to Dorex2007 [2c 3c]
withnohandlebar: folds 
VXNX$157: folds 
Dorex2007: folds 
ToivoTheMachine: folds 
Zzzanderman: folds 
pilxx: folds 
PocketsK1ng: raises $0.10 to $0.15
dessa78: folds 
nlpoker999: folds 
Uncalled bet ($0.10) returned to PocketsK1ng
PocketsK1ng collected $0.12 from pot
*** SUMMARY ***
Total pot $0.12 | Rake $0 
Seat 1: nlpoker999 (big blind) folded before Flop
Seat 2: withnohandlebar folded before Flop (didn't bet)
Seat 3: VXNX$157 folded before Flop (didn't bet)
Seat 4: Dorex2007 folded before Flop (didn't bet)
Seat 5: ToivoTheMachine folded before Flop (didn't bet)
Seat 6: Zzzanderman folded before Flop (didn't bet)
Seat 7: pilxx folded before Flop (didn't bet)
Seat 8: PocketsK1ng (button) collected ($0.12)
Seat 9: dessa78 (small blind) folded before Flop



PokerStars Hand #239000377599:  Hold'em No Limit ($0.02/$0.05 USD) - 2022/10/02 15:36:45 PT [2022/10/02 18:36:45 ET]
Table 'Siegena II' 9-max Seat #9 is the button
Seat 1: nlpoker999 ($7.25 in chips) 
Seat 2: withnohandlebar ($7.33 in chips) 
Seat 3: VXNX$157 ($0.76 in chips) 
Seat 4: Dorex2007 ($5.13 in chips) 
Seat 5: ToivoTheMachine ($8.02 in chips) 
Seat 6: Zzzanderman ($5.62 in chips) 
Seat 7: pilxx ($5.36 in chips) 
Seat 8: PocketsK1ng ($5.26 in chips) 
Seat 9: dessa78 ($4.93 in chips) 
nlpoker999: posts small blind $0.02
withnohandlebar: posts big blind $0.05
*** HOLE CARDS ***
Dealt to Dorex2007 [Jc Ad]
VXNX$157: folds 
Dorex2007: raises $0.10 to $0.15
ToivoTheMachine: folds 
Zzzanderman: folds 
pilxx: folds 
PocketsK1ng: folds 
dessa78: folds 
nlpoker999: folds 
withnohandlebar: folds 
Uncalled bet ($0.10) returned to Dorex2007
Dorex2007 collected $0.12 from pot
Dorex2007: doesn't show hand 
*** SUMMARY ***
Total pot $0.12 | Rake $0 
Seat 1: nlpoker999 (small blind) folded before Flop
Seat 2: withnohandlebar (big blind) folded before Flop
Seat 3: VXNX$157 folded before Flop (didn't bet)
Seat 4: Dorex2007 collected ($0.12)
Seat 5: ToivoTheMachine folded before Flop (didn't bet)
Seat 6: Zzzanderman folded before Flop (didn't bet)
Seat 7: pilxx folded before Flop (didn't bet)
Seat 8: PocketsK1ng folded before Flop (didn't bet)
Seat 9: dessa78 (button) folded before Flop (didn't bet)



PokerStars Hand #239000386881:  Hold'em No Limit ($0.02/$0.05 USD) - 2022/10/02 15:37:15 PT [2022/10/02 18:37:15 ET]
Table 'Siegena II' 9-max Seat #1 is the button
Seat 1: nlpoker999 ($7.23 in chips) 
Seat 2: withnohandlebar ($7.28 in chips) 
Seat 3: VXNX$157 ($0.76 in chips) 
Seat 4: Dorex2007 ($5.20 in chips) 
Seat 5: ToivoTheMachine ($8.02 in chips) 
Seat 6: Zzzanderman ($5.62 in chips) 
Seat 7: pilxx ($5.36 in chips) 
Seat 8: PocketsK1ng ($5.26 in chips) 
Seat 9: dessa78 ($4.93 in chips) 
withnohandlebar: posts small blind $0.02
VXNX$157: posts big blind $0.05
*** HOLE CARDS ***
Dealt to Dorex2007 [6c 2h]
Dorex2007: folds 
ToivoTheMachine: folds 
Zzzanderman: calls $0.05
pilxx: folds 
PocketsK1ng: folds 
dessa78 has timed out
dessa78: folds 
nlpoker999: raises $0.15 to $0.20
withnohandlebar: folds 
VXNX$157: folds 
Zzzanderman: calls $0.15
*** FLOP *** [4h Js 9c]
Zzzanderman: checks 
nlpoker999: checks 
*** TURN *** [4h Js 9c] [7d]
Zzzanderman: checks 
nlpoker999: bets $0.10
Zzzanderman: folds 
Uncalled bet ($0.10) returned to nlpoker999
nlpoker999 collected $0.45 from pot
nlpoker999: doesn't show hand 
*** SUMMARY ***
Total pot $0.47 | Rake $0.02 
Board [4h Js 9c 7d]
Seat 1: nlpoker999 (button) collected ($0.45)
Seat 2: withnohandlebar (small blind) folded before Flop
Seat 3: VXNX$157 (big blind) folded before Flop
Seat 4: Dorex2007 folded before Flop (didn't bet)
Seat 5: ToivoTheMachine folded before Flop (didn't bet)
Seat 6: Zzzanderman folded on the Turn
Seat 7: pilxx folded before Flop (didn't bet)
Seat 8: PocketsK1ng folded before Flop (didn't bet)
Seat 9: dessa78 folded before Flop (didn't bet)



PokerStars Hand #239000403396:  Hold'em No Limit ($0.02/$0.05 USD) - 2022/10/02 15:38:09 PT [2022/10/02 18:38:09 ET]
Table 'Siegena II' 9-max Seat #2 is the button
Seat 1: nlpoker999 ($7.48 in chips) 
Seat 2: withnohandlebar ($7.26 in chips) 
Seat 3: VXNX$157 ($0.71 in chips) 
Seat 4: Dorex2007 ($5.20 in chips) 
Seat 5: ToivoTheMachine ($8.02 in chips) 
Seat 6: Zzzanderman ($5.42 in chips) 
Seat 7: pilxx ($5.36 in chips) 
Seat 8: PocketsK1ng ($5.26 in chips) 
Seat 9: dessa78 ($4.93 in chips) 
VXNX$157: posts small blind $0.02
Dorex2007: posts big blind $0.05
*** HOLE CARDS ***
Dealt to Dorex2007 [8c 9c]
ToivoTheMachine has timed out
ToivoTheMachine: folds 
Zzzanderman: folds 
pilxx: raises $0.05 to $0.10
PocketsK1ng: raises $0.26 to $0.36
dessa78: folds 
nlpoker999: folds 
withnohandlebar: folds 
VXNX$157: folds 
Dorex2007: folds 
pilxx: folds 
Uncalled bet ($0.26) returned to PocketsK1ng
PocketsK1ng collected $0.27 from pot
*** SUMMARY ***
Total pot $0.27 | Rake $0 
Seat 1: nlpoker999 folded before Flop (didn't bet)
Seat 2: withnohandlebar (button) folded before Flop (didn't bet)
Seat 3: VXNX$157 (small blind) folded before Flop
Seat 4: Dorex2007 (big blind) folded before Flop
Seat 5: ToivoTheMachine folded before Flop (didn't bet)
Seat 6: Zzzanderman folded before Flop (didn't bet)
Seat 7: pilxx folded before Flop
Seat 8: PocketsK1ng collected ($0.27)
Seat 9: dessa78 folded before Flop (didn't bet)



PokerStars Hand #239000418735:  Hold'em No Limit ($0.02/$0.05 USD) - 2022/10/02 15:38:58 PT [2022/10/02 18:38:58 ET]
Table 'Siegena II' 9-max Seat #3 is the button
Seat 1: nlpoker999 ($7.48 in chips) 
Seat 2: withnohandlebar ($7.26 in chips) 
Seat 3: VXNX$157 ($0.69 in chips) 
Seat 4: Dorex2007 ($5.15 in chips) 
Seat 6: Zzzanderman ($5.42 in chips) 
Seat 7: pilxx ($5.26 in chips) 
Seat 8: PocketsK1ng ($5.43 in chips) 
Seat 9: dessa78 ($4.93 in chips) 
Dorex2007: posts small blind $0.02
ToivoTheMachine: is sitting out 
Zzzanderman: posts big blind $0.05
*** HOLE CARDS ***
Dealt to Dorex2007 [Jc Qh]
pilxx: raises $0.05 to $0.10
PocketsK1ng: folds 
dessa78: folds 
nlpoker999: calls $0.10
withnohandlebar: calls $0.10
VXNX$157: folds 
Dorex2007: folds 
Zzzanderman: calls $0.05
*** FLOP *** [5c Jh Ts]
Zzzanderman: checks 
pilxx: bets $0.20
nlpoker999: folds 
withnohandlebar: folds 
Zzzanderman: folds 
Uncalled bet ($0.20) returned to pilxx
pilxx collected $0.40 from pot
*** SUMMARY ***
Total pot $0.42 | Rake $0.02 
Board [5c Jh Ts]
Seat 1: nlpoker999 folded on the Flop
Seat 2: withnohandlebar folded on the Flop
Seat 3: VXNX$157 (button) folded before Flop (didn't bet)
Seat 4: Dorex2007 (small blind) folded before Flop
Seat 6: Zzzanderman (big blind) folded on the Flop
Seat 7: pilxx collected ($0.40)
Seat 8: PocketsK1ng folded before Flop (didn't bet)
Seat 9: dessa78 folded before Flop (didn't bet)



PokerStars Hand #239000428830:  Hold'em No Limit ($0.02/$0.05 USD) - 2022/10/02 15:39:31 PT [2022/10/02 18:39:31 ET]
Table 'Siegena II' 9-max Seat #4 is the button
Seat 1: nlpoker999 ($7.38 in chips) 
Seat 2: withnohandlebar ($7.16 in chips) 
Seat 3: VXNX$157 ($0.69 in chips) 
Seat 4: Dorex2007 ($5.13 in chips) 
Seat 6: Zzzanderman ($5.32 in chips) 
Seat 7: pilxx ($5.56 in chips) 
Seat 8: PocketsK1ng ($5.43 in chips) 
Seat 9: dessa78 ($4.93 in chips) 
Zzzanderman: posts small blind $0.02
pilxx: posts big blind $0.05
*** HOLE CARDS ***
Dealt to Dorex2007 [7c 2h]
PocketsK1ng: folds 
dessa78: folds 
nlpoker999: folds 
withnohandlebar: raises $0.07 to $0.12
VXNX$157: folds 
Dorex2007: folds 
Zzzanderman: folds 
pilxx: calls $0.07
*** FLOP *** [Jh Td 5h]
pilxx: checks 
withnohandlebar: checks 
*** TURN *** [Jh Td 5h] [4h]
pilxx: checks 
withnohandlebar: bets $0.13
pilxx: calls $0.13
*** RIVER *** [Jh Td 5h 4h] [3h]
pilxx: checks 
withnohandlebar: checks 
*** SHOW DOWN ***
pilxx: shows [6d Kh] (a flush, King high)
withnohandlebar: mucks hand 
pilxx collected $0.50 from pot
*** SUMMARY ***
Total pot $0.52 | Rake $0.02 
Board [Jh Td 5h 4h 3h]
Seat 1: nlpoker999 folded before Flop (didn't bet)
Seat 2: withnohandlebar mucked [9c Tc]
Seat 3: VXNX$157 folded before Flop (didn't bet)
Seat 4: Dorex2007 (button) folded before Flop (didn't bet)
Seat 6: Zzzanderman (small blind) folded before Flop
Seat 7: pilxx (big blind) showed [6d Kh] and won ($0.50) with a flush, King high
Seat 8: PocketsK1ng folded before Flop (didn't bet)
Seat 9: dessa78 folded before Flop (didn't bet)



PokerStars Hand #239000458248:  Hold'em No Limit ($0.02/$0.05 USD) - 2022/10/02 15:41:08 PT [2022/10/02 18:41:08 ET]
Table 'Siegena II' 9-max Seat #6 is the button
Seat 1: nlpoker999 ($7.38 in chips) 
Seat 2: withnohandlebar ($6.91 in chips) 
Seat 3: VXNX$157 ($0.69 in chips) 
Seat 4: Dorex2007 ($5.13 in chips) 
Seat 6: Zzzanderman ($5.30 in chips) 
Seat 7: pilxx ($5.81 in chips) 
Seat 8: PocketsK1ng ($5.43 in chips) 
Seat 9: dessa78 ($4.93 in chips) 
pilxx: posts small blind $0.02
PocketsK1ng: posts big blind $0.05
*** HOLE CARDS ***
Dealt to Dorex2007 [3c 5s]
dessa78 has timed out
dessa78: folds 
nlpoker999: raises $0.10 to $0.15
withnohandlebar: folds 
VXNX$157: folds 
Dorex2007: folds 
Zzzanderman: folds 
pilxx: calls $0.13
PocketsK1ng: folds 
*** FLOP *** [8h 2h 8c]
pilxx: checks 
nlpoker999: bets $0.17
pilxx: calls $0.17
*** TURN *** [8h 2h 8c] [7c]
pilxx: checks 
nlpoker999: bets $0.35
pilxx: folds 
Uncalled bet ($0.35) returned to nlpoker999
nlpoker999 collected $0.66 from pot
nlpoker999: doesn't show hand 
*** SUMMARY ***
Total pot $0.69 | Rake $0.03 
Board [8h 2h 8c 7c]
Seat 1: nlpoker999 collected ($0.66)
Seat 2: withnohandlebar folded before Flop (didn't bet)
Seat 3: VXNX$157 folded before Flop (didn't bet)
Seat 4: Dorex2007 folded before Flop (didn't bet)
Seat 6: Zzzanderman (button) folded before Flop (didn't bet)
Seat 7: pilxx (small blind) folded on the Turn
Seat 8: PocketsK1ng (big blind) folded before Flop
Seat 9: dessa78 folded before Flop (didn't bet)



PokerStars Hand #239000475605:  Hold'em No Limit ($0.02/$0.05 USD) - 2022/10/02 15:42:05 PT [2022/10/02 18:42:05 ET]
Table 'Siegena II' 9-max Seat #7 is the button
Seat 1: nlpoker999 ($7.72 in chips) 
Seat 2: withnohandlebar ($6.91 in chips) 
Seat 3: VXNX$157 ($0.69 in chips) 
Seat 4: Dorex2007 ($5.13 in chips) 
Seat 6: Zzzanderman ($5.30 in chips) 
Seat 7: pilxx ($5.49 in chips) 
Seat 8: PocketsK1ng ($5.38 in chips) 
Seat 9: dessa78 ($4.93 in chips) 
PocketsK1ng: posts small blind $0.02
dessa78: posts big blind $0.05
*** HOLE CARDS ***
Dealt to Dorex2007 [Tc 2h]
nlpoker999: folds 
withnohandlebar: folds 
VXNX$157: raises $0.05 to $0.10
Dorex2007: folds 
Zzzanderman: folds 
pilxx: folds 
PocketsK1ng: folds 
dessa78: folds 
Uncalled bet ($0.05) returned to VXNX$157
VXNX$157 collected $0.12 from pot
VXNX$157: doesn't show hand 
*** SUMMARY ***
Total pot $0.12 | Rake $0 
Seat 1: nlpoker999 folded before Flop (didn't bet)
Seat 2: withnohandlebar folded before Flop (didn't bet)
Seat 3: VXNX$157 collected ($0.12)
Seat 4: Dorex2007 folded before Flop (didn't bet)
Seat 6: Zzzanderman folded before Flop (didn't bet)
Seat 7: pilxx (button) folded before Flop (didn't bet)
Seat 8: PocketsK1ng (small blind) folded before Flop
Seat 9: dessa78 (big blind) folded before Flop



PokerStars Hand #239000482928:  Hold'em No Limit ($0.02/$0.05 USD) - 2022/10/02 15:42:30 PT [2022/10/02 18:42:30 ET]
Table 'Siegena II' 9-max Seat #8 is the button
Seat 1: nlpoker999 ($7.72 in chips) 
Seat 2: withnohandlebar ($6.91 in chips) 
Seat 3: VXNX$157 ($0.76 in chips) 
Seat 4: Dorex2007 ($5.13 in chips) 
Seat 6: Zzzanderman ($5.30 in chips) 
Seat 7: pilxx ($5.49 in chips) 
Seat 8: PocketsK1ng ($5.36 in chips) 
Seat 9: dessa78 ($4.88 in chips) 
dessa78: posts small blind $0.02
nlpoker999: posts big blind $0.05
*** HOLE CARDS ***
Dealt to Dorex2007 [Qc 5d]
withnohandlebar: raises $0.07 to $0.12
VXNX$157: raises $0.64 to $0.76 and is all-in
Dorex2007: folds 
Zzzanderman: folds 
pilxx: calls $0.76
PocketsK1ng: folds 
dessa78: folds 
nlpoker999: folds 
withnohandlebar: calls $0.64
*** FLOP *** [Jd 7s 3h]
withnohandlebar: checks 
pilxx: checks 
*** TURN *** [Jd 7s 3h] [2s]
withnohandlebar: checks 
pilxx: checks 
*** RIVER *** [Jd 7s 3h 2s] [9d]
withnohandlebar: checks 
pilxx: bets $1.12
withnohandlebar: folds 
Uncalled bet ($1.12) returned to pilxx
*** SHOW DOWN ***
pilxx: shows [9h 9c] (three of a kind, Nines)
VXNX$157: shows [As Jh] (a pair of Jacks)
pilxx collected $2.23 from pot
*** SUMMARY ***
Total pot $2.35 | Rake $0.12 
Board [Jd 7s 3h 2s 9d]
Seat 1: nlpoker999 (big blind) folded before Flop
Seat 2: withnohandlebar folded on the River
Seat 3: VXNX$157 showed [As Jh] and lost with a pair of Jacks
Seat 4: Dorex2007 folded before Flop (didn't bet)
Seat 6: Zzzanderman folded before Flop (didn't bet)
Seat 7: pilxx showed [9h 9c] and won ($2.23) with three of a kind, Nines
Seat 8: PocketsK1ng (button) folded before Flop (didn't bet)
Seat 9: dessa78 (small blind) folded before Flop



PokerStars Hand #239000497863:  Hold'em No Limit ($0.02/$0.05 USD) - 2022/10/02 15:43:20 PT [2022/10/02 18:43:20 ET]
Table 'Siegena II' 9-max Seat #9 is the button
Seat 1: nlpoker999 ($7.67 in chips) 
Seat 2: withnohandlebar ($6.15 in chips) 
Seat 4: Dorex2007 ($5.13 in chips) 
Seat 6: Zzzanderman ($5.30 in chips) 
Seat 7: pilxx ($6.96 in chips) 
Seat 8: PocketsK1ng ($5.36 in chips) 
Seat 9: dessa78 ($4.86 in chips) 
nlpoker999: posts small blind $0.02
withnohandlebar: posts big blind $0.05
*** HOLE CARDS ***
Dealt to Dorex2007 [7s Ah]
Dorex2007: folds 
Zzzanderman: folds 
pilxx: folds 
PocketsK1ng: folds 
dessa78: folds 
nlpoker999: folds 
Uncalled bet ($0.03) returned to withnohandlebar
withnohandlebar collected $0.04 from pot
VXNX$157 leaves the table
*** SUMMARY ***
Total pot $0.04 | Rake $0 
Seat 1: nlpoker999 (small blind) folded before Flop
Seat 2: withnohandlebar (big blind) collected ($0.04)
Seat 4: Dorex2007 folded before Flop (didn't bet)
Seat 6: Zzzanderman folded before Flop (didn't bet)
Seat 7: pilxx folded before Flop (didn't bet)
Seat 8: PocketsK1ng folded before Flop (didn't bet)
Seat 9: dessa78 (button) folded before Flop (didn't bet)



PokerStars Hand #239000502234:  Hold'em No Limit ($0.02/$0.05 USD) - 2022/10/02 15:43:35 PT [2022/10/02 18:43:35 ET]
Table 'Siegena II' 9-max Seat #1 is the button
Seat 1: nlpoker999 ($7.65 in chips) 
Seat 2: withnohandlebar ($6.17 in chips) 
Seat 4: Dorex2007 ($5.13 in chips) 
Seat 6: Zzzanderman ($5.30 in chips) 
Seat 7: pilxx ($6.96 in chips) 
Seat 8: PocketsK1ng ($5.36 in chips) 
Seat 9: dessa78 ($4.86 in chips) 
withnohandlebar: posts small blind $0.02
Dorex2007: posts big blind $0.05
*** HOLE CARDS ***
Dealt to Dorex2007 [5c Kd]
Zzzanderman: folds 
Limpfold94 joins the table at seat #3 
pilxx: folds 
PocketsK1ng: folds 
dessa78: folds 
nlpoker999: folds 
withnohandlebar: folds 
Uncalled bet ($0.03) returned to Dorex2007
Dorex2007 collected $0.04 from pot
Dorex2007: doesn't show hand 
*** SUMMARY ***
Total pot $0.04 | Rake $0 
Seat 1: nlpoker999 (button) folded before Flop (didn't bet)
Seat 2: withnohandlebar (small blind) folded before Flop
Seat 4: Dorex2007 (big blind) collected ($0.04)
Seat 6: Zzzanderman folded before Flop (didn't bet)
Seat 7: pilxx folded before Flop (didn't bet)
Seat 8: PocketsK1ng folded before Flop (didn't bet)
Seat 9: dessa78 folded before Flop (didn't bet)



PokerStars Hand #239000510660:  Hold'em No Limit ($0.02/$0.05 USD) - 2022/10/02 15:44:03 PT [2022/10/02 18:44:03 ET]
Table 'Siegena II' 9-max Seat #2 is the button
Seat 1: nlpoker999 ($7.65 in chips) 
Seat 2: withnohandlebar ($6.15 in chips) 
Seat 4: Dorex2007 ($5.15 in chips) 
Seat 6: Zzzanderman ($5.30 in chips) 
Seat 7: pilxx ($6.96 in chips) 
Seat 8: PocketsK1ng ($5.36 in chips) 
Seat 9: dessa78 ($4.86 in chips) 
Dorex2007: posts small blind $0.02
Zzzanderman: posts big blind $0.05
*** HOLE CARDS ***
Dealt to Dorex2007 [3h Qd]
pilxx: folds 
PocketsK1ng: folds 
dessa78: folds 
nlpoker999: folds 
withnohandlebar: folds 
Dorex2007: folds 
Uncalled bet ($0.03) returned to Zzzanderman
Zzzanderman collected $0.04 from pot
Zzzanderman: doesn't show hand 
*** SUMMARY ***
Total pot $0.04 | Rake $0 
Seat 1: nlpoker999 folded before Flop (didn't bet)
Seat 2: withnohandlebar (button) folded before Flop (didn't bet)
Seat 4: Dorex2007 (small blind) folded before Flop
Seat 6: Zzzanderman (big blind) collected ($0.04)
Seat 7: pilxx folded before Flop (didn't bet)
Seat 8: PocketsK1ng folded before Flop (didn't bet)
Seat 9: dessa78 folded before Flop (didn't bet)



PokerStars Hand #239000516676:  Hold'em No Limit ($0.02/$0.05 USD) - 2022/10/02 15:44:23 PT [2022/10/02 18:44:23 ET]
Table 'Siegena II' 9-max Seat #4 is the button
Seat 1: nlpoker999 ($7.65 in chips) 
Seat 2: withnohandlebar ($6.15 in chips) 
Seat 4: Dorex2007 ($5.13 in chips) 
Seat 6: Zzzanderman ($5.32 in chips) 
Seat 7: pilxx ($6.96 in chips) 
Seat 8: PocketsK1ng ($5.36 in chips) 
Seat 9: dessa78 ($4.86 in chips) 
Zzzanderman: posts small blind $0.02
pilxx: posts big blind $0.05
Limpfold94: sits out 
*** HOLE CARDS ***
Dealt to Dorex2007 [2d Tc]
PocketsK1ng: raises $0.10 to $0.15
dessa78: calls $0.15
nlpoker999: folds 
withnohandlebar: folds 
Dorex2007: folds 
Zzzanderman: folds 
pilxx: folds 
*** FLOP *** [Kd 4s 9h]
PocketsK1ng: bets $0.11
dessa78: raises $0.18 to $0.29
PocketsK1ng: folds 
Uncalled bet ($0.18) returned to dessa78
dessa78 collected $0.57 from pot
*** SUMMARY ***
Total pot $0.59 | Rake $0.02 
Board [Kd 4s 9h]
Seat 1: nlpoker999 folded before Flop (didn't bet)
Seat 2: withnohandlebar folded before Flop (didn't bet)
Seat 4: Dorex2007 (button) folded before Flop (didn't bet)
Seat 6: Zzzanderman (small blind) folded before Flop
Seat 7: pilxx (big blind) folded before Flop
Seat 8: PocketsK1ng folded on the Flop
Seat 9: dessa78 collected ($0.57)



PokerStars Hand #239000527442:  Hold'em No Limit ($0.02/$0.05 USD) - 2022/10/02 15:45:00 PT [2022/10/02 18:45:00 ET]
Table 'Siegena II' 9-max Seat #6 is the button
Seat 1: nlpoker999 ($7.65 in chips) 
Seat 2: withnohandlebar ($6.15 in chips) 
Seat 4: Dorex2007 ($5.13 in chips) 
Seat 6: Zzzanderman ($5.30 in chips) 
Seat 7: pilxx ($6.91 in chips) 
Seat 8: PocketsK1ng ($5.10 in chips) 
Seat 9: dessa78 ($5.17 in chips) 
pilxx: posts small blind $0.02
PocketsK1ng: posts big blind $0.05
Limpfold94: sits out 
*** HOLE CARDS ***
Dealt to Dorex2007 [6h Tc]
dessa78: folds 
nlpoker999: folds 
withnohandlebar: folds 
Dorex2007: folds 
Zzzanderman: folds 
pilxx: folds 
Uncalled bet ($0.03) returned to PocketsK1ng
PocketsK1ng collected $0.04 from pot
*** SUMMARY ***
Total pot $0.04 | Rake $0 
Seat 1: nlpoker999 folded before Flop (didn't bet)
Seat 2: withnohandlebar folded before Flop (didn't bet)
Seat 4: Dorex2007 folded before Flop (didn't bet)
Seat 6: Zzzanderman (button) folded before Flop (didn't bet)
Seat 7: pilxx (small blind) folded before Flop
Seat 8: PocketsK1ng (big blind) collected ($0.04)
Seat 9: dessa78 folded before Flop (didn't bet)



PokerStars Hand #239000531753:  Hold'em No Limit ($0.02/$0.05 USD) - 2022/10/02 15:45:15 PT [2022/10/02 18:45:15 ET]
Table 'Siegena II' 9-max Seat #7 is the button
Seat 1: nlpoker999 ($7.65 in chips) 
Seat 2: withnohandlebar ($6.15 in chips) 
Seat 4: Dorex2007 ($5.13 in chips) 
Seat 6: Zzzanderman ($5.30 in chips) 
Seat 7: pilxx ($6.89 in chips) 
Seat 8: PocketsK1ng ($5.12 in chips) 
Seat 9: dessa78 ($5.17 in chips) 
PocketsK1ng: posts small blind $0.02
dessa78: posts big blind $0.05
Limpfold94: sits out 
*** HOLE CARDS ***
Dealt to Dorex2007 [4c 6s]
nlpoker999: folds 
withnohandlebar: raises $0.05 to $0.10
Dorex2007: folds 
Zzzanderman: folds 
pilxx: folds 
PocketsK1ng: calls $0.08
dessa78: folds 
*** FLOP *** [9s Qc 3c]
PocketsK1ng: checks 
withnohandlebar: checks 
*** TURN *** [9s Qc 3c] [Jc]
PocketsK1ng: checks 
withnohandlebar: checks 
*** RIVER *** [9s Qc 3c Jc] [3h]
PocketsK1ng: checks 
withnohandlebar: bets $0.25
PocketsK1ng: folds 
Uncalled bet ($0.25) returned to withnohandlebar
withnohandlebar collected $0.24 from pot
*** SUMMARY ***
Total pot $0.25 | Rake $0.01 
Board [9s Qc 3c Jc 3h]
Seat 1: nlpoker999 folded before Flop (didn't bet)
Seat 2: withnohandlebar collected ($0.24)
Seat 4: Dorex2007 folded before Flop (didn't bet)
Seat 6: Zzzanderman folded before Flop (didn't bet)
Seat 7: pilxx (button) folded before Flop (didn't bet)
Seat 8: PocketsK1ng (small blind) folded on the River
Seat 9: dessa78 (big blind) folded before Flop



PokerStars Hand #239000548016:  Hold'em No Limit ($0.02/$0.05 USD) - 2022/10/02 15:46:10 PT [2022/10/02 18:46:10 ET]
Table 'Siegena II' 9-max Seat #8 is the button
Seat 1: nlpoker999 ($7.65 in chips) 
Seat 2: withnohandlebar ($6.29 in chips) 
Seat 4: Dorex2007 ($5.13 in chips) 
Seat 6: Zzzanderman ($5.30 in chips) 
Seat 7: pilxx ($6.89 in chips) 
Seat 8: PocketsK1ng ($5.02 in chips) 
Seat 9: dessa78 ($5.12 in chips) 
dessa78: posts small blind $0.02
nlpoker999: posts big blind $0.05
Limpfold94: sits out 
*** HOLE CARDS ***
Dealt to Dorex2007 [Kd 8s]
withnohandlebar has timed out
withnohandlebar: folds 
Dorex2007: folds 
Zzzanderman: calls $0.05
pilxx: calls $0.05
PocketsK1ng: raises $0.15 to $0.20
dessa78: folds 
nlpoker999: folds 
Zzzanderman: calls $0.15
pilxx: calls $0.15
*** FLOP *** [Ts Td 5d]
Zzzanderman: checks 
pilxx: checks 
PocketsK1ng: checks 
*** TURN *** [Ts Td 5d] [7d]
Zzzanderman: checks 
pilxx: checks 
PocketsK1ng: checks 
*** RIVER *** [Ts Td 5d 7d] [2d]
Zzzanderman: checks 
pilxx: bets $0.64
PocketsK1ng: folds 
Zzzanderman: folds 
Uncalled bet ($0.64) returned to pilxx
pilxx collected $0.63 from pot
*** SUMMARY ***
Total pot $0.67 | Rake $0.04 
Board [Ts Td 5d 7d 2d]
Seat 1: nlpoker999 (big blind) folded before Flop
Seat 2: withnohandlebar folded before Flop (didn't bet)
Seat 4: Dorex2007 folded before Flop (didn't bet)
Seat 6: Zzzanderman folded on the River
Seat 7: pilxx collected ($0.63)
Seat 8: PocketsK1ng (button) folded on the River
Seat 9: dessa78 (small blind) folded before Flop



PokerStars Hand #239000576805:  Hold'em No Limit ($0.02/$0.05 USD) - 2022/10/02 15:47:49 PT [2022/10/02 18:47:49 ET]
Table 'Siegena II' 9-max Seat #9 is the button
Seat 1: nlpoker999 ($7.60 in chips) 
Seat 2: withnohandlebar ($6.29 in chips) 
Seat 4: Dorex2007 ($5.13 in chips) 
Seat 6: Zzzanderman ($5.10 in chips) 
Seat 7: pilxx ($7.32 in chips) 
Seat 8: PocketsK1ng ($5 in chips) 
Seat 9: dessa78 ($5.10 in chips) 
nlpoker999: posts small blind $0.02
withnohandlebar: posts big blind $0.05
Limpfold94: sits out 
*** HOLE CARDS ***
Dealt to Dorex2007 [9h Ts]
Dorex2007: folds 
Zzzanderman: folds 
pilxx: folds 
PocketsK1ng: folds 
dessa78: folds 
nlpoker999: folds 
Uncalled bet ($0.03) returned to withnohandlebar
withnohandlebar collected $0.04 from pot
*** SUMMARY ***
Total pot $0.04 | Rake $0 
Seat 1: nlpoker999 (small blind) folded before Flop
Seat 2: withnohandlebar (big blind) collected ($0.04)
Seat 4: Dorex2007 folded before Flop (didn't bet)
Seat 6: Zzzanderman folded before Flop (didn't bet)
Seat 7: pilxx folded before Flop (didn't bet)
Seat 8: PocketsK1ng folded before Flop (didn't bet)
Seat 9: dessa78 (button) folded before Flop (didn't bet)



PokerStars Hand #239000582081:  Hold'em No Limit ($0.02/$0.05 USD) - 2022/10/02 15:48:07 PT [2022/10/02 18:48:07 ET]
Table 'Siegena II' 9-max Seat #1 is the button
Seat 1: nlpoker999 ($7.58 in chips) 
Seat 2: withnohandlebar ($6.31 in chips) 
Seat 3: Limpfold94 ($5 in chips) 
Seat 4: Dorex2007 ($5.13 in chips) 
Seat 6: Zzzanderman ($5.10 in chips) 
Seat 7: pilxx ($7.32 in chips) 
Seat 8: PocketsK1ng ($5 in chips) 
Seat 9: dessa78 ($5.10 in chips) 
withnohandlebar: posts small blind $0.02
Limpfold94: posts big blind $0.05
*** HOLE CARDS ***
Dealt to Dorex2007 [Kc 5c]
Dorex2007: folds 
Zzzanderman: folds 
pilxx: calls $0.05
PocketsK1ng: folds 
dessa78: folds 
nlpoker999: folds 
withnohandlebar: folds 
Limpfold94: checks 
*** FLOP *** [4d Jc Jd]
Limpfold94: checks 
pilxx: bets $0.05
Limpfold94: folds 
Uncalled bet ($0.05) returned to pilxx
pilxx collected $0.12 from pot
*** SUMMARY ***
Total pot $0.12 | Rake $0 
Board [4d Jc Jd]
Seat 1: nlpoker999 (button) folded before Flop (didn't bet)
Seat 2: withnohandlebar (small blind) folded before Flop
Seat 3: Limpfold94 (big blind) folded on the Flop
Seat 4: Dorex2007 folded before Flop (didn't bet)
Seat 6: Zzzanderman folded before Flop (didn't bet)
Seat 7: pilxx collected ($0.12)
Seat 8: PocketsK1ng folded before Flop (didn't bet)
Seat 9: dessa78 folded before Flop (didn't bet)



PokerStars Hand #239000597296:  Hold'em No Limit ($0.02/$0.05 USD) - 2022/10/02 15:49:00 PT [2022/10/02 18:49:00 ET]
Table 'Siegena II' 9-max Seat #2 is the button
Seat 1: nlpoker999 ($7.58 in chips) 
Seat 2: withnohandlebar ($6.29 in chips) 
Seat 3: Limpfold94 ($4.95 in chips) 
Seat 4: Dorex2007 ($5.13 in chips) 
Seat 6: Zzzanderman ($5.10 in chips) 
Seat 7: pilxx ($7.39 in chips) 
Seat 8: PocketsK1ng ($5 in chips) 
Seat 9: dessa78 ($5.10 in chips) 
Limpfold94: posts small blind $0.02
Dorex2007: posts big blind $0.05
*** HOLE CARDS ***
Dealt to Dorex2007 [Qc Td]
Zzzanderman: folds 
pilxx: folds 
PocketsK1ng: folds 
dessa78: folds 
nlpoker999: folds 
withnohandlebar: folds 
Limpfold94: folds 
Uncalled bet ($0.03) returned to Dorex2007
Dorex2007 collected $0.04 from pot
Dorex2007: doesn't show hand 
*** SUMMARY ***
Total pot $0.04 | Rake $0 
Seat 1: nlpoker999 folded before Flop (didn't bet)
Seat 2: withnohandlebar (button) folded before Flop (didn't bet)
Seat 3: Limpfold94 (small blind) folded before Flop
Seat 4: Dorex2007 (big blind) collected ($0.04)
Seat 6: Zzzanderman folded before Flop (didn't bet)
Seat 7: pilxx folded before Flop (didn't bet)
Seat 8: PocketsK1ng folded before Flop (didn't bet)
Seat 9: dessa78 folded before Flop (didn't bet)



PokerStars Hand #239000603499:  Hold'em No Limit ($0.02/$0.05 USD) - 2022/10/02 15:49:21 PT [2022/10/02 18:49:21 ET]
Table 'Siegena II' 9-max Seat #3 is the button
Seat 1: nlpoker999 ($7.58 in chips) 
Seat 2: withnohandlebar ($6.29 in chips) 
Seat 3: Limpfold94 ($4.93 in chips) 
Seat 4: Dorex2007 ($5.15 in chips) 
Seat 6: Zzzanderman ($5.10 in chips) 
Seat 7: pilxx ($7.39 in chips) 
Seat 8: PocketsK1ng ($5 in chips) 
Seat 9: dessa78 ($5.10 in chips) 
Dorex2007: posts small blind $0.02
Zzzanderman: posts big blind $0.05
*** HOLE CARDS ***
Dealt to Dorex2007 [Ac Ah]
pilxx: folds 
PocketsK1ng: folds 
dessa78: folds 
nlpoker999: folds 
withnohandlebar: raises $0.05 to $0.10
Limpfold94: folds 
Dorex2007: raises $0.15 to $0.25
Zzzanderman: folds 
withnohandlebar: folds 
Uncalled bet ($0.15) returned to Dorex2007
Dorex2007 collected $0.25 from pot
Dorex2007: doesn't show hand 
*** SUMMARY ***
Total pot $0.25 | Rake $0 
Seat 1: nlpoker999 folded before Flop (didn't bet)
Seat 2: withnohandlebar folded before Flop
Seat 3: Limpfold94 (button) folded before Flop (didn't bet)
Seat 4: Dorex2007 (small blind) collected ($0.25)
Seat 6: Zzzanderman (big blind) folded before Flop
Seat 7: pilxx folded before Flop (didn't bet)
Seat 8: PocketsK1ng folded before Flop (didn't bet)
Seat 9: dessa78 folded before Flop (didn't bet)



PokerStars Hand #239000612832:  Hold'em No Limit ($0.02/$0.05 USD) - 2022/10/02 15:49:54 PT [2022/10/02 18:49:54 ET]
Table 'Siegena II' 9-max Seat #4 is the button
Seat 1: nlpoker999 ($7.58 in chips) 
Seat 2: withnohandlebar ($6.19 in chips) 
Seat 3: Limpfold94 ($4.93 in chips) 
Seat 4: Dorex2007 ($5.30 in chips) 
Seat 6: Zzzanderman ($5.05 in chips) 
Seat 7: pilxx ($7.39 in chips) 
Seat 8: PocketsK1ng ($5 in chips) 
Seat 9: dessa78 ($5.10 in chips) 
Zzzanderman: posts small blind $0.02
pilxx: posts big blind $0.05
*** HOLE CARDS ***
Dealt to Dorex2007 [8s Qc]
PocketsK1ng: folds 
dessa78: folds 
nlpoker999: folds 
withnohandlebar: raises $0.07 to $0.12
Limpfold94: folds 
Dorex2007: folds 
Zzzanderman: folds 
pilxx: calls $0.07
*** FLOP *** [9h Jd 6s]
pilxx: checks 
Zzzanderman leaves the table
withnohandlebar: bets $0.10
pilxx: raises $0.45 to $0.55
withnohandlebar: calls $0.45
*** TURN *** [9h Jd 6s] [8d]
pilxx: bets $0.65
withnohandlebar: calls $0.65
*** RIVER *** [9h Jd 6s 8d] [As]
pilxx: bets $2.55
withnohandlebar: folds 
Uncalled bet ($2.55) returned to pilxx
pilxx collected $2.52 from pot
*** SUMMARY ***
Total pot $2.66 | Rake $0.14 
Board [9h Jd 6s 8d As]
Seat 1: nlpoker999 folded before Flop (didn't bet)
Seat 2: withnohandlebar folded on the River
Seat 3: Limpfold94 folded before Flop (didn't bet)
Seat 4: Dorex2007 (button) folded before Flop (didn't bet)
Seat 6: Zzzanderman (small blind) folded before Flop
Seat 7: pilxx (big blind) collected ($2.52)
Seat 8: PocketsK1ng folded before Flop (didn't bet)
Seat 9: dessa78 folded before Flop (didn't bet)



PokerStars Hand #239000629457:  Hold'em No Limit ($0.02/$0.05 USD) - 2022/10/02 15:50:52 PT [2022/10/02 18:50:52 ET]
Table 'Siegena II' 9-max Seat #7 is the button
Seat 1: nlpoker999 ($7.58 in chips) 
Seat 2: withnohandlebar ($4.87 in chips) 
Seat 3: Limpfold94 ($4.93 in chips) 
Seat 4: Dorex2007 ($5.30 in chips) 
Seat 7: pilxx ($8.59 in chips) 
Seat 8: PocketsK1ng ($5 in chips) 
Seat 9: dessa78 ($5.10 in chips) 
PocketsK1ng: posts small blind $0.02
dessa78: posts big blind $0.05
ToivoTheMachine: sits out 
*** HOLE CARDS ***
Dealt to Dorex2007 [Th 9h]
nlpoker999: folds 
withnohandlebar: folds 
Limpfold94: folds 
Dorex2007: folds 
pilxx: folds 
PocketsK1ng: raises $0.10 to $0.15
dessa78: calls $0.10
*** FLOP *** [4h Ad 3s]
PocketsK1ng: bets $0.09
dessa78: calls $0.09
*** TURN *** [4h Ad 3s] [Qh]
PocketsK1ng: checks 
dessa78: bets $0.23
PocketsK1ng: calls $0.23
*** RIVER *** [4h Ad 3s Qh] [8d]
PocketsK1ng: checks 
dessa78: checks 
*** SHOW DOWN ***
PocketsK1ng: shows [Kd Kc] (a pair of Kings)
dessa78: shows [Td As] (a pair of Aces)
dessa78 collected $0.90 from pot
*** SUMMARY ***
Total pot $0.94 | Rake $0.04 
Board [4h Ad 3s Qh 8d]
Seat 1: nlpoker999 folded before Flop (didn't bet)
Seat 2: withnohandlebar folded before Flop (didn't bet)
Seat 3: Limpfold94 folded before Flop (didn't bet)
Seat 4: Dorex2007 folded before Flop (didn't bet)
Seat 7: pilxx (button) folded before Flop (didn't bet)
Seat 8: PocketsK1ng (small blind) showed [Kd Kc] and lost with a pair of Kings
Seat 9: dessa78 (big blind) showed [Td As] and won ($0.90) with a pair of Aces



PokerStars Hand #239000644209:  Hold'em No Limit ($0.02/$0.05 USD) - 2022/10/02 15:51:44 PT [2022/10/02 18:51:44 ET]
Table 'Siegena II' 9-max Seat #8 is the button
Seat 1: nlpoker999 ($7.58 in chips) 
Seat 2: withnohandlebar ($5 in chips) 
Seat 3: Limpfold94 ($4.93 in chips) 
Seat 4: Dorex2007 ($5.30 in chips) 
Seat 7: pilxx ($8.59 in chips) 
Seat 8: PocketsK1ng ($5 in chips) 
Seat 9: dessa78 ($5.53 in chips) 
dessa78: posts small blind $0.02
nlpoker999: posts big blind $0.05
ToivoTheMachine: sits out 
*** HOLE CARDS ***
Dealt to Dorex2007 [Kc 2d]
withnohandlebar: folds 
Limpfold94 has timed out
Limpfold94: folds 
Dorex2007: folds 
pilxx: folds 
PocketsK1ng: folds 
dessa78: folds 
Uncalled bet ($0.03) returned to nlpoker999
nlpoker999 collected $0.04 from pot
nlpoker999: doesn't show hand 
*** SUMMARY ***
Total pot $0.04 | Rake $0 
Seat 1: nlpoker999 (big blind) collected ($0.04)
Seat 2: withnohandlebar folded before Flop (didn't bet)
Seat 3: Limpfold94 folded before Flop (didn't bet)
Seat 4: Dorex2007 folded before Flop (didn't bet)
Seat 7: pilxx folded before Flop (didn't bet)
Seat 8: PocketsK1ng (button) folded before Flop (didn't bet)
Seat 9: dessa78 (small blind) folded before Flop



PokerStars Hand #239000650036:  Hold'em No Limit ($0.02/$0.05 USD) - 2022/10/02 15:52:05 PT [2022/10/02 18:52:05 ET]
Table 'Siegena II' 9-max Seat #9 is the button
Seat 1: nlpoker999 ($7.60 in chips) 
Seat 2: withnohandlebar ($5 in chips) 
Seat 3: Limpfold94 ($4.93 in chips) 
Seat 4: Dorex2007 ($5.30 in chips) 
Seat 7: pilxx ($8.59 in chips) 
Seat 8: PocketsK1ng ($5 in chips) 
Seat 9: dessa78 ($5.51 in chips) 
nlpoker999: posts small blind $0.02
withnohandlebar: posts big blind $0.05
ToivoTheMachine: sits out 
*** HOLE CARDS ***
Dealt to Dorex2007 [6h Ks]
Limpfold94: folds 
Dorex2007: folds 
pilxx: raises $0.05 to $0.10
PocketsK1ng: folds 
dessa78: folds 
nlpoker999: calls $0.08
withnohandlebar: folds 
*** FLOP *** [Jh 5d Qh]
nlpoker999: checks 
pilxx: bets $0.05
nlpoker999: calls $0.05
*** TURN *** [Jh 5d Qh] [Qs]
nlpoker999: checks 
pilxx: checks 
*** RIVER *** [Jh 5d Qh Qs] [2h]
nlpoker999: checks 
pilxx: checks 
*** SHOW DOWN ***
nlpoker999: shows [6s 5s] (two pair, Queens and Fives)
pilxx: mucks hand 
nlpoker999 collected $0.34 from pot
*** SUMMARY ***
Total pot $0.35 | Rake $0.01 
Board [Jh 5d Qh Qs 2h]
Seat 1: nlpoker999 (small blind) showed [6s 5s] and won ($0.34) with two pair, Queens and Fives
Seat 2: withnohandlebar (big blind) folded before Flop
Seat 3: Limpfold94 folded before Flop (didn't bet)
Seat 4: Dorex2007 folded before Flop (didn't bet)
Seat 7: pilxx mucked [Kd Td]
Seat 8: PocketsK1ng folded before Flop (didn't bet)
Seat 9: dessa78 (button) folded before Flop (didn't bet)



PokerStars Hand #239000662291:  Hold'em No Limit ($0.02/$0.05 USD) - 2022/10/02 15:52:48 PT [2022/10/02 18:52:48 ET]
Table 'Siegena II' 9-max Seat #1 is the button
Seat 1: nlpoker999 ($7.79 in chips) 
Seat 2: withnohandlebar ($4.95 in chips) 
Seat 3: Limpfold94 ($4.93 in chips) 
Seat 4: Dorex2007 ($5.30 in chips) 
Seat 7: pilxx ($8.44 in chips) 
Seat 8: PocketsK1ng ($5 in chips) 
Seat 9: dessa78 ($5.51 in chips) 
withnohandlebar: posts small blind $0.02
Limpfold94: posts big blind $0.05
ToivoTheMachine: sits out 
*** HOLE CARDS ***
Dealt to Dorex2007 [Ah Ac]
Dorex2007: raises $0.05 to $0.10
pilxx: folds 
PocketsK1ng: folds 
dessa78: folds 
nlpoker999: folds 
withnohandlebar: raises $0.25 to $0.35
Limpfold94: folds 
Dorex2007: raises $0.25 to $0.60
withnohandlebar: calls $0.25
*** FLOP *** [7d Kc Jc]
withnohandlebar: checks 
Dorex2007: bets $4.70 and is all-in
withnohandlebar: folds 
Uncalled bet ($4.70) returned to Dorex2007
Dorex2007 collected $1.20 from pot
Dorex2007: doesn't show hand 
*** SUMMARY ***
Total pot $1.25 | Rake $0.05 
Board [7d Kc Jc]
Seat 1: nlpoker999 (button) folded before Flop (didn't bet)
Seat 2: withnohandlebar (small blind) folded on the Flop
Seat 3: Limpfold94 (big blind) folded before Flop
Seat 4: Dorex2007 collected ($1.20)
Seat 7: pilxx folded before Flop (didn't bet)
Seat 8: PocketsK1ng folded before Flop (didn't bet)
Seat 9: dessa78 folded before Flop (didn't bet)



PokerStars Hand #239000678406:  Hold'em No Limit ($0.02/$0.05 USD) - 2022/10/02 15:53:46 PT [2022/10/02 18:53:46 ET]
Table 'Siegena II' 9-max Seat #2 is the button
Seat 1: nlpoker999 ($7.79 in chips) 
Seat 2: withnohandlebar ($4.35 in chips) 
Seat 3: Limpfold94 ($4.88 in chips) 
Seat 4: Dorex2007 ($5.90 in chips) 
Seat 7: pilxx ($8.44 in chips) 
Seat 8: PocketsK1ng ($5 in chips) 
Seat 9: dessa78 ($5.51 in chips) 
Limpfold94: posts small blind $0.02
Dorex2007: posts big blind $0.05
ToivoTheMachine: sits out 
*** HOLE CARDS ***
Dealt to Dorex2007 [2c 6d]
pilxx: folds 
PocketsK1ng: folds 
dessa78: raises $0.05 to $0.10
nlpoker999: calls $0.10
withnohandlebar: calls $0.10
Zauberer_1 joins the table at seat #6 
Limpfold94: folds 
Dorex2007: folds 
*** FLOP *** [2h 4d 2d]
Zauberer_1 leaves the table
dessa78: checks 
nlpoker999: bets $0.17
Zauberer_1 joins the table at seat #6 
Zauberer_1 leaves the table
withnohandlebar: calls $0.17
dessa78: folds 
*** TURN *** [2h 4d 2d] [2s]
nlpoker999: checks 
withnohandlebar: bets $0.30
nlpoker999: folds 
Uncalled bet ($0.30) returned to withnohandlebar
nlpoker999 leaves the table
withnohandlebar collected $0.68 from pot
*** SUMMARY ***
Total pot $0.71 | Rake $0.03 
Board [2h 4d 2d 2s]
Seat 1: nlpoker999 folded on the Turn
Seat 2: withnohandlebar (button) collected ($0.68)
Seat 3: Limpfold94 (small blind) folded before Flop
Seat 4: Dorex2007 (big blind) folded before Flop
Seat 7: pilxx folded before Flop (didn't bet)
Seat 8: PocketsK1ng folded before Flop (didn't bet)
Seat 9: dessa78 folded on the Flop



PokerStars Hand #239000703958:  Hold'em No Limit ($0.02/$0.05 USD) - 2022/10/02 15:55:21 PT [2022/10/02 18:55:21 ET]
Table 'Siegena II' 9-max Seat #3 is the button
Seat 2: withnohandlebar ($5 in chips) 
Seat 3: Limpfold94 ($4.86 in chips) 
Seat 4: Dorex2007 ($5.85 in chips) 
Seat 5: ToivoTheMachine ($8.02 in chips) 
Seat 7: pilxx ($8.44 in chips) 
Seat 8: PocketsK1ng ($5 in chips) 
Seat 9: dessa78 ($5.41 in chips) 
Dorex2007: posts small blind $0.02
ToivoTheMachine: posts big blind $0.05
*** HOLE CARDS ***
Dealt to Dorex2007 [6s Jh]
pilxx: folds 
PocketsK1ng: folds 
dessa78: folds 
withnohandlebar: folds 
Limpfold94: folds 
Dorex2007: folds 
Uncalled bet ($0.03) returned to ToivoTheMachine
ToivoTheMachine collected $0.04 from pot
ToivoTheMachine: doesn't show hand 
*** SUMMARY ***
Total pot $0.04 | Rake $0 
Seat 2: withnohandlebar folded before Flop (didn't bet)
Seat 3: Limpfold94 (button) folded before Flop (didn't bet)
Seat 4: Dorex2007 (small blind) folded before Flop
Seat 5: ToivoTheMachine (big blind) collected ($0.04)
Seat 7: pilxx folded before Flop (didn't bet)
Seat 8: PocketsK1ng folded before Flop (didn't bet)
Seat 9: dessa78 folded before Flop (didn't bet)



PokerStars Hand #239000708025:  Hold'em No Limit ($0.02/$0.05 USD) - 2022/10/02 15:55:42 PT [2022/10/02 18:55:42 ET]
Table 'Siegena II' 9-max Seat #4 is the button
Seat 2: withnohandlebar ($5 in chips) 
Seat 3: Limpfold94 ($4.86 in chips) 
Seat 4: Dorex2007 ($5.83 in chips) 
Seat 5: ToivoTheMachine ($8.04 in chips) 
Seat 7: pilxx ($8.44 in chips) 
Seat 8: PocketsK1ng ($5 in chips) 
Seat 9: dessa78 ($5.41 in chips) 
ToivoTheMachine: posts small blind $0.02
pilxx: posts big blind $0.05
*** HOLE CARDS ***
Dealt to Dorex2007 [Kh 4s]
PocketsK1ng: folds 
dessa78: folds 
withnohandlebar: folds 
Limpfold94: folds 
Dorex2007: folds 
ToivoTheMachine: calls $0.03
pilxx: checks 
*** FLOP *** [3d Ts 2s]
ToivoTheMachine: checks 
pilxx: checks 
*** TURN *** [3d Ts 2s] [Ks]
ToivoTheMachine: checks 
pilxx: bets $0.10
ToivoTheMachine: folds 
Uncalled bet ($0.10) returned to pilxx
pilxx collected $0.10 from pot
*** SUMMARY ***
Total pot $0.10 | Rake $0 
Board [3d Ts 2s Ks]
Seat 2: withnohandlebar folded before Flop (didn't bet)
Seat 3: Limpfold94 folded before Flop (didn't bet)
Seat 4: Dorex2007 (button) folded before Flop (didn't bet)
Seat 5: ToivoTheMachine (small blind) folded on the Turn
Seat 7: pilxx (big blind) collected ($0.10)
Seat 8: PocketsK1ng folded before Flop (didn't bet)
Seat 9: dessa78 folded before Flop (didn't bet)



PokerStars Hand #239000718160:  Hold'em No Limit ($0.02/$0.05 USD) - 2022/10/02 15:56:32 PT [2022/10/02 18:56:32 ET]
Table 'Siegena II' 9-max Seat #5 is the button
Seat 2: withnohandlebar ($5 in chips) 
Seat 3: Limpfold94 ($4.86 in chips) 
Seat 4: Dorex2007 ($5.83 in chips) 
Seat 5: ToivoTheMachine ($7.99 in chips) 
Seat 7: pilxx ($8.49 in chips) 
Seat 8: PocketsK1ng ($5 in chips) 
Seat 9: dessa78 ($5.41 in chips) 
pilxx: posts small blind $0.02
PocketsK1ng: posts big blind $0.05
*** HOLE CARDS ***
Dealt to Dorex2007 [6h 2h]
NEEDNAMENOW joins the table at seat #1 
dessa78: raises $0.10 to $0.15
withnohandlebar: folds 
Limpfold94: folds 
Dorex2007: folds 
ToivoTheMachine: folds 
pilxx: folds 
PocketsK1ng: folds 
Uncalled bet ($0.10) returned to dessa78
dessa78 collected $0.12 from pot
*** SUMMARY ***
Total pot $0.12 | Rake $0 
Seat 2: withnohandlebar folded before Flop (didn't bet)
Seat 3: Limpfold94 folded before Flop (didn't bet)
Seat 4: Dorex2007 folded before Flop (didn't bet)
Seat 5: ToivoTheMachine (button) folded before Flop (didn't bet)
Seat 7: pilxx (small blind) folded before Flop
Seat 8: PocketsK1ng (big blind) folded before Flop
Seat 9: dessa78 collected ($0.12)



PokerStars Hand #239000721526:  Hold'em No Limit ($0.02/$0.05 USD) - 2022/10/02 15:56:49 PT [2022/10/02 18:56:49 ET]
Table 'Siegena II' 9-max Seat #7 is the button
Seat 2: withnohandlebar ($5 in chips) 
Seat 3: Limpfold94 ($4.86 in chips) 
Seat 4: Dorex2007 ($5.83 in chips) 
Seat 5: ToivoTheMachine ($7.99 in chips) 
Seat 7: pilxx ($8.47 in chips) 
Seat 8: PocketsK1ng ($5 in chips) 
Seat 9: dessa78 ($5.48 in chips) 
PocketsK1ng: posts small blind $0.02
dessa78: posts big blind $0.05
NEEDNAMENOW: sits out 
*** HOLE CARDS ***
Dealt to Dorex2007 [Ac 2s]
withnohandlebar: raises $0.05 to $0.10
Limpfold94: folds 
Dorex2007: folds 
ToivoTheMachine: folds 
pilxx: folds 
PocketsK1ng: folds 
dessa78: folds 
Uncalled bet ($0.05) returned to withnohandlebar
withnohandlebar collected $0.12 from pot
*** SUMMARY ***
Total pot $0.12 | Rake $0 
Seat 2: withnohandlebar collected ($0.12)
Seat 3: Limpfold94 folded before Flop (didn't bet)
Seat 4: Dorex2007 folded before Flop (didn't bet)
Seat 5: ToivoTheMachine folded before Flop (didn't bet)
Seat 7: pilxx (button) folded before Flop (didn't bet)
Seat 8: PocketsK1ng (small blind) folded before Flop
Seat 9: dessa78 (big blind) folded before Flop



PokerStars Hand #239000725859:  Hold'em No Limit ($0.02/$0.05 USD) - 2022/10/02 15:57:10 PT [2022/10/02 18:57:10 ET]
Table 'Siegena II' 9-max Seat #8 is the button
Seat 1: NEEDNAMENOW ($4 in chips) 
Seat 2: withnohandlebar ($5.07 in chips) 
Seat 3: Limpfold94 ($4.86 in chips) 
Seat 4: Dorex2007 ($5.83 in chips) 
Seat 5: ToivoTheMachine ($7.99 in chips) 
Seat 7: pilxx ($8.47 in chips) 
Seat 8: PocketsK1ng ($5 in chips) 
Seat 9: dessa78 ($5.43 in chips) 
dessa78: posts small blind $0.02
NEEDNAMENOW: posts big blind $0.05
*** HOLE CARDS ***
Dealt to Dorex2007 [5s 9d]
withnohandlebar: folds 
Limpfold94: folds 
Dorex2007: folds 
ToivoTheMachine: folds 
pilxx: folds 
PocketsK1ng: raises $0.10 to $0.15
dessa78: folds 
NEEDNAMENOW: folds 
Uncalled bet ($0.10) returned to PocketsK1ng
PocketsK1ng collected $0.12 from pot
*** SUMMARY ***
Total pot $0.12 | Rake $0 
Seat 1: NEEDNAMENOW (big blind) folded before Flop
Seat 2: withnohandlebar folded before Flop (didn't bet)
Seat 3: Limpfold94 folded before Flop (didn't bet)
Seat 4: Dorex2007 folded before Flop (didn't bet)
Seat 5: ToivoTheMachine folded before Flop (didn't bet)
Seat 7: pilxx folded before Flop (didn't bet)
Seat 8: PocketsK1ng (button) collected ($0.12)
Seat 9: dessa78 (small blind) folded before Flop



PokerStars Hand #239000732260:  Hold'em No Limit ($0.02/$0.05 USD) - 2022/10/02 15:57:41 PT [2022/10/02 18:57:41 ET]
Table 'Siegena II' 9-max Seat #9 is the button
Seat 1: NEEDNAMENOW ($3.95 in chips) 
Seat 2: withnohandlebar ($5.07 in chips) 
Seat 3: Limpfold94 ($4.86 in chips) 
Seat 4: Dorex2007 ($5.83 in chips) 
Seat 5: ToivoTheMachine ($7.99 in chips) 
Seat 7: pilxx ($8.47 in chips) 
Seat 8: PocketsK1ng ($5.07 in chips) 
Seat 9: dessa78 ($5.41 in chips) 
NEEDNAMENOW: posts small blind $0.02
withnohandlebar: posts big blind $0.05
*** HOLE CARDS ***
Dealt to Dorex2007 [2c 9h]
Limpfold94: folds 
Dorex2007: folds 
ToivoTheMachine: folds 
pilxx: folds 
PocketsK1ng: folds 
dessa78: raises $0.05 to $0.10
NEEDNAMENOW: folds 
withnohandlebar: folds 
Uncalled bet ($0.05) returned to dessa78
dessa78 collected $0.12 from pot
*** SUMMARY ***
Total pot $0.12 | Rake $0 
Seat 1: NEEDNAMENOW (small blind) folded before Flop
Seat 2: withnohandlebar (big blind) folded before Flop
Seat 3: Limpfold94 folded before Flop (didn't bet)
Seat 4: Dorex2007 folded before Flop (didn't bet)
Seat 5: ToivoTheMachine folded before Flop (didn't bet)
Seat 7: pilxx folded before Flop (didn't bet)
Seat 8: PocketsK1ng folded before Flop (didn't bet)
Seat 9: dessa78 (button) collected ($0.12)



PokerStars Hand #239000737869:  Hold'em No Limit ($0.02/$0.05 USD) - 2022/10/02 15:58:09 PT [2022/10/02 18:58:09 ET]
Table 'Siegena II' 9-max Seat #1 is the button
Seat 1: NEEDNAMENOW ($3.93 in chips) 
Seat 2: withnohandlebar ($5.02 in chips) 
Seat 3: Limpfold94 ($4.86 in chips) 
Seat 4: Dorex2007 ($5.83 in chips) 
Seat 5: ToivoTheMachine ($7.99 in chips) 
Seat 7: pilxx ($8.47 in chips) 
Seat 8: PocketsK1ng ($5.07 in chips) 
Seat 9: dessa78 ($5.48 in chips) 
withnohandlebar: posts small blind $0.02
Limpfold94: posts big blind $0.05
*** HOLE CARDS ***
Dealt to Dorex2007 [7d 5s]
Dorex2007: folds 
ToivoTheMachine: folds 
pilxx: raises $0.05 to $0.10
PocketsK1ng: folds 
dessa78: folds 
NEEDNAMENOW: calls $0.10
withnohandlebar: calls $0.08
Limpfold94: folds 
*** FLOP *** [9d Jd 7c]
withnohandlebar: checks 
pilxx: bets $0.17
NEEDNAMENOW: calls $0.17
withnohandlebar: folds 
*** TURN *** [9d Jd 7c] [Qc]
pilxx: bets $0.33
NEEDNAMENOW: raises $1.32 to $1.65
maxkxi joins the table at seat #6 
pilxx: folds 
Uncalled bet ($1.32) returned to NEEDNAMENOW
NEEDNAMENOW collected $1.29 from pot
NEEDNAMENOW: doesn't show hand 
*** SUMMARY ***
Total pot $1.35 | Rake $0.06 
Board [9d Jd 7c Qc]
Seat 1: NEEDNAMENOW (button) collected ($1.29)
Seat 2: withnohandlebar (small blind) folded on the Flop
Seat 3: Limpfold94 (big blind) folded before Flop
Seat 4: Dorex2007 folded before Flop (didn't bet)
Seat 5: ToivoTheMachine folded before Flop (didn't bet)
Seat 7: pilxx folded on the Turn
Seat 8: PocketsK1ng folded before Flop (didn't bet)
Seat 9: dessa78 folded before Flop (didn't bet)



PokerStars Hand #239000752412:  Hold'em No Limit ($0.02/$0.05 USD) - 2022/10/02 15:59:21 PT [2022/10/02 18:59:21 ET]
Table 'Siegena II' 9-max Seat #2 is the button
Seat 1: NEEDNAMENOW ($4.62 in chips) 
Seat 2: withnohandlebar ($4.92 in chips) 
Seat 3: Limpfold94 ($4.81 in chips) 
Seat 4: Dorex2007 ($5.83 in chips) 
Seat 5: ToivoTheMachine ($7.99 in chips) 
Seat 6: maxkxi ($5 in chips) 
Seat 7: pilxx ($7.87 in chips) 
Seat 8: PocketsK1ng ($5.07 in chips) 
Seat 9: dessa78 ($5.48 in chips) 
Limpfold94: posts small blind $0.02
Dorex2007: posts big blind $0.05
maxkxi: posts big blind $0.05
*** HOLE CARDS ***
Dealt to Dorex2007 [3s Ad]
ToivoTheMachine has timed out
ToivoTheMachine: folds 
maxkxi: raises $0.10 to $0.15
pilxx: folds 
PocketsK1ng: folds 
dessa78: folds 
NEEDNAMENOW: calls $0.15
withnohandlebar: folds 
Limpfold94: folds 
Dorex2007: folds 
*** FLOP *** [7s 4c Kd]
maxkxi: bets $0.20
NEEDNAMENOW: folds 
Uncalled bet ($0.20) returned to maxkxi
maxkxi collected $0.35 from pot
*** SUMMARY ***
Total pot $0.37 | Rake $0.02 
Board [7s 4c Kd]
Seat 1: NEEDNAMENOW folded on the Flop
Seat 2: withnohandlebar (button) folded before Flop (didn't bet)
Seat 3: Limpfold94 (small blind) folded before Flop
Seat 4: Dorex2007 (big blind) folded before Flop
Seat 5: ToivoTheMachine folded before Flop (didn't bet)
Seat 6: maxkxi collected ($0.35)
Seat 7: pilxx folded before Flop (didn't bet)
Seat 8: PocketsK1ng folded before Flop (didn't bet)
Seat 9: dessa78 folded before Flop (didn't bet)



PokerStars Hand #239000760763:  Hold'em No Limit ($0.02/$0.05 USD) - 2022/10/02 16:00:03 PT [2022/10/02 19:00:03 ET]
Table 'Siegena II' 9-max Seat #3 is the button
Seat 1: NEEDNAMENOW ($4.47 in chips) 
Seat 2: withnohandlebar ($4.92 in chips) 
Seat 3: Limpfold94 ($4.79 in chips) 
Seat 4: Dorex2007 ($5.78 in chips) 
Seat 5: ToivoTheMachine ($7.99 in chips) 
Seat 6: maxkxi ($5.20 in chips) 
Seat 7: pilxx ($7.87 in chips) 
Seat 8: PocketsK1ng ($5.07 in chips) 
Seat 9: dessa78 ($5.48 in chips) 
Dorex2007: posts small blind $0.02
ToivoTheMachine: posts big blind $0.05
*** HOLE CARDS ***
Dealt to Dorex2007 [Qd 4d]
maxkxi: folds 
pilxx: folds 
PocketsK1ng: folds 
dessa78 has timed out
dessa78: folds 
NEEDNAMENOW: folds 
withnohandlebar: folds 
Limpfold94: raises $0.10 to $0.15
Dorex2007: folds 
ToivoTheMachine: calls $0.10
*** FLOP *** [3h 5h 6h]
ToivoTheMachine: bets $0.15
Limpfold94: folds 
Uncalled bet ($0.15) returned to ToivoTheMachine
ToivoTheMachine collected $0.31 from pot
ToivoTheMachine: doesn't show hand 
*** SUMMARY ***
Total pot $0.32 | Rake $0.01 
Board [3h 5h 6h]
Seat 1: NEEDNAMENOW folded before Flop (didn't bet)
Seat 2: withnohandlebar folded before Flop (didn't bet)
Seat 3: Limpfold94 (button) folded on the Flop
Seat 4: Dorex2007 (small blind) folded before Flop
Seat 5: ToivoTheMachine (big blind) collected ($0.31)
Seat 6: maxkxi folded before Flop (didn't bet)
Seat 7: pilxx folded before Flop (didn't bet)
Seat 8: PocketsK1ng folded before Flop (didn't bet)
Seat 9: dessa78 folded before Flop (didn't bet)



PokerStars Hand #239000773969:  Hold'em No Limit ($0.02/$0.05 USD) - 2022/10/02 16:01:02 PT [2022/10/02 19:01:02 ET]
Table 'Siegena II' 9-max Seat #4 is the button
Seat 1: NEEDNAMENOW ($4.47 in chips) 
Seat 2: withnohandlebar ($4.92 in chips) 
Seat 3: Limpfold94 ($4.64 in chips) 
Seat 4: Dorex2007 ($5.76 in chips) 
Seat 5: ToivoTheMachine ($8.15 in chips) 
Seat 6: maxkxi ($5.20 in chips) 
Seat 7: pilxx ($7.87 in chips) 
Seat 8: PocketsK1ng ($5.07 in chips) 
Seat 9: dessa78 ($5.48 in chips) 
ToivoTheMachine: posts small blind $0.02
maxkxi: posts big blind $0.05
*** HOLE CARDS ***
Dealt to Dorex2007 [6d 9s]
pilxx: folds 
PocketsK1ng: folds 
dessa78: folds 
NEEDNAMENOW: folds 
withnohandlebar: folds 
Limpfold94: folds 
Limpfold94 leaves the table
Dorex2007: folds 
ToivoTheMachine: folds 
Uncalled bet ($0.03) returned to maxkxi
maxkxi collected $0.04 from pot
*** SUMMARY ***
Total pot $0.04 | Rake $0 
Seat 1: NEEDNAMENOW folded before Flop (didn't bet)
Seat 2: withnohandlebar folded before Flop (didn't bet)
Seat 3: Limpfold94 folded before Flop (didn't bet)
Seat 4: Dorex2007 (button) folded before Flop (didn't bet)
Seat 5: ToivoTheMachine (small blind) folded before Flop
Seat 6: maxkxi (big blind) collected ($0.04)
Seat 7: pilxx folded before Flop (didn't bet)
Seat 8: PocketsK1ng folded before Flop (didn't bet)
Seat 9: dessa78 folded before Flop (didn't bet)



PokerStars Hand #239000779007:  Hold'em No Limit ($0.02/$0.05 USD) - 2022/10/02 16:01:22 PT [2022/10/02 19:01:22 ET]
Table 'Siegena II' 9-max Seat #5 is the button
Seat 1: NEEDNAMENOW ($4.47 in chips) 
Seat 2: withnohandlebar ($4.92 in chips) 
Seat 4: Dorex2007 ($5.76 in chips) 
Seat 5: ToivoTheMachine ($8.13 in chips) 
Seat 6: maxkxi ($5.22 in chips) 
Seat 7: pilxx ($7.87 in chips) 
Seat 8: PocketsK1ng ($5.07 in chips) 
Seat 9: dessa78 ($5.48 in chips) 
maxkxi: posts small blind $0.02
pilxx: posts big blind $0.05
*** HOLE CARDS ***
Dealt to Dorex2007 [2d 7d]
PocketsK1ng: raises $0.10 to $0.15
nickwidi joins the table at seat #3 
dessa78: folds 
NEEDNAMENOW: calls $0.15
withnohandlebar: folds 
Dorex2007: folds 
ToivoTheMachine: folds 
maxkxi: calls $0.13
pilxx: folds 
*** FLOP *** [2h 8c Ac]
maxkxi: checks 
PocketsK1ng: bets $0.15
NEEDNAMENOW: calls $0.15
maxkxi: folds 
*** TURN *** [2h 8c Ac] [7c]
PocketsK1ng: bets $0.24
NEEDNAMENOW: calls $0.24
*** RIVER *** [2h 8c Ac 7c] [2s]
nickwidi is disconnected 
PocketsK1ng: bets $0.95
NEEDNAMENOW: calls $0.95
*** SHOW DOWN ***
PocketsK1ng: shows [Ad Qd] (two pair, Aces and Deuces)
NEEDNAMENOW: mucks hand 
PocketsK1ng collected $3.05 from pot
*** SUMMARY ***
Total pot $3.18 | Rake $0.13 
Board [2h 8c Ac 7c 2s]
Seat 1: NEEDNAMENOW mucked [As Jd]
Seat 2: withnohandlebar folded before Flop (didn't bet)
Seat 4: Dorex2007 folded before Flop (didn't bet)
Seat 5: ToivoTheMachine (button) folded before Flop (didn't bet)
Seat 6: maxkxi (small blind) folded on the Flop
Seat 7: pilxx (big blind) folded before Flop
Seat 8: PocketsK1ng showed [Ad Qd] and won ($3.05) with two pair, Aces and Deuces
Seat 9: dessa78 folded before Flop (didn't bet)



PokerStars Hand #239000798213:  Hold'em No Limit ($0.02/$0.05 USD) - 2022/10/02 16:02:35 PT [2022/10/02 19:02:35 ET]
Table 'Siegena II' 9-max Seat #6 is the button
Seat 1: NEEDNAMENOW ($2.98 in chips) 
Seat 2: withnohandlebar ($4.92 in chips) 
Seat 4: Dorex2007 ($5.76 in chips) 
Seat 5: ToivoTheMachine ($8.13 in chips) 
Seat 6: maxkxi ($5.07 in chips) 
Seat 7: pilxx ($7.82 in chips) 
Seat 9: dessa78 ($5.48 in chips) 
pilxx: posts small blind $0.02
PocketsK1ng: is sitting out 
PocketsK1ng leaves the table
dessa78: posts big blind $0.05
nickwidi has timed out while disconnected
nickwidi: is sitting out 
*** HOLE CARDS ***
Dealt to Dorex2007 [7d Ac]
NEEDNAMENOW: calls $0.05
withnohandlebar has timed out
withnohandlebar: folds 
gabrielmnds joins the table at seat #8 
Dorex2007: folds 
ToivoTheMachine: folds 
maxkxi: folds 
pilxx: calls $0.03
dessa78: checks 
*** FLOP *** [9h Tc 3c]
pilxx: checks 
dessa78: checks 
NEEDNAMENOW: checks 
*** TURN *** [9h Tc 3c] [2d]
pilxx: checks 
dessa78: checks 
NEEDNAMENOW: checks 
*** RIVER *** [9h Tc 3c 2d] [Jh]
pilxx: checks 
dessa78: checks 
NEEDNAMENOW: bets $0.05
pilxx: folds 
dessa78: folds 
Uncalled bet ($0.05) returned to NEEDNAMENOW
NEEDNAMENOW collected $0.14 from pot
NEEDNAMENOW: doesn't show hand 
*** SUMMARY ***
Total pot $0.15 | Rake $0.01 
Board [9h Tc 3c 2d Jh]
Seat 1: NEEDNAMENOW collected ($0.14)
Seat 2: withnohandlebar folded before Flop (didn't bet)
Seat 4: Dorex2007 folded before Flop (didn't bet)
Seat 5: ToivoTheMachine folded before Flop (didn't bet)
Seat 6: maxkxi (button) folded before Flop (didn't bet)
Seat 7: pilxx (small blind) folded on the River
Seat 9: dessa78 (big blind) folded on the River



PokerStars Hand #239000822894:  Hold'em No Limit ($0.02/$0.05 USD) - 2022/10/02 16:04:08 PT [2022/10/02 19:04:08 ET]
Table 'Siegena II' 9-max Seat #7 is the button
Seat 1: NEEDNAMENOW ($3.07 in chips) 
Seat 2: withnohandlebar ($5 in chips) 
Seat 4: Dorex2007 ($5.76 in chips) 
Seat 5: ToivoTheMachine ($8.13 in chips) 
Seat 6: maxkxi ($5.07 in chips) 
Seat 7: pilxx ($7.77 in chips) 
Seat 9: dessa78 ($5.43 in chips) 
dessa78: posts small blind $0.02
NEEDNAMENOW: posts big blind $0.05
nickwidi: sits out 
*** HOLE CARDS ***
Dealt to Dorex2007 [2c 8c]
withnohandlebar: raises $0.05 to $0.10
Dorex2007: folds 
ToivoTheMachine: folds 
maxkxi: folds 
pilxx: folds 
dessa78: folds 
NEEDNAMENOW: calls $0.05
*** FLOP *** [Kc 9c Jh]
NEEDNAMENOW: bets $0.05
withnohandlebar: folds 
Uncalled bet ($0.05) returned to NEEDNAMENOW
NEEDNAMENOW collected $0.21 from pot
NEEDNAMENOW: doesn't show hand 
*** SUMMARY ***
Total pot $0.22 | Rake $0.01 
Board [Kc 9c Jh]
Seat 1: NEEDNAMENOW (big blind) collected ($0.21)
Seat 2: withnohandlebar folded on the Flop
Seat 4: Dorex2007 folded before Flop (didn't bet)
Seat 5: ToivoTheMachine folded before Flop (didn't bet)
Seat 6: maxkxi folded before Flop (didn't bet)
Seat 7: pilxx (button) folded before Flop (didn't bet)
Seat 9: dessa78 (small blind) folded before Flop



PokerStars Hand #239000829324:  Hold'em No Limit ($0.02/$0.05 USD) - 2022/10/02 16:04:32 PT [2022/10/02 19:04:32 ET]
Table 'Siegena II' 9-max Seat #9 is the button
Seat 1: NEEDNAMENOW ($3.18 in chips) 
Seat 2: withnohandlebar ($4.90 in chips) 
Seat 4: Dorex2007 ($5.76 in chips) 
Seat 5: ToivoTheMachine ($8.13 in chips) 
Seat 6: maxkxi ($5.07 in chips) 
Seat 7: pilxx ($7.77 in chips) 
Seat 8: gabrielmnds ($3.68 in chips) 
Seat 9: dessa78 ($5.41 in chips) 
NEEDNAMENOW: posts small blind $0.02
withnohandlebar: posts big blind $0.05
nickwidi: sits out 
gabrielmnds: posts big blind $0.05
*** HOLE CARDS ***
Dealt to Dorex2007 [4s 6c]
Dorex2007: folds 
ToivoTheMachine: folds 
maxkxi: raises $0.15 to $0.20
pilxx: calls $0.20
gabrielmnds: folds 
dessa78: folds 
NEEDNAMENOW: folds 
withnohandlebar: calls $0.15
*** FLOP *** [Ah Ad 5s]
withnohandlebar: checks 
maxkxi: bets $0.30
pilxx: calls $0.30
withnohandlebar: folds 
*** TURN *** [Ah Ad 5s] [Ks]
NEEDNAMENOW leaves the table
maxkxi: checks 
pilxx: bets $0.61
loomitt joins the table at seat #1 
maxkxi: calls $0.61
*** RIVER *** [Ah Ad 5s Ks] [Qc]
maxkxi: checks 
pilxx: bets $1.19
maxkxi: folds 
Uncalled bet ($1.19) returned to pilxx
pilxx collected $2.37 from pot
*** SUMMARY ***
Total pot $2.49 | Rake $0.12 
Board [Ah Ad 5s Ks Qc]
Seat 1: NEEDNAMENOW (small blind) folded before Flop
Seat 2: withnohandlebar (big blind) folded on the Flop
Seat 4: Dorex2007 folded before Flop (didn't bet)
Seat 5: ToivoTheMachine folded before Flop (didn't bet)
Seat 6: maxkxi folded on the River
Seat 7: pilxx collected ($2.37)
Seat 8: gabrielmnds folded before Flop (didn't bet)
Seat 9: dessa78 (button) folded before Flop (didn't bet)



PokerStars Hand #239000852257:  Hold'em No Limit ($0.02/$0.05 USD) - 2022/10/02 16:05:57 PT [2022/10/02 19:05:57 ET]
Table 'Siegena II' 9-max Seat #2 is the button
Seat 1: loomitt ($4.40 in chips) 
Seat 2: withnohandlebar ($4.70 in chips) 
Seat 4: Dorex2007 ($5.76 in chips) 
Seat 5: ToivoTheMachine ($8.13 in chips) 
Seat 6: maxkxi ($3.96 in chips) 
Seat 7: pilxx ($9.03 in chips) 
Seat 8: gabrielmnds ($3.63 in chips) 
Seat 9: dessa78 ($5.41 in chips) 
Dorex2007: posts small blind $0.02
ToivoTheMachine: posts big blind $0.05
loomitt: posts big blind $0.05
*** HOLE CARDS ***
Dealt to Dorex2007 [Kh 9s]
maxkxi: folds 
pilxx: folds 
gabrielmnds: folds 
dessa78: folds 
loomitt: checks 
withnohandlebar: folds 
Dorex2007: folds 
ToivoTheMachine: raises $0.20 to $0.25
loomitt: raises $0.35 to $0.60
ToivoTheMachine: calls $0.35
*** FLOP *** [7c 3h 6s]
ToivoTheMachine: checks 
loomitt: bets $1.02
ToivoTheMachine: folds 
Uncalled bet ($1.02) returned to loomitt
loomitt collected $1.16 from pot
*** SUMMARY ***
Total pot $1.22 | Rake $0.06 
Board [7c 3h 6s]
Seat 1: loomitt collected ($1.16)
Seat 2: withnohandlebar (button) folded before Flop (didn't bet)
Seat 4: Dorex2007 (small blind) folded before Flop
Seat 5: ToivoTheMachine (big blind) folded on the Flop
Seat 6: maxkxi folded before Flop (didn't bet)
Seat 7: pilxx folded before Flop (didn't bet)
Seat 8: gabrielmnds folded before Flop (didn't bet)
Seat 9: dessa78 folded before Flop (didn't bet)



PokerStars Hand #239000866908:  Hold'em No Limit ($0.02/$0.05 USD) - 2022/10/02 16:06:53 PT [2022/10/02 19:06:53 ET]
Table 'Siegena II' 9-max Seat #4 is the button
Seat 1: loomitt ($4.96 in chips) 
Seat 2: withnohandlebar ($4.70 in chips) 
Seat 3: nickwidi ($5 in chips) 
Seat 4: Dorex2007 ($5.74 in chips) 
Seat 5: ToivoTheMachine ($7.53 in chips) 
Seat 6: maxkxi ($3.96 in chips) 
Seat 7: pilxx ($9.03 in chips) 
Seat 8: gabrielmnds ($3.63 in chips) 
Seat 9: dessa78 ($5.41 in chips) 
ToivoTheMachine: posts small blind $0.02
maxkxi: posts big blind $0.05
nickwidi: posts big blind $0.05
*** HOLE CARDS ***
Dealt to Dorex2007 [As Ac]
pilxx: folds 
gabrielmnds: calls $0.05
dessa78: folds 
loomitt: folds 
withnohandlebar: folds 
nickwidi: checks 
Dorex2007: raises $0.15 to $0.20
ToivoTheMachine: folds 
maxkxi: raises $0.25 to $0.45
gabrielmnds: calls $0.40
nickwidi: folds 
Dorex2007: raises $5.29 to $5.74 and is all-in
maxkxi: folds 
gabrielmnds: folds 
Uncalled bet ($5.29) returned to Dorex2007
Dorex2007 collected $1.42 from pot
Dorex2007: doesn't show hand 
*** SUMMARY ***
Total pot $1.42 | Rake $0 
Seat 1: loomitt folded before Flop (didn't bet)
Seat 2: withnohandlebar folded before Flop (didn't bet)
Seat 3: nickwidi folded before Flop (didn't bet)
Seat 4: Dorex2007 (button) collected ($1.42)
Seat 5: ToivoTheMachine (small blind) folded before Flop
Seat 6: maxkxi (big blind) folded before Flop
Seat 7: pilxx folded before Flop (didn't bet)
Seat 8: gabrielmnds folded before Flop
Seat 9: dessa78 folded before Flop (didn't bet)



PokerStars Hand #239000886179:  Hold'em No Limit ($0.02/$0.05 USD) - 2022/10/02 16:08:06 PT [2022/10/02 19:08:06 ET]
Table 'Siegena II' 9-max Seat #5 is the button
Seat 1: loomitt ($4.96 in chips) 
Seat 2: withnohandlebar ($4.70 in chips) 
Seat 3: nickwidi ($4.95 in chips) 
Seat 4: Dorex2007 ($6.71 in chips) 
Seat 5: ToivoTheMachine ($7.51 in chips) 
Seat 6: maxkxi ($3.51 in chips) 
Seat 7: pilxx ($9.03 in chips) 
Seat 8: gabrielmnds ($3.18 in chips) 
Seat 9: dessa78 ($5.41 in chips) 
maxkxi: posts small blind $0.02
pilxx: posts big blind $0.05
*** HOLE CARDS ***
Dealt to Dorex2007 [Jd Kc]
gabrielmnds: calls $0.05
dessa78: folds 
loomitt: folds 
withnohandlebar: folds 
nickwidi: folds 
Dorex2007: calls $0.05
ToivoTheMachine: raises $0.20 to $0.25
maxkxi: folds 
pilxx: folds 
gabrielmnds: calls $0.20
Dorex2007: folds 
*** FLOP *** [2c As Kh]
gabrielmnds: checks 
ToivoTheMachine: bets $0.20
gabrielmnds: folds 
Uncalled bet ($0.20) returned to ToivoTheMachine
ToivoTheMachine collected $0.59 from pot
ToivoTheMachine: doesn't show hand 
*** SUMMARY ***
Total pot $0.62 | Rake $0.03 
Board [2c As Kh]
Seat 1: loomitt folded before Flop (didn't bet)
Seat 2: withnohandlebar folded before Flop (didn't bet)
Seat 3: nickwidi folded before Flop (didn't bet)
Seat 4: Dorex2007 folded before Flop
Seat 5: ToivoTheMachine (button) collected ($0.59)
Seat 6: maxkxi (small blind) folded before Flop
Seat 7: pilxx (big blind) folded before Flop
Seat 8: gabrielmnds folded on the Flop
Seat 9: dessa78 folded before Flop (didn't bet)



PokerStars Hand #239000896794:  Hold'em No Limit ($0.02/$0.05 USD) - 2022/10/02 16:08:47 PT [2022/10/02 19:08:47 ET]
Table 'Siegena II' 9-max Seat #6 is the button
Seat 1: loomitt ($4.96 in chips) 
Seat 2: withnohandlebar ($4.70 in chips) 
Seat 3: nickwidi ($4.95 in chips) 
Seat 4: Dorex2007 ($6.66 in chips) 
Seat 5: ToivoTheMachine ($7.85 in chips) 
Seat 6: maxkxi ($3.49 in chips) 
Seat 7: pilxx ($8.98 in chips) 
Seat 8: gabrielmnds ($2.93 in chips) 
Seat 9: dessa78 ($5.41 in chips) 
pilxx: posts small blind $0.02
gabrielmnds: posts big blind $0.05
*** HOLE CARDS ***
Dealt to Dorex2007 [7c 3h]
dessa78: folds 
loomitt: folds 
withnohandlebar: folds 
nickwidi: raises $0.10 to $0.15
Dorex2007: folds 
ToivoTheMachine: folds 
maxkxi: folds 
pilxx: folds 
gabrielmnds: calls $0.10
*** FLOP *** [5d Qd Jc]
gabrielmnds: checks 
nickwidi: checks 
*** TURN *** [5d Qd Jc] [2c]
gabrielmnds: checks 
nickwidi: checks 
*** RIVER *** [5d Qd Jc 2c] [Jd]
gabrielmnds: checks 
nickwidi: bets $0.15
gabrielmnds: folds 
Uncalled bet ($0.15) returned to nickwidi
nickwidi collected $0.31 from pot
*** SUMMARY ***
Total pot $0.32 | Rake $0.01 
Board [5d Qd Jc 2c Jd]
Seat 1: loomitt folded before Flop (didn't bet)
Seat 2: withnohandlebar folded before Flop (didn't bet)
Seat 3: nickwidi collected ($0.31)
Seat 4: Dorex2007 folded before Flop (didn't bet)
Seat 5: ToivoTheMachine folded before Flop (didn't bet)
Seat 6: maxkxi (button) folded before Flop (didn't bet)
Seat 7: pilxx (small blind) folded before Flop
Seat 8: gabrielmnds (big blind) folded on the River
Seat 9: dessa78 folded before Flop (didn't bet)



PokerStars Hand #239000908890:  Hold'em No Limit ($0.02/$0.05 USD) - 2022/10/02 16:09:33 PT [2022/10/02 19:09:33 ET]
Table 'Siegena II' 9-max Seat #7 is the button
Seat 1: loomitt ($4.96 in chips) 
Seat 2: withnohandlebar ($4.70 in chips) 
Seat 3: nickwidi ($5.11 in chips) 
Seat 4: Dorex2007 ($6.66 in chips) 
Seat 5: ToivoTheMachine ($7.85 in chips) 
Seat 6: maxkxi ($3.49 in chips) 
Seat 7: pilxx ($8.96 in chips) 
Seat 8: gabrielmnds ($2.78 in chips) 
Seat 9: dessa78 ($5.41 in chips) 
gabrielmnds: posts small blind $0.02
dessa78: posts big blind $0.05
*** HOLE CARDS ***
Dealt to Dorex2007 [8h 6d]
loomitt: raises $0.10 to $0.15
withnohandlebar: folds 
nickwidi: folds 
Dorex2007: folds 
ToivoTheMachine: folds 
maxkxi: folds 
pilxx: folds 
gabrielmnds: folds 
dessa78: calls $0.10
*** FLOP *** [3c 6c Jd]
dessa78: checks 
loomitt: bets $0.31
dessa78: folds 
Uncalled bet ($0.31) returned to loomitt
loomitt collected $0.31 from pot
*** SUMMARY ***
Total pot $0.32 | Rake $0.01 
Board [3c 6c Jd]
Seat 1: loomitt collected ($0.31)
Seat 2: withnohandlebar folded before Flop (didn't bet)
Seat 3: nickwidi folded before Flop (didn't bet)
Seat 4: Dorex2007 folded before Flop (didn't bet)
Seat 5: ToivoTheMachine folded before Flop (didn't bet)
Seat 6: maxkxi folded before Flop (didn't bet)
Seat 7: pilxx (button) folded before Flop (didn't bet)
Seat 8: gabrielmnds (small blind) folded before Flop
Seat 9: dessa78 (big blind) folded on the Flop



PokerStars Hand #239000919961:  Hold'em No Limit ($0.02/$0.05 USD) - 2022/10/02 16:10:15 PT [2022/10/02 19:10:15 ET]
Table 'Siegena II' 9-max Seat #8 is the button
Seat 1: loomitt ($5.12 in chips) 
Seat 2: withnohandlebar ($4.70 in chips) 
Seat 3: nickwidi ($5.11 in chips) 
Seat 4: Dorex2007 ($6.66 in chips) 
Seat 5: ToivoTheMachine ($7.85 in chips) 
Seat 6: maxkxi ($3.49 in chips) 
Seat 8: gabrielmnds ($2.76 in chips) 
Seat 9: dessa78 ($5.26 in chips) 
dessa78: posts small blind $0.02
loomitt: posts big blind $0.05
*** HOLE CARDS ***
Dealt to Dorex2007 [2c 9s]
withnohandlebar: folds 
nickwidi: folds 
Dorex2007: folds 
ToivoTheMachine: folds 
maxkxi: folds 
gabrielmnds: calls $0.05
dessa78: folds 
loomitt: checks 
*** FLOP *** [Ad 9d 7d]
loomitt: checks 
gabrielmnds: checks 
*** TURN *** [Ad 9d 7d] [Js]
loomitt: checks 
gabrielmnds: checks 
*** RIVER *** [Ad 9d 7d Js] [Th]
loomitt: checks 
gabrielmnds: checks 
*** SHOW DOWN ***
loomitt: shows [4h Qh] (high card Ace)
gabrielmnds: shows [Kh 4c] (high card Ace - King kicker)
gabrielmnds collected $0.12 from pot
*** SUMMARY ***
Total pot $0.12 | Rake $0 
Board [Ad 9d 7d Js Th]
Seat 1: loomitt (big blind) showed [4h Qh] and lost with high card Ace
Seat 2: withnohandlebar folded before Flop (didn't bet)
Seat 3: nickwidi folded before Flop (didn't bet)
Seat 4: Dorex2007 folded before Flop (didn't bet)
Seat 5: ToivoTheMachine folded before Flop (didn't bet)
Seat 6: maxkxi folded before Flop (didn't bet)
Seat 8: gabrielmnds (button) showed [Kh 4c] and won ($0.12) with high card Ace
Seat 9: dessa78 (small blind) folded before Flop



PokerStars Hand #239000932377:  Hold'em No Limit ($0.02/$0.05 USD) - 2022/10/02 16:11:03 PT [2022/10/02 19:11:03 ET]
Table 'Siegena II' 9-max Seat #9 is the button
Seat 1: loomitt ($5.07 in chips) 
Seat 2: withnohandlebar ($4.70 in chips) 
Seat 3: nickwidi ($5.11 in chips) 
Seat 4: Dorex2007 ($6.66 in chips) 
Seat 5: ToivoTheMachine ($7.85 in chips) 
Seat 6: maxkxi ($3.49 in chips) 
Seat 7: pilxx ($8.96 in chips) 
Seat 8: gabrielmnds ($2.83 in chips) 
Seat 9: dessa78 ($5.24 in chips) 
loomitt: posts small blind $0.02
withnohandlebar: posts big blind $0.05
*** HOLE CARDS ***
Dealt to Dorex2007 [2h Qh]
nickwidi: folds 
Dorex2007: folds 
ToivoTheMachine: folds 
maxkxi: folds 
pilxx: raises $0.10 to $0.15
gabrielmnds: calls $0.15
dessa78: calls $0.15
loomitt: folds 
withnohandlebar: calls $0.10
*** FLOP *** [Jd Kh 4c]
withnohandlebar: checks 
pilxx: checks 
gabrielmnds: checks 
dessa78: bets $0.30
withnohandlebar: folds 
pilxx: calls $0.30
gabrielmnds: calls $0.30
*** TURN *** [Jd Kh 4c] [5c]
pilxx: checks 
gabrielmnds: checks 
dessa78: bets $0.74
pilxx: folds 
gabrielmnds: calls $0.74
*** RIVER *** [Jd Kh 4c 5c] [3c]
gabrielmnds: checks 
dessa78: bets $1.47
gabrielmnds: folds 
Uncalled bet ($1.47) returned to dessa78
dessa78 collected $2.88 from pot
*** SUMMARY ***
Total pot $3 | Rake $0.12 
Board [Jd Kh 4c 5c 3c]
Seat 1: loomitt (small blind) folded before Flop
Seat 2: withnohandlebar (big blind) folded on the Flop
Seat 3: nickwidi folded before Flop (didn't bet)
Seat 4: Dorex2007 folded before Flop (didn't bet)
Seat 5: ToivoTheMachine folded before Flop (didn't bet)
Seat 6: maxkxi folded before Flop (didn't bet)
Seat 7: pilxx folded on the Turn
Seat 8: gabrielmnds folded on the River
Seat 9: dessa78 (button) collected ($2.88)



PokerStars Hand #239000950887:  Hold'em No Limit ($0.02/$0.05 USD) - 2022/10/02 16:12:14 PT [2022/10/02 19:12:14 ET]
Table 'Siegena II' 9-max Seat #1 is the button
Seat 1: loomitt ($5.05 in chips) 
Seat 2: withnohandlebar ($4.55 in chips) 
Seat 3: nickwidi ($5.11 in chips) 
Seat 4: Dorex2007 ($6.66 in chips) 
Seat 5: ToivoTheMachine ($7.85 in chips) 
Seat 6: maxkxi ($3.49 in chips) 
Seat 7: pilxx ($8.51 in chips) 
Seat 8: gabrielmnds ($1.64 in chips) 
Seat 9: dessa78 ($6.93 in chips) 
withnohandlebar: posts small blind $0.02
nickwidi: posts big blind $0.05
*** HOLE CARDS ***
Dealt to Dorex2007 [7s 6c]
Dorex2007: folds 
ToivoTheMachine: raises $0.10 to $0.15
maxkxi: folds 
pilxx: folds 
gabrielmnds: folds 
dessa78: folds 
loomitt: calls $0.15
withnohandlebar: folds 
nickwidi: calls $0.10
*** FLOP *** [3s 7c 9h]
nickwidi: checks 
ToivoTheMachine: checks 
loomitt: checks 
*** TURN *** [3s 7c 9h] [2h]
nickwidi: checks 
ToivoTheMachine: checks 
loomitt: checks 
*** RIVER *** [3s 7c 9h 2h] [Jd]
nickwidi: checks 
ToivoTheMachine: bets $0.22
loomitt: folds 
nickwidi: folds 
Uncalled bet ($0.22) returned to ToivoTheMachine
ToivoTheMachine collected $0.45 from pot
ToivoTheMachine: doesn't show hand 
*** SUMMARY ***
Total pot $0.47 | Rake $0.02 
Board [3s 7c 9h 2h Jd]
Seat 1: loomitt (button) folded on the River
Seat 2: withnohandlebar (small blind) folded before Flop
Seat 3: nickwidi (big blind) folded on the River
Seat 4: Dorex2007 folded before Flop (didn't bet)
Seat 5: ToivoTheMachine collected ($0.45)
Seat 6: maxkxi folded before Flop (didn't bet)
Seat 7: pilxx folded before Flop (didn't bet)
Seat 8: gabrielmnds folded before Flop (didn't bet)
Seat 9: dessa78 folded before Flop (didn't bet)



PokerStars Hand #239000969898:  Hold'em No Limit ($0.02/$0.05 USD) - 2022/10/02 16:13:28 PT [2022/10/02 19:13:28 ET]
Table 'Siegena II' 9-max Seat #2 is the button
Seat 1: loomitt ($4.90 in chips) 
Seat 2: withnohandlebar ($4.53 in chips) 
Seat 3: nickwidi ($4.96 in chips) 
Seat 4: Dorex2007 ($6.66 in chips) 
Seat 5: ToivoTheMachine ($8.15 in chips) 
Seat 6: maxkxi ($3.49 in chips) 
Seat 7: pilxx ($8.51 in chips) 
Seat 8: gabrielmnds ($1.64 in chips) 
Seat 9: dessa78 ($6.93 in chips) 
nickwidi: posts small blind $0.02
Dorex2007: posts big blind $0.05
*** HOLE CARDS ***
Dealt to Dorex2007 [Jh 9d]
ToivoTheMachine: folds 
maxkxi: raises $0.05 to $0.10
pilxx: folds 
gabrielmnds: folds 
dessa78: folds 
loomitt: folds 
withnohandlebar: folds 
nickwidi: calls $0.08
Dorex2007: folds 
*** FLOP *** [Js Ad Jd]
nickwidi: checks 
maxkxi: bets $0.10
nickwidi: folds 
Uncalled bet ($0.10) returned to maxkxi
maxkxi collected $0.24 from pot
*** SUMMARY ***
Total pot $0.25 | Rake $0.01 
Board [Js Ad Jd]
Seat 1: loomitt folded before Flop (didn't bet)
Seat 2: withnohandlebar (button) folded before Flop (didn't bet)
Seat 3: nickwidi (small blind) folded on the Flop
Seat 4: Dorex2007 (big blind) folded before Flop
Seat 5: ToivoTheMachine folded before Flop (didn't bet)
Seat 6: maxkxi collected ($0.24)
Seat 7: pilxx folded before Flop (didn't bet)
Seat 8: gabrielmnds folded before Flop (didn't bet)
Seat 9: dessa78 folded before Flop (didn't bet)



PokerStars Hand #239000981896:  Hold'em No Limit ($0.02/$0.05 USD) - 2022/10/02 16:14:15 PT [2022/10/02 19:14:15 ET]
Table 'Siegena II' 9-max Seat #3 is the button
Seat 1: loomitt ($4.90 in chips) 
Seat 2: withnohandlebar ($5 in chips) 
Seat 3: nickwidi ($4.86 in chips) 
Seat 4: Dorex2007 ($6.61 in chips) 
Seat 5: ToivoTheMachine ($8.15 in chips) 
Seat 6: maxkxi ($3.63 in chips) 
Seat 7: pilxx ($8.51 in chips) 
Seat 8: gabrielmnds ($1.64 in chips) 
Seat 9: dessa78 ($6.93 in chips) 
Dorex2007: posts small blind $0.02
ToivoTheMachine: posts big blind $0.05
*** HOLE CARDS ***
Dealt to Dorex2007 [2c 6h]
maxkxi: calls $0.05
pilxx: folds 
gabrielmnds: calls $0.05
dessa78: folds 
loomitt: calls $0.05
withnohandlebar: folds 
nickwidi: calls $0.05
Dorex2007: folds 
ToivoTheMachine: checks 
*** FLOP *** [7d Kh 4h]
ToivoTheMachine: checks 
maxkxi: checks 
gabrielmnds: checks 
loomitt: checks 
nickwidi: bets $0.13
ToivoTheMachine: folds 
maxkxi: folds 
gabrielmnds: folds 
loomitt: folds 
Uncalled bet ($0.13) returned to nickwidi
nickwidi collected $0.26 from pot
*** SUMMARY ***
Total pot $0.27 | Rake $0.01 
Board [7d Kh 4h]
Seat 1: loomitt folded on the Flop
Seat 2: withnohandlebar folded before Flop (didn't bet)
Seat 3: nickwidi (button) collected ($0.26)
Seat 4: Dorex2007 (small blind) folded before Flop
Seat 5: ToivoTheMachine (big blind) folded on the Flop
Seat 6: maxkxi folded on the Flop
Seat 7: pilxx folded before Flop (didn't bet)
Seat 8: gabrielmnds folded on the Flop
Seat 9: dessa78 folded before Flop (didn't bet)



PokerStars Hand #239001000676:  Hold'em No Limit ($0.02/$0.05 USD) - 2022/10/02 16:15:27 PT [2022/10/02 19:15:27 ET]
Table 'Siegena II' 9-max Seat #4 is the button
Seat 1: loomitt ($4.85 in chips) 
Seat 2: withnohandlebar ($5 in chips) 
Seat 3: nickwidi ($5.07 in chips) 
Seat 4: Dorex2007 ($6.59 in chips) 
Seat 5: ToivoTheMachine ($8.10 in chips) 
Seat 6: maxkxi ($3.58 in chips) 
Seat 7: pilxx ($8.51 in chips) 
Seat 8: gabrielmnds ($1.59 in chips) 
Seat 9: dessa78 ($6.93 in chips) 
ToivoTheMachine: posts small blind $0.02
maxkxi: posts big blind $0.05
*** HOLE CARDS ***
Dealt to Dorex2007 [6c 4c]
pilxx: folds 
gabrielmnds: calls $0.05
dessa78: folds 
loomitt: folds 
withnohandlebar: raises $0.05 to $0.10
nickwidi: folds 
Dorex2007: folds 
ToivoTheMachine: folds 
maxkxi: calls $0.05
gabrielmnds: calls $0.05
*** FLOP *** [5d 9c 3h]
maxkxi: checks 
gabrielmnds: checks 
withnohandlebar: bets $0.16
maxkxi: calls $0.16
gabrielmnds: raises $1.33 to $1.49 and is all-in
withnohandlebar: folds 
maxkxi: folds 
Uncalled bet ($1.33) returned to gabrielmnds
gabrielmnds collected $0.77 from pot
gabrielmnds: doesn't show hand 
*** SUMMARY ***
Total pot $0.80 | Rake $0.03 
Board [5d 9c 3h]
Seat 1: loomitt folded before Flop (didn't bet)
Seat 2: withnohandlebar folded on the Flop
Seat 3: nickwidi folded before Flop (didn't bet)
Seat 4: Dorex2007 (button) folded before Flop (didn't bet)
Seat 5: ToivoTheMachine (small blind) folded before Flop
Seat 6: maxkxi (big blind) folded on the Flop
Seat 7: pilxx folded before Flop (didn't bet)
Seat 8: gabrielmnds collected ($0.77)
Seat 9: dessa78 folded before Flop (didn't bet)



PokerStars Hand #239001016249:  Hold'em No Limit ($0.02/$0.05 USD) - 2022/10/02 16:16:27 PT [2022/10/02 19:16:27 ET]
Table 'Siegena II' 9-max Seat #5 is the button
Seat 1: loomitt ($4.85 in chips) 
Seat 2: withnohandlebar ($4.74 in chips) 
Seat 3: nickwidi ($5.07 in chips) 
Seat 4: Dorex2007 ($6.59 in chips) 
Seat 5: ToivoTheMachine ($8.08 in chips) 
Seat 6: maxkxi ($3.32 in chips) 
Seat 7: pilxx ($8.51 in chips) 
Seat 8: gabrielmnds ($2.10 in chips) 
Seat 9: dessa78 ($6.93 in chips) 
maxkxi: posts small blind $0.02
pilxx: posts big blind $0.05
*** HOLE CARDS ***
Dealt to Dorex2007 [Jd 9h]
gabrielmnds: folds 
dessa78: folds 
loomitt: folds 
withnohandlebar: folds 
nickwidi: folds 
Dorex2007: folds 
ToivoTheMachine: folds 
maxkxi: calls $0.03
pilxx: checks 
*** FLOP *** [4c Kc As]
maxkxi: checks 
pilxx: bets $0.05
maxkxi: folds 
Uncalled bet ($0.05) returned to pilxx
pilxx collected $0.10 from pot
*** SUMMARY ***
Total pot $0.10 | Rake $0 
Board [4c Kc As]
Seat 1: loomitt folded before Flop (didn't bet)
Seat 2: withnohandlebar folded before Flop (didn't bet)
Seat 3: nickwidi folded before Flop (didn't bet)
Seat 4: Dorex2007 folded before Flop (didn't bet)
Seat 5: ToivoTheMachine (button) folded before Flop (didn't bet)
Seat 6: maxkxi (small blind) folded on the Flop
Seat 7: pilxx (big blind) collected ($0.10)
Seat 8: gabrielmnds folded before Flop (didn't bet)
Seat 9: dessa78 folded before Flop (didn't bet)



PokerStars Hand #239001025826:  Hold'em No Limit ($0.02/$0.05 USD) - 2022/10/02 16:17:04 PT [2022/10/02 19:17:04 ET]
Table 'Siegena II' 9-max Seat #6 is the button
Seat 1: loomitt ($4.85 in chips) 
Seat 2: withnohandlebar ($5 in chips) 
Seat 3: nickwidi ($5.07 in chips) 
Seat 4: Dorex2007 ($6.59 in chips) 
Seat 5: ToivoTheMachine ($8.08 in chips) 
Seat 6: maxkxi ($3.27 in chips) 
Seat 7: pilxx ($8.56 in chips) 
Seat 8: gabrielmnds ($2.10 in chips) 
Seat 9: dessa78 ($6.93 in chips) 
pilxx: posts small blind $0.02
gabrielmnds: posts big blind $0.05
*** HOLE CARDS ***
Dealt to Dorex2007 [Ac Td]
dessa78 has timed out
dessa78: folds 
loomitt: folds 
withnohandlebar: raises $0.07 to $0.12
nickwidi: calls $0.12
Dorex2007: folds 
ToivoTheMachine: folds 
maxkxi: calls $0.12
pilxx: calls $0.10
gabrielmnds: calls $0.07
*** FLOP *** [Qc 3c Jc]
pilxx: checks 
gabrielmnds: checks 
withnohandlebar: checks 
nickwidi: checks 
maxkxi: checks 
*** TURN *** [Qc 3c Jc] [Kd]
pilxx: checks 
gabrielmnds: checks 
withnohandlebar: bets $0.40
nickwidi: folds 
maxkxi: folds 
pilxx: calls $0.40
gabrielmnds: folds 
*** RIVER *** [Qc 3c Jc Kd] [Ad]
pilxx: checks 
withnohandlebar: checks 
*** SHOW DOWN ***
pilxx: shows [Qh Tc] (a straight, Ten to Ace)
withnohandlebar: shows [Th As] (a straight, Ten to Ace)
pilxx collected $0.66 from pot
withnohandlebar collected $0.67 from pot
*** SUMMARY ***
Total pot $1.40 | Rake $0.07 
Board [Qc 3c Jc Kd Ad]
Seat 1: loomitt folded before Flop (didn't bet)
Seat 2: withnohandlebar showed [Th As] and won ($0.67) with a straight, Ten to Ace
Seat 3: nickwidi folded on the Turn
Seat 4: Dorex2007 folded before Flop (didn't bet)
Seat 5: ToivoTheMachine folded before Flop (didn't bet)
Seat 6: maxkxi (button) folded on the Turn
Seat 7: pilxx (small blind) showed [Qh Tc] and won ($0.66) with a straight, Ten to Ace
Seat 8: gabrielmnds (big blind) folded on the Turn
Seat 9: dessa78 folded before Flop (didn't bet)



PokerStars Hand #239001048610:  Hold'em No Limit ($0.02/$0.05 USD) - 2022/10/02 16:18:33 PT [2022/10/02 19:18:33 ET]
Table 'Siegena II' 9-max Seat #7 is the button
Seat 1: loomitt ($4.85 in chips) 
Seat 2: withnohandlebar ($5.15 in chips) 
Seat 3: nickwidi ($4.95 in chips) 
Seat 4: Dorex2007 ($6.59 in chips) 
Seat 5: ToivoTheMachine ($8.08 in chips) 
Seat 6: maxkxi ($3.15 in chips) 
Seat 7: pilxx ($8.70 in chips) 
Seat 8: gabrielmnds ($1.98 in chips) 
Seat 9: dessa78 ($6.93 in chips) 
gabrielmnds: posts small blind $0.02
dessa78: posts big blind $0.05
*** HOLE CARDS ***
Dealt to Dorex2007 [9c 4d]
loomitt: folds 
withnohandlebar: folds 
nickwidi: folds 
Dorex2007: folds 
ToivoTheMachine: folds 
maxkxi: folds 
pilxx: folds 
gabrielmnds: calls $0.03
dessa78: checks 
*** FLOP *** [5h Tc Qc]
gabrielmnds: checks 
dessa78: checks 
*** TURN *** [5h Tc Qc] [Qh]
gabrielmnds: checks 
dessa78: checks 
*** RIVER *** [5h Tc Qc Qh] [Ac]
gabrielmnds: checks 
dessa78: bets $0.05
gabrielmnds: folds 
Uncalled bet ($0.05) returned to dessa78
dessa78 collected $0.10 from pot
*** SUMMARY ***
Total pot $0.10 | Rake $0 
Board [5h Tc Qc Qh Ac]
Seat 1: loomitt folded before Flop (didn't bet)
Seat 2: withnohandlebar folded before Flop (didn't bet)
Seat 3: nickwidi folded before Flop (didn't bet)
Seat 4: Dorex2007 folded before Flop (didn't bet)
Seat 5: ToivoTheMachine folded before Flop (didn't bet)
Seat 6: maxkxi folded before Flop (didn't bet)
Seat 7: pilxx (button) folded before Flop (didn't bet)
Seat 8: gabrielmnds (small blind) folded on the River
Seat 9: dessa78 (big blind) collected ($0.10)



PokerStars Hand #239001062825:  Hold'em No Limit ($0.02/$0.05 USD) - 2022/10/02 16:19:29 PT [2022/10/02 19:19:29 ET]
Table 'Siegena II' 9-max Seat #8 is the button
Seat 1: loomitt ($4.85 in chips) 
Seat 2: withnohandlebar ($5.15 in chips) 
Seat 3: nickwidi ($4.95 in chips) 
Seat 4: Dorex2007 ($6.59 in chips) 
Seat 5: ToivoTheMachine ($8.08 in chips) 
Seat 6: maxkxi ($3.15 in chips) 
Seat 7: pilxx ($8.70 in chips) 
Seat 8: gabrielmnds ($1.93 in chips) 
Seat 9: dessa78 ($6.98 in chips) 
dessa78: posts small blind $0.02
loomitt: posts big blind $0.05
*** HOLE CARDS ***
Dealt to Dorex2007 [Jd Js]
withnohandlebar: folds 
nickwidi: folds 
Dorex2007: raises $0.05 to $0.10
ToivoTheMachine: folds 
maxkxi: folds 
pilxx: folds 
gabrielmnds: calls $0.10
dessa78: calls $0.08
loomitt: folds 
*** FLOP *** [Ad 9h 2h]
dessa78: checks 
Dorex2007: bets $0.17
gabrielmnds: calls $0.17
dessa78: calls $0.17
*** TURN *** [Ad 9h 2h] [3c]
dessa78: checks 
Dorex2007: checks 
gabrielmnds: checks 
*** RIVER *** [Ad 9h 2h 3c] [5s]
dessa78: checks 
Dorex2007: bets $0.41
gabrielmnds: calls $0.41
dessa78: calls $0.41
*** SHOW DOWN ***
Dorex2007: shows [Jd Js] (a pair of Jacks)
gabrielmnds: shows [5c Ah] (two pair, Aces and Fives)
dessa78: mucks hand 
gabrielmnds collected $2 from pot
*** SUMMARY ***
Total pot $2.09 | Rake $0.09 
Board [Ad 9h 2h 3c 5s]
Seat 1: loomitt (big blind) folded before Flop
Seat 2: withnohandlebar folded before Flop (didn't bet)
Seat 3: nickwidi folded before Flop (didn't bet)
Seat 4: Dorex2007 showed [Jd Js] and lost with a pair of Jacks
Seat 5: ToivoTheMachine folded before Flop (didn't bet)
Seat 6: maxkxi folded before Flop (didn't bet)
Seat 7: pilxx folded before Flop (didn't bet)
Seat 8: gabrielmnds (button) showed [5c Ah] and won ($2) with two pair, Aces and Fives
Seat 9: dessa78 (small blind) mucked [Ac Td]



PokerStars Hand #239001078778:  Hold'em No Limit ($0.02/$0.05 USD) - 2022/10/02 16:20:33 PT [2022/10/02 19:20:33 ET]
Table 'Siegena II' 9-max Seat #9 is the button
Seat 1: loomitt ($4.80 in chips) 
Seat 2: withnohandlebar ($5.15 in chips) 
Seat 3: nickwidi ($4.95 in chips) 
Seat 4: Dorex2007 ($5.91 in chips) 
Seat 5: ToivoTheMachine ($8.08 in chips) 
Seat 6: maxkxi ($3.15 in chips) 
Seat 7: pilxx ($8.70 in chips) 
Seat 8: gabrielmnds ($3.25 in chips) 
Seat 9: dessa78 ($6.30 in chips) 
loomitt: posts small blind $0.02
withnohandlebar: posts big blind $0.05
*** HOLE CARDS ***
Dealt to Dorex2007 [Th As]
nickwidi: raises $0.10 to $0.15
Dorex2007: calls $0.15
ToivoTheMachine: folds 
maxkxi: folds 
pilxx: calls $0.15
gabrielmnds: folds 
dessa78 has timed out
dessa78: folds 
loomitt: folds 
withnohandlebar: folds 
*** FLOP *** [9s 5s 8c]
nickwidi: checks 
Dorex2007: checks 
pilxx: bets $0.25
nickwidi: folds 
Dorex2007: folds 
Uncalled bet ($0.25) returned to pilxx
pilxx collected $0.50 from pot
*** SUMMARY ***
Total pot $0.52 | Rake $0.02 
Board [9s 5s 8c]
Seat 1: loomitt (small blind) folded before Flop
Seat 2: withnohandlebar (big blind) folded before Flop
Seat 3: nickwidi folded on the Flop
Seat 4: Dorex2007 folded on the Flop
Seat 5: ToivoTheMachine folded before Flop (didn't bet)
Seat 6: maxkxi folded before Flop (didn't bet)
Seat 7: pilxx collected ($0.50)
Seat 8: gabrielmnds folded before Flop (didn't bet)
Seat 9: dessa78 (button) folded before Flop (didn't bet)



PokerStars Hand #239001089523:  Hold'em No Limit ($0.02/$0.05 USD) - 2022/10/02 16:21:16 PT [2022/10/02 19:21:16 ET]
Table 'Siegena II' 9-max Seat #1 is the button
Seat 1: loomitt ($4.78 in chips) 
Seat 2: withnohandlebar ($5.10 in chips) 
Seat 3: nickwidi ($4.80 in chips) 
Seat 4: Dorex2007 ($5.76 in chips) 
Seat 5: ToivoTheMachine ($8.08 in chips) 
Seat 6: maxkxi ($3.15 in chips) 
Seat 7: pilxx ($9.05 in chips) 
Seat 8: gabrielmnds ($3.25 in chips) 
Seat 9: dessa78 ($6.30 in chips) 
withnohandlebar: posts small blind $0.02
nickwidi: posts big blind $0.05
*** HOLE CARDS ***
Dealt to Dorex2007 [4s 2c]
Dorex2007: folds 
ToivoTheMachine: folds 
maxkxi: calls $0.05
pilxx: folds 
gabrielmnds: calls $0.05
dessa78: folds 
loomitt: calls $0.05
withnohandlebar: folds 
nickwidi: checks 
*** FLOP *** [3h 7h 8c]
nickwidi: checks 
maxkxi: checks 
gabrielmnds: checks 
loomitt: bets $0.10
dessa78 is disconnected 
nickwidi: folds 
maxkxi: folds 
gabrielmnds: calls $0.10
*** TURN *** [3h 7h 8c] [Ac]
gabrielmnds: checks 
loomitt: bets $0.15
gabrielmnds: folds 
Uncalled bet ($0.15) returned to loomitt
loomitt collected $0.40 from pot
*** SUMMARY ***
Total pot $0.42 | Rake $0.02 
Board [3h 7h 8c Ac]
Seat 1: loomitt (button) collected ($0.40)
Seat 2: withnohandlebar (small blind) folded before Flop
Seat 3: nickwidi (big blind) folded on the Flop
Seat 4: Dorex2007 folded before Flop (didn't bet)
Seat 5: ToivoTheMachine folded before Flop (didn't bet)
Seat 6: maxkxi folded on the Flop
Seat 7: pilxx folded before Flop (didn't bet)
Seat 8: gabrielmnds folded on the Turn
Seat 9: dessa78 folded before Flop (didn't bet)



PokerStars Hand #239001105568:  Hold'em No Limit ($0.02/$0.05 USD) - 2022/10/02 16:22:21 PT [2022/10/02 19:22:21 ET]
Table 'Siegena II' 9-max Seat #2 is the button
Seat 1: loomitt ($5.03 in chips) 
Seat 2: withnohandlebar ($5.08 in chips) 
Seat 3: nickwidi ($4.75 in chips) 
Seat 4: Dorex2007 ($5.76 in chips) 
Seat 5: ToivoTheMachine ($8.08 in chips) 
Seat 6: maxkxi ($3.10 in chips) 
Seat 7: pilxx ($9.05 in chips) 
Seat 8: gabrielmnds ($3.10 in chips) 
Seat 9: dessa78 ($6.30 in chips) 
nickwidi: posts small blind $0.02
Dorex2007: posts big blind $0.05
*** HOLE CARDS ***
Dealt to Dorex2007 [5d 3d]
ToivoTheMachine: folds 
maxkxi: folds 
pilxx: folds 
gabrielmnds: folds 
dessa78: folds 
loomitt: raises $0.05 to $0.10
withnohandlebar: folds 
nickwidi: folds 
Dorex2007: folds 
Uncalled bet ($0.05) returned to loomitt
loomitt collected $0.12 from pot
*** SUMMARY ***
Total pot $0.12 | Rake $0 
Seat 1: loomitt collected ($0.12)
Seat 2: withnohandlebar (button) folded before Flop (didn't bet)
Seat 3: nickwidi (small blind) folded before Flop
Seat 4: Dorex2007 (big blind) folded before Flop
Seat 5: ToivoTheMachine folded before Flop (didn't bet)
Seat 6: maxkxi folded before Flop (didn't bet)
Seat 7: pilxx folded before Flop (didn't bet)
Seat 8: gabrielmnds folded before Flop (didn't bet)
Seat 9: dessa78 folded before Flop (didn't bet)



PokerStars Hand #239001112886:  Hold'em No Limit ($0.02/$0.05 USD) - 2022/10/02 16:22:50 PT [2022/10/02 19:22:50 ET]
Table 'Siegena II' 9-max Seat #3 is the button
Seat 1: loomitt ($5.10 in chips) 
Seat 2: withnohandlebar ($5.08 in chips) 
Seat 3: nickwidi ($4.73 in chips) 
Seat 4: Dorex2007 ($5.71 in chips) 
Seat 5: ToivoTheMachine ($8.08 in chips) 
Seat 6: maxkxi ($3.10 in chips) 
Seat 7: pilxx ($9.05 in chips) 
Seat 8: gabrielmnds ($3.10 in chips) 
Seat 9: dessa78 ($6.30 in chips) 
Dorex2007: posts small blind $0.02
ToivoTheMachine: posts big blind $0.05
*** HOLE CARDS ***
Dealt to Dorex2007 [9d 8h]
maxkxi: folds 
pilxx: folds 
gabrielmnds: folds 
dessa78: folds 
loomitt: calls $0.05
withnohandlebar: folds 
nickwidi: folds 
Dorex2007: folds 
ToivoTheMachine: raises $0.15 to $0.20
loomitt: folds 
Uncalled bet ($0.15) returned to ToivoTheMachine
ToivoTheMachine collected $0.12 from pot
ToivoTheMachine: doesn't show hand 
*** SUMMARY ***
Total pot $0.12 | Rake $0 
Seat 1: loomitt folded before Flop
Seat 2: withnohandlebar folded before Flop (didn't bet)
Seat 3: nickwidi (button) folded before Flop (didn't bet)
Seat 4: Dorex2007 (small blind) folded before Flop
Seat 5: ToivoTheMachine (big blind) collected ($0.12)
Seat 6: maxkxi folded before Flop (didn't bet)
Seat 7: pilxx folded before Flop (didn't bet)
Seat 8: gabrielmnds folded before Flop (didn't bet)
Seat 9: dessa78 folded before Flop (didn't bet)



PokerStars Hand #239001121711:  Hold'em No Limit ($0.02/$0.05 USD) - 2022/10/02 16:23:26 PT [2022/10/02 19:23:26 ET]
Table 'Siegena II' 9-max Seat #4 is the button
Seat 1: loomitt ($5.05 in chips) 
Seat 2: withnohandlebar ($5.08 in chips) 
Seat 3: nickwidi ($4.73 in chips) 
Seat 4: Dorex2007 ($5.69 in chips) 
Seat 5: ToivoTheMachine ($8.15 in chips) 
Seat 6: maxkxi ($3.10 in chips) 
Seat 7: pilxx ($9.05 in chips) 
Seat 8: gabrielmnds ($3.10 in chips) 
Seat 9: dessa78 ($6.30 in chips) 
ToivoTheMachine: posts small blind $0.02
maxkxi: posts big blind $0.05
*** HOLE CARDS ***
Dealt to Dorex2007 [4h 8c]
pilxx: folds 
gabrielmnds: calls $0.05
dessa78: folds 
loomitt: folds 
withnohandlebar: folds 
nickwidi: folds 
Dorex2007: folds 
ToivoTheMachine: folds 
maxkxi: checks 
*** FLOP *** [3h 6d 7d]
maxkxi: checks 
gabrielmnds: checks 
*** TURN *** [3h 6d 7d] [Qh]
maxkxi: checks 
gabrielmnds: bets $0.10
maxkxi: folds 
Uncalled bet ($0.10) returned to gabrielmnds
gabrielmnds collected $0.12 from pot
gabrielmnds: doesn't show hand 
*** SUMMARY ***
Total pot $0.12 | Rake $0 
Board [3h 6d 7d Qh]
Seat 1: loomitt folded before Flop (didn't bet)
Seat 2: withnohandlebar folded before Flop (didn't bet)
Seat 3: nickwidi folded before Flop (didn't bet)
Seat 4: Dorex2007 (button) folded before Flop (didn't bet)
Seat 5: ToivoTheMachine (small blind) folded before Flop
Seat 6: maxkxi (big blind) folded on the Turn
Seat 7: pilxx folded before Flop (didn't bet)
Seat 8: gabrielmnds collected ($0.12)
Seat 9: dessa78 folded before Flop (didn't bet)



PokerStars Hand #239001132533:  Hold'em No Limit ($0.02/$0.05 USD) - 2022/10/02 16:24:10 PT [2022/10/02 19:24:10 ET]
Table 'Siegena II' 9-max Seat #5 is the button
Seat 1: loomitt ($5.05 in chips) 
Seat 2: withnohandlebar ($5.08 in chips) 
Seat 3: nickwidi ($4.73 in chips) 
Seat 4: Dorex2007 ($5.69 in chips) 
Seat 5: ToivoTheMachine ($8.13 in chips) 
Seat 6: maxkxi ($3.05 in chips) 
Seat 7: pilxx ($9.05 in chips) 
Seat 8: gabrielmnds ($3.17 in chips) 
Seat 9: dessa78 ($6.30 in chips) 
maxkxi: posts small blind $0.02
pilxx: posts big blind $0.05
*** HOLE CARDS ***
Dealt to Dorex2007 [8c Qh]
gabrielmnds: calls $0.05
dessa78: folds 
loomitt: folds 
withnohandlebar: folds 
nickwidi: raises $0.17 to $0.22
Dorex2007: folds 
ToivoTheMachine: calls $0.22
maxkxi: folds 
pilxx: folds 
gabrielmnds: raises $0.27 to $0.49
nickwidi: calls $0.27
ToivoTheMachine: calls $0.27
*** FLOP *** [Kh 9c Th]
gabrielmnds: bets $2.68 and is all-in
nickwidi: calls $2.68
ToivoTheMachine: folds 
*** TURN *** [Kh 9c Th] [5h]
*** RIVER *** [Kh 9c Th 5h] [7c]
*** SHOW DOWN ***
gabrielmnds: shows [Ks Kd] (three of a kind, Kings)
nickwidi: shows [Jc Ah] (high card Ace)
gabrielmnds collected $6.61 from pot
*** SUMMARY ***
Total pot $6.90 | Rake $0.29 
Board [Kh 9c Th 5h 7c]
Seat 1: loomitt folded before Flop (didn't bet)
Seat 2: withnohandlebar folded before Flop (didn't bet)
Seat 3: nickwidi showed [Jc Ah] and lost with high card Ace
Seat 4: Dorex2007 folded before Flop (didn't bet)
Seat 5: ToivoTheMachine (button) folded on the Flop
Seat 6: maxkxi (small blind) folded before Flop
Seat 7: pilxx (big blind) folded before Flop
Seat 8: gabrielmnds showed [Ks Kd] and won ($6.61) with three of a kind, Kings
Seat 9: dessa78 folded before Flop (didn't bet)



PokerStars Hand #239001154606:  Hold'em No Limit ($0.02/$0.05 USD) - 2022/10/02 16:25:40 PT [2022/10/02 19:25:40 ET]
Table 'Siegena II' 9-max Seat #6 is the button
Seat 1: loomitt ($5.05 in chips) 
Seat 2: withnohandlebar ($5.08 in chips) 
Seat 3: nickwidi ($1.56 in chips) 
Seat 4: Dorex2007 ($5.69 in chips) 
Seat 5: ToivoTheMachine ($7.64 in chips) 
Seat 6: maxkxi ($3.03 in chips) 
Seat 7: pilxx ($9 in chips) 
Seat 8: gabrielmnds ($6.61 in chips) 
Seat 9: dessa78 ($6.30 in chips) 
pilxx: posts small blind $0.02
gabrielmnds: posts big blind $0.05
*** HOLE CARDS ***
Dealt to Dorex2007 [Tc Jh]
dessa78: folds 
loomitt: folds 
withnohandlebar: folds 
loomitt leaves the table
nickwidi: raises $0.10 to $0.15
Dorex2007: folds 
laureano290 joins the table at seat #1 
ToivoTheMachine: folds 
maxkxi: folds 
pilxx: folds 
gabrielmnds: folds 
Uncalled bet ($0.10) returned to nickwidi
nickwidi collected $0.12 from pot
*** SUMMARY ***
Total pot $0.12 | Rake $0 
Seat 1: loomitt folded before Flop (didn't bet)
Seat 2: withnohandlebar folded before Flop (didn't bet)
Seat 3: nickwidi collected ($0.12)
Seat 4: Dorex2007 folded before Flop (didn't bet)
Seat 5: ToivoTheMachine folded before Flop (didn't bet)
Seat 6: maxkxi (button) folded before Flop (didn't bet)
Seat 7: pilxx (small blind) folded before Flop
Seat 8: gabrielmnds (big blind) folded before Flop
Seat 9: dessa78 folded before Flop (didn't bet)



PokerStars Hand #239001163339:  Hold'em No Limit ($0.02/$0.05 USD) - 2022/10/02 16:26:17 PT [2022/10/02 19:26:17 ET]
Table 'Siegena II' 9-max Seat #7 is the button
Seat 2: withnohandlebar ($5.08 in chips) 
Seat 3: nickwidi ($1.63 in chips) 
Seat 4: Dorex2007 ($5.69 in chips) 
Seat 5: ToivoTheMachine ($7.64 in chips) 
Seat 6: maxkxi ($3.03 in chips) 
Seat 7: pilxx ($8.98 in chips) 
Seat 8: gabrielmnds ($6.56 in chips) 
Seat 9: dessa78 ($6.30 in chips) 
gabrielmnds: posts small blind $0.02
dessa78: posts big blind $0.05
laureano290: sits out 
*** HOLE CARDS ***
Dealt to Dorex2007 [6c Jc]
withnohandlebar: raises $0.05 to $0.10
nickwidi: calls $0.10
Dorex2007: folds 
ToivoTheMachine: folds 
maxkxi: folds 
pilxx: folds 
gabrielmnds: calls $0.08
dessa78: folds 
*** FLOP *** [4s 3h 3s]
gabrielmnds: checks 
withnohandlebar: checks 
nickwidi: checks 
*** TURN *** [4s 3h 3s] [Ts]
gabrielmnds: checks 
withnohandlebar: checks 
nickwidi: checks 
*** RIVER *** [4s 3h 3s Ts] [6h]
gabrielmnds: checks 
withnohandlebar: checks 
nickwidi: checks 
*** SHOW DOWN ***
gabrielmnds: shows [2d 4h] (two pair, Fours and Threes)
withnohandlebar: shows [7d 7s] (two pair, Sevens and Threes)
nickwidi: mucks hand 
withnohandlebar collected $0.34 from pot
*** SUMMARY ***
Total pot $0.35 | Rake $0.01 
Board [4s 3h 3s Ts 6h]
Seat 2: withnohandlebar showed [7d 7s] and won ($0.34) with two pair, Sevens and Threes
Seat 3: nickwidi mucked [Ac Jh]
Seat 4: Dorex2007 folded before Flop (didn't bet)
Seat 5: ToivoTheMachine folded before Flop (didn't bet)
Seat 6: maxkxi folded before Flop (didn't bet)
Seat 7: pilxx (button) folded before Flop (didn't bet)
Seat 8: gabrielmnds (small blind) showed [2d 4h] and lost with two pair, Fours and Threes
Seat 9: dessa78 (big blind) folded before Flop



PokerStars Hand #239001175167:  Hold'em No Limit ($0.02/$0.05 USD) - 2022/10/02 16:27:05 PT [2022/10/02 19:27:05 ET]
Table 'Siegena II' 9-max Seat #8 is the button
Seat 1: laureano290 ($5 in chips) 
Seat 2: withnohandlebar ($5.32 in chips) 
Seat 3: nickwidi ($1.53 in chips) 
Seat 4: Dorex2007 ($5.69 in chips) 
Seat 5: ToivoTheMachine ($7.64 in chips) 
Seat 6: maxkxi ($3.03 in chips) 
Seat 7: pilxx ($8.98 in chips) 
Seat 8: gabrielmnds ($6.46 in chips) 
Seat 9: dessa78 ($6.25 in chips) 
dessa78: posts small blind $0.02
laureano290: posts big blind $0.05
*** HOLE CARDS ***
Dealt to Dorex2007 [9s Ad]
withnohandlebar: folds 
nickwidi: folds 
Dorex2007: folds 
ToivoTheMachine: folds 
maxkxi: folds 
pilxx: folds 
gabrielmnds: calls $0.05
dessa78: folds 
laureano290: checks 
*** FLOP *** [7h 6h 9h]
laureano290: checks 
gabrielmnds: checks 
*** TURN *** [7h 6h 9h] [7s]
laureano290: checks 
gabrielmnds: checks 
*** RIVER *** [7h 6h 9h 7s] [8s]
laureano290: checks 
gabrielmnds: checks 
*** SHOW DOWN ***
laureano290: shows [Qh 2d] (a pair of Sevens)
gabrielmnds: shows [Qc 2c] (a pair of Sevens)
laureano290 collected $0.06 from pot
gabrielmnds collected $0.06 from pot
*** SUMMARY ***
Total pot $0.12 | Rake $0 
Board [7h 6h 9h 7s 8s]
Seat 1: laureano290 (big blind) showed [Qh 2d] and won ($0.06) with a pair of Sevens
Seat 2: withnohandlebar folded before Flop (didn't bet)
Seat 3: nickwidi folded before Flop (didn't bet)
Seat 4: Dorex2007 folded before Flop (didn't bet)
Seat 5: ToivoTheMachine folded before Flop (didn't bet)
Seat 6: maxkxi folded before Flop (didn't bet)
Seat 7: pilxx folded before Flop (didn't bet)
Seat 8: gabrielmnds (button) showed [Qc 2c] and won ($0.06) with a pair of Sevens
Seat 9: dessa78 (small blind) folded before Flop



PokerStars Hand #239001184434:  Hold'em No Limit ($0.02/$0.05 USD) - 2022/10/02 16:27:43 PT [2022/10/02 19:27:43 ET]
Table 'Siegena II' 9-max Seat #9 is the button
Seat 1: laureano290 ($5.01 in chips) 
Seat 2: withnohandlebar ($5.32 in chips) 
Seat 3: nickwidi ($1.53 in chips) 
Seat 4: Dorex2007 ($5.69 in chips) 
Seat 5: ToivoTheMachine ($7.64 in chips) 
Seat 6: maxkxi ($3.03 in chips) 
Seat 7: pilxx ($8.98 in chips) 
Seat 8: gabrielmnds ($6.47 in chips) 
Seat 9: dessa78 ($6.23 in chips) 
laureano290: posts small blind $0.02
withnohandlebar: posts big blind $0.05
*** HOLE CARDS ***
Dealt to Dorex2007 [Qc 6s]
nickwidi: folds 
Dorex2007: folds 
dessa78 is disconnected 
ToivoTheMachine: folds 
maxkxi: folds 
pilxx: folds 
gabrielmnds: folds 
dessa78 has timed out while disconnected
dessa78: folds 
laureano290: folds 
Uncalled bet ($0.03) returned to withnohandlebar
withnohandlebar collected $0.04 from pot
*** SUMMARY ***
Total pot $0.04 | Rake $0 
Seat 1: laureano290 (small blind) folded before Flop
Seat 2: withnohandlebar (big blind) collected ($0.04)
Seat 3: nickwidi folded before Flop (didn't bet)
Seat 4: Dorex2007 folded before Flop (didn't bet)
Seat 5: ToivoTheMachine folded before Flop (didn't bet)
Seat 6: maxkxi folded before Flop (didn't bet)
Seat 7: pilxx folded before Flop (didn't bet)
Seat 8: gabrielmnds folded before Flop (didn't bet)
Seat 9: dessa78 (button) folded before Flop (didn't bet)



PokerStars Hand #239001192604:  Hold'em No Limit ($0.02/$0.05 USD) - 2022/10/02 16:28:17 PT [2022/10/02 19:28:17 ET]
Table 'Siegena II' 9-max Seat #1 is the button
Seat 1: laureano290 ($5 in chips) 
Seat 2: withnohandlebar ($5.34 in chips) 
Seat 3: nickwidi ($1.53 in chips) 
Seat 4: Dorex2007 ($5.69 in chips) 
Seat 5: ToivoTheMachine ($7.64 in chips) 
Seat 6: maxkxi ($3.03 in chips) 
Seat 7: pilxx ($8.98 in chips) 
Seat 8: gabrielmnds ($6.47 in chips) 
withnohandlebar: posts small blind $0.02
nickwidi: posts big blind $0.05
*** HOLE CARDS ***
Dealt to Dorex2007 [8h 6d]
Dorex2007: folds 
ToivoTheMachine: folds 
maxkxi: raises $0.05 to $0.10
pilxx: folds 
gabrielmnds: calls $0.10
laureano290: folds 
withnohandlebar: folds 
nickwidi: raises $1.43 to $1.53 and is all-in
maxkxi: folds 
gabrielmnds: folds 
Uncalled bet ($1.43) returned to nickwidi
nickwidi collected $0.32 from pot
*** SUMMARY ***
Total pot $0.32 | Rake $0 
Seat 1: laureano290 (button) folded before Flop (didn't bet)
Seat 2: withnohandlebar (small blind) folded before Flop
Seat 3: nickwidi (big blind) collected ($0.32)
Seat 4: Dorex2007 folded before Flop (didn't bet)
Seat 5: ToivoTheMachine folded before Flop (didn't bet)
Seat 6: maxkxi folded before Flop
Seat 7: pilxx folded before Flop (didn't bet)
Seat 8: gabrielmnds folded before Flop



PokerStars Hand #239001201826:  Hold'em No Limit ($0.02/$0.05 USD) - 2022/10/02 16:28:56 PT [2022/10/02 19:28:56 ET]
Table 'Siegena II' 9-max Seat #2 is the button
Seat 1: laureano290 ($5 in chips) 
Seat 2: withnohandlebar ($5.32 in chips) 
Seat 3: nickwidi ($5 in chips) 
Seat 4: Dorex2007 ($5.69 in chips) 
Seat 5: ToivoTheMachine ($7.64 in chips) 
Seat 6: maxkxi ($2.93 in chips) 
Seat 7: pilxx ($8.98 in chips) 
Seat 8: gabrielmnds ($6.37 in chips) 
Seat 9: dessa78 ($6.23 in chips) 
nickwidi: posts small blind $0.02
Dorex2007: posts big blind $0.05
*** HOLE CARDS ***
Dealt to Dorex2007 [Th Ks]
ToivoTheMachine: raises $0.10 to $0.15
maxkxi: calls $0.15
pilxx: folds 
gabrielmnds: calls $0.15
dessa78: folds 
laureano290: folds 
withnohandlebar: folds 
nickwidi: folds 
Dorex2007: calls $0.10
*** FLOP *** [2d 5s Qh]
Dorex2007: checks 
ToivoTheMachine: bets $0.29
maxkxi: calls $0.29
gabrielmnds: folds 
Dorex2007: folds 
*** TURN *** [2d 5s Qh] [5h]
ToivoTheMachine: checks 
maxkxi: bets $0.57
ToivoTheMachine: raises $6.63 to $7.20 and is all-in
maxkxi: calls $1.92 and is all-in
Uncalled bet ($4.71) returned to ToivoTheMachine
*** RIVER *** [2d 5s Qh 5h] [4c]
*** SHOW DOWN ***
ToivoTheMachine: shows [7s 8s] (a pair of Fives)
maxkxi: shows [6c 6d] (two pair, Sixes and Fives)
maxkxi cashed out the hand for $5.06 | Cash Out Fee $0.05
*** SUMMARY ***
Total pot $6.18 | Rake $0.26 
Board [2d 5s Qh 5h 4c]
Seat 1: laureano290 folded before Flop (didn't bet)
Seat 2: withnohandlebar (button) folded before Flop (didn't bet)
Seat 3: nickwidi (small blind) folded before Flop
Seat 4: Dorex2007 (big blind) folded on the Flop
Seat 5: ToivoTheMachine showed [7s 8s] and lost with a pair of Fives
Seat 6: maxkxi showed [6c 6d] and won ($5.92) with two pair, Sixes and Fives (pot not awarded as player cashed out)
Seat 7: pilxx folded before Flop (didn't bet)
Seat 8: gabrielmnds folded on the Flop
Seat 9: dessa78 folded before Flop (didn't bet)



PokerStars Hand #239001236406:  Hold'em No Limit ($0.02/$0.05 USD) - 2022/10/02 16:31:21 PT [2022/10/02 19:31:21 ET]
Table 'Siegena II' 9-max Seat #3 is the button
Seat 1: laureano290 ($5 in chips) 
Seat 2: withnohandlebar ($5.32 in chips) 
Seat 3: nickwidi ($4.98 in chips) 
Seat 4: Dorex2007 ($5.54 in chips) 
Seat 5: ToivoTheMachine ($5 in chips) 
Seat 6: maxkxi ($5.06 in chips) 
Seat 7: pilxx ($8.98 in chips) 
Seat 8: gabrielmnds ($6.22 in chips) 
Seat 9: dessa78 ($6.23 in chips) 
Dorex2007: posts small blind $0.02
ToivoTheMachine: posts big blind $0.05
*** HOLE CARDS ***
Dealt to Dorex2007 [As 9c]
maxkxi: folds 
pilxx: folds 
gabrielmnds: calls $0.05
dessa78: folds 
laureano290: folds 
withnohandlebar: folds 
nickwidi: folds 
Dorex2007: folds 
ToivoTheMachine: checks 
*** FLOP *** [Ts 5d 2c]
ToivoTheMachine: checks 
gabrielmnds: checks 
*** TURN *** [Ts 5d 2c] [6c]
ToivoTheMachine: checks 
gabrielmnds: checks 
*** RIVER *** [Ts 5d 2c 6c] [7s]
ToivoTheMachine: bets $0.05
gabrielmnds: calls $0.05
*** SHOW DOWN ***
ToivoTheMachine: shows [4d 6s] (a pair of Sixes)
gabrielmnds: mucks hand 
ToivoTheMachine collected $0.21 from pot
*** SUMMARY ***
Total pot $0.22 | Rake $0.01 
Board [Ts 5d 2c 6c 7s]
Seat 1: laureano290 folded before Flop (didn't bet)
Seat 2: withnohandlebar folded before Flop (didn't bet)
Seat 3: nickwidi (button) folded before Flop (didn't bet)
Seat 4: Dorex2007 (small blind) folded before Flop
Seat 5: ToivoTheMachine (big blind) showed [4d 6s] and won ($0.21) with a pair of Sixes
Seat 6: maxkxi folded before Flop (didn't bet)
Seat 7: pilxx folded before Flop (didn't bet)
Seat 8: gabrielmnds mucked [3s 5c]
Seat 9: dessa78 folded before Flop (didn't bet)



PokerStars Hand #239001257513:  Hold'em No Limit ($0.02/$0.05 USD) - 2022/10/02 16:32:51 PT [2022/10/02 19:32:51 ET]
Table 'Siegena II' 9-max Seat #4 is the button
Seat 1: laureano290 ($5 in chips) 
Seat 2: withnohandlebar ($5.32 in chips) 
Seat 3: nickwidi ($4.98 in chips) 
Seat 4: Dorex2007 ($5.52 in chips) 
Seat 5: ToivoTheMachine ($5.11 in chips) 
Seat 6: maxkxi ($5.06 in chips) 
Seat 7: pilxx ($8.98 in chips) 
Seat 8: gabrielmnds ($6.12 in chips) 
Seat 9: dessa78 ($6.23 in chips) 
ToivoTheMachine: posts small blind $0.02
maxkxi: posts big blind $0.05
*** HOLE CARDS ***
Dealt to Dorex2007 [5s Ac]
pilxx: folds 
gabrielmnds: calls $0.05
dessa78: folds 
laureano290: folds 
withnohandlebar: folds 
nickwidi: raises $0.10 to $0.15
Dorex2007: folds 
ToivoTheMachine: raises $0.60 to $0.75
maxkxi: folds 
gabrielmnds: folds 
nickwidi: calls $0.60
*** FLOP *** [6h 6d 4s]
ToivoTheMachine: checks 
nickwidi: checks 
*** TURN *** [6h 6d 4s] [Ts]
ToivoTheMachine: bets $0.50
nickwidi: calls $0.50
*** RIVER *** [6h 6d 4s Ts] [Qd]
ToivoTheMachine: bets $0.75
nickwidi: calls $0.75
*** SHOW DOWN ***
ToivoTheMachine: shows [9h Th] (two pair, Tens and Sixes)
nickwidi: shows [Ks Qs] (two pair, Queens and Sixes)
nickwidi collected $3.93 from pot
*** SUMMARY ***
Total pot $4.10 | Rake $0.17 
Board [6h 6d 4s Ts Qd]
Seat 1: laureano290 folded before Flop (didn't bet)
Seat 2: withnohandlebar folded before Flop (didn't bet)
Seat 3: nickwidi showed [Ks Qs] and won ($3.93) with two pair, Queens and Sixes
Seat 4: Dorex2007 (button) folded before Flop (didn't bet)
Seat 5: ToivoTheMachine (small blind) showed [9h Th] and lost with two pair, Tens and Sixes
Seat 6: maxkxi (big blind) folded before Flop
Seat 7: pilxx folded before Flop (didn't bet)
Seat 8: gabrielmnds folded before Flop
Seat 9: dessa78 folded before Flop (didn't bet)



PokerStars Hand #239001277306:  Hold'em No Limit ($0.02/$0.05 USD) - 2022/10/02 16:34:16 PT [2022/10/02 19:34:16 ET]
Table 'Siegena II' 9-max Seat #5 is the button
Seat 1: laureano290 ($5 in chips) 
Seat 2: withnohandlebar ($5.32 in chips) 
Seat 3: nickwidi ($6.91 in chips) 
Seat 4: Dorex2007 ($5.52 in chips) 
Seat 5: ToivoTheMachine ($5 in chips) 
Seat 6: maxkxi ($5.01 in chips) 
Seat 7: pilxx ($8.98 in chips) 
Seat 8: gabrielmnds ($6.07 in chips) 
Seat 9: dessa78 ($6.23 in chips) 
maxkxi: posts small blind $0.02
pilxx: posts big blind $0.05
*** HOLE CARDS ***
Dealt to Dorex2007 [7c 2d]
gabrielmnds: folds 
dessa78 has timed out
dessa78: folds 
laureano290: folds 
withnohandlebar: folds 
nickwidi: folds 
Dorex2007: folds 
ToivoTheMachine: raises $0.06 to $0.11
maxkxi: folds 
pilxx: calls $0.06
*** FLOP *** [5s 5c 6h]
pilxx: checks 
ToivoTheMachine: checks 
*** TURN *** [5s 5c 6h] [Kh]
pilxx: checks 
ToivoTheMachine: checks 
*** RIVER *** [5s 5c 6h Kh] [Qc]
pilxx: checks 
ToivoTheMachine: bets $0.07
pilxx: folds 
Uncalled bet ($0.07) returned to ToivoTheMachine
ToivoTheMachine collected $0.23 from pot
ToivoTheMachine: doesn't show hand 
*** SUMMARY ***
Total pot $0.24 | Rake $0.01 
Board [5s 5c 6h Kh Qc]
Seat 1: laureano290 folded before Flop (didn't bet)
Seat 2: withnohandlebar folded before Flop (didn't bet)
Seat 3: nickwidi folded before Flop (didn't bet)
Seat 4: Dorex2007 folded before Flop (didn't bet)
Seat 5: ToivoTheMachine (button) collected ($0.23)
Seat 6: maxkxi (small blind) folded before Flop
Seat 7: pilxx (big blind) folded on the River
Seat 8: gabrielmnds folded before Flop (didn't bet)
Seat 9: dessa78 folded before Flop (didn't bet)



PokerStars Hand #239001292267:  Hold'em No Limit ($0.02/$0.05 USD) - 2022/10/02 16:35:21 PT [2022/10/02 19:35:21 ET]
Table 'Siegena II' 9-max Seat #6 is the button
Seat 1: laureano290 ($5 in chips) 
Seat 2: withnohandlebar ($5.32 in chips) 
Seat 3: nickwidi ($6.91 in chips) 
Seat 4: Dorex2007 ($5.52 in chips) 
Seat 5: ToivoTheMachine ($5.12 in chips) 
Seat 6: maxkxi ($4.99 in chips) 
Seat 7: pilxx ($8.87 in chips) 
Seat 8: gabrielmnds ($6.07 in chips) 
Seat 9: dessa78 ($6.23 in chips) 
pilxx: posts small blind $0.02
gabrielmnds: posts big blind $0.05
*** HOLE CARDS ***
Dealt to Dorex2007 [Js 3d]
dessa78: folds 
laureano290: folds 
withnohandlebar: folds 
nickwidi: folds 
Dorex2007: folds 
ToivoTheMachine: folds 
maxkxi: raises $0.15 to $0.20
pilxx: calls $0.18
gabrielmnds: calls $0.15
*** FLOP *** [8s 9h 7c]
pilxx: checks 
gabrielmnds: checks 
maxkxi: checks 
*** TURN *** [8s 9h 7c] [5s]
pilxx: checks 
gabrielmnds: checks 
maxkxi: checks 
*** RIVER *** [8s 9h 7c 5s] [Kc]
pilxx: checks 
gabrielmnds: checks 
maxkxi: bets $0.58
pilxx: folds 
gabrielmnds: folds 
Uncalled bet ($0.58) returned to maxkxi
maxkxi collected $0.58 from pot
*** SUMMARY ***
Total pot $0.60 | Rake $0.02 
Board [8s 9h 7c 5s Kc]
Seat 1: laureano290 folded before Flop (didn't bet)
Seat 2: withnohandlebar folded before Flop (didn't bet)
Seat 3: nickwidi folded before Flop (didn't bet)
Seat 4: Dorex2007 folded before Flop (didn't bet)
Seat 5: ToivoTheMachine folded before Flop (didn't bet)
Seat 6: maxkxi (button) collected ($0.58)
Seat 7: pilxx (small blind) folded on the River
Seat 8: gabrielmnds (big blind) folded on the River
Seat 9: dessa78 folded before Flop (didn't bet)



PokerStars Hand #239001314117:  Hold'em No Limit ($0.02/$0.05 USD) - 2022/10/02 16:36:56 PT [2022/10/02 19:36:56 ET]
Table 'Siegena II' 9-max Seat #7 is the button
Seat 1: laureano290 ($5 in chips) 
Seat 2: withnohandlebar ($5.32 in chips) 
Seat 3: nickwidi ($6.91 in chips) 
Seat 4: Dorex2007 ($5.52 in chips) 
Seat 5: ToivoTheMachine ($5.12 in chips) 
Seat 6: maxkxi ($5.37 in chips) 
Seat 7: pilxx ($8.67 in chips) 
Seat 8: gabrielmnds ($5.87 in chips) 
Seat 9: dessa78 ($6.23 in chips) 
gabrielmnds: posts small blind $0.02
dessa78: posts big blind $0.05
*** HOLE CARDS ***
Dealt to Dorex2007 [Kh 3h]
laureano290: folds 
withnohandlebar: folds 
nickwidi: folds 
Dorex2007: folds 
ToivoTheMachine: raises $0.07 to $0.12
maxkxi: calls $0.12
pilxx: folds 
gabrielmnds: calls $0.10
dessa78: folds 
*** FLOP *** [5d 8d 9s]
gabrielmnds: checks 
ToivoTheMachine: bets $0.21
maxkxi: calls $0.21
gabrielmnds: calls $0.21
*** TURN *** [5d 8d 9s] [2c]
gabrielmnds: checks 
ToivoTheMachine: bets $0.75
maxkxi: calls $0.75
gabrielmnds: folds 
*** RIVER *** [5d 8d 9s 2c] [Qc]
ToivoTheMachine: checks 
maxkxi: checks 
*** SHOW DOWN ***
ToivoTheMachine: shows [9h Kd] (a pair of Nines)
maxkxi: mucks hand 
ToivoTheMachine collected $2.43 from pot
*** SUMMARY ***
Total pot $2.54 | Rake $0.11 
Board [5d 8d 9s 2c Qc]
Seat 1: laureano290 folded before Flop (didn't bet)
Seat 2: withnohandlebar folded before Flop (didn't bet)
Seat 3: nickwidi folded before Flop (didn't bet)
Seat 4: Dorex2007 folded before Flop (didn't bet)
Seat 5: ToivoTheMachine showed [9h Kd] and won ($2.43) with a pair of Nines
Seat 6: maxkxi mucked [3d 6d]
Seat 7: pilxx (button) folded before Flop (didn't bet)
Seat 8: gabrielmnds (small blind) folded on the Turn
Seat 9: dessa78 (big blind) folded before Flop



PokerStars Hand #239001335848:  Hold'em No Limit ($0.02/$0.05 USD) - 2022/10/02 16:38:30 PT [2022/10/02 19:38:30 ET]
Table 'Siegena II' 9-max Seat #8 is the button
Seat 1: laureano290 ($5 in chips) 
Seat 2: withnohandlebar ($5.32 in chips) 
Seat 3: nickwidi ($6.91 in chips) 
Seat 4: Dorex2007 ($5.52 in chips) 
Seat 5: ToivoTheMachine ($6.47 in chips) 
Seat 6: maxkxi ($4.29 in chips) 
Seat 7: pilxx ($8.67 in chips) 
Seat 8: gabrielmnds ($5.54 in chips) 
Seat 9: dessa78 ($6.18 in chips) 
dessa78: posts small blind $0.02
laureano290: posts big blind $0.05
*** HOLE CARDS ***
Dealt to Dorex2007 [8h 7d]
withnohandlebar: folds 
nickwidi: raises $0.05 to $0.10
Dorex2007: folds 
ToivoTheMachine: folds 
maxkxi: folds 
pilxx: calls $0.10
gabrielmnds: calls $0.10
dessa78: folds 
laureano290: folds 
*** FLOP *** [8c Tc 4h]
nickwidi: bets $0.15
pilxx: calls $0.15
gabrielmnds: calls $0.15
*** TURN *** [8c Tc 4h] [2d]
nickwidi: bets $0.20
pilxx: calls $0.20
gabrielmnds: calls $0.20
*** RIVER *** [8c Tc 4h 2d] [6s]
nickwidi: checks 
pilxx: checks 
gabrielmnds: checks 
*** SHOW DOWN ***
nickwidi: shows [Td Kh] (a pair of Tens)
pilxx: mucks hand 
gabrielmnds: mucks hand 
nickwidi collected $1.36 from pot
*** SUMMARY ***
Total pot $1.42 | Rake $0.06 
Board [8c Tc 4h 2d 6s]
Seat 1: laureano290 (big blind) folded before Flop
Seat 2: withnohandlebar folded before Flop (didn't bet)
Seat 3: nickwidi showed [Td Kh] and won ($1.36) with a pair of Tens
Seat 4: Dorex2007 folded before Flop (didn't bet)
Seat 5: ToivoTheMachine folded before Flop (didn't bet)
Seat 6: maxkxi folded before Flop (didn't bet)
Seat 7: pilxx mucked [Jh Qd]
Seat 8: gabrielmnds (button) mucked [5h Ad]
Seat 9: dessa78 (small blind) folded before Flop



PokerStars Hand #239001352803:  Hold'em No Limit ($0.02/$0.05 USD) - 2022/10/02 16:39:45 PT [2022/10/02 19:39:45 ET]
Table 'Siegena II' 9-max Seat #9 is the button
Seat 1: laureano290 ($5 in chips) 
Seat 2: withnohandlebar ($5.32 in chips) 
Seat 3: nickwidi ($7.82 in chips) 
Seat 4: Dorex2007 ($5.52 in chips) 
Seat 5: ToivoTheMachine ($6.47 in chips) 
Seat 6: maxkxi ($4.29 in chips) 
Seat 7: pilxx ($8.22 in chips) 
Seat 8: gabrielmnds ($5.09 in chips) 
Seat 9: dessa78 ($6.16 in chips) 
laureano290: posts small blind $0.02
withnohandlebar: posts big blind $0.05
*** HOLE CARDS ***
Dealt to Dorex2007 [9c 8s]
nickwidi: folds 
Dorex2007: folds 
ToivoTheMachine: folds 
maxkxi: calls $0.05
pilxx: folds 
gabrielmnds is disconnected 
gabrielmnds has timed out while being disconnected
gabrielmnds: folds 
dessa78: raises $0.05 to $0.10
laureano290: folds 
withnohandlebar: folds 
maxkxi: calls $0.05
*** FLOP *** [9d Qs Ad]
maxkxi: checks 
dessa78: bets $0.13
maxkxi: calls $0.13
*** TURN *** [9d Qs Ad] [Kh]
maxkxi: bets $0.15
dessa78: calls $0.15
*** RIVER *** [9d Qs Ad Kh] [4d]
maxkxi: checks 
dessa78: checks 
*** SHOW DOWN ***
maxkxi: shows [Tc Js] (a straight, Ten to Ace)
dessa78: mucks hand 
maxkxi collected $0.80 from pot
*** SUMMARY ***
Total pot $0.83 | Rake $0.03 
Board [9d Qs Ad Kh 4d]
Seat 1: laureano290 (small blind) folded before Flop
Seat 2: withnohandlebar (big blind) folded before Flop
Seat 3: nickwidi folded before Flop (didn't bet)
Seat 4: Dorex2007 folded before Flop (didn't bet)
Seat 5: ToivoTheMachine folded before Flop (didn't bet)
Seat 6: maxkxi showed [Tc Js] and won ($0.80) with a straight, Ten to Ace
Seat 7: pilxx folded before Flop (didn't bet)
Seat 8: gabrielmnds folded before Flop (didn't bet)
Seat 9: dessa78 (button) mucked [As 7s]



PokerStars Hand #239001374351:  Hold'em No Limit ($0.02/$0.05 USD) - 2022/10/02 16:41:20 PT [2022/10/02 19:41:20 ET]
Table 'Siegena II' 9-max Seat #1 is the button
Seat 1: laureano290 ($5 in chips) 
Seat 2: withnohandlebar ($5.27 in chips) 
Seat 3: nickwidi ($7.82 in chips) 
Seat 4: Dorex2007 ($5.52 in chips) 
Seat 5: ToivoTheMachine ($6.47 in chips) 
Seat 6: maxkxi ($4.71 in chips) 
Seat 7: pilxx ($8.22 in chips) 
Seat 8: gabrielmnds ($5.09 in chips) 
Seat 9: dessa78 ($5.78 in chips) 
withnohandlebar: posts small blind $0.02
nickwidi: posts big blind $0.05
*** HOLE CARDS ***
Dealt to Dorex2007 [3s 8c]
Dorex2007: folds 
ToivoTheMachine: raises $0.10 to $0.15
maxkxi: folds 
pilxx: folds 
gabrielmnds: folds 
dessa78: folds 
laureano290: folds 
withnohandlebar: folds 
nickwidi: calls $0.10
*** FLOP *** [Kh Qc 6s]
nickwidi: checks 
ToivoTheMachine: bets $0.10
nickwidi: calls $0.10
*** TURN *** [Kh Qc 6s] [7c]
nickwidi: checks 
ToivoTheMachine: bets $0.25
nickwidi: folds 
Uncalled bet ($0.25) returned to ToivoTheMachine
ToivoTheMachine collected $0.50 from pot
ToivoTheMachine: doesn't show hand 
*** SUMMARY ***
Total pot $0.52 | Rake $0.02 
Board [Kh Qc 6s 7c]
Seat 1: laureano290 (button) folded before Flop (didn't bet)
Seat 2: withnohandlebar (small blind) folded before Flop
Seat 3: nickwidi (big blind) folded on the Turn
Seat 4: Dorex2007 folded before Flop (didn't bet)
Seat 5: ToivoTheMachine collected ($0.50)
Seat 6: maxkxi folded before Flop (didn't bet)
Seat 7: pilxx folded before Flop (didn't bet)
Seat 8: gabrielmnds folded before Flop (didn't bet)
Seat 9: dessa78 folded before Flop (didn't bet)



PokerStars Hand #239001388124:  Hold'em No Limit ($0.02/$0.05 USD) - 2022/10/02 16:42:21 PT [2022/10/02 19:42:21 ET]
Table 'Siegena II' 9-max Seat #2 is the button
Seat 1: laureano290 ($5 in chips) 
Seat 2: withnohandlebar ($5.25 in chips) 
Seat 3: nickwidi ($7.57 in chips) 
Seat 4: Dorex2007 ($5.52 in chips) 
Seat 5: ToivoTheMachine ($6.72 in chips) 
Seat 6: maxkxi ($4.71 in chips) 
Seat 7: pilxx ($8.22 in chips) 
Seat 8: gabrielmnds ($5.09 in chips) 
Seat 9: dessa78 ($5.78 in chips) 
nickwidi: posts small blind $0.02
Dorex2007: posts big blind $0.05
*** HOLE CARDS ***
Dealt to Dorex2007 [8d Ac]
ToivoTheMachine: folds 
maxkxi: calls $0.05
pilxx: folds 
gabrielmnds: calls $0.05
dessa78: raises $0.05 to $0.10
laureano290: folds 
withnohandlebar: folds 
nickwidi: folds 
Dorex2007: calls $0.05
maxkxi: calls $0.05
gabrielmnds: raises $0.05 to $0.15
dessa78: calls $0.05
Dorex2007: calls $0.05
maxkxi: calls $0.05
*** FLOP *** [Kd 9d 7h]
Dorex2007: checks 
maxkxi: checks 
gabrielmnds: checks 
dessa78: bets $0.47
Dorex2007: folds 
maxkxi: folds 
gabrielmnds: folds 
Uncalled bet ($0.47) returned to dessa78
dessa78 collected $0.59 from pot
*** SUMMARY ***
Total pot $0.62 | Rake $0.03 
Board [Kd 9d 7h]
Seat 1: laureano290 folded before Flop (didn't bet)
Seat 2: withnohandlebar (button) folded before Flop (didn't bet)
Seat 3: nickwidi (small blind) folded before Flop
Seat 4: Dorex2007 (big blind) folded on the Flop
Seat 5: ToivoTheMachine folded before Flop (didn't bet)
Seat 6: maxkxi folded on the Flop
Seat 7: pilxx folded before Flop (didn't bet)
Seat 8: gabrielmnds folded on the Flop
Seat 9: dessa78 collected ($0.59)



PokerStars Hand #239001402503:  Hold'em No Limit ($0.02/$0.05 USD) - 2022/10/02 16:43:26 PT [2022/10/02 19:43:26 ET]
Table 'Siegena II' 9-max Seat #3 is the button
Seat 1: laureano290 ($5 in chips) 
Seat 2: withnohandlebar ($5.25 in chips) 
Seat 3: nickwidi ($7.55 in chips) 
Seat 4: Dorex2007 ($5.37 in chips) 
Seat 5: ToivoTheMachine ($6.72 in chips) 
Seat 6: maxkxi ($4.56 in chips) 
Seat 7: pilxx ($8.22 in chips) 
Seat 8: gabrielmnds ($4.94 in chips) 
Seat 9: dessa78 ($6.22 in chips) 
Dorex2007: posts small blind $0.02
ToivoTheMachine: posts big blind $0.05
*** HOLE CARDS ***
Dealt to Dorex2007 [7c Kc]
maxkxi: raises $0.05 to $0.10
pilxx: folds 
gabrielmnds: folds 
dessa78: folds 
laureano290: folds 
withnohandlebar: folds 
nickwidi: calls $0.10
Dorex2007: folds 
ToivoTheMachine: calls $0.05
*** FLOP *** [3d 5s Tc]
ToivoTheMachine: checks 
maxkxi: bets $0.15
nickwidi: folds 
ToivoTheMachine: calls $0.15
*** TURN *** [3d 5s Tc] [Jd]
ToivoTheMachine: checks 
maxkxi: bets $0.29
ToivoTheMachine: folds 
Uncalled bet ($0.29) returned to maxkxi
maxkxi collected $0.59 from pot
*** SUMMARY ***
Total pot $0.62 | Rake $0.03 
Board [3d 5s Tc Jd]
Seat 1: laureano290 folded before Flop (didn't bet)
Seat 2: withnohandlebar folded before Flop (didn't bet)
Seat 3: nickwidi (button) folded on the Flop
Seat 4: Dorex2007 (small blind) folded before Flop
Seat 5: ToivoTheMachine (big blind) folded on the Turn
Seat 6: maxkxi collected ($0.59)
Seat 7: pilxx folded before Flop (didn't bet)
Seat 8: gabrielmnds folded before Flop (didn't bet)
Seat 9: dessa78 folded before Flop (didn't bet)



PokerStars Hand #239001423072:  Hold'em No Limit ($0.02/$0.05 USD) - 2022/10/02 16:44:59 PT [2022/10/02 19:44:59 ET]
Table 'Siegena II' 9-max Seat #4 is the button
Seat 1: laureano290 ($5 in chips) 
Seat 2: withnohandlebar ($5.25 in chips) 
Seat 3: nickwidi ($7.45 in chips) 
Seat 4: Dorex2007 ($5.35 in chips) 
Seat 5: ToivoTheMachine ($6.47 in chips) 
Seat 6: maxkxi ($4.90 in chips) 
Seat 7: pilxx ($8.22 in chips) 
Seat 8: gabrielmnds ($4.94 in chips) 
Seat 9: dessa78 ($6.22 in chips) 
ToivoTheMachine: posts small blind $0.02
maxkxi: posts big blind $0.05
*** HOLE CARDS ***
Dealt to Dorex2007 [4s 7s]
pilxx: folds 
gabrielmnds: calls $0.05
dessa78: folds 
laureano290: folds 
withnohandlebar: folds 
nickwidi: folds 
Dorex2007: folds 
ToivoTheMachine: folds 
maxkxi: checks 
*** FLOP *** [6d Qh Td]
maxkxi: bets $0.10
gabrielmnds: calls $0.10
*** TURN *** [6d Qh Td] [9c]
maxkxi: bets $0.15
gabrielmnds: calls $0.15
*** RIVER *** [6d Qh Td 9c] [2h]
maxkxi: bets $0.29
gabrielmnds: raises $0.59 to $0.88
maxkxi: calls $0.59
*** SHOW DOWN ***
gabrielmnds: shows [Qs 6h] (two pair, Queens and Sixes)
maxkxi: shows [Qd 9h] (two pair, Queens and Nines)
maxkxi collected $2.28 from pot
*** SUMMARY ***
Total pot $2.38 | Rake $0.10 
Board [6d Qh Td 9c 2h]
Seat 1: laureano290 folded before Flop (didn't bet)
Seat 2: withnohandlebar folded before Flop (didn't bet)
Seat 3: nickwidi folded before Flop (didn't bet)
Seat 4: Dorex2007 (button) folded before Flop (didn't bet)
Seat 5: ToivoTheMachine (small blind) folded before Flop
Seat 6: maxkxi (big blind) showed [Qd 9h] and won ($2.28) with two pair, Queens and Nines
Seat 7: pilxx folded before Flop (didn't bet)
Seat 8: gabrielmnds showed [Qs 6h] and lost with two pair, Queens and Sixes
Seat 9: dessa78 folded before Flop (didn't bet)



PokerStars Hand #239001440703:  Hold'em No Limit ($0.02/$0.05 USD) - 2022/10/02 16:46:19 PT [2022/10/02 19:46:19 ET]
Table 'Siegena II' 9-max Seat #5 is the button
Seat 1: laureano290 ($5 in chips) 
Seat 2: withnohandlebar ($5.25 in chips) 
Seat 3: nickwidi ($7.45 in chips) 
Seat 4: Dorex2007 ($5.35 in chips) 
Seat 5: ToivoTheMachine ($6.45 in chips) 
Seat 6: maxkxi ($6 in chips) 
Seat 7: pilxx ($8.22 in chips) 
Seat 8: gabrielmnds ($3.76 in chips) 
Seat 9: dessa78 ($6.22 in chips) 
maxkxi: posts small blind $0.02
pilxx: posts big blind $0.05
*** HOLE CARDS ***
Dealt to Dorex2007 [5c 6c]
gabrielmnds: calls $0.05
dessa78: raises $0.05 to $0.10
laureano290: folds 
withnohandlebar: folds 
nickwidi: folds 
Dorex2007: folds 
ToivoTheMachine: folds 
maxkxi: folds 
pilxx: calls $0.05
gabrielmnds: calls $0.05
*** FLOP *** [9h 8d Ts]
pilxx: checks 
gabrielmnds: checks 
dessa78: checks 
*** TURN *** [9h 8d Ts] [Kc]
pilxx: bets $0.15
gabrielmnds: folds 
dessa78: calls $0.15
*** RIVER *** [9h 8d Ts Kc] [8s]
pilxx: bets $0.29
dessa78: calls $0.29
*** SHOW DOWN ***
pilxx: shows [Ks Jc] (two pair, Kings and Eights)
dessa78: shows [Kd Qc] (two pair, Kings and Eights - Queen kicker)
dessa78 collected $1.15 from pot
*** SUMMARY ***
Total pot $1.20 | Rake $0.05 
Board [9h 8d Ts Kc 8s]
Seat 1: laureano290 folded before Flop (didn't bet)
Seat 2: withnohandlebar folded before Flop (didn't bet)
Seat 3: nickwidi folded before Flop (didn't bet)
Seat 4: Dorex2007 folded before Flop (didn't bet)
Seat 5: ToivoTheMachine (button) folded before Flop (didn't bet)
Seat 6: maxkxi (small blind) folded before Flop
Seat 7: pilxx (big blind) showed [Ks Jc] and lost with two pair, Kings and Eights
Seat 8: gabrielmnds folded on the Turn
Seat 9: dessa78 showed [Kd Qc] and won ($1.15) with two pair, Kings and Eights



PokerStars Hand #239001451356:  Hold'em No Limit ($0.02/$0.05 USD) - 2022/10/02 16:47:07 PT [2022/10/02 19:47:07 ET]
Table 'Siegena II' 9-max Seat #7 is the button
Seat 1: laureano290 ($5 in chips) 
Seat 2: withnohandlebar ($5.25 in chips) 
Seat 3: nickwidi ($7.45 in chips) 
Seat 4: Dorex2007 ($5.35 in chips) 
Seat 5: ToivoTheMachine ($6.45 in chips) 
Seat 7: pilxx ($7.68 in chips) 
Seat 8: gabrielmnds ($3.66 in chips) 
Seat 9: dessa78 ($6.83 in chips) 
gabrielmnds: posts small blind $0.02
dessa78: posts big blind $0.05
*** HOLE CARDS ***
Dealt to Dorex2007 [4s 2h]
laureano290: folds 
withnohandlebar: folds 
nickwidi: folds 
Dorex2007: folds 
ToivoTheMachine: folds 
pilxx: raises $0.35 to $0.40
gabrielmnds: calls $0.38
dessa78: folds 
*** FLOP *** [6c 7c Qs]
gabrielmnds: checks 
pilxx: bets $0.40
gabrielmnds: calls $0.40
*** TURN *** [6c 7c Qs] [3h]
gabrielmnds: checks 
pilxx: bets $0.79
gabrielmnds: calls $0.79
*** RIVER *** [6c 7c Qs 3h] [6d]
gabrielmnds: checks 
pilxx: bets $1.55
gabrielmnds: folds 
Uncalled bet ($1.55) returned to pilxx
pilxx collected $3.07 from pot
*** SUMMARY ***
Total pot $3.23 | Rake $0.16 
Board [6c 7c Qs 3h 6d]
Seat 1: laureano290 folded before Flop (didn't bet)
Seat 2: withnohandlebar folded before Flop (didn't bet)
Seat 3: nickwidi folded before Flop (didn't bet)
Seat 4: Dorex2007 folded before Flop (didn't bet)
Seat 5: ToivoTheMachine folded before Flop (didn't bet)
Seat 7: pilxx (button) collected ($3.07)
Seat 8: gabrielmnds (small blind) folded on the River
Seat 9: dessa78 (big blind) folded before Flop



PokerStars Hand #239001461323:  Hold'em No Limit ($0.02/$0.05 USD) - 2022/10/02 16:47:52 PT [2022/10/02 19:47:52 ET]
Table 'Siegena II' 9-max Seat #8 is the button
Seat 1: laureano290 ($5 in chips) 
Seat 2: withnohandlebar ($5.25 in chips) 
Seat 3: nickwidi ($7.45 in chips) 
Seat 4: Dorex2007 ($5.35 in chips) 
Seat 5: ToivoTheMachine ($6.45 in chips) 
Seat 7: pilxx ($9.16 in chips) 
Seat 8: gabrielmnds ($2.07 in chips) 
Seat 9: dessa78 ($6.78 in chips) 
dessa78: posts small blind $0.02
laureano290: posts big blind $0.05
*** HOLE CARDS ***
Dealt to Dorex2007 [3s Qh]
withnohandlebar: folds 
nickwidi: raises $0.05 to $0.10
Dorex2007: folds 
ToivoTheMachine: folds 
pilxx: folds 
gabrielmnds: calls $0.10
dessa78: folds 
laureano290: folds 
*** FLOP *** [Jc 6s 5h]
nickwidi: checks 
gabrielmnds: checks 
*** TURN *** [Jc 6s 5h] [Qd]
nickwidi: checks 
gabrielmnds: checks 
*** RIVER *** [Jc 6s 5h Qd] [9s]
nickwidi: bets $0.26
gabrielmnds: calls $0.26
*** SHOW DOWN ***
nickwidi: shows [As Ah] (a pair of Aces)
gabrielmnds: mucks hand 
nickwidi collected $0.76 from pot
*** SUMMARY ***
Total pot $0.79 | Rake $0.03 
Board [Jc 6s 5h Qd 9s]
Seat 1: laureano290 (big blind) folded before Flop
Seat 2: withnohandlebar folded before Flop (didn't bet)
Seat 3: nickwidi showed [As Ah] and won ($0.76) with a pair of Aces
Seat 4: Dorex2007 folded before Flop (didn't bet)
Seat 5: ToivoTheMachine folded before Flop (didn't bet)
Seat 7: pilxx folded before Flop (didn't bet)
Seat 8: gabrielmnds (button) mucked [Qs 7h]
Seat 9: dessa78 (small blind) folded before Flop



PokerStars Hand #239001470895:  Hold'em No Limit ($0.02/$0.05 USD) - 2022/10/02 16:48:37 PT [2022/10/02 19:48:37 ET]
Table 'Siegena II' 9-max Seat #9 is the button
Seat 1: laureano290 ($5 in chips) 
Seat 2: withnohandlebar ($5.25 in chips) 
Seat 3: nickwidi ($7.85 in chips) 
Seat 4: Dorex2007 ($5.35 in chips) 
Seat 5: ToivoTheMachine ($6.45 in chips) 
Seat 7: pilxx ($9.16 in chips) 
Seat 8: gabrielmnds ($1.71 in chips) 
Seat 9: dessa78 ($6.76 in chips) 
laureano290: posts small blind $0.02
withnohandlebar: posts big blind $0.05
*** HOLE CARDS ***
Dealt to Dorex2007 [3d Js]
nickwidi: folds 
Dorex2007: folds 
ToivoTheMachine: folds 
pilxx: folds 
gabrielmnds: raises $1.66 to $1.71 and is all-in
dessa78: folds 
laureano290: folds 
withnohandlebar: folds 
Uncalled bet ($1.66) returned to gabrielmnds
gabrielmnds collected $0.12 from pot
*** SUMMARY ***
Total pot $0.12 | Rake $0 
Seat 1: laureano290 (small blind) folded before Flop
Seat 2: withnohandlebar (big blind) folded before Flop
Seat 3: nickwidi folded before Flop (didn't bet)
Seat 4: Dorex2007 folded before Flop (didn't bet)
Seat 5: ToivoTheMachine folded before Flop (didn't bet)
Seat 7: pilxx folded before Flop (didn't bet)
Seat 8: gabrielmnds collected ($0.12)
Seat 9: dessa78 (button) folded before Flop (didn't bet)



PokerStars Hand #239001476369:  Hold'em No Limit ($0.02/$0.05 USD) - 2022/10/02 16:49:02 PT [2022/10/02 19:49:02 ET]
Table 'Siegena II' 9-max Seat #1 is the button
Seat 1: laureano290 ($5 in chips) 
Seat 2: withnohandlebar ($5.20 in chips) 
Seat 3: nickwidi ($7.85 in chips) 
Seat 4: Dorex2007 ($5.35 in chips) 
Seat 5: ToivoTheMachine ($6.45 in chips) 
Seat 7: pilxx ($9.16 in chips) 
Seat 8: gabrielmnds ($1.78 in chips) 
Seat 9: dessa78 ($6.76 in chips) 
withnohandlebar: posts small blind $0.02
nickwidi: posts big blind $0.05
*** HOLE CARDS ***
Dealt to Dorex2007 [8s Tc]
Dorex2007: folds 
ToivoTheMachine: folds 
pilxx: folds 
gabrielmnds: calls $0.05
dessa78: folds 
laureano290: raises $0.15 to $0.20
withnohandlebar: folds 
nickwidi: calls $0.15
gabrielmnds: raises $0.15 to $0.35
laureano290: raises $2.83 to $3.18
nickwidi: folds 
gabrielmnds: calls $1.43 and is all-in
Uncalled bet ($1.40) returned to laureano290
*** FLOP *** [4d 3s 6c]
*** TURN *** [4d 3s 6c] [4c]
*** RIVER *** [4d 3s 6c 4c] [Ah]
*** SHOW DOWN ***
gabrielmnds: shows [3c Ac] (two pair, Aces and Fours)
laureano290: shows [8d 8h] (two pair, Eights and Fours)
gabrielmnds collected $3.62 from pot
*** SUMMARY ***
Total pot $3.78 | Rake $0.16 
Board [4d 3s 6c 4c Ah]
Seat 1: laureano290 (button) showed [8d 8h] and lost with two pair, Eights and Fours
Seat 2: withnohandlebar (small blind) folded before Flop
Seat 3: nickwidi (big blind) folded before Flop
Seat 4: Dorex2007 folded before Flop (didn't bet)
Seat 5: ToivoTheMachine folded before Flop (didn't bet)
Seat 7: pilxx folded before Flop (didn't bet)
Seat 8: gabrielmnds showed [3c Ac] and won ($3.62) with two pair, Aces and Fours
Seat 9: dessa78 folded before Flop (didn't bet)



PokerStars Hand #239001486860:  Hold'em No Limit ($0.02/$0.05 USD) - 2022/10/02 16:49:50 PT [2022/10/02 19:49:50 ET]
Table 'Siegena II' 9-max Seat #2 is the button
Seat 1: laureano290 ($5 in chips) 
Seat 2: withnohandlebar ($5.18 in chips) 
Seat 3: nickwidi ($7.65 in chips) 
Seat 4: Dorex2007 ($5.35 in chips) 
Seat 5: ToivoTheMachine ($6.45 in chips) 
Seat 7: pilxx ($9.16 in chips) 
Seat 8: gabrielmnds ($3.62 in chips) 
Seat 9: dessa78 ($6.76 in chips) 
nickwidi: posts small blind $0.02
Dorex2007: posts big blind $0.05
*** HOLE CARDS ***
Dealt to Dorex2007 [8h As]
ToivoTheMachine: folds 
pilxx: folds 
gabrielmnds: calls $0.05
ToivoTheMachine leaves the table
dessa78: folds 
laureano290: folds 
withnohandlebar: folds 
MrWaffle_lol joins the table at seat #5 
nickwidi: raises $0.15 to $0.20
Dorex2007: folds 
gabrielmnds: calls $0.15
*** FLOP *** [5c 6s 4c]
nickwidi: checks 
gabrielmnds: checks 
*** TURN *** [5c 6s 4c] [Jh]
nickwidi: bets $0.10
gabrielmnds: calls $0.10
*** RIVER *** [5c 6s 4c Jh] [Kc]
nickwidi: bets $0.31
gabrielmnds: folds 
Uncalled bet ($0.31) returned to nickwidi
nickwidi collected $0.62 from pot
*** SUMMARY ***
Total pot $0.65 | Rake $0.03 
Board [5c 6s 4c Jh Kc]
Seat 1: laureano290 folded before Flop (didn't bet)
Seat 2: withnohandlebar (button) folded before Flop (didn't bet)
Seat 3: nickwidi (small blind) collected ($0.62)
Seat 4: Dorex2007 (big blind) folded before Flop
Seat 5: ToivoTheMachine folded before Flop (didn't bet)
Seat 7: pilxx folded before Flop (didn't bet)
Seat 8: gabrielmnds folded on the River
Seat 9: dessa78 folded before Flop (didn't bet)



PokerStars Hand #239001499607:  Hold'em No Limit ($0.02/$0.05 USD) - 2022/10/02 16:50:49 PT [2022/10/02 19:50:49 ET]
Table 'Siegena II' 9-max Seat #3 is the button
Seat 1: laureano290 ($5 in chips) 
Seat 2: withnohandlebar ($5.18 in chips) 
Seat 3: nickwidi ($7.97 in chips) 
Seat 4: Dorex2007 ($5.30 in chips) 
Seat 5: MrWaffle_lol ($6.01 in chips) 
Seat 7: pilxx ($9.16 in chips) 
Seat 8: gabrielmnds ($3.32 in chips) 
Seat 9: dessa78 ($6.76 in chips) 
Dorex2007: posts small blind $0.02
MrWaffle_lol: posts big blind $0.05
*** HOLE CARDS ***
Dealt to Dorex2007 [3s Kd]
pilxx: calls $0.05
gabrielmnds: calls $0.05
dessa78: calls $0.05
laureano290: folds 
withnohandlebar: folds 
nickwidi: folds 
Dorex2007: folds 
MrWaffle_lol: checks 
*** FLOP *** [9c 5d 6s]
MrWaffle_lol: checks 
pilxx: checks 
gabrielmnds: checks 
dessa78: checks 
*** TURN *** [9c 5d 6s] [6h]
MrWaffle_lol: checks 
pilxx: checks 
gabrielmnds: checks 
dessa78: checks 
*** RIVER *** [9c 5d 6s 6h] [Ad]
MrWaffle_lol: checks 
pilxx: checks 
gabrielmnds: checks 
dessa78: checks 
*** SHOW DOWN ***
MrWaffle_lol: shows [Tc 7s] (a pair of Sixes)
pilxx: shows [Jc Qs] (a pair of Sixes - Ace+Queen kicker)
gabrielmnds: mucks hand 
dessa78: shows [Th Ks] (a pair of Sixes - Ace+King kicker)
dessa78 collected $0.21 from pot
*** SUMMARY ***
Total pot $0.22 | Rake $0.01 
Board [9c 5d 6s 6h Ad]
Seat 1: laureano290 folded before Flop (didn't bet)
Seat 2: withnohandlebar folded before Flop (didn't bet)
Seat 3: nickwidi (button) folded before Flop (didn't bet)
Seat 4: Dorex2007 (small blind) folded before Flop
Seat 5: MrWaffle_lol (big blind) showed [Tc 7s] and lost with a pair of Sixes
Seat 7: pilxx showed [Jc Qs] and lost with a pair of Sixes
Seat 8: gabrielmnds mucked [Qh 7c]
Seat 9: dessa78 showed [Th Ks] and won ($0.21) with a pair of Sixes



PokerStars Hand #239001513862:  Hold'em No Limit ($0.02/$0.05 USD) - 2022/10/02 16:51:54 PT [2022/10/02 19:51:54 ET]
Table 'Siegena II' 9-max Seat #4 is the button
Seat 1: laureano290 ($5 in chips) 
Seat 2: withnohandlebar ($5.18 in chips) 
Seat 3: nickwidi ($7.97 in chips) 
Seat 4: Dorex2007 ($5.28 in chips) 
Seat 5: MrWaffle_lol ($5.96 in chips) 
Seat 7: pilxx ($9.11 in chips) 
Seat 8: gabrielmnds ($3.27 in chips) 
Seat 9: dessa78 ($6.92 in chips) 
MrWaffle_lol: posts small blind $0.02
pilxx: posts big blind $0.05
*** HOLE CARDS ***
Dealt to Dorex2007 [7c 8s]
gabrielmnds: calls $0.05
dessa78: folds 
laureano290: folds 
withnohandlebar: folds 
nickwidi: raises $0.17 to $0.22
Dorex2007: folds 
MrWaffle_lol: folds 
pilxx: folds 
gabrielmnds: calls $0.17
*** FLOP *** [3h 5h 5d]
gabrielmnds: checks 
nickwidi: checks 
*** TURN *** [3h 5h 5d] [2h]
gabrielmnds: checks 
nickwidi: checks 
*** RIVER *** [3h 5h 5d 2h] [9h]
gabrielmnds: checks 
nickwidi: checks 
*** SHOW DOWN ***
gabrielmnds: shows [Qc Js] (a pair of Fives)
nickwidi: shows [Tc Kc] (a pair of Fives - King kicker)
nickwidi collected $0.49 from pot
*** SUMMARY ***
Total pot $0.51 | Rake $0.02 
Board [3h 5h 5d 2h 9h]
Seat 1: laureano290 folded before Flop (didn't bet)
Seat 2: withnohandlebar folded before Flop (didn't bet)
Seat 3: nickwidi showed [Tc Kc] and won ($0.49) with a pair of Fives
Seat 4: Dorex2007 (button) folded before Flop (didn't bet)
Seat 5: MrWaffle_lol (small blind) folded before Flop
Seat 7: pilxx (big blind) folded before Flop
Seat 8: gabrielmnds showed [Qc Js] and lost with a pair of Fives
Seat 9: dessa78 folded before Flop (didn't bet)



PokerStars Hand #239001520589:  Hold'em No Limit ($0.02/$0.05 USD) - 2022/10/02 16:52:24 PT [2022/10/02 19:52:24 ET]
Table 'Siegena II' 9-max Seat #5 is the button
Seat 1: laureano290 ($5 in chips) 
Seat 2: withnohandlebar ($5.18 in chips) 
Seat 3: nickwidi ($8.24 in chips) 
Seat 4: Dorex2007 ($5.28 in chips) 
Seat 5: MrWaffle_lol ($5.94 in chips) 
Seat 7: pilxx ($9.06 in chips) 
Seat 8: gabrielmnds ($3.05 in chips) 
Seat 9: dessa78 ($6.92 in chips) 
pilxx: posts small blind $0.02
gabrielmnds: posts big blind $0.05
*** HOLE CARDS ***
Dealt to Dorex2007 [5d Kh]
dessa78: folds 
laureano290: folds 
withnohandlebar: folds 
nickwidi: raises $0.10 to $0.15
Dorex2007: folds 
MrWaffle_lol: folds 
pilxx: folds 
gabrielmnds: calls $0.10
*** FLOP *** [Js 9d 8s]
gabrielmnds: checks 
nickwidi: checks 
*** TURN *** [Js 9d 8s] [3s]
gabrielmnds: checks 
nickwidi: bets $0.15
gabrielmnds: folds 
Uncalled bet ($0.15) returned to nickwidi
nickwidi collected $0.31 from pot
*** SUMMARY ***
Total pot $0.32 | Rake $0.01 
Board [Js 9d 8s 3s]
Seat 1: laureano290 folded before Flop (didn't bet)
Seat 2: withnohandlebar folded before Flop (didn't bet)
Seat 3: nickwidi collected ($0.31)
Seat 4: Dorex2007 folded before Flop (didn't bet)
Seat 5: MrWaffle_lol (button) folded before Flop (didn't bet)
Seat 7: pilxx (small blind) folded before Flop
Seat 8: gabrielmnds (big blind) folded on the Turn
Seat 9: dessa78 folded before Flop (didn't bet)



PokerStars Hand #239001528525:  Hold'em No Limit ($0.02/$0.05 USD) - 2022/10/02 16:53:01 PT [2022/10/02 19:53:01 ET]
Table 'Siegena II' 9-max Seat #7 is the button
Seat 1: laureano290 ($5 in chips) 
Seat 2: withnohandlebar ($5.18 in chips) 
Seat 3: nickwidi ($8.40 in chips) 
Seat 4: Dorex2007 ($5.28 in chips) 
Seat 5: MrWaffle_lol ($5.94 in chips) 
Seat 7: pilxx ($9.04 in chips) 
Seat 8: gabrielmnds ($2.90 in chips) 
Seat 9: dessa78 ($6.92 in chips) 
gabrielmnds: posts small blind $0.02
dessa78: posts big blind $0.05
*** HOLE CARDS ***
Dealt to Dorex2007 [Th 8d]
laureano290: folds 
withnohandlebar: raises $0.07 to $0.12
nickwidi: folds 
Dorex2007: folds 
MrWaffle_lol: folds 
pilxx: folds 
gabrielmnds: calls $0.10
dessa78: folds 
*** FLOP *** [8h Td 9c]
gabrielmnds: checks 
withnohandlebar: bets $0.21
gabrielmnds: folds 
Uncalled bet ($0.21) returned to withnohandlebar
withnohandlebar collected $0.28 from pot
*** SUMMARY ***
Total pot $0.29 | Rake $0.01 
Board [8h Td 9c]
Seat 1: laureano290 folded before Flop (didn't bet)
Seat 2: withnohandlebar collected ($0.28)
Seat 3: nickwidi folded before Flop (didn't bet)
Seat 4: Dorex2007 folded before Flop (didn't bet)
Seat 5: MrWaffle_lol folded before Flop (didn't bet)
Seat 7: pilxx (button) folded before Flop (didn't bet)
Seat 8: gabrielmnds (small blind) folded on the Flop
Seat 9: dessa78 (big blind) folded before Flop



PokerStars Hand #239001536191:  Hold'em No Limit ($0.02/$0.05 USD) - 2022/10/02 16:53:37 PT [2022/10/02 19:53:37 ET]
Table 'Siegena II' 9-max Seat #8 is the button
Seat 1: laureano290 ($5 in chips) 
Seat 2: withnohandlebar ($5.34 in chips) 
Seat 3: nickwidi ($8.40 in chips) 
Seat 4: Dorex2007 ($5.28 in chips) 
Seat 5: MrWaffle_lol ($5.94 in chips) 
Seat 7: pilxx ($9.04 in chips) 
Seat 8: gabrielmnds ($2.78 in chips) 
Seat 9: dessa78 ($6.87 in chips) 
dessa78: posts small blind $0.02
laureano290: posts big blind $0.05
*** HOLE CARDS ***
Dealt to Dorex2007 [5s Kd]
withnohandlebar: folds 
nickwidi: raises $0.10 to $0.15
Dorex2007: folds 
MrWaffle_lol: folds 
pilxx: folds 
gabrielmnds: calls $0.15
dessa78: folds 
laureano290: folds 
*** FLOP *** [Jh 9s 3h]
nickwidi: bets $0.17
gabrielmnds: calls $0.17
*** TURN *** [Jh 9s 3h] [7s]
nickwidi: bets $0.29
gabrielmnds: calls $0.29
*** RIVER *** [Jh 9s 3h 7s] [2d]
nickwidi: bets $1.24
gabrielmnds: raises $0.93 to $2.17 and is all-in
nickwidi: calls $0.93
*** SHOW DOWN ***
gabrielmnds: shows [2s 3s] (two pair, Threes and Deuces)
nickwidi: shows [Ks Th] (high card King)
gabrielmnds collected $5.40 from pot
*** SUMMARY ***
Total pot $5.63 | Rake $0.23 
Board [Jh 9s 3h 7s 2d]
Seat 1: laureano290 (big blind) folded before Flop
Seat 2: withnohandlebar folded before Flop (didn't bet)
Seat 3: nickwidi showed [Ks Th] and lost with high card King
Seat 4: Dorex2007 folded before Flop (didn't bet)
Seat 5: MrWaffle_lol folded before Flop (didn't bet)
Seat 7: pilxx folded before Flop (didn't bet)
Seat 8: gabrielmnds (button) showed [2s 3s] and won ($5.40) with two pair, Threes and Deuces
Seat 9: dessa78 (small blind) folded before Flop



PokerStars Hand #239001550984:  Hold'em No Limit ($0.02/$0.05 USD) - 2022/10/02 16:54:46 PT [2022/10/02 19:54:46 ET]
Table 'Siegena II' 9-max Seat #9 is the button
Seat 1: laureano290 ($5 in chips) 
Seat 2: withnohandlebar ($5.34 in chips) 
Seat 3: nickwidi ($5.62 in chips) 
Seat 4: Dorex2007 ($5.28 in chips) 
Seat 5: MrWaffle_lol ($5.94 in chips) 
Seat 7: pilxx ($9.04 in chips) 
Seat 8: gabrielmnds ($5.40 in chips) 
Seat 9: dessa78 ($6.85 in chips) 
laureano290: posts small blind $0.02
withnohandlebar: posts big blind $0.05
*** HOLE CARDS ***
Dealt to Dorex2007 [2d Qc]
nickwidi: calls $0.05
Dorex2007: folds 
MrWaffle_lol: folds 
pilxx: folds 
gabrielmnds: calls $0.05
dessa78: folds 
laureano290: raises $0.20 to $0.25
withnohandlebar: folds 
nickwidi: folds 
gabrielmnds: calls $0.20
*** FLOP *** [2s Tc 8d]
laureano290: bets $0.26
gabrielmnds: folds 
Uncalled bet ($0.26) returned to laureano290
laureano290 collected $0.58 from pot
laureano290: doesn't show hand 
*** SUMMARY ***
Total pot $0.60 | Rake $0.02 
Board [2s Tc 8d]
Seat 1: laureano290 (small blind) collected ($0.58)
Seat 2: withnohandlebar (big blind) folded before Flop
Seat 3: nickwidi folded before Flop
Seat 4: Dorex2007 folded before Flop (didn't bet)
Seat 5: MrWaffle_lol folded before Flop (didn't bet)
Seat 7: pilxx folded before Flop (didn't bet)
Seat 8: gabrielmnds folded on the Flop
Seat 9: dessa78 (button) folded before Flop (didn't bet)



PokerStars Hand #239001592736:  Hold'em No Limit ($0.02/$0.05 USD) - 2022/10/02 16:58:47 PT [2022/10/02 19:58:47 ET]
Table 'Siegena II' 9-max Seat #5 is the button
Seat 1: laureano290 ($5.33 in chips) 
Seat 4: Dorex2007 ($5.28 in chips) 
Seat 5: MrWaffle_lol ($5.82 in chips) 
Seat 7: pilxx ($14.01 in chips) 
Seat 8: gabrielmnds ($4.58 in chips) 
Seat 9: dessa78 ($7.23 in chips) 
pilxx: posts small blind $0.02
gabrielmnds: posts big blind $0.05
Dorex2007: posts small & big blinds $0.07
*** HOLE CARDS ***
Dealt to Dorex2007 [Qd 6s]
nickwidi is disconnected 
dessa78: folds 
laureano290: folds 
Dorex2007: checks 
MrWaffle_lol: folds 
pilxx: calls $0.03
gabrielmnds: checks 
*** FLOP *** [7h 2d 4h]
pilxx: bets $0.16
gabrielmnds: folds 
Dorex2007: folds 
Uncalled bet ($0.16) returned to pilxx
pilxx collected $0.16 from pot
*** SUMMARY ***
Total pot $0.17 | Rake $0.01 
Board [7h 2d 4h]
Seat 1: laureano290 folded before Flop (didn't bet)
Seat 4: Dorex2007 folded on the Flop (didn't bet)
Seat 5: MrWaffle_lol (button) folded before Flop (didn't bet)
Seat 7: pilxx (small blind) collected ($0.16)
Seat 8: gabrielmnds (big blind) folded on the Flop
Seat 9: dessa78 folded before Flop (didn't bet)



PokerStars Hand #239001598608:  Hold'em No Limit ($0.02/$0.05 USD) - 2022/10/02 16:59:22 PT [2022/10/02 19:59:22 ET]
Table 'Siegena II' 9-max Seat #7 is the button
Seat 1: laureano290 ($5.33 in chips) 
Seat 4: Dorex2007 ($5.21 in chips) 
Seat 5: MrWaffle_lol ($5.82 in chips) 
Seat 7: pilxx ($14.12 in chips) 
Seat 8: gabrielmnds ($4.53 in chips) 
Seat 9: dessa78 ($7.23 in chips) 
gabrielmnds: posts small blind $0.02
dessa78: posts big blind $0.05
*** HOLE CARDS ***
Dealt to Dorex2007 [9h 3c]
laureano290: folds 
Dorex2007: folds 
MrWaffle_lol: folds 
pilxx: folds 
gabrielmnds: calls $0.03
dessa78: checks 
*** FLOP *** [6c 5s 8s]
gabrielmnds: checks 
dessa78: checks 
*** TURN *** [6c 5s 8s] [3s]
gabrielmnds: checks 
dessa78: checks 
*** RIVER *** [6c 5s 8s 3s] [5d]
gabrielmnds: checks 
dessa78: bets $0.05
gabrielmnds: calls $0.05
*** SHOW DOWN ***
dessa78: shows [Jd 6d] (two pair, Sixes and Fives)
gabrielmnds: mucks hand 
dessa78 collected $0.19 from pot
*** SUMMARY ***
Total pot $0.20 | Rake $0.01 
Board [6c 5s 8s 3s 5d]
Seat 1: laureano290 folded before Flop (didn't bet)
Seat 4: Dorex2007 folded before Flop (didn't bet)
Seat 5: MrWaffle_lol folded before Flop (didn't bet)
Seat 7: pilxx (button) folded before Flop (didn't bet)
Seat 8: gabrielmnds (small blind) mucked [Qc 7h]
Seat 9: dessa78 (big blind) showed [Jd 6d] and won ($0.19) with two pair, Sixes and Fives



PokerStars Hand #239001605602:  Hold'em No Limit ($0.02/$0.05 USD) - 2022/10/02 17:00:03 PT [2022/10/02 20:00:03 ET]
Table 'Siegena II' 9-max Seat #8 is the button
Seat 1: laureano290 ($5.33 in chips) 
Seat 4: Dorex2007 ($5.21 in chips) 
Seat 5: MrWaffle_lol ($5.82 in chips) 
Seat 7: pilxx ($14.12 in chips) 
Seat 8: gabrielmnds ($4.43 in chips) 
Seat 9: dessa78 ($7.32 in chips) 
dessa78: posts small blind $0.02
laureano290: posts big blind $0.05
*** HOLE CARDS ***
Dealt to Dorex2007 [3c 7s]
Dorex2007: folds 
MrWaffle_lol: folds 
pilxx: calls $0.05
gabrielmnds: calls $0.05
dessa78: calls $0.03
laureano290: checks 
*** FLOP *** [Kc Ts Kh]
dessa78: checks 
laureano290: checks 
pilxx: checks 
gabrielmnds: checks 
*** TURN *** [Kc Ts Kh] [5h]
dessa78: checks 
laureano290: checks 
pilxx: bets $0.05
gabrielmnds: calls $0.05
dessa78: calls $0.05
laureano290: calls $0.05
*** RIVER *** [Kc Ts Kh 5h] [9h]
dessa78: checks 
laureano290: checks 
pilxx: bets $0.19
gabrielmnds: raises $0.38 to $0.57
dessa78: folds 
laureano290: folds 
pilxx: calls $0.38
*** SHOW DOWN ***
gabrielmnds: shows [Kd 2d] (three of a kind, Kings)
pilxx: shows [Qh 7h] (a flush, King high)
pilxx collected $1.46 from pot
*** SUMMARY ***
Total pot $1.54 | Rake $0.08 
Board [Kc Ts Kh 5h 9h]
Seat 1: laureano290 (big blind) folded on the River
Seat 4: Dorex2007 folded before Flop (didn't bet)
Seat 5: MrWaffle_lol folded before Flop (didn't bet)
Seat 7: pilxx showed [Qh 7h] and won ($1.46) with a flush, King high
Seat 8: gabrielmnds (button) showed [Kd 2d] and lost with three of a kind, Kings
Seat 9: dessa78 (small blind) folded on the River



PokerStars Hand #239001627470:  Hold'em No Limit ($0.02/$0.05 USD) - 2022/10/02 17:01:57 PT [2022/10/02 20:01:57 ET]
Table 'Siegena II' 9-max Seat #9 is the button
Seat 1: laureano290 ($5.23 in chips) 
Seat 4: Dorex2007 ($5.21 in chips) 
Seat 5: MrWaffle_lol ($5.82 in chips) 
Seat 7: pilxx ($14.91 in chips) 
Seat 9: dessa78 ($7.22 in chips) 
laureano290: posts small blind $0.02
Dorex2007: posts big blind $0.05
*** HOLE CARDS ***
Dealt to Dorex2007 [As 9h]
MrWaffle_lol: folds 
pilxx: calls $0.05
dessa78: folds 
laureano290: calls $0.03
Dorex2007: checks 
*** FLOP *** [Td Ks 9s]
laureano290: checks 
Dorex2007: checks 
pilxx: checks 
*** TURN *** [Td Ks 9s] [Jd]
laureano290: checks 
Dorex2007: checks 
pilxx: checks 
*** RIVER *** [Td Ks 9s Jd] [Tc]
laureano290: checks 
Dorex2007: checks 
pilxx: checks 
*** SHOW DOWN ***
laureano290: shows [Kc Js] (two pair, Kings and Jacks)
Dorex2007: mucks hand 
gabrielmnds is disconnected 
pilxx: mucks hand 
laureano290 collected $0.14 from pot
*** SUMMARY ***
Total pot $0.15 | Rake $0.01 
Board [Td Ks 9s Jd Tc]
Seat 1: laureano290 (small blind) showed [Kc Js] and won ($0.14) with two pair, Kings and Jacks
Seat 4: Dorex2007 (big blind) mucked [As 9h]
Seat 5: MrWaffle_lol folded before Flop (didn't bet)
Seat 7: pilxx mucked [Jc 8c]
Seat 9: dessa78 (button) folded before Flop (didn't bet)



PokerStars Hand #239001635144:  Hold'em No Limit ($0.02/$0.05 USD) - 2022/10/02 17:02:33 PT [2022/10/02 20:02:33 ET]
Table 'Siegena II' 9-max Seat #1 is the button
Seat 1: laureano290 ($5.32 in chips) 
Seat 4: Dorex2007 ($5.16 in chips) 
Seat 7: pilxx ($14.86 in chips) 
Seat 9: dessa78 ($7.22 in chips) 
Dorex2007: posts small blind $0.02
MrWaffle_lol: is sitting out 
pilxx: posts big blind $0.05
*** HOLE CARDS ***
Dealt to Dorex2007 [8d Kh]
dessa78: folds 
laureano290: folds 
Dorex2007: folds 
Uncalled bet ($0.03) returned to pilxx
pilxx collected $0.04 from pot
*** SUMMARY ***
Total pot $0.04 | Rake $0 
Seat 1: laureano290 (button) folded before Flop (didn't bet)
Seat 4: Dorex2007 (small blind) folded before Flop
Seat 7: pilxx (big blind) collected ($0.04)
Seat 9: dessa78 folded before Flop (didn't bet)



PokerStars Hand #239001636437:  Hold'em No Limit ($0.02/$0.05 USD) - 2022/10/02 17:02:40 PT [2022/10/02 20:02:40 ET]
Table 'Siegena II' 9-max Seat #4 is the button
Seat 1: laureano290 ($5.32 in chips) 
Seat 4: Dorex2007 ($5.14 in chips) 
Seat 7: pilxx ($14.88 in chips) 
Seat 9: dessa78 ($7.22 in chips) 
pilxx: posts small blind $0.02
dessa78: posts big blind $0.05
*** HOLE CARDS ***
Dealt to Dorex2007 [6c Ks]
MrWaffle_lol leaves the table
laureano290: raises $0.07 to $0.12
Dorex2007: folds 
pilxx: folds 
tanyaa1956 joins the table at seat #5 
dessa78: folds 
Uncalled bet ($0.07) returned to laureano290
laureano290 collected $0.12 from pot
laureano290: doesn't show hand 
tanyaa1956 leaves the table
*** SUMMARY ***
Total pot $0.12 | Rake $0 
Seat 1: laureano290 collected ($0.12)
Seat 4: Dorex2007 (button) folded before Flop (didn't bet)
Seat 7: pilxx (small blind) folded before Flop
Seat 9: dessa78 (big blind) folded before Flop



PokerStars Hand #239001640338:  Hold'em No Limit ($0.02/$0.05 USD) - 2022/10/02 17:02:59 PT [2022/10/02 20:02:59 ET]
Table 'Siegena II' 9-max Seat #7 is the button
Seat 4: Dorex2007 ($5.14 in chips) 
Seat 7: pilxx ($14.86 in chips) 
Seat 9: dessa78 ($7.17 in chips) 
dessa78: posts small blind $0.02
laureano290: is sitting out 
Dorex2007: posts big blind $0.05
*** HOLE CARDS ***
Dealt to Dorex2007 [6d 6c]
pilxx: folds 
dessa78: folds 
Uncalled bet ($0.03) returned to Dorex2007
Dorex2007 collected $0.04 from pot
laureano290 leaves the table
Dorex2007: doesn't show hand 
*** SUMMARY ***
Total pot $0.04 | Rake $0 
Seat 4: Dorex2007 (big blind) collected ($0.04)
Seat 7: pilxx (button) folded before Flop (didn't bet)
Seat 9: dessa78 (small blind) folded before Flop



PokerStars Hand #239001662231:  Hold'em No Limit ($0.02/$0.05 USD) - 2022/10/02 17:04:44 PT [2022/10/02 20:04:44 ET]
Table 'Siegena II' 9-max Seat #4 is the button
Seat 4: Dorex2007 ($5.16 in chips) 
Seat 6: maxkxi ($5.98 in chips) 
Dorex2007: posts small blind $0.02
maxkxi: posts big blind $0.05
*** HOLE CARDS ***
Dealt to Dorex2007 [Ts 8c]
Dorex2007: folds 
Uncalled bet ($0.03) returned to maxkxi
maxkxi collected $0.04 from pot
*** SUMMARY ***
Total pot $0.04 | Rake $0 
Seat 4: Dorex2007 (button) (small blind) folded before Flop
Seat 6: maxkxi (big blind) collected ($0.04)



PokerStars Hand #239001664700:  Hold'em No Limit ($0.02/$0.05 USD) - 2022/10/02 17:04:56 PT [2022/10/02 20:04:56 ET]
Table 'Siegena II' 9-max Seat #6 is the button
Seat 4: Dorex2007 ($5.14 in chips) 
Seat 6: maxkxi ($6 in chips) 
maxkxi: posts small blind $0.02
Dorex2007: posts big blind $0.05
*** HOLE CARDS ***
Dealt to Dorex2007 [Js 3c]
maxkxi: calls $0.03
Dorex2007: checks 
*** FLOP *** [7c As 8h]
Dorex2007: checks 
maxkxi: bets $0.10
Dorex2007: folds 
Uncalled bet ($0.10) returned to maxkxi
maxkxi collected $0.10 from pot
*** SUMMARY ***
Total pot $0.10 | Rake $0 
Board [7c As 8h]
Seat 4: Dorex2007 (big blind) folded on the Flop
Seat 6: maxkxi (button) (small blind) collected ($0.10)



