PokerStars Hand #238215441775:  Hold'em No Limit ($0.01/$0.02 USD) - 2022/08/25 14:41:06 PT [2022/08/25 17:41:06 ET]
Table 'Triton II' 9-max Seat #6 is the button
Seat 1: Parker09SA ($2.91 in chips) 
Seat 2: lbathayde ($4.30 in chips) 
Seat 3: ZZZarox27 ($1.12 in chips) 
Seat 5: Dorex2007 ($2 in chips) 
Seat 6: Blufferin142 ($2.27 in chips) 
Seat 7: dwardiola ($3.74 in chips) 
Seat 8: Pipsiu ($0.48 in chips) 
Seat 9: tweetyteewt ($2 in chips) 
dwardiola: posts small blind $0.01
Pipsiu: posts big blind $0.02
Krakus 888: sits out 
Dorex2007: posts big blind $0.02
*** HOLE CARDS ***
Dealt to Dorex2007 [7c Ac]
tweetyteewt: folds 
Parker09SA: folds 
lbathayde: folds 
ZZZarox27: calls $0.02
Dorex2007: raises $0.06 to $0.08
Blufferin142: folds 
dwardiola: folds 
Pipsiu: folds 
ZZZarox27: calls $0.06
*** FLOP *** [6h Jc 9h]
ZZZarox27: checks 
Dorex2007: bets $0.09
ZZZarox27: calls $0.09
*** TURN *** [6h Jc 9h] [4h]
ZZZarox27: checks 
Dorex2007: bets $0.18
ZZZarox27: calls $0.18
*** RIVER *** [6h Jc 9h 4h] [7s]
ZZZarox27: bets $0.77 and is all-in
Dorex2007: folds 
Uncalled bet ($0.77) returned to ZZZarox27
ZZZarox27 collected $0.70 from pot
ZZZarox27: doesn't show hand 
*** SUMMARY ***
Total pot $0.73 | Rake $0.03 
Board [6h Jc 9h 4h 7s]
Seat 1: Parker09SA folded before Flop (didn't bet)
Seat 2: lbathayde folded before Flop (didn't bet)
Seat 3: ZZZarox27 collected ($0.70)
Seat 5: Dorex2007 folded on the River
Seat 6: Blufferin142 (button) folded before Flop (didn't bet)
Seat 7: dwardiola (small blind) folded before Flop
Seat 8: Pipsiu (big blind) folded before Flop
Seat 9: tweetyteewt folded before Flop (didn't bet)



PokerStars Hand #238215465808:  Hold'em No Limit ($0.01/$0.02 USD) - 2022/08/25 14:42:15 PT [2022/08/25 17:42:15 ET]
Table 'Triton II' 9-max Seat #7 is the button
Seat 1: Parker09SA ($2.91 in chips) 
Seat 2: lbathayde ($4.30 in chips) 
Seat 3: ZZZarox27 ($1.47 in chips) 
Seat 5: Dorex2007 ($2 in chips) 
Seat 7: dwardiola ($3.73 in chips) 
Seat 8: Pipsiu ($2 in chips) 
Seat 9: tweetyteewt ($2 in chips) 
Pipsiu: posts small blind $0.01
tweetyteewt: posts big blind $0.02
Krakus 888: sits out 
*** HOLE CARDS ***
Dealt to Dorex2007 [5s 5c]
Parker09SA: folds 
lbathayde: folds 
ZZZarox27: folds 
Dorex2007: raises $0.04 to $0.06
dwardiola: calls $0.06
Pipsiu: folds 
tweetyteewt: folds 
*** FLOP *** [2s 7c As]
Dorex2007: checks 
dwardiola: checks 
*** TURN *** [2s 7c As] [Qd]
Dorex2007: checks 
dwardiola: bets $0.04
Dorex2007: folds 
Uncalled bet ($0.04) returned to dwardiola
dwardiola collected $0.14 from pot
*** SUMMARY ***
Total pot $0.15 | Rake $0.01 
Board [2s 7c As Qd]
Seat 1: Parker09SA folded before Flop (didn't bet)
Seat 2: lbathayde folded before Flop (didn't bet)
Seat 3: ZZZarox27 folded before Flop (didn't bet)
Seat 5: Dorex2007 folded on the Turn
Seat 7: dwardiola (button) collected ($0.14)
Seat 8: Pipsiu (small blind) folded before Flop
Seat 9: tweetyteewt (big blind) folded before Flop



PokerStars Hand #238215477069:  Hold'em No Limit ($0.01/$0.02 USD) - 2022/08/25 14:42:47 PT [2022/08/25 17:42:47 ET]
Table 'Triton II' 9-max Seat #8 is the button
Seat 1: Parker09SA ($2.91 in chips) 
Seat 2: lbathayde ($4.30 in chips) 
Seat 3: ZZZarox27 ($1.47 in chips) 
Seat 5: Dorex2007 ($2 in chips) 
Seat 7: dwardiola ($3.81 in chips) 
Seat 8: Pipsiu ($1.99 in chips) 
Seat 9: tweetyteewt ($2 in chips) 
tweetyteewt: posts small blind $0.01
Parker09SA: posts big blind $0.02
Krakus 888: sits out 
*** HOLE CARDS ***
Dealt to Dorex2007 [Js 4s]
lbathayde: folds 
ZZZarox27: folds 
Dorex2007: folds 
dwardiola: folds 
Pipsiu: raises $0.04 to $0.06
tweetyteewt: folds 
Parker09SA: folds 
Uncalled bet ($0.04) returned to Pipsiu
Pipsiu collected $0.05 from pot
Pipsiu: doesn't show hand 
*** SUMMARY ***
Total pot $0.05 | Rake $0 
Seat 1: Parker09SA (big blind) folded before Flop
Seat 2: lbathayde folded before Flop (didn't bet)
Seat 3: ZZZarox27 folded before Flop (didn't bet)
Seat 5: Dorex2007 folded before Flop (didn't bet)
Seat 7: dwardiola folded before Flop (didn't bet)
Seat 8: Pipsiu (button) collected ($0.05)
Seat 9: tweetyteewt (small blind) folded before Flop



PokerStars Hand #238215488214:  Hold'em No Limit ($0.01/$0.02 USD) - 2022/08/25 14:43:19 PT [2022/08/25 17:43:19 ET]
Table 'Triton II' 9-max Seat #9 is the button
Seat 1: Parker09SA ($2.89 in chips) 
Seat 2: lbathayde ($4.30 in chips) 
Seat 3: ZZZarox27 ($1.47 in chips) 
Seat 5: Dorex2007 ($2 in chips) 
Seat 6: Blufferin142 ($2.27 in chips) 
Seat 7: dwardiola ($3.81 in chips) 
Seat 8: Pipsiu ($2.02 in chips) 
Seat 9: tweetyteewt ($2 in chips) 
Parker09SA: posts small blind $0.01
lbathayde: posts big blind $0.02
Krakus 888: sits out 
*** HOLE CARDS ***
Dealt to Dorex2007 [3h 3s]
ZZZarox27: folds 
Dorex2007: raises $0.02 to $0.04
Blufferin142: folds 
dwardiola: folds 
Pipsiu: raises $0.12 to $0.16
tweetyteewt: folds 
Parker09SA: folds 
lbathayde: folds 
Dorex2007: folds 
Uncalled bet ($0.12) returned to Pipsiu
Pipsiu collected $0.11 from pot
Pipsiu: doesn't show hand 
*** SUMMARY ***
Total pot $0.11 | Rake $0 
Seat 1: Parker09SA (small blind) folded before Flop
Seat 2: lbathayde (big blind) folded before Flop
Seat 3: ZZZarox27 folded before Flop (didn't bet)
Seat 5: Dorex2007 folded before Flop
Seat 6: Blufferin142 folded before Flop (didn't bet)
Seat 7: dwardiola folded before Flop (didn't bet)
Seat 8: Pipsiu collected ($0.11)
Seat 9: tweetyteewt (button) folded before Flop (didn't bet)



PokerStars Hand #238215501735:  Hold'em No Limit ($0.01/$0.02 USD) - 2022/08/25 14:43:58 PT [2022/08/25 17:43:58 ET]
Table 'Triton II' 9-max Seat #1 is the button
Seat 1: Parker09SA ($2.88 in chips) 
Seat 2: lbathayde ($4.28 in chips) 
Seat 3: ZZZarox27 ($1.47 in chips) 
Seat 5: Dorex2007 ($2 in chips) 
Seat 6: Blufferin142 ($2.27 in chips) 
Seat 7: dwardiola ($3.81 in chips) 
Seat 8: Pipsiu ($2.09 in chips) 
Seat 9: tweetyteewt ($2 in chips) 
lbathayde: posts small blind $0.01
ZZZarox27: posts big blind $0.02
Krakus 888: sits out 
*** HOLE CARDS ***
Dealt to Dorex2007 [Jc Qc]
Dorex2007: raises $0.02 to $0.04
Blufferin142: folds 
dwardiola: folds 
Pipsiu: calls $0.04
tweetyteewt: calls $0.04
Parker09SA: calls $0.04
lbathayde: folds 
ZZZarox27: calls $0.02
*** FLOP *** [5s 8h 4d]
ZZZarox27: checks 
Dorex2007: checks 
Pipsiu: checks 
tweetyteewt: checks 
Parker09SA: checks 
*** TURN *** [5s 8h 4d] [8s]
ZZZarox27: checks 
Dorex2007: checks 
Pipsiu: checks 
tweetyteewt: checks 
Parker09SA: checks 
*** RIVER *** [5s 8h 4d 8s] [Jh]
ZZZarox27: checks 
Dorex2007: bets $0.10
Pipsiu: folds 
tweetyteewt: folds 
Parker09SA: folds 
ZZZarox27: folds 
Uncalled bet ($0.10) returned to Dorex2007
Dorex2007 collected $0.20 from pot
Dorex2007: doesn't show hand 
*** SUMMARY ***
Total pot $0.21 | Rake $0.01 
Board [5s 8h 4d 8s Jh]
Seat 1: Parker09SA (button) folded on the River
Seat 2: lbathayde (small blind) folded before Flop
Seat 3: ZZZarox27 (big blind) folded on the River
Seat 5: Dorex2007 collected ($0.20)
Seat 6: Blufferin142 folded before Flop (didn't bet)
Seat 7: dwardiola folded before Flop (didn't bet)
Seat 8: Pipsiu folded on the River
Seat 9: tweetyteewt folded on the River



PokerStars Hand #238215551834:  Hold'em No Limit ($0.01/$0.02 USD) - 2022/08/25 14:46:23 PT [2022/08/25 17:46:23 ET]
Table 'Triton II' 9-max Seat #2 is the button
Seat 1: Parker09SA ($2.84 in chips) 
Seat 2: lbathayde ($4.27 in chips) 
Seat 3: ZZZarox27 ($1.43 in chips) 
Seat 4: Krakus 888 ($1 in chips) 
Seat 5: Dorex2007 ($2.16 in chips) 
Seat 6: Blufferin142 ($2.27 in chips) 
Seat 7: dwardiola ($3.81 in chips) 
Seat 8: Pipsiu ($2.05 in chips) 
Seat 9: tweetyteewt ($2 in chips) 
ZZZarox27: posts small blind $0.01
Krakus 888: posts big blind $0.02
*** HOLE CARDS ***
Dealt to Dorex2007 [Qh Jc]
Dorex2007: folds 
Blufferin142: folds 
dwardiola: folds 
Pipsiu: folds 
tweetyteewt: raises $0.02 to $0.04
Parker09SA: folds 
lbathayde: folds 
ZZZarox27: folds 
Krakus 888: folds 
Uncalled bet ($0.02) returned to tweetyteewt
tweetyteewt collected $0.05 from pot
tweetyteewt: doesn't show hand 
*** SUMMARY ***
Total pot $0.05 | Rake $0 
Seat 1: Parker09SA folded before Flop (didn't bet)
Seat 2: lbathayde (button) folded before Flop (didn't bet)
Seat 3: ZZZarox27 (small blind) folded before Flop
Seat 4: Krakus 888 (big blind) folded before Flop
Seat 5: Dorex2007 folded before Flop (didn't bet)
Seat 6: Blufferin142 folded before Flop (didn't bet)
Seat 7: dwardiola folded before Flop (didn't bet)
Seat 8: Pipsiu folded before Flop (didn't bet)
Seat 9: tweetyteewt collected ($0.05)



PokerStars Hand #238215561593:  Hold'em No Limit ($0.01/$0.02 USD) - 2022/08/25 14:46:51 PT [2022/08/25 17:46:51 ET]
Table 'Triton II' 9-max Seat #3 is the button
Seat 1: Parker09SA ($2.84 in chips) 
Seat 2: lbathayde ($4.27 in chips) 
Seat 3: ZZZarox27 ($1.42 in chips) 
Seat 4: Krakus 888 ($1 in chips) 
Seat 5: Dorex2007 ($2.16 in chips) 
Seat 6: Blufferin142 ($2.27 in chips) 
Seat 7: dwardiola ($3.81 in chips) 
Seat 8: Pipsiu ($2.05 in chips) 
Seat 9: tweetyteewt ($2.03 in chips) 
Krakus 888: posts small blind $0.01
Dorex2007: posts big blind $0.02
*** HOLE CARDS ***
Dealt to Dorex2007 [6d 9h]
Blufferin142 has timed out
Blufferin142: folds 
dwardiola: folds 
Pipsiu: folds 
tweetyteewt: folds 
Parker09SA: folds 
lbathayde: raises $0.02 to $0.04
ZZZarox27: folds 
Krakus 888: folds 
Dorex2007: folds 
Uncalled bet ($0.02) returned to lbathayde
lbathayde collected $0.05 from pot
lbathayde: doesn't show hand 
*** SUMMARY ***
Total pot $0.05 | Rake $0 
Seat 1: Parker09SA folded before Flop (didn't bet)
Seat 2: lbathayde collected ($0.05)
Seat 3: ZZZarox27 (button) folded before Flop (didn't bet)
Seat 4: Krakus 888 (small blind) folded before Flop
Seat 5: Dorex2007 (big blind) folded before Flop
Seat 6: Blufferin142 folded before Flop (didn't bet)
Seat 7: dwardiola folded before Flop (didn't bet)
Seat 8: Pipsiu folded before Flop (didn't bet)
Seat 9: tweetyteewt folded before Flop (didn't bet)



PokerStars Hand #238215573511:  Hold'em No Limit ($0.01/$0.02 USD) - 2022/08/25 14:47:26 PT [2022/08/25 17:47:26 ET]
Table 'Triton II' 9-max Seat #4 is the button
Seat 1: Parker09SA ($2.84 in chips) 
Seat 2: lbathayde ($4.30 in chips) 
Seat 3: ZZZarox27 ($1.42 in chips) 
Seat 4: Krakus 888 ($1 in chips) 
Seat 5: Dorex2007 ($2.14 in chips) 
Seat 6: Blufferin142 ($2.27 in chips) 
Seat 7: dwardiola ($3.81 in chips) 
Seat 8: Pipsiu ($2.05 in chips) 
Seat 9: tweetyteewt ($2.03 in chips) 
Dorex2007: posts small blind $0.01
Blufferin142: posts big blind $0.02
*** HOLE CARDS ***
Dealt to Dorex2007 [Ac Th]
dwardiola: folds 
Pipsiu: folds 
tweetyteewt: folds 
Parker09SA: folds 
lbathayde: folds 
ZZZarox27: raises $0.04 to $0.06
Krakus 888: folds 
Dorex2007: folds 
Blufferin142: calls $0.04
*** FLOP *** [6s 2h 7c]
Blufferin142: checks 
ZZZarox27: checks 
*** TURN *** [6s 2h 7c] [5h]
Blufferin142: checks 
ZZZarox27: bets $0.04
Blufferin142: folds 
Uncalled bet ($0.04) returned to ZZZarox27
ZZZarox27 collected $0.13 from pot
ZZZarox27: doesn't show hand 
*** SUMMARY ***
Total pot $0.13 | Rake $0 
Board [6s 2h 7c 5h]
Seat 1: Parker09SA folded before Flop (didn't bet)
Seat 2: lbathayde folded before Flop (didn't bet)
Seat 3: ZZZarox27 collected ($0.13)
Seat 4: Krakus 888 (button) folded before Flop (didn't bet)
Seat 5: Dorex2007 (small blind) folded before Flop
Seat 6: Blufferin142 (big blind) folded on the Turn
Seat 7: dwardiola folded before Flop (didn't bet)
Seat 8: Pipsiu folded before Flop (didn't bet)
Seat 9: tweetyteewt folded before Flop (didn't bet)



PokerStars Hand #238215588514:  Hold'em No Limit ($0.01/$0.02 USD) - 2022/08/25 14:48:09 PT [2022/08/25 17:48:09 ET]
Table 'Triton II' 9-max Seat #5 is the button
Seat 1: Parker09SA ($2.84 in chips) 
Seat 2: lbathayde ($4.30 in chips) 
Seat 3: ZZZarox27 ($1.49 in chips) 
Seat 4: Krakus 888 ($1 in chips) 
Seat 5: Dorex2007 ($2.13 in chips) 
Seat 6: Blufferin142 ($2.21 in chips) 
Seat 7: dwardiola ($3.81 in chips) 
Seat 8: Pipsiu ($2.05 in chips) 
Seat 9: tweetyteewt ($2.03 in chips) 
Blufferin142: posts small blind $0.01
dwardiola: posts big blind $0.02
*** HOLE CARDS ***
Dealt to Dorex2007 [2d 9c]
Pipsiu: folds 
tweetyteewt: folds 
Parker09SA: folds 
lbathayde: raises $0.02 to $0.04
ZZZarox27: calls $0.04
Krakus 888: folds 
Dorex2007: folds 
Blufferin142: folds 
dwardiola: folds 
*** FLOP *** [Jc Tc Kc]
lbathayde: checks 
ZZZarox27: bets $0.04
lbathayde: folds 
Uncalled bet ($0.04) returned to ZZZarox27
ZZZarox27 collected $0.11 from pot
ZZZarox27: doesn't show hand 
*** SUMMARY ***
Total pot $0.11 | Rake $0 
Board [Jc Tc Kc]
Seat 1: Parker09SA folded before Flop (didn't bet)
Seat 2: lbathayde folded on the Flop
Seat 3: ZZZarox27 collected ($0.11)
Seat 4: Krakus 888 folded before Flop (didn't bet)
Seat 5: Dorex2007 (button) folded before Flop (didn't bet)
Seat 6: Blufferin142 (small blind) folded before Flop
Seat 7: dwardiola (big blind) folded before Flop
Seat 8: Pipsiu folded before Flop (didn't bet)
Seat 9: tweetyteewt folded before Flop (didn't bet)



PokerStars Hand #238215605378:  Hold'em No Limit ($0.01/$0.02 USD) - 2022/08/25 14:48:58 PT [2022/08/25 17:48:58 ET]
Table 'Triton II' 9-max Seat #6 is the button
Seat 1: Parker09SA ($2.84 in chips) 
Seat 2: lbathayde ($4.26 in chips) 
Seat 3: ZZZarox27 ($1.56 in chips) 
Seat 4: Krakus 888 ($1 in chips) 
Seat 5: Dorex2007 ($2.13 in chips) 
Seat 6: Blufferin142 ($2.20 in chips) 
Seat 7: dwardiola ($3.79 in chips) 
Seat 8: Pipsiu ($2.05 in chips) 
Seat 9: tweetyteewt ($2.03 in chips) 
dwardiola: posts small blind $0.01
Pipsiu: posts big blind $0.02
*** HOLE CARDS ***
Dealt to Dorex2007 [4c 5d]
tweetyteewt: folds 
Parker09SA: folds 
lbathayde: folds 
ZZZarox27: folds 
Krakus 888: folds 
Dorex2007: folds 
Blufferin142: calls $0.02
dwardiola: folds 
Pipsiu: checks 
*** FLOP *** [3h Ks 5c]
Pipsiu: checks 
Blufferin142: checks 
*** TURN *** [3h Ks 5c] [3d]
Pipsiu: bets $0.05
Blufferin142: folds 
Uncalled bet ($0.05) returned to Pipsiu
Pipsiu collected $0.05 from pot
Pipsiu: doesn't show hand 
*** SUMMARY ***
Total pot $0.05 | Rake $0 
Board [3h Ks 5c 3d]
Seat 1: Parker09SA folded before Flop (didn't bet)
Seat 2: lbathayde folded before Flop (didn't bet)
Seat 3: ZZZarox27 folded before Flop (didn't bet)
Seat 4: Krakus 888 folded before Flop (didn't bet)
Seat 5: Dorex2007 folded before Flop (didn't bet)
Seat 6: Blufferin142 (button) folded on the Turn
Seat 7: dwardiola (small blind) folded before Flop
Seat 8: Pipsiu (big blind) collected ($0.05)
Seat 9: tweetyteewt folded before Flop (didn't bet)



PokerStars Hand #238215615662:  Hold'em No Limit ($0.01/$0.02 USD) - 2022/08/25 14:49:28 PT [2022/08/25 17:49:28 ET]
Table 'Triton II' 9-max Seat #7 is the button
Seat 1: Parker09SA ($2.84 in chips) 
Seat 2: lbathayde ($4.26 in chips) 
Seat 3: ZZZarox27 ($1.56 in chips) 
Seat 4: Krakus 888 ($1 in chips) 
Seat 5: Dorex2007 ($2.13 in chips) 
Seat 6: Blufferin142 ($2.18 in chips) 
Seat 7: dwardiola ($3.78 in chips) 
Seat 8: Pipsiu ($2.08 in chips) 
Seat 9: tweetyteewt ($2.03 in chips) 
Pipsiu: posts small blind $0.01
tweetyteewt: posts big blind $0.02
*** HOLE CARDS ***
Dealt to Dorex2007 [Th 2c]
Parker09SA: folds 
lbathayde: raises $0.05 to $0.07
ZZZarox27: folds 
Krakus 888: folds 
Dorex2007: folds 
Blufferin142: folds 
dwardiola: calls $0.07
Pipsiu: calls $0.06
tweetyteewt: calls $0.05
*** FLOP *** [3c 7s Tc]
Pipsiu: bets $0.10
tweetyteewt: folds 
lbathayde: calls $0.10
dwardiola: folds 
*** TURN *** [3c 7s Tc] [4c]
Pipsiu: checks 
lbathayde: bets $0.23
Pipsiu: folds 
Uncalled bet ($0.23) returned to lbathayde
lbathayde collected $0.46 from pot
lbathayde: doesn't show hand 
*** SUMMARY ***
Total pot $0.48 | Rake $0.02 
Board [3c 7s Tc 4c]
Seat 1: Parker09SA folded before Flop (didn't bet)
Seat 2: lbathayde collected ($0.46)
Seat 3: ZZZarox27 folded before Flop (didn't bet)
Seat 4: Krakus 888 folded before Flop (didn't bet)
Seat 5: Dorex2007 folded before Flop (didn't bet)
Seat 6: Blufferin142 folded before Flop (didn't bet)
Seat 7: dwardiola (button) folded on the Flop
Seat 8: Pipsiu (small blind) folded on the Turn
Seat 9: tweetyteewt (big blind) folded on the Flop



PokerStars Hand #238215637891:  Hold'em No Limit ($0.01/$0.02 USD) - 2022/08/25 14:50:33 PT [2022/08/25 17:50:33 ET]
Table 'Triton II' 9-max Seat #8 is the button
Seat 1: Parker09SA ($2.84 in chips) 
Seat 2: lbathayde ($4.55 in chips) 
Seat 3: ZZZarox27 ($1.56 in chips) 
Seat 4: Krakus 888 ($1 in chips) 
Seat 5: Dorex2007 ($2.13 in chips) 
Seat 6: Blufferin142 ($2.18 in chips) 
Seat 7: dwardiola ($3.71 in chips) 
Seat 8: Pipsiu ($1.91 in chips) 
Seat 9: tweetyteewt ($2 in chips) 
tweetyteewt: posts small blind $0.01
Parker09SA: posts big blind $0.02
*** HOLE CARDS ***
Dealt to Dorex2007 [8c 5c]
lbathayde: folds 
lbathayde leaves the table
ZZZarox27: folds 
Krakus 888: folds 
Dorex2007: folds 
Blufferin142: folds 
dwardiola: folds 
Pipsiu: raises $0.04 to $0.06
tweetyteewt: folds 
Parker09SA: folds 
Uncalled bet ($0.04) returned to Pipsiu
Pipsiu collected $0.05 from pot
Pipsiu: doesn't show hand 
*** SUMMARY ***
Total pot $0.05 | Rake $0 
Seat 1: Parker09SA (big blind) folded before Flop
Seat 2: lbathayde folded before Flop (didn't bet)
Seat 3: ZZZarox27 folded before Flop (didn't bet)
Seat 4: Krakus 888 folded before Flop (didn't bet)
Seat 5: Dorex2007 folded before Flop (didn't bet)
Seat 6: Blufferin142 folded before Flop (didn't bet)
Seat 7: dwardiola folded before Flop (didn't bet)
Seat 8: Pipsiu (button) collected ($0.05)
Seat 9: tweetyteewt (small blind) folded before Flop



PokerStars Hand #238215646403:  Hold'em No Limit ($0.01/$0.02 USD) - 2022/08/25 14:50:58 PT [2022/08/25 17:50:58 ET]
Table 'Triton II' 9-max Seat #9 is the button
Seat 1: Parker09SA ($2.82 in chips) 
Seat 3: ZZZarox27 ($1.56 in chips) 
Seat 4: Krakus 888 ($1 in chips) 
Seat 5: Dorex2007 ($2.13 in chips) 
Seat 6: Blufferin142 ($2.18 in chips) 
Seat 7: dwardiola ($3.71 in chips) 
Seat 8: Pipsiu ($1.94 in chips) 
Seat 9: tweetyteewt ($2 in chips) 
Parker09SA: posts small blind $0.01
ZZZarox27: posts big blind $0.02
*** HOLE CARDS ***
Dealt to Dorex2007 [5s Ah]
Krakus 888: folds 
Dorex2007: folds 
Blufferin142: folds 
dwardiola: folds 
wwdecider joins the table at seat #2 
Pipsiu: raises $0.05 to $0.07
tweetyteewt: folds 
Parker09SA: folds 
ZZZarox27: folds 
Uncalled bet ($0.05) returned to Pipsiu
Pipsiu collected $0.05 from pot
Pipsiu: doesn't show hand 
*** SUMMARY ***
Total pot $0.05 | Rake $0 
Seat 1: Parker09SA (small blind) folded before Flop
Seat 3: ZZZarox27 (big blind) folded before Flop
Seat 4: Krakus 888 folded before Flop (didn't bet)
Seat 5: Dorex2007 folded before Flop (didn't bet)
Seat 6: Blufferin142 folded before Flop (didn't bet)
Seat 7: dwardiola folded before Flop (didn't bet)
Seat 8: Pipsiu collected ($0.05)
Seat 9: tweetyteewt (button) folded before Flop (didn't bet)



PokerStars Hand #238215658970:  Hold'em No Limit ($0.01/$0.02 USD) - 2022/08/25 14:51:34 PT [2022/08/25 17:51:34 ET]
Table 'Triton II' 9-max Seat #1 is the button
Seat 1: Parker09SA ($2.81 in chips) 
Seat 3: ZZZarox27 ($1.54 in chips) 
Seat 4: Krakus 888 ($1 in chips) 
Seat 5: Dorex2007 ($2.13 in chips) 
Seat 6: Blufferin142 ($2.18 in chips) 
Seat 7: dwardiola ($3.71 in chips) 
Seat 8: Pipsiu ($1.97 in chips) 
Seat 9: tweetyteewt ($2 in chips) 
ZZZarox27: posts small blind $0.01
Krakus 888: posts big blind $0.02
*** HOLE CARDS ***
Dealt to Dorex2007 [5s 2c]
Dorex2007: folds 
Blufferin142: folds 
dwardiola: folds 
Pipsiu: raises $0.02 to $0.04
tweetyteewt: folds 
Parker09SA: calls $0.04
ZZZarox27: calls $0.03
Krakus 888: calls $0.02
*** FLOP *** [7s Kc Qh]
ZZZarox27: checks 
Krakus 888: checks 
Pipsiu: checks 
Parker09SA: checks 
*** TURN *** [7s Kc Qh] [5d]
ZZZarox27: checks 
Krakus 888: checks 
Pipsiu: bets $0.15
Parker09SA: folds 
ZZZarox27: raises $0.15 to $0.30
Krakus 888: folds 
Pipsiu: calls $0.15
*** RIVER *** [7s Kc Qh 5d] [Tc]
ZZZarox27: bets $0.36
Pipsiu: folds 
Uncalled bet ($0.36) returned to ZZZarox27
ZZZarox27 collected $0.73 from pot
ZZZarox27: doesn't show hand 
*** SUMMARY ***
Total pot $0.76 | Rake $0.03 
Board [7s Kc Qh 5d Tc]
Seat 1: Parker09SA (button) folded on the Turn
Seat 3: ZZZarox27 (small blind) collected ($0.73)
Seat 4: Krakus 888 (big blind) folded on the Turn
Seat 5: Dorex2007 folded before Flop (didn't bet)
Seat 6: Blufferin142 folded before Flop (didn't bet)
Seat 7: dwardiola folded before Flop (didn't bet)
Seat 8: Pipsiu folded on the River
Seat 9: tweetyteewt folded before Flop (didn't bet)



PokerStars Hand #238215693596:  Hold'em No Limit ($0.01/$0.02 USD) - 2022/08/25 14:53:16 PT [2022/08/25 17:53:16 ET]
Table 'Triton II' 9-max Seat #3 is the button
Seat 1: Parker09SA ($2.77 in chips) 
Seat 3: ZZZarox27 ($1.93 in chips) 
Seat 4: Krakus 888 ($1 in chips) 
Seat 5: Dorex2007 ($2.13 in chips) 
Seat 6: Blufferin142 ($2.18 in chips) 
Seat 7: dwardiola ($3.71 in chips) 
Seat 8: Pipsiu ($1.63 in chips) 
Seat 9: tweetyteewt ($2 in chips) 
Krakus 888: posts small blind $0.01
Dorex2007: posts big blind $0.02
wwdecider: sits out 
*** HOLE CARDS ***
Dealt to Dorex2007 [8s Ac]
Blufferin142: folds 
dwardiola: folds 
Pipsiu: raises $0.04 to $0.06
tweetyteewt: folds 
Parker09SA: calls $0.06
ZZZarox27: folds 
Krakus 888: folds 
Dorex2007: folds 
*** FLOP *** [Js Jc 5h]
Pipsiu: checks 
Parker09SA: checks 
*** TURN *** [Js Jc 5h] [3h]
Pipsiu: checks 
Parker09SA: checks 
*** RIVER *** [Js Jc 5h 3h] [Qs]
Pipsiu: checks 
Parker09SA: checks 
*** SHOW DOWN ***
Pipsiu: shows [Ad 8d] (a pair of Jacks)
Parker09SA: shows [As Ts] (a pair of Jacks - Ace+Queen+Ten kicker)
Parker09SA collected $0.14 from pot
*** SUMMARY ***
Total pot $0.15 | Rake $0.01 
Board [Js Jc 5h 3h Qs]
Seat 1: Parker09SA showed [As Ts] and won ($0.14) with a pair of Jacks
Seat 3: ZZZarox27 (button) folded before Flop (didn't bet)
Seat 4: Krakus 888 (small blind) folded before Flop
Seat 5: Dorex2007 (big blind) folded before Flop
Seat 6: Blufferin142 folded before Flop (didn't bet)
Seat 7: dwardiola folded before Flop (didn't bet)
Seat 8: Pipsiu showed [Ad 8d] and lost with a pair of Jacks
Seat 9: tweetyteewt folded before Flop (didn't bet)



PokerStars Hand #238215710461:  Hold'em No Limit ($0.01/$0.02 USD) - 2022/08/25 14:54:05 PT [2022/08/25 17:54:05 ET]
Table 'Triton II' 9-max Seat #4 is the button
Seat 1: Parker09SA ($2.85 in chips) 
Seat 3: ZZZarox27 ($1.93 in chips) 
Seat 4: Krakus 888 ($1 in chips) 
Seat 5: Dorex2007 ($2.11 in chips) 
Seat 6: Blufferin142 ($2.18 in chips) 
Seat 7: dwardiola ($3.71 in chips) 
Seat 8: Pipsiu ($1.57 in chips) 
Seat 9: tweetyteewt ($2 in chips) 
Dorex2007: posts small blind $0.01
Blufferin142: posts big blind $0.02
wwdecider: sits out 
*** HOLE CARDS ***
Dealt to Dorex2007 [8d Js]
dwardiola: folds 
Pipsiu: folds 
tweetyteewt: folds 
Parker09SA: folds 
ZZZarox27: folds 
Krakus 888: folds 
Dorex2007: folds 
Uncalled bet ($0.01) returned to Blufferin142
Blufferin142 collected $0.02 from pot
Blufferin142: doesn't show hand 
*** SUMMARY ***
Total pot $0.02 | Rake $0 
Seat 1: Parker09SA folded before Flop (didn't bet)
Seat 3: ZZZarox27 folded before Flop (didn't bet)
Seat 4: Krakus 888 (button) folded before Flop (didn't bet)
Seat 5: Dorex2007 (small blind) folded before Flop
Seat 6: Blufferin142 (big blind) collected ($0.02)
Seat 7: dwardiola folded before Flop (didn't bet)
Seat 8: Pipsiu folded before Flop (didn't bet)
Seat 9: tweetyteewt folded before Flop (didn't bet)



PokerStars Hand #238215716442:  Hold'em No Limit ($0.01/$0.02 USD) - 2022/08/25 14:54:23 PT [2022/08/25 17:54:23 ET]
Table 'Triton II' 9-max Seat #5 is the button
Seat 1: Parker09SA ($2.85 in chips) 
Seat 3: ZZZarox27 ($1.93 in chips) 
Seat 4: Krakus 888 ($1 in chips) 
Seat 5: Dorex2007 ($2.10 in chips) 
Seat 6: Blufferin142 ($2.19 in chips) 
Seat 7: dwardiola ($3.71 in chips) 
Seat 8: Pipsiu ($1.57 in chips) 
Seat 9: tweetyteewt ($2 in chips) 
Blufferin142: posts small blind $0.01
dwardiola: posts big blind $0.02
wwdecider: sits out 
*** HOLE CARDS ***
Dealt to Dorex2007 [3s 8c]
Pipsiu: folds 
tweetyteewt: folds 
Parker09SA: folds 
ZZZarox27: raises $0.02 to $0.04
Krakus 888: raises $0.05 to $0.09
Dorex2007: folds 
Blufferin142: folds 
dwardiola: folds 
ZZZarox27: calls $0.05
*** FLOP *** [Jd Th 4s]
ZZZarox27: checks 
Krakus 888: bets $0.08
ZZZarox27: folds 
Uncalled bet ($0.08) returned to Krakus 888
Krakus 888 collected $0.20 from pot
Krakus 888: doesn't show hand 
*** SUMMARY ***
Total pot $0.21 | Rake $0.01 
Board [Jd Th 4s]
Seat 1: Parker09SA folded before Flop (didn't bet)
Seat 3: ZZZarox27 folded on the Flop
Seat 4: Krakus 888 collected ($0.20)
Seat 5: Dorex2007 (button) folded before Flop (didn't bet)
Seat 6: Blufferin142 (small blind) folded before Flop
Seat 7: dwardiola (big blind) folded before Flop
Seat 8: Pipsiu folded before Flop (didn't bet)
Seat 9: tweetyteewt folded before Flop (didn't bet)



PokerStars Hand #238215734329:  Hold'em No Limit ($0.01/$0.02 USD) - 2022/08/25 14:55:17 PT [2022/08/25 17:55:17 ET]
Table 'Triton II' 9-max Seat #6 is the button
Seat 1: Parker09SA ($2.85 in chips) 
Seat 3: ZZZarox27 ($1.84 in chips) 
Seat 4: Krakus 888 ($1.11 in chips) 
Seat 5: Dorex2007 ($2.10 in chips) 
Seat 6: Blufferin142 ($2.18 in chips) 
Seat 7: dwardiola ($3.69 in chips) 
Seat 8: Pipsiu ($1.57 in chips) 
Seat 9: tweetyteewt ($2 in chips) 
dwardiola: posts small blind $0.01
Pipsiu: posts big blind $0.02
wwdecider: sits out 
*** HOLE CARDS ***
Dealt to Dorex2007 [7s Ac]
tweetyteewt: folds 
Parker09SA: folds 
ZZZarox27: folds 
Krakus 888: folds 
Dorex2007: folds 
Blufferin142: folds 
dwardiola: raises $0.04 to $0.06
Pipsiu: folds 
Uncalled bet ($0.04) returned to dwardiola
dwardiola collected $0.04 from pot
*** SUMMARY ***
Total pot $0.04 | Rake $0 
Seat 1: Parker09SA folded before Flop (didn't bet)
Seat 3: ZZZarox27 folded before Flop (didn't bet)
Seat 4: Krakus 888 folded before Flop (didn't bet)
Seat 5: Dorex2007 folded before Flop (didn't bet)
Seat 6: Blufferin142 (button) folded before Flop (didn't bet)
Seat 7: dwardiola (small blind) collected ($0.04)
Seat 8: Pipsiu (big blind) folded before Flop
Seat 9: tweetyteewt folded before Flop (didn't bet)



PokerStars Hand #238215750723:  Hold'em No Limit ($0.01/$0.02 USD) - 2022/08/25 14:56:17 PT [2022/08/25 17:56:17 ET]
Table 'Triton II' 9-max Seat #1 is the button
Seat 1: Parker09SA ($2.84 in chips) 
Seat 2: wwdecider ($0.78 in chips) 
Seat 3: SKHtoao ($2 in chips) 
Seat 4: Krakus 888 ($1.11 in chips) 
Seat 5: Dorex2007 ($2.10 in chips) 
Seat 6: Blufferin142 ($2.18 in chips) 
Seat 7: dwardiola ($3.74 in chips) 
Seat 8: Pipsiu ($2 in chips) 
wwdecider: posts small blind $0.01
SKHtoao: posts big blind $0.02
*** HOLE CARDS ***
Dealt to Dorex2007 [Ts 4s]
Krakus 888: folds 
Dorex2007: folds 
Blufferin142: folds 
dwardiola: folds 
Pipsiu: folds 
Parker09SA: folds 
wwdecider: calls $0.01
SKHtoao: checks 
*** FLOP *** [Jh 8s Jd]
wwdecider: checks 
SKHtoao: checks 
*** TURN *** [Jh 8s Jd] [2c]
wwdecider: bets $0.04
SKHtoao: folds 
Uncalled bet ($0.04) returned to wwdecider
wwdecider collected $0.04 from pot
wwdecider: doesn't show hand 
*** SUMMARY ***
Total pot $0.04 | Rake $0 
Board [Jh 8s Jd 2c]
Seat 1: Parker09SA (button) folded before Flop (didn't bet)
Seat 2: wwdecider (small blind) collected ($0.04)
Seat 3: SKHtoao (big blind) folded on the Turn
Seat 4: Krakus 888 folded before Flop (didn't bet)
Seat 5: Dorex2007 folded before Flop (didn't bet)
Seat 6: Blufferin142 folded before Flop (didn't bet)
Seat 7: dwardiola folded before Flop (didn't bet)
Seat 8: Pipsiu folded before Flop (didn't bet)



PokerStars Hand #238215759968:  Hold'em No Limit ($0.01/$0.02 USD) - 2022/08/25 14:56:51 PT [2022/08/25 17:56:51 ET]
Table 'Triton II' 9-max Seat #2 is the button
Seat 1: Parker09SA ($2.84 in chips) 
Seat 2: wwdecider ($0.80 in chips) 
Seat 3: SKHtoao ($1.98 in chips) 
Seat 4: Krakus 888 ($1.11 in chips) 
Seat 5: Dorex2007 ($2.10 in chips) 
Seat 7: dwardiola ($3.74 in chips) 
Seat 8: Pipsiu ($2 in chips) 
SKHtoao: posts small blind $0.01
Krakus 888: posts big blind $0.02
*** HOLE CARDS ***
Dealt to Dorex2007 [2h Ac]
Dorex2007: folds 
dwardiola: folds 
Pipsiu: folds 
Parker09SA: folds 
wwdecider: raises $0.04 to $0.06
SKHtoao: folds 
Krakus 888: folds 
Uncalled bet ($0.04) returned to wwdecider
wwdecider collected $0.05 from pot
wwdecider: doesn't show hand 
*** SUMMARY ***
Total pot $0.05 | Rake $0 
Seat 1: Parker09SA folded before Flop (didn't bet)
Seat 2: wwdecider (button) collected ($0.05)
Seat 3: SKHtoao (small blind) folded before Flop
Seat 4: Krakus 888 (big blind) folded before Flop
Seat 5: Dorex2007 folded before Flop (didn't bet)
Seat 7: dwardiola folded before Flop (didn't bet)
Seat 8: Pipsiu folded before Flop (didn't bet)



PokerStars Hand #238215766739:  Hold'em No Limit ($0.01/$0.02 USD) - 2022/08/25 14:57:15 PT [2022/08/25 17:57:15 ET]
Table 'Triton II' 9-max Seat #3 is the button
Seat 1: Parker09SA ($2.84 in chips) 
Seat 2: wwdecider ($0.83 in chips) 
Seat 3: SKHtoao ($1.97 in chips) 
Seat 4: Krakus 888 ($1.09 in chips) 
Seat 5: Dorex2007 ($2.10 in chips) 
Seat 7: dwardiola ($3.74 in chips) 
Seat 8: Pipsiu ($2 in chips) 
Krakus 888: posts small blind $0.01
Dorex2007: posts big blind $0.02
*** HOLE CARDS ***
Dealt to Dorex2007 [As Qs]
dwardiola: raises $0.04 to $0.06
Pipsiu: folds 
Parker09SA: folds 
wwdecider: folds 
SKHtoao: folds 
Krakus 888: folds 
Dorex2007: calls $0.04
*** FLOP *** [6h 9d 9h]
Dorex2007: checks 
dwardiola: checks 
*** TURN *** [6h 9d 9h] [Qd]
Dorex2007: bets $0.09
dwardiola: folds 
Uncalled bet ($0.09) returned to Dorex2007
Dorex2007 collected $0.13 from pot
Dorex2007: doesn't show hand 
*** SUMMARY ***
Total pot $0.13 | Rake $0 
Board [6h 9d 9h Qd]
Seat 1: Parker09SA folded before Flop (didn't bet)
Seat 2: wwdecider folded before Flop (didn't bet)
Seat 3: SKHtoao (button) folded before Flop (didn't bet)
Seat 4: Krakus 888 (small blind) folded before Flop
Seat 5: Dorex2007 (big blind) collected ($0.13)
Seat 7: dwardiola folded on the Turn
Seat 8: Pipsiu folded before Flop (didn't bet)



PokerStars Hand #238215778237:  Hold'em No Limit ($0.01/$0.02 USD) - 2022/08/25 14:57:57 PT [2022/08/25 17:57:57 ET]
Table 'Triton II' 9-max Seat #4 is the button
Seat 1: Parker09SA ($2.84 in chips) 
Seat 2: wwdecider ($0.83 in chips) 
Seat 3: SKHtoao ($1.97 in chips) 
Seat 4: Krakus 888 ($1.08 in chips) 
Seat 5: Dorex2007 ($2.17 in chips) 
Seat 7: dwardiola ($3.68 in chips) 
Seat 8: Pipsiu ($2 in chips) 
Dorex2007: posts small blind $0.01
dwardiola: posts big blind $0.02
*** HOLE CARDS ***
Dealt to Dorex2007 [4s 5c]
Pipsiu: folds 
Parker09SA: raises $0.05 to $0.07
wwdecider: folds 
SKHtoao: folds 
Krakus 888: raises $0.11 to $0.18
Dorex2007: folds 
dwardiola: folds 
Parker09SA: calls $0.11
*** FLOP *** [Ac 6s 5s]
Parker09SA: bets $0.19
Krakus 888: folds 
Uncalled bet ($0.19) returned to Parker09SA
Parker09SA collected $0.38 from pot
*** SUMMARY ***
Total pot $0.39 | Rake $0.01 
Board [Ac 6s 5s]
Seat 1: Parker09SA collected ($0.38)
Seat 2: wwdecider folded before Flop (didn't bet)
Seat 3: SKHtoao folded before Flop (didn't bet)
Seat 4: Krakus 888 (button) folded on the Flop
Seat 5: Dorex2007 (small blind) folded before Flop
Seat 7: dwardiola (big blind) folded before Flop
Seat 8: Pipsiu folded before Flop (didn't bet)



PokerStars Hand #238215793680:  Hold'em No Limit ($0.01/$0.02 USD) - 2022/08/25 14:58:54 PT [2022/08/25 17:58:54 ET]
Table 'Triton II' 9-max Seat #5 is the button
Seat 1: Parker09SA ($3.04 in chips) 
Seat 2: wwdecider ($0.83 in chips) 
Seat 3: SKHtoao ($1.97 in chips) 
Seat 4: Krakus 888 ($1 in chips) 
Seat 5: Dorex2007 ($2.16 in chips) 
Seat 7: dwardiola ($3.66 in chips) 
Seat 8: Pipsiu ($2 in chips) 
dwardiola: posts small blind $0.01
Pipsiu: posts big blind $0.02
*** HOLE CARDS ***
Dealt to Dorex2007 [8d 6s]
Parker09SA: folds 
wwdecider: folds 
SKHtoao: folds 
Krakus 888: folds 
Dorex2007: folds 
dwardiola: folds 
Uncalled bet ($0.01) returned to Pipsiu
Pipsiu collected $0.02 from pot
Pipsiu: doesn't show hand 
*** SUMMARY ***
Total pot $0.02 | Rake $0 
Seat 1: Parker09SA folded before Flop (didn't bet)
Seat 2: wwdecider folded before Flop (didn't bet)
Seat 3: SKHtoao folded before Flop (didn't bet)
Seat 4: Krakus 888 folded before Flop (didn't bet)
Seat 5: Dorex2007 (button) folded before Flop (didn't bet)
Seat 7: dwardiola (small blind) folded before Flop
Seat 8: Pipsiu (big blind) collected ($0.02)



PokerStars Hand #238215796054:  Hold'em No Limit ($0.01/$0.02 USD) - 2022/08/25 14:59:03 PT [2022/08/25 17:59:03 ET]
Table 'Triton II' 9-max Seat #7 is the button
Seat 1: Parker09SA ($3.04 in chips) 
Seat 2: wwdecider ($0.83 in chips) 
Seat 3: SKHtoao ($1.97 in chips) 
Seat 4: Krakus 888 ($1 in chips) 
Seat 5: Dorex2007 ($2.16 in chips) 
Seat 7: dwardiola ($3.65 in chips) 
Seat 8: Pipsiu ($2.01 in chips) 
Pipsiu: posts small blind $0.01
Parker09SA: posts big blind $0.02
*** HOLE CARDS ***
Dealt to Dorex2007 [4d 6c]
wwdecider: folds 
SKHtoao: folds 
Krakus 888: folds 
Dorex2007: folds 
dwardiola: raises $0.04 to $0.06
Pipsiu: folds 
Parker09SA: calls $0.04
*** FLOP *** [Qd Jc 2d]
Parker09SA: checks 
dwardiola: bets $0.04
Parker09SA: calls $0.04
*** TURN *** [Qd Jc 2d] [Tc]
Parker09SA: checks 
dwardiola: checks 
*** RIVER *** [Qd Jc 2d Tc] [9c]
Parker09SA: bets $0.10
dwardiola: folds 
Uncalled bet ($0.10) returned to Parker09SA
Parker09SA collected $0.20 from pot
*** SUMMARY ***
Total pot $0.21 | Rake $0.01 
Board [Qd Jc 2d Tc 9c]
Seat 1: Parker09SA (big blind) collected ($0.20)
Seat 2: wwdecider folded before Flop (didn't bet)
Seat 3: SKHtoao folded before Flop (didn't bet)
Seat 4: Krakus 888 folded before Flop (didn't bet)
Seat 5: Dorex2007 folded before Flop (didn't bet)
Seat 7: dwardiola (button) folded on the River
Seat 8: Pipsiu (small blind) folded before Flop



PokerStars Hand #238215813210:  Hold'em No Limit ($0.01/$0.02 USD) - 2022/08/25 15:00:05 PT [2022/08/25 18:00:05 ET]
Table 'Triton II' 9-max Seat #8 is the button
Seat 1: Parker09SA ($3.14 in chips) 
Seat 2: wwdecider ($0.83 in chips) 
Seat 4: Krakus 888 ($1 in chips) 
Seat 5: Dorex2007 ($2.16 in chips) 
Seat 7: dwardiola ($3.55 in chips) 
Seat 8: Pipsiu ($2 in chips) 
Parker09SA: posts small blind $0.01
wwdecider: posts big blind $0.02
*** HOLE CARDS ***
Dealt to Dorex2007 [5s 7c]
Krakus 888: folds 
Dorex2007: folds 
dwardiola: folds 
Pipsiu: folds 
Parker09SA: folds 
Uncalled bet ($0.01) returned to wwdecider
wwdecider collected $0.02 from pot
wwdecider: doesn't show hand 
*** SUMMARY ***
Total pot $0.02 | Rake $0 
Seat 1: Parker09SA (small blind) folded before Flop
Seat 2: wwdecider (big blind) collected ($0.02)
Seat 4: Krakus 888 folded before Flop (didn't bet)
Seat 5: Dorex2007 folded before Flop (didn't bet)
Seat 7: dwardiola folded before Flop (didn't bet)
Seat 8: Pipsiu (button) folded before Flop (didn't bet)



PokerStars Hand #238215819386:  Hold'em No Limit ($0.01/$0.02 USD) - 2022/08/25 15:00:27 PT [2022/08/25 18:00:27 ET]
Table 'Triton II' 9-max Seat #1 is the button
Seat 1: Parker09SA ($3.13 in chips) 
Seat 4: Krakus 888 ($1 in chips) 
Seat 5: Dorex2007 ($2.16 in chips) 
Seat 7: dwardiola ($3.55 in chips) 
Seat 8: Pipsiu ($2 in chips) 
Krakus 888: posts small blind $0.01
Dorex2007: posts big blind $0.02
*** HOLE CARDS ***
Dealt to Dorex2007 [7s Ks]
dwardiola: folds 
Pipsiu: raises $0.04 to $0.06
Parker09SA: folds 
Krakus 888: folds 
Dorex2007: folds 
Uncalled bet ($0.04) returned to Pipsiu
Pipsiu collected $0.05 from pot
Pipsiu: doesn't show hand 
*** SUMMARY ***
Total pot $0.05 | Rake $0 
Seat 1: Parker09SA (button) folded before Flop (didn't bet)
Seat 4: Krakus 888 (small blind) folded before Flop
Seat 5: Dorex2007 (big blind) folded before Flop
Seat 7: dwardiola folded before Flop (didn't bet)
Seat 8: Pipsiu collected ($0.05)



PokerStars Hand #238215825208:  Hold'em No Limit ($0.01/$0.02 USD) - 2022/08/25 15:00:47 PT [2022/08/25 18:00:47 ET]
Table 'Triton II' 9-max Seat #4 is the button
Seat 1: Parker09SA ($3.13 in chips) 
Seat 4: Krakus 888 ($1 in chips) 
Seat 5: Dorex2007 ($2.14 in chips) 
Seat 7: dwardiola ($3.55 in chips) 
Seat 8: Pipsiu ($2.03 in chips) 
Dorex2007: posts small blind $0.01
dwardiola: posts big blind $0.02
tweetyteewt: sits out 
*** HOLE CARDS ***
Dealt to Dorex2007 [As Ac]
Pipsiu: folds 
Parker09SA: folds 
Krakus 888: folds 
Dorex2007: raises $0.04 to $0.06
dwardiola: folds 
Uncalled bet ($0.04) returned to Dorex2007
Dorex2007 collected $0.04 from pot
Dorex2007: doesn't show hand 
*** SUMMARY ***
Total pot $0.04 | Rake $0 
Seat 1: Parker09SA folded before Flop (didn't bet)
Seat 4: Krakus 888 (button) folded before Flop (didn't bet)
Seat 5: Dorex2007 (small blind) collected ($0.04)
Seat 7: dwardiola (big blind) folded before Flop
Seat 8: Pipsiu folded before Flop (didn't bet)



PokerStars Hand #238215831623:  Hold'em No Limit ($0.01/$0.02 USD) - 2022/08/25 15:01:08 PT [2022/08/25 18:01:08 ET]
Table 'Triton II' 9-max Seat #5 is the button
Seat 1: Parker09SA ($3.13 in chips) 
Seat 4: Krakus 888 ($1 in chips) 
Seat 5: Dorex2007 ($2.16 in chips) 
Seat 7: dwardiola ($3.53 in chips) 
Seat 8: Pipsiu ($2.03 in chips) 
dwardiola: posts small blind $0.01
Pipsiu: posts big blind $0.02
tweetyteewt: sits out 
*** HOLE CARDS ***
Dealt to Dorex2007 [2h Js]
Parker09SA: folds 
Krakus 888: folds 
Dorex2007: folds 
dwardiola: folds 
Uncalled bet ($0.01) returned to Pipsiu
Pipsiu collected $0.02 from pot
Pipsiu: doesn't show hand 
*** SUMMARY ***
Total pot $0.02 | Rake $0 
Seat 1: Parker09SA folded before Flop (didn't bet)
Seat 4: Krakus 888 folded before Flop (didn't bet)
Seat 5: Dorex2007 (button) folded before Flop (didn't bet)
Seat 7: dwardiola (small blind) folded before Flop
Seat 8: Pipsiu (big blind) collected ($0.02)



PokerStars Hand #238215839484:  Hold'em No Limit ($0.01/$0.02 USD) - 2022/08/25 15:01:33 PT [2022/08/25 18:01:33 ET]
Table 'Triton II' 9-max Seat #7 is the button
Seat 1: Parker09SA ($3.13 in chips) 
Seat 4: Krakus 888 ($1 in chips) 
Seat 5: Dorex2007 ($2.16 in chips) 
Seat 7: dwardiola ($3.52 in chips) 
Seat 8: Pipsiu ($2.04 in chips) 
Seat 9: tweetyteewt ($2 in chips) 
Pipsiu: posts small blind $0.01
tweetyteewt: posts big blind $0.02
*** HOLE CARDS ***
Dealt to Dorex2007 [Tc 2s]
Parker09SA: folds 
Krakus 888: folds 
Dorex2007: folds 
dwardiola: folds 
Pipsiu: folds 
Uncalled bet ($0.01) returned to tweetyteewt
tweetyteewt collected $0.02 from pot
tweetyteewt: doesn't show hand 
*** SUMMARY ***
Total pot $0.02 | Rake $0 
Seat 1: Parker09SA folded before Flop (didn't bet)
Seat 4: Krakus 888 folded before Flop (didn't bet)
Seat 5: Dorex2007 folded before Flop (didn't bet)
Seat 7: dwardiola (button) folded before Flop (didn't bet)
Seat 8: Pipsiu (small blind) folded before Flop
Seat 9: tweetyteewt (big blind) collected ($0.02)



PokerStars Hand #238215844036:  Hold'em No Limit ($0.01/$0.02 USD) - 2022/08/25 15:01:48 PT [2022/08/25 18:01:48 ET]
Table 'Triton II' 9-max Seat #8 is the button
Seat 1: Parker09SA ($3.13 in chips) 
Seat 4: Krakus 888 ($1 in chips) 
Seat 5: Dorex2007 ($2.16 in chips) 
Seat 7: dwardiola ($3.52 in chips) 
Seat 8: Pipsiu ($2.03 in chips) 
Seat 9: tweetyteewt ($2.01 in chips) 
tweetyteewt: posts small blind $0.01
Parker09SA: posts big blind $0.02
*** HOLE CARDS ***
Dealt to Dorex2007 [8h 7h]
Krakus 888: folds 
Dorex2007: calls $0.02
dwardiola: folds 
Pipsiu: raises $0.04 to $0.06
tweetyteewt: calls $0.05
Parker09SA: calls $0.04
Dorex2007: calls $0.04
*** FLOP *** [Ah 7s 3c]
tweetyteewt: checks 
Parker09SA: checks 
Dorex2007: checks 
Pipsiu: bets $0.11
tweetyteewt: calls $0.11
Parker09SA: folds 
Dorex2007: folds 
*** TURN *** [Ah 7s 3c] [Jd]
tweetyteewt: checks 
Pipsiu: checks 
*** RIVER *** [Ah 7s 3c Jd] [2s]
tweetyteewt: checks 
Pipsiu: checks 
*** SHOW DOWN ***
tweetyteewt: shows [4c Ac] (a pair of Aces)
Pipsiu: shows [Ad Tc] (a pair of Aces - Jack+Ten kicker)
Pipsiu collected $0.44 from pot
*** SUMMARY ***
Total pot $0.46 | Rake $0.02 
Board [Ah 7s 3c Jd 2s]
Seat 1: Parker09SA (big blind) folded on the Flop
Seat 4: Krakus 888 folded before Flop (didn't bet)
Seat 5: Dorex2007 folded on the Flop
Seat 7: dwardiola folded before Flop (didn't bet)
Seat 8: Pipsiu (button) showed [Ad Tc] and won ($0.44) with a pair of Aces
Seat 9: tweetyteewt (small blind) showed [4c Ac] and lost with a pair of Aces



PokerStars Hand #238215861874:  Hold'em No Limit ($0.01/$0.02 USD) - 2022/08/25 15:02:42 PT [2022/08/25 18:02:42 ET]
Table 'Triton II' 9-max Seat #9 is the button
Seat 1: Parker09SA ($3.07 in chips) 
Seat 4: Krakus 888 ($1 in chips) 
Seat 5: Dorex2007 ($2.10 in chips) 
Seat 7: dwardiola ($3.52 in chips) 
Seat 8: Pipsiu ($2.30 in chips) 
Seat 9: tweetyteewt ($2 in chips) 
Parker09SA: posts small blind $0.01
Krakus 888: posts big blind $0.02
*** HOLE CARDS ***
Dealt to Dorex2007 [Qs Ks]
Dorex2007: raises $0.04 to $0.06
dwardiola: folds 
Pipsiu: folds 
tweetyteewt: folds 
Parker09SA: calls $0.05
Krakus 888: calls $0.04
*** FLOP *** [2h 7h Kd]
Parker09SA: checks 
Krakus 888: checks 
Dorex2007: bets $0.20
Parker09SA: folds 
Krakus 888: folds 
Uncalled bet ($0.20) returned to Dorex2007
Dorex2007 collected $0.17 from pot
Dorex2007: doesn't show hand 
*** SUMMARY ***
Total pot $0.18 | Rake $0.01 
Board [2h 7h Kd]
Seat 1: Parker09SA (small blind) folded on the Flop
Seat 4: Krakus 888 (big blind) folded on the Flop
Seat 5: Dorex2007 collected ($0.17)
Seat 7: dwardiola folded before Flop (didn't bet)
Seat 8: Pipsiu folded before Flop (didn't bet)
Seat 9: tweetyteewt (button) folded before Flop (didn't bet)



PokerStars Hand #238215880831:  Hold'em No Limit ($0.01/$0.02 USD) - 2022/08/25 15:03:39 PT [2022/08/25 18:03:39 ET]
Table 'Triton II' 9-max Seat #1 is the button
Seat 1: Parker09SA ($3.01 in chips) 
Seat 4: Krakus 888 ($0.94 in chips) 
Seat 5: Dorex2007 ($2.21 in chips) 
Seat 7: dwardiola ($3.52 in chips) 
Seat 8: Pipsiu ($2.30 in chips) 
Seat 9: tweetyteewt ($2 in chips) 
Krakus 888: posts small blind $0.01
Dorex2007: posts big blind $0.02
*** HOLE CARDS ***
Dealt to Dorex2007 [6s Qs]
dwardiola: folds 
Pipsiu: folds 
tweetyteewt: folds 
Parker09SA: folds 
Krakus 888: folds 
Uncalled bet ($0.01) returned to Dorex2007
Dorex2007 collected $0.02 from pot
Dorex2007: doesn't show hand 
*** SUMMARY ***
Total pot $0.02 | Rake $0 
Seat 1: Parker09SA (button) folded before Flop (didn't bet)
Seat 4: Krakus 888 (small blind) folded before Flop
Seat 5: Dorex2007 (big blind) collected ($0.02)
Seat 7: dwardiola folded before Flop (didn't bet)
Seat 8: Pipsiu folded before Flop (didn't bet)
Seat 9: tweetyteewt folded before Flop (didn't bet)



PokerStars Hand #238215885740:  Hold'em No Limit ($0.01/$0.02 USD) - 2022/08/25 15:03:54 PT [2022/08/25 18:03:54 ET]
Table 'Triton II' 9-max Seat #4 is the button
Seat 1: Parker09SA ($3.01 in chips) 
Seat 4: Krakus 888 ($0.93 in chips) 
Seat 5: Dorex2007 ($2.22 in chips) 
Seat 7: dwardiola ($3.52 in chips) 
Seat 8: Pipsiu ($2.30 in chips) 
Seat 9: tweetyteewt ($2 in chips) 
Dorex2007: posts small blind $0.01
dwardiola: posts big blind $0.02
*** HOLE CARDS ***
Dealt to Dorex2007 [4s Qc]
Pipsiu: raises $0.02 to $0.04
tweetyteewt: folds 
Parker09SA: folds 
Krakus 888: folds 
Dorex2007: folds 
dwardiola: calls $0.02
*** FLOP *** [Kd 3d Qd]
dwardiola: checks 
Pipsiu: checks 
*** TURN *** [Kd 3d Qd] [7s]
dwardiola: checks 
Pipsiu: checks 
*** RIVER *** [Kd 3d Qd 7s] [Ad]
dwardiola: checks 
Pipsiu: checks 
*** SHOW DOWN ***
dwardiola: shows [7c 8s] (a pair of Sevens)
Pipsiu: shows [Ts Qs] (a pair of Queens)
Pipsiu collected $0.09 from pot
*** SUMMARY ***
Total pot $0.09 | Rake $0 
Board [Kd 3d Qd 7s Ad]
Seat 1: Parker09SA folded before Flop (didn't bet)
Seat 4: Krakus 888 (button) folded before Flop (didn't bet)
Seat 5: Dorex2007 (small blind) folded before Flop
Seat 7: dwardiola (big blind) showed [7c 8s] and lost with a pair of Sevens
Seat 8: Pipsiu showed [Ts Qs] and won ($0.09) with a pair of Queens
Seat 9: tweetyteewt folded before Flop (didn't bet)



PokerStars Hand #238215897273:  Hold'em No Limit ($0.01/$0.02 USD) - 2022/08/25 15:04:28 PT [2022/08/25 18:04:28 ET]
Table 'Triton II' 9-max Seat #5 is the button
Seat 1: Parker09SA ($3.01 in chips) 
Seat 4: Krakus 888 ($0.93 in chips) 
Seat 5: Dorex2007 ($2.21 in chips) 
Seat 7: dwardiola ($3.48 in chips) 
Seat 8: Pipsiu ($2.35 in chips) 
Seat 9: tweetyteewt ($2 in chips) 
dwardiola: posts small blind $0.01
Pipsiu: posts big blind $0.02
*** HOLE CARDS ***
Dealt to Dorex2007 [Jc 5c]
tweetyteewt: folds 
Parker09SA: folds 
Krakus 888: folds 
Dorex2007: folds 
dwardiola: raises $0.04 to $0.06
Pipsiu: calls $0.04
*** FLOP *** [2s Tc 3h]
dwardiola: checks 
Pipsiu: checks 
*** TURN *** [2s Tc 3h] [Td]
dwardiola: checks 
Pipsiu: bets $0.06
dwardiola: folds 
Uncalled bet ($0.06) returned to Pipsiu
Pipsiu collected $0.12 from pot
Pipsiu: doesn't show hand 
*** SUMMARY ***
Total pot $0.12 | Rake $0 
Board [2s Tc 3h Td]
Seat 1: Parker09SA folded before Flop (didn't bet)
Seat 4: Krakus 888 folded before Flop (didn't bet)
Seat 5: Dorex2007 (button) folded before Flop (didn't bet)
Seat 7: dwardiola (small blind) folded on the Turn
Seat 8: Pipsiu (big blind) collected ($0.12)
Seat 9: tweetyteewt folded before Flop (didn't bet)



PokerStars Hand #238215910198:  Hold'em No Limit ($0.01/$0.02 USD) - 2022/08/25 15:05:06 PT [2022/08/25 18:05:06 ET]
Table 'Triton II' 9-max Seat #7 is the button
Seat 1: Parker09SA ($3.01 in chips) 
Seat 4: Krakus 888 ($0.93 in chips) 
Seat 5: Dorex2007 ($2.21 in chips) 
Seat 7: dwardiola ($3.42 in chips) 
Seat 8: Pipsiu ($2.41 in chips) 
Seat 9: tweetyteewt ($2 in chips) 
Pipsiu: posts small blind $0.01
tweetyteewt: posts big blind $0.02
*** HOLE CARDS ***
Dealt to Dorex2007 [Js Td]
Parker09SA: folds 
Krakus 888: folds 
Dorex2007: raises $0.02 to $0.04
dwardiola: folds 
Pipsiu: folds 
tweetyteewt: folds 
Uncalled bet ($0.02) returned to Dorex2007
Dorex2007 collected $0.05 from pot
Dorex2007: doesn't show hand 
*** SUMMARY ***
Total pot $0.05 | Rake $0 
Seat 1: Parker09SA folded before Flop (didn't bet)
Seat 4: Krakus 888 folded before Flop (didn't bet)
Seat 5: Dorex2007 collected ($0.05)
Seat 7: dwardiola (button) folded before Flop (didn't bet)
Seat 8: Pipsiu (small blind) folded before Flop
Seat 9: tweetyteewt (big blind) folded before Flop



PokerStars Hand #238215915191:  Hold'em No Limit ($0.01/$0.02 USD) - 2022/08/25 15:05:21 PT [2022/08/25 18:05:21 ET]
Table 'Triton II' 9-max Seat #8 is the button
Seat 1: Parker09SA ($3.01 in chips) 
Seat 4: Krakus 888 ($0.93 in chips) 
Seat 5: Dorex2007 ($2.24 in chips) 
Seat 7: dwardiola ($3.42 in chips) 
Seat 8: Pipsiu ($2.40 in chips) 
Seat 9: tweetyteewt ($2 in chips) 
tweetyteewt: posts small blind $0.01
Parker09SA: posts big blind $0.02
*** HOLE CARDS ***
Dealt to Dorex2007 [7h Ac]
Krakus 888: folds 
Dorex2007: folds 
dwardiola: folds 
Pipsiu: raises $0.02 to $0.04
tweetyteewt: calls $0.03
Parker09SA: calls $0.02
*** FLOP *** [Qs 2d 5d]
tweetyteewt: checks 
Parker09SA: checks 
Pipsiu: bets $0.06
tweetyteewt: folds 
Parker09SA: calls $0.06
*** TURN *** [Qs 2d 5d] [8s]
Parker09SA: checks 
Pipsiu: checks 
*** RIVER *** [Qs 2d 5d 8s] [8c]
Parker09SA: checks 
Pipsiu: checks 
*** SHOW DOWN ***
Parker09SA: shows [6d Ah] (a pair of Eights)
Pipsiu: shows [9c Qc] (two pair, Queens and Eights)
Pipsiu collected $0.23 from pot
*** SUMMARY ***
Total pot $0.24 | Rake $0.01 
Board [Qs 2d 5d 8s 8c]
Seat 1: Parker09SA (big blind) showed [6d Ah] and lost with a pair of Eights
Seat 4: Krakus 888 folded before Flop (didn't bet)
Seat 5: Dorex2007 folded before Flop (didn't bet)
Seat 7: dwardiola folded before Flop (didn't bet)
Seat 8: Pipsiu (button) showed [9c Qc] and won ($0.23) with two pair, Queens and Eights
Seat 9: tweetyteewt (small blind) folded on the Flop



PokerStars Hand #238215939599:  Hold'em No Limit ($0.01/$0.02 USD) - 2022/08/25 15:06:34 PT [2022/08/25 18:06:34 ET]
Table 'Triton II' 9-max Seat #9 is the button
Seat 1: Parker09SA ($2.91 in chips) 
Seat 4: Krakus 888 ($0.93 in chips) 
Seat 5: Dorex2007 ($2.24 in chips) 
Seat 7: dwardiola ($3.42 in chips) 
Seat 8: Pipsiu ($2.53 in chips) 
Seat 9: tweetyteewt ($2 in chips) 
Parker09SA: posts small blind $0.01
Krakus 888: posts big blind $0.02
*** HOLE CARDS ***
Dealt to Dorex2007 [7s 8d]
Dorex2007: folds 
dwardiola: folds 
Pipsiu: folds 
tweetyteewt: folds 
Parker09SA: raises $0.04 to $0.06
Krakus 888: folds 
Uncalled bet ($0.04) returned to Parker09SA
Parker09SA collected $0.04 from pot
*** SUMMARY ***
Total pot $0.04 | Rake $0 
Seat 1: Parker09SA (small blind) collected ($0.04)
Seat 4: Krakus 888 (big blind) folded before Flop
Seat 5: Dorex2007 folded before Flop (didn't bet)
Seat 7: dwardiola folded before Flop (didn't bet)
Seat 8: Pipsiu folded before Flop (didn't bet)
Seat 9: tweetyteewt (button) folded before Flop (didn't bet)



PokerStars Hand #238215947652:  Hold'em No Limit ($0.01/$0.02 USD) - 2022/08/25 15:06:58 PT [2022/08/25 18:06:58 ET]
Table 'Triton II' 9-max Seat #1 is the button
Seat 1: Parker09SA ($2.93 in chips) 
Seat 4: Krakus 888 ($0.91 in chips) 
Seat 5: Dorex2007 ($2.24 in chips) 
Seat 7: dwardiola ($3.42 in chips) 
Seat 8: Pipsiu ($2.53 in chips) 
Seat 9: tweetyteewt ($2 in chips) 
Krakus 888: posts small blind $0.01
Dorex2007: posts big blind $0.02
*** HOLE CARDS ***
Dealt to Dorex2007 [3c 8d]
dwardiola: folds 
Pipsiu: folds 
tweetyteewt: folds 
Parker09SA: folds 
Krakus 888: folds 
Uncalled bet ($0.01) returned to Dorex2007
Dorex2007 collected $0.02 from pot
Dorex2007: doesn't show hand 
*** SUMMARY ***
Total pot $0.02 | Rake $0 
Seat 1: Parker09SA (button) folded before Flop (didn't bet)
Seat 4: Krakus 888 (small blind) folded before Flop
Seat 5: Dorex2007 (big blind) collected ($0.02)
Seat 7: dwardiola folded before Flop (didn't bet)
Seat 8: Pipsiu folded before Flop (didn't bet)
Seat 9: tweetyteewt folded before Flop (didn't bet)



PokerStars Hand #238215953050:  Hold'em No Limit ($0.01/$0.02 USD) - 2022/08/25 15:07:14 PT [2022/08/25 18:07:14 ET]
Table 'Triton II' 9-max Seat #4 is the button
Seat 1: Parker09SA ($2.93 in chips) 
Seat 4: Krakus 888 ($0.90 in chips) 
Seat 5: Dorex2007 ($2.25 in chips) 
Seat 7: dwardiola ($3.42 in chips) 
Seat 8: Pipsiu ($2.53 in chips) 
Seat 9: tweetyteewt ($2 in chips) 
Dorex2007: posts small blind $0.01
dwardiola: posts big blind $0.02
*** HOLE CARDS ***
Dealt to Dorex2007 [Ad 9s]
Pipsiu: folds 
tweetyteewt: folds 
Parker09SA: folds 
Krakus 888: raises $0.04 to $0.06
Dorex2007: calls $0.05
dwardiola: calls $0.04
*** FLOP *** [Qc 3c Kh]
Dorex2007: checks 
dwardiola: checks 
Krakus 888: checks 
*** TURN *** [Qc 3c Kh] [Th]
Dorex2007: bets $0.08
dwardiola: folds 
Krakus 888: folds 
Uncalled bet ($0.08) returned to Dorex2007
Dorex2007 collected $0.17 from pot
Blufferin142 leaves the table
Dorex2007: doesn't show hand 
*** SUMMARY ***
Total pot $0.18 | Rake $0.01 
Board [Qc 3c Kh Th]
Seat 1: Parker09SA folded before Flop (didn't bet)
Seat 4: Krakus 888 (button) folded on the Turn
Seat 5: Dorex2007 (small blind) collected ($0.17)
Seat 7: dwardiola (big blind) folded on the Turn
Seat 8: Pipsiu folded before Flop (didn't bet)
Seat 9: tweetyteewt folded before Flop (didn't bet)



PokerStars Hand #238215964705:  Hold'em No Limit ($0.01/$0.02 USD) - 2022/08/25 15:07:48 PT [2022/08/25 18:07:48 ET]
Table 'Triton II' 9-max Seat #5 is the button
Seat 1: Parker09SA ($2.93 in chips) 
Seat 4: Krakus 888 ($0.84 in chips) 
Seat 5: Dorex2007 ($2.36 in chips) 
Seat 7: dwardiola ($3.36 in chips) 
Seat 8: Pipsiu ($2.53 in chips) 
Seat 9: tweetyteewt ($2 in chips) 
dwardiola: posts small blind $0.01
Pipsiu: posts big blind $0.02
*** HOLE CARDS ***
Dealt to Dorex2007 [9h 2d]
tweetyteewt: folds 
Parker09SA: folds 
Krakus 888: folds 
Dorex2007: folds 
dwardiola: folds 
Uncalled bet ($0.01) returned to Pipsiu
Pipsiu collected $0.02 from pot
Pipsiu: doesn't show hand 
*** SUMMARY ***
Total pot $0.02 | Rake $0 
Seat 1: Parker09SA folded before Flop (didn't bet)
Seat 4: Krakus 888 folded before Flop (didn't bet)
Seat 5: Dorex2007 (button) folded before Flop (didn't bet)
Seat 7: dwardiola (small blind) folded before Flop
Seat 8: Pipsiu (big blind) collected ($0.02)
Seat 9: tweetyteewt folded before Flop (didn't bet)



PokerStars Hand #238215972010:  Hold'em No Limit ($0.01/$0.02 USD) - 2022/08/25 15:08:10 PT [2022/08/25 18:08:10 ET]
Table 'Triton II' 9-max Seat #7 is the button
Seat 1: Parker09SA ($2.93 in chips) 
Seat 4: Krakus 888 ($0.84 in chips) 
Seat 5: Dorex2007 ($2.36 in chips) 
Seat 7: dwardiola ($3.35 in chips) 
Seat 8: Pipsiu ($2.54 in chips) 
Seat 9: tweetyteewt ($2 in chips) 
Pipsiu: posts small blind $0.01
tweetyteewt: posts big blind $0.02
*** HOLE CARDS ***
Dealt to Dorex2007 [As Js]
Parker09SA: folds 
Krakus 888: folds 
Dorex2007: raises $0.04 to $0.06
dwardiola: folds 
Pipsiu: calls $0.05
tweetyteewt: folds 
*** FLOP *** [Jc 5d 6h]
Pipsiu: checks 
Dorex2007: bets $0.14
Pipsiu: folds 
Uncalled bet ($0.14) returned to Dorex2007
Dorex2007 collected $0.14 from pot
Dorex2007: doesn't show hand 
*** SUMMARY ***
Total pot $0.14 | Rake $0 
Board [Jc 5d 6h]
Seat 1: Parker09SA folded before Flop (didn't bet)
Seat 4: Krakus 888 folded before Flop (didn't bet)
Seat 5: Dorex2007 collected ($0.14)
Seat 7: dwardiola (button) folded before Flop (didn't bet)
Seat 8: Pipsiu (small blind) folded on the Flop
Seat 9: tweetyteewt (big blind) folded before Flop



PokerStars Hand #238215981795:  Hold'em No Limit ($0.01/$0.02 USD) - 2022/08/25 15:08:39 PT [2022/08/25 18:08:39 ET]
Table 'Triton II' 9-max Seat #8 is the button
Seat 1: Parker09SA ($2.93 in chips) 
Seat 4: Krakus 888 ($0.84 in chips) 
Seat 5: Dorex2007 ($2.44 in chips) 
Seat 7: dwardiola ($3.35 in chips) 
Seat 8: Pipsiu ($2.48 in chips) 
Seat 9: tweetyteewt ($2 in chips) 
tweetyteewt: posts small blind $0.01
Parker09SA: posts big blind $0.02
*** HOLE CARDS ***
Dealt to Dorex2007 [7c 9h]
Krakus 888: folds 
Dorex2007: folds 
dwardiola: raises $0.04 to $0.06
Pipsiu: folds 
tweetyteewt: folds 
Parker09SA: folds 
Uncalled bet ($0.04) returned to dwardiola
dwardiola collected $0.05 from pot
*** SUMMARY ***
Total pot $0.05 | Rake $0 
Seat 1: Parker09SA (big blind) folded before Flop
Seat 4: Krakus 888 folded before Flop (didn't bet)
Seat 5: Dorex2007 folded before Flop (didn't bet)
Seat 7: dwardiola collected ($0.05)
Seat 8: Pipsiu (button) folded before Flop (didn't bet)
Seat 9: tweetyteewt (small blind) folded before Flop



PokerStars Hand #238215987915:  Hold'em No Limit ($0.01/$0.02 USD) - 2022/08/25 15:08:58 PT [2022/08/25 18:08:58 ET]
Table 'Triton II' 9-max Seat #9 is the button
Seat 1: Parker09SA ($2.91 in chips) 
Seat 4: Krakus 888 ($0.84 in chips) 
Seat 5: Dorex2007 ($2.44 in chips) 
Seat 7: dwardiola ($3.38 in chips) 
Seat 8: Pipsiu ($2.48 in chips) 
Seat 9: tweetyteewt ($2 in chips) 
Parker09SA: posts small blind $0.01
Krakus 888: posts big blind $0.02
*** HOLE CARDS ***
Dealt to Dorex2007 [3s 5d]
Dorex2007: folds 
dwardiola: folds 
Pipsiu: folds 
tweetyteewt: folds 
Parker09SA: folds 
Uncalled bet ($0.01) returned to Krakus 888
Krakus 888 collected $0.02 from pot
wwdecider leaves the table
SKHtoao leaves the table
Krakus 888: doesn't show hand 
*** SUMMARY ***
Total pot $0.02 | Rake $0 
Seat 1: Parker09SA (small blind) folded before Flop
Seat 4: Krakus 888 (big blind) collected ($0.02)
Seat 5: Dorex2007 folded before Flop (didn't bet)
Seat 7: dwardiola folded before Flop (didn't bet)
Seat 8: Pipsiu folded before Flop (didn't bet)
Seat 9: tweetyteewt (button) folded before Flop (didn't bet)



PokerStars Hand #238215992280:  Hold'em No Limit ($0.01/$0.02 USD) - 2022/08/25 15:09:11 PT [2022/08/25 18:09:11 ET]
Table 'Triton II' 9-max Seat #1 is the button
Seat 1: Parker09SA ($2.90 in chips) 
Seat 4: Krakus 888 ($0.85 in chips) 
Seat 5: Dorex2007 ($2.44 in chips) 
Seat 7: dwardiola ($3.38 in chips) 
Seat 8: Pipsiu ($2.48 in chips) 
Seat 9: tweetyteewt ($2 in chips) 
Krakus 888: posts small blind $0.01
Dorex2007: posts big blind $0.02
*** HOLE CARDS ***
Dealt to Dorex2007 [Qd 8s]
dwardiola: folds 
Pipsiu: raises $0.02 to $0.04
tweetyteewt: folds 
Parker09SA: folds 
Krakus 888: folds 
Dorex2007: calls $0.02
*** FLOP *** [Ad Kd Ks]
Dorex2007: checks 
Pipsiu: checks 
*** TURN *** [Ad Kd Ks] [5s]
Dorex2007: checks 
Pipsiu: checks 
*** RIVER *** [Ad Kd Ks 5s] [7c]
Dorex2007: checks 
Pipsiu: checks 
*** SHOW DOWN ***
Dorex2007: shows [Qd 8s] (a pair of Kings)
Pipsiu: mucks hand 
Dorex2007 collected $0.09 from pot
*** SUMMARY ***
Total pot $0.09 | Rake $0 
Board [Ad Kd Ks 5s 7c]
Seat 1: Parker09SA (button) folded before Flop (didn't bet)
Seat 4: Krakus 888 (small blind) folded before Flop
Seat 5: Dorex2007 (big blind) showed [Qd 8s] and won ($0.09) with a pair of Kings
Seat 7: dwardiola folded before Flop (didn't bet)
Seat 8: Pipsiu mucked [9c 8h]
Seat 9: tweetyteewt folded before Flop (didn't bet)



PokerStars Hand #238216000515:  Hold'em No Limit ($0.01/$0.02 USD) - 2022/08/25 15:09:36 PT [2022/08/25 18:09:36 ET]
Table 'Triton II' 9-max Seat #4 is the button
Seat 1: Parker09SA ($2.90 in chips) 
Seat 4: Krakus 888 ($0.84 in chips) 
Seat 5: Dorex2007 ($2.49 in chips) 
Seat 7: dwardiola ($3.38 in chips) 
Seat 8: Pipsiu ($2.44 in chips) 
Seat 9: tweetyteewt ($2 in chips) 
Dorex2007: posts small blind $0.01
dwardiola: posts big blind $0.02
*** HOLE CARDS ***
Dealt to Dorex2007 [7c Jh]
Pipsiu: folds 
Pipsiu leaves the table
tweetyteewt: folds 
Parker09SA: folds 
Krakus 888: folds 
Dorex2007: folds 
Uncalled bet ($0.01) returned to dwardiola
dwardiola collected $0.02 from pot
*** SUMMARY ***
Total pot $0.02 | Rake $0 
Seat 1: Parker09SA folded before Flop (didn't bet)
Seat 4: Krakus 888 (button) folded before Flop (didn't bet)
Seat 5: Dorex2007 (small blind) folded before Flop
Seat 7: dwardiola (big blind) collected ($0.02)
Seat 8: Pipsiu folded before Flop (didn't bet)
Seat 9: tweetyteewt folded before Flop (didn't bet)



PokerStars Hand #238216007596:  Hold'em No Limit ($0.01/$0.02 USD) - 2022/08/25 15:09:57 PT [2022/08/25 18:09:57 ET]
Table 'Triton II' 9-max Seat #5 is the button
Seat 1: Parker09SA ($2.90 in chips) 
Seat 4: Krakus 888 ($0.84 in chips) 
Seat 5: Dorex2007 ($2.48 in chips) 
Seat 7: dwardiola ($3.39 in chips) 
Seat 9: tweetyteewt ($2 in chips) 
dwardiola: posts small blind $0.01
tweetyteewt: posts big blind $0.02
*** HOLE CARDS ***
Dealt to Dorex2007 [4s Ah]
Parker09SA has timed out
Parker09SA: folds 
Krakus 888: folds 
Dorex2007: raises $0.02 to $0.04
dwardiola: folds 
tweetyteewt: folds 
Uncalled bet ($0.02) returned to Dorex2007
Dorex2007 collected $0.05 from pot
Dorex2007: doesn't show hand 
*** SUMMARY ***
Total pot $0.05 | Rake $0 
Seat 1: Parker09SA folded before Flop (didn't bet)
Seat 4: Krakus 888 folded before Flop (didn't bet)
Seat 5: Dorex2007 (button) collected ($0.05)
Seat 7: dwardiola (small blind) folded before Flop
Seat 9: tweetyteewt (big blind) folded before Flop



PokerStars Hand #238216015109:  Hold'em No Limit ($0.01/$0.02 USD) - 2022/08/25 15:10:19 PT [2022/08/25 18:10:19 ET]
Table 'Triton II' 9-max Seat #7 is the button
Seat 1: Parker09SA ($2.90 in chips) 
Seat 4: Krakus 888 ($0.84 in chips) 
Seat 5: Dorex2007 ($2.51 in chips) 
Seat 7: dwardiola ($3.38 in chips) 
Seat 9: tweetyteewt ($2 in chips) 
tweetyteewt: posts small blind $0.01
Parker09SA: posts big blind $0.02
*** HOLE CARDS ***
Dealt to Dorex2007 [5c 3s]
Krakus 888: folds 
Dorex2007: folds 
dwardiola: folds 
tweetyteewt: folds 
Uncalled bet ($0.01) returned to Parker09SA
Parker09SA collected $0.02 from pot
*** SUMMARY ***
Total pot $0.02 | Rake $0 
Seat 1: Parker09SA (big blind) collected ($0.02)
Seat 4: Krakus 888 folded before Flop (didn't bet)
Seat 5: Dorex2007 folded before Flop (didn't bet)
Seat 7: dwardiola (button) folded before Flop (didn't bet)
Seat 9: tweetyteewt (small blind) folded before Flop



PokerStars Hand #238216018404:  Hold'em No Limit ($0.01/$0.02 USD) - 2022/08/25 15:10:29 PT [2022/08/25 18:10:29 ET]
Table 'Triton II' 9-max Seat #9 is the button
Seat 1: Parker09SA ($2.91 in chips) 
Seat 4: Krakus 888 ($0.84 in chips) 
Seat 5: Dorex2007 ($2.51 in chips) 
Seat 7: dwardiola ($3.38 in chips) 
Seat 9: tweetyteewt ($2 in chips) 
Parker09SA: posts small blind $0.01
Krakus 888: posts big blind $0.02
*** HOLE CARDS ***
Dealt to Dorex2007 [4h Js]
Dorex2007: folds 
dwardiola: folds 
tweetyteewt: folds 
dwardiola leaves the table
Parker09SA: folds 
Uncalled bet ($0.01) returned to Krakus 888
Krakus 888 collected $0.02 from pot
Krakus 888: doesn't show hand 
*** SUMMARY ***
Total pot $0.02 | Rake $0 
Seat 1: Parker09SA (small blind) folded before Flop
Seat 4: Krakus 888 (big blind) collected ($0.02)
Seat 5: Dorex2007 folded before Flop (didn't bet)
Seat 7: dwardiola folded before Flop (didn't bet)
Seat 9: tweetyteewt (button) folded before Flop (didn't bet)



PokerStars Hand #238216023461:  Hold'em No Limit ($0.01/$0.02 USD) - 2022/08/25 15:10:44 PT [2022/08/25 18:10:44 ET]
Table 'Triton II' 9-max Seat #1 is the button
Seat 1: Parker09SA ($2.90 in chips) 
Seat 4: Krakus 888 ($0.85 in chips) 
Seat 5: Dorex2007 ($2.51 in chips) 
Seat 9: tweetyteewt ($2 in chips) 
Krakus 888: posts small blind $0.01
Dorex2007: posts big blind $0.02
*** HOLE CARDS ***
Dealt to Dorex2007 [5h 5c]
tweetyteewt: folds 
Parker09SA: folds 
Krakus 888: raises $0.04 to $0.06
Dorex2007: calls $0.04
*** FLOP *** [Tc 3c 8c]
Krakus 888: bets $0.08
Dorex2007: folds 
Uncalled bet ($0.08) returned to Krakus 888
Krakus 888 collected $0.12 from pot
Krakus 888: doesn't show hand 
*** SUMMARY ***
Total pot $0.12 | Rake $0 
Board [Tc 3c 8c]
Seat 1: Parker09SA (button) folded before Flop (didn't bet)
Seat 4: Krakus 888 (small blind) collected ($0.12)
Seat 5: Dorex2007 (big blind) folded on the Flop
Seat 9: tweetyteewt folded before Flop (didn't bet)



