PokerStars Hand #238320518735:  Hold'em No Limit ($0.02/$0.05 USD) - 2022/08/30 17:45:18 PT [2022/08/30 20:45:18 ET]
Table 'Padua II' 9-max Seat #1 is the button
Seat 1: O_Chacal_Ba ($4.45 in chips) 
Seat 2: AGVsmarT ($5.80 in chips) 
Seat 3: koolin ij ($9.04 in chips) 
Seat 4: Lagosha ($5 in chips) 
Seat 5: nachom96 ($1.18 in chips) 
Seat 6: mullski326 ($3.95 in chips) 
Seat 8: Herbert CNR ($4.55 in chips) 
Seat 9: Dorex2007 ($5 in chips) 
AGVsmarT: posts small blind $0.02
koolin ij: posts big blind $0.05
morlockz: sits out 
Dorex2007: posts big blind $0.05
*** HOLE CARDS ***
Dealt to Dorex2007 [5c Qh]
Lagosha: folds 
nachom96: folds 
mullski326: folds 
Herbert CNR: folds 
Dorex2007: checks 
O_Chacal_Ba: calls $0.05
AGVsmarT: folds 
koolin ij: checks 
*** FLOP *** [7h 3c Qd]
koolin ij: checks 
Dorex2007: bets $0.11
O_Chacal_Ba: folds 
koolin ij: calls $0.11
*** TURN *** [7h 3c Qd] [2s]
koolin ij: checks 
Dorex2007: checks 
*** RIVER *** [7h 3c Qd 2s] [Qc]
koolin ij: checks 
Dorex2007: checks 
*** SHOW DOWN ***
koolin ij: shows [Kd 3h] (two pair, Queens and Threes)
Dorex2007: shows [5c Qh] (three of a kind, Queens)
Dorex2007 collected $0.37 from pot
*** SUMMARY ***
Total pot $0.39 | Rake $0.02 
Board [7h 3c Qd 2s Qc]
Seat 1: O_Chacal_Ba (button) folded on the Flop
Seat 2: AGVsmarT (small blind) folded before Flop
Seat 3: koolin ij (big blind) showed [Kd 3h] and lost with two pair, Queens and Threes
Seat 4: Lagosha folded before Flop (didn't bet)
Seat 5: nachom96 folded before Flop (didn't bet)
Seat 6: mullski326 folded before Flop (didn't bet)
Seat 8: Herbert CNR folded before Flop (didn't bet)
Seat 9: Dorex2007 showed [5c Qh] and won ($0.37) with three of a kind, Queens



PokerStars Hand #238320533797:  Hold'em No Limit ($0.02/$0.05 USD) - 2022/08/30 17:46:30 PT [2022/08/30 20:46:30 ET]
Table 'Padua II' 9-max Seat #2 is the button
Seat 1: O_Chacal_Ba ($4.40 in chips) 
Seat 2: AGVsmarT ($5.78 in chips) 
Seat 3: koolin ij ($8.88 in chips) 
Seat 4: Lagosha ($5 in chips) 
Seat 5: nachom96 ($1.18 in chips) 
Seat 6: mullski326 ($3.95 in chips) 
Seat 8: Herbert CNR ($4.55 in chips) 
Seat 9: Dorex2007 ($5.21 in chips) 
koolin ij: posts small blind $0.02
Lagosha: posts big blind $0.05
morlockz: sits out 
*** HOLE CARDS ***
Dealt to Dorex2007 [Jc Jd]
nachom96: folds 
mullski326: folds 
Herbert CNR: folds 
Dorex2007: raises $0.15 to $0.20
O_Chacal_Ba: folds 
AGVsmarT: folds 
koolin ij: calls $0.18
Lagosha: folds 
*** FLOP *** [6c Ac 3d]
koolin ij: checks 
Dorex2007: checks 
*** TURN *** [6c Ac 3d] [Td]
koolin ij: bets $0.21
Dorex2007: folds 
Uncalled bet ($0.21) returned to koolin ij
koolin ij collected $0.43 from pot
koolin ij: doesn't show hand 
*** SUMMARY ***
Total pot $0.45 | Rake $0.02 
Board [6c Ac 3d Td]
Seat 1: O_Chacal_Ba folded before Flop (didn't bet)
Seat 2: AGVsmarT (button) folded before Flop (didn't bet)
Seat 3: koolin ij (small blind) collected ($0.43)
Seat 4: Lagosha (big blind) folded before Flop
Seat 5: nachom96 folded before Flop (didn't bet)
Seat 6: mullski326 folded before Flop (didn't bet)
Seat 8: Herbert CNR folded before Flop (didn't bet)
Seat 9: Dorex2007 folded on the Turn



PokerStars Hand #238320544735:  Hold'em No Limit ($0.02/$0.05 USD) - 2022/08/30 17:47:22 PT [2022/08/30 20:47:22 ET]
Table 'Padua II' 9-max Seat #3 is the button
Seat 1: O_Chacal_Ba ($4.40 in chips) 
Seat 2: AGVsmarT ($5.78 in chips) 
Seat 3: koolin ij ($9.11 in chips) 
Seat 4: Lagosha ($5 in chips) 
Seat 5: nachom96 ($1.18 in chips) 
Seat 6: mullski326 ($3.95 in chips) 
Seat 8: Herbert CNR ($4.55 in chips) 
Seat 9: Dorex2007 ($5.01 in chips) 
Lagosha: posts small blind $0.02
nachom96: posts big blind $0.05
morlockz: sits out 
*** HOLE CARDS ***
Dealt to Dorex2007 [Tc 2d]
mullski326: folds 
Herbert CNR: folds 
Dorex2007: folds 
O_Chacal_Ba: calls $0.05
AGVsmarT has timed out
AGVsmarT: folds 
koolin ij: raises $0.10 to $0.15
Lagosha: folds 
nachom96: folds 
O_Chacal_Ba: calls $0.10
*** FLOP *** [Kd 7d 8s]
O_Chacal_Ba: checks 
koolin ij: bets $0.17
O_Chacal_Ba: folds 
Uncalled bet ($0.17) returned to koolin ij
koolin ij collected $0.35 from pot
koolin ij: doesn't show hand 
*** SUMMARY ***
Total pot $0.37 | Rake $0.02 
Board [Kd 7d 8s]
Seat 1: O_Chacal_Ba folded on the Flop
Seat 2: AGVsmarT folded before Flop (didn't bet)
Seat 3: koolin ij (button) collected ($0.35)
Seat 4: Lagosha (small blind) folded before Flop
Seat 5: nachom96 (big blind) folded before Flop
Seat 6: mullski326 folded before Flop (didn't bet)
Seat 8: Herbert CNR folded before Flop (didn't bet)
Seat 9: Dorex2007 folded before Flop (didn't bet)



PokerStars Hand #238320554362:  Hold'em No Limit ($0.02/$0.05 USD) - 2022/08/30 17:48:08 PT [2022/08/30 20:48:08 ET]
Table 'Padua II' 9-max Seat #4 is the button
Seat 1: O_Chacal_Ba ($4.25 in chips) 
Seat 3: koolin ij ($9.31 in chips) 
Seat 4: Lagosha ($5 in chips) 
Seat 5: nachom96 ($1.13 in chips) 
Seat 6: mullski326 ($3.95 in chips) 
Seat 8: Herbert CNR ($4.55 in chips) 
Seat 9: Dorex2007 ($5.01 in chips) 
nachom96: posts small blind $0.02
mullski326: posts big blind $0.05
morlockz: sits out 
*** HOLE CARDS ***
Dealt to Dorex2007 [Jc 9d]
Herbert CNR: folds 
Dorex2007: folds 
O_Chacal_Ba: calls $0.05
koolin ij: folds 
Lagosha: raises $0.17 to $0.22
nachom96: calls $0.20
mullski326: raises $3.73 to $3.95 and is all-in
O_Chacal_Ba: folds 
Lagosha: folds 
nachom96: calls $0.91 and is all-in
Uncalled bet ($2.82) returned to mullski326
*** FLOP *** [5d Kc Tc]
*** TURN *** [5d Kc Tc] [7h]
*** RIVER *** [5d Kc Tc 7h] [4d]
*** SHOW DOWN ***
nachom96: shows [Qh As] (high card Ace)
mullski326: shows [Ks Ac] (a pair of Kings)
mullski326 collected $2.43 from pot
*** SUMMARY ***
Total pot $2.53 | Rake $0.10 
Board [5d Kc Tc 7h 4d]
Seat 1: O_Chacal_Ba folded before Flop
Seat 3: koolin ij folded before Flop (didn't bet)
Seat 4: Lagosha (button) folded before Flop
Seat 5: nachom96 (small blind) showed [Qh As] and lost with high card Ace
Seat 6: mullski326 (big blind) showed [Ks Ac] and won ($2.43) with a pair of Kings
Seat 8: Herbert CNR folded before Flop (didn't bet)
Seat 9: Dorex2007 folded before Flop (didn't bet)



PokerStars Hand #238320564305:  Hold'em No Limit ($0.02/$0.05 USD) - 2022/08/30 17:48:56 PT [2022/08/30 20:48:56 ET]
Table 'Padua II' 9-max Seat #6 is the button
Seat 1: O_Chacal_Ba ($4.20 in chips) 
Seat 2: AGVsmarT ($5.78 in chips) 
Seat 3: koolin ij ($9.31 in chips) 
Seat 4: Lagosha ($5 in chips) 
Seat 6: mullski326 ($5.25 in chips) 
Seat 8: Herbert CNR ($4.55 in chips) 
Seat 9: Dorex2007 ($5.01 in chips) 
Herbert CNR: posts small blind $0.02
Dorex2007: posts big blind $0.05
*** HOLE CARDS ***
Dealt to Dorex2007 [4h 6d]
O_Chacal_Ba: calls $0.05
AGVsmarT has timed out
AGVsmarT: folds 
koolin ij: folds 
Lagosha: folds 
mullski326: folds 
Herbert CNR: calls $0.03
Dorex2007: checks 
*** FLOP *** [Ad Jc Qc]
Herbert CNR: bets $0.10
Dorex2007: folds 
O_Chacal_Ba: raises $0.10 to $0.20
Herbert CNR: calls $0.10
*** TURN *** [Ad Jc Qc] [7c]
Herbert CNR: bets $0.20
O_Chacal_Ba: folds 
Uncalled bet ($0.20) returned to Herbert CNR
Herbert CNR collected $0.53 from pot
Herbert CNR: doesn't show hand 
*** SUMMARY ***
Total pot $0.55 | Rake $0.02 
Board [Ad Jc Qc 7c]
Seat 1: O_Chacal_Ba folded on the Turn
Seat 2: AGVsmarT folded before Flop (didn't bet)
Seat 3: koolin ij folded before Flop (didn't bet)
Seat 4: Lagosha folded before Flop (didn't bet)
Seat 6: mullski326 (button) folded before Flop (didn't bet)
Seat 8: Herbert CNR (small blind) collected ($0.53)
Seat 9: Dorex2007 (big blind) folded on the Flop



PokerStars Hand #238320575242:  Hold'em No Limit ($0.02/$0.05 USD) - 2022/08/30 17:49:48 PT [2022/08/30 20:49:48 ET]
Table 'Padua II' 9-max Seat #8 is the button
Seat 1: O_Chacal_Ba ($3.95 in chips) 
Seat 2: AGVsmarT ($5.78 in chips) 
Seat 3: koolin ij ($9.31 in chips) 
Seat 4: Lagosha ($5 in chips) 
Seat 5: nachom96 ($2 in chips) 
Seat 6: mullski326 ($5.25 in chips) 
Seat 8: Herbert CNR ($4.83 in chips) 
Seat 9: Dorex2007 ($5 in chips) 
Dorex2007: posts small blind $0.02
O_Chacal_Ba: posts big blind $0.05
morlockz: sits out 
*** HOLE CARDS ***
Dealt to Dorex2007 [Ac 5s]
AGVsmarT: folds 
koolin ij: folds 
Lagosha: folds 
nachom96 has timed out
nachom96: folds 
mullski326: folds 
Herbert CNR: folds 
Dorex2007: folds 
Uncalled bet ($0.03) returned to O_Chacal_Ba
O_Chacal_Ba collected $0.04 from pot
*** SUMMARY ***
Total pot $0.04 | Rake $0 
Seat 1: O_Chacal_Ba (big blind) collected ($0.04)
Seat 2: AGVsmarT folded before Flop (didn't bet)
Seat 3: koolin ij folded before Flop (didn't bet)
Seat 4: Lagosha folded before Flop (didn't bet)
Seat 5: nachom96 folded before Flop (didn't bet)
Seat 6: mullski326 folded before Flop (didn't bet)
Seat 8: Herbert CNR (button) folded before Flop (didn't bet)
Seat 9: Dorex2007 (small blind) folded before Flop



PokerStars Hand #238320581674:  Hold'em No Limit ($0.02/$0.05 USD) - 2022/08/30 17:50:19 PT [2022/08/30 20:50:19 ET]
Table 'Padua II' 9-max Seat #9 is the button
Seat 1: O_Chacal_Ba ($3.97 in chips) 
Seat 2: AGVsmarT ($5.78 in chips) 
Seat 3: koolin ij ($9.31 in chips) 
Seat 4: Lagosha ($5 in chips) 
Seat 6: mullski326 ($5.25 in chips) 
Seat 8: Herbert CNR ($4.83 in chips) 
Seat 9: Dorex2007 ($5 in chips) 
O_Chacal_Ba: posts small blind $0.02
AGVsmarT: posts big blind $0.05
morlockz: sits out 
*** HOLE CARDS ***
Dealt to Dorex2007 [6s Th]
koolin ij: folds 
Lagosha: folds 
mullski326: folds 
Herbert CNR: folds 
Dorex2007: folds 
O_Chacal_Ba: calls $0.03
AGVsmarT: checks 
*** FLOP *** [Qc 6h 9c]
O_Chacal_Ba: bets $0.10
AGVsmarT: folds 
Uncalled bet ($0.10) returned to O_Chacal_Ba
O_Chacal_Ba collected $0.10 from pot
*** SUMMARY ***
Total pot $0.10 | Rake $0 
Board [Qc 6h 9c]
Seat 1: O_Chacal_Ba (small blind) collected ($0.10)
Seat 2: AGVsmarT (big blind) folded on the Flop
Seat 3: koolin ij folded before Flop (didn't bet)
Seat 4: Lagosha folded before Flop (didn't bet)
Seat 6: mullski326 folded before Flop (didn't bet)
Seat 8: Herbert CNR folded before Flop (didn't bet)
Seat 9: Dorex2007 (button) folded before Flop (didn't bet)



PokerStars Hand #238320589569:  Hold'em No Limit ($0.02/$0.05 USD) - 2022/08/30 17:50:57 PT [2022/08/30 20:50:57 ET]
Table 'Padua II' 9-max Seat #1 is the button
Seat 1: O_Chacal_Ba ($4.02 in chips) 
Seat 2: AGVsmarT ($5.73 in chips) 
Seat 3: koolin ij ($9.31 in chips) 
Seat 4: Lagosha ($5 in chips) 
Seat 5: nachom96 ($2 in chips) 
Seat 6: mullski326 ($5.25 in chips) 
Seat 8: Herbert CNR ($4.83 in chips) 
Seat 9: Dorex2007 ($5 in chips) 
AGVsmarT: posts small blind $0.02
koolin ij: posts big blind $0.05
morlockz: sits out 
*** HOLE CARDS ***
Dealt to Dorex2007 [3d 5h]
Lagosha: folds 
nachom96: folds 
mullski326: calls $0.05
Herbert CNR: folds 
Dorex2007: folds 
O_Chacal_Ba: calls $0.05
AGVsmarT: calls $0.03
koolin ij: checks 
*** FLOP *** [7d Qh 3c]
AGVsmarT: checks 
koolin ij: checks 
mullski326: checks 
O_Chacal_Ba: checks 
*** TURN *** [7d Qh 3c] [7h]
AGVsmarT: checks 
koolin ij: checks 
mullski326: checks 
O_Chacal_Ba: bets $0.19
AGVsmarT: folds 
koolin ij: folds 
mullski326: folds 
Uncalled bet ($0.19) returned to O_Chacal_Ba
O_Chacal_Ba collected $0.19 from pot
*** SUMMARY ***
Total pot $0.20 | Rake $0.01 
Board [7d Qh 3c 7h]
Seat 1: O_Chacal_Ba (button) collected ($0.19)
Seat 2: AGVsmarT (small blind) folded on the Turn
Seat 3: koolin ij (big blind) folded on the Turn
Seat 4: Lagosha folded before Flop (didn't bet)
Seat 5: nachom96 folded before Flop (didn't bet)
Seat 6: mullski326 folded on the Turn
Seat 8: Herbert CNR folded before Flop (didn't bet)
Seat 9: Dorex2007 folded before Flop (didn't bet)



PokerStars Hand #238320605361:  Hold'em No Limit ($0.02/$0.05 USD) - 2022/08/30 17:52:11 PT [2022/08/30 20:52:11 ET]
Table 'Padua II' 9-max Seat #2 is the button
Seat 1: O_Chacal_Ba ($4.16 in chips) 
Seat 2: AGVsmarT ($5.68 in chips) 
Seat 3: koolin ij ($9.26 in chips) 
Seat 4: Lagosha ($5 in chips) 
Seat 5: nachom96 ($2 in chips) 
Seat 6: mullski326 ($5.20 in chips) 
Seat 8: Herbert CNR ($4.83 in chips) 
Seat 9: Dorex2007 ($5 in chips) 
koolin ij: posts small blind $0.02
Lagosha: posts big blind $0.05
morlockz: sits out 
*** HOLE CARDS ***
Dealt to Dorex2007 [3c 5s]
nachom96 has timed out
nachom96: folds 
mullski326: folds 
Herbert CNR: folds 
Dorex2007: folds 
O_Chacal_Ba: calls $0.05
AGVsmarT: raises $0.17 to $0.22
koolin ij: calls $0.20
Lagosha: folds 
O_Chacal_Ba: calls $0.17
*** FLOP *** [Ac Qh Jc]
koolin ij: checks 
O_Chacal_Ba: checks 
AGVsmarT: checks 
*** TURN *** [Ac Qh Jc] [2s]
koolin ij: bets $0.68
O_Chacal_Ba: folds 
AGVsmarT: folds 
Uncalled bet ($0.68) returned to koolin ij
koolin ij collected $0.68 from pot
koolin ij: doesn't show hand 
*** SUMMARY ***
Total pot $0.71 | Rake $0.03 
Board [Ac Qh Jc 2s]
Seat 1: O_Chacal_Ba folded on the Turn
Seat 2: AGVsmarT (button) folded on the Turn
Seat 3: koolin ij (small blind) collected ($0.68)
Seat 4: Lagosha (big blind) folded before Flop
Seat 5: nachom96 folded before Flop (didn't bet)
Seat 6: mullski326 folded before Flop (didn't bet)
Seat 8: Herbert CNR folded before Flop (didn't bet)
Seat 9: Dorex2007 folded before Flop (didn't bet)



PokerStars Hand #238320619175:  Hold'em No Limit ($0.02/$0.05 USD) - 2022/08/30 17:53:16 PT [2022/08/30 20:53:16 ET]
Table 'Padua II' 9-max Seat #3 is the button
Seat 1: O_Chacal_Ba ($3.94 in chips) 
Seat 2: AGVsmarT ($5.46 in chips) 
Seat 3: koolin ij ($9.72 in chips) 
Seat 4: Lagosha ($5 in chips) 
Seat 5: nachom96 ($2 in chips) 
Seat 6: mullski326 ($5.20 in chips) 
Seat 8: Herbert CNR ($4.83 in chips) 
Seat 9: Dorex2007 ($5 in chips) 
Lagosha: posts small blind $0.02
nachom96: posts big blind $0.05
morlockz: sits out 
*** HOLE CARDS ***
Dealt to Dorex2007 [5s 6s]
mullski326: folds 
Herbert CNR: folds 
Dorex2007: folds 
O_Chacal_Ba: calls $0.05
AGVsmarT: folds 
koolin ij: folds 
Lagosha: folds 
nachom96: checks 
*** FLOP *** [4c 8s 9c]
nachom96: checks 
O_Chacal_Ba: bets $0.12
nachom96: calls $0.12
*** TURN *** [4c 8s 9c] [5c]
nachom96: checks 
O_Chacal_Ba: checks 
*** RIVER *** [4c 8s 9c 5c] [Ac]
nachom96: bets $0.15
O_Chacal_Ba: calls $0.15
*** SHOW DOWN ***
nachom96: shows [3d 6c] (a flush, Ace high)
O_Chacal_Ba: mucks hand 
nachom96 collected $0.63 from pot
*** SUMMARY ***
Total pot $0.66 | Rake $0.03 
Board [4c 8s 9c 5c Ac]
Seat 1: O_Chacal_Ba mucked [Ks 9d]
Seat 2: AGVsmarT folded before Flop (didn't bet)
Seat 3: koolin ij (button) folded before Flop (didn't bet)
Seat 4: Lagosha (small blind) folded before Flop
Seat 5: nachom96 (big blind) showed [3d 6c] and won ($0.63) with a flush, Ace high
Seat 6: mullski326 folded before Flop (didn't bet)
Seat 8: Herbert CNR folded before Flop (didn't bet)
Seat 9: Dorex2007 folded before Flop (didn't bet)



PokerStars Hand #238320636434:  Hold'em No Limit ($0.02/$0.05 USD) - 2022/08/30 17:54:39 PT [2022/08/30 20:54:39 ET]
Table 'Padua II' 9-max Seat #4 is the button
Seat 1: O_Chacal_Ba ($3.62 in chips) 
Seat 2: AGVsmarT ($5.46 in chips) 
Seat 3: koolin ij ($9.72 in chips) 
Seat 4: Lagosha ($5 in chips) 
Seat 5: nachom96 ($2.31 in chips) 
Seat 6: mullski326 ($5.20 in chips) 
Seat 8: Herbert CNR ($4.83 in chips) 
Seat 9: Dorex2007 ($5 in chips) 
nachom96: posts small blind $0.02
mullski326: posts big blind $0.05
morlockz: sits out 
*** HOLE CARDS ***
Dealt to Dorex2007 [Ac 8c]
Herbert CNR: folds 
Dorex2007: folds 
O_Chacal_Ba: calls $0.05
AGVsmarT: calls $0.05
koolin ij: folds 
Lagosha: folds 
nachom96: folds 
mullski326: checks 
*** FLOP *** [4d 5c Qc]
mullski326: checks 
O_Chacal_Ba: bets $0.05
AGVsmarT: folds 
mullski326: folds 
Uncalled bet ($0.05) returned to O_Chacal_Ba
O_Chacal_Ba collected $0.16 from pot
*** SUMMARY ***
Total pot $0.17 | Rake $0.01 
Board [4d 5c Qc]
Seat 1: O_Chacal_Ba collected ($0.16)
Seat 2: AGVsmarT folded on the Flop
Seat 3: koolin ij folded before Flop (didn't bet)
Seat 4: Lagosha (button) folded before Flop (didn't bet)
Seat 5: nachom96 (small blind) folded before Flop
Seat 6: mullski326 (big blind) folded on the Flop
Seat 8: Herbert CNR folded before Flop (didn't bet)
Seat 9: Dorex2007 folded before Flop (didn't bet)



PokerStars Hand #238320642815:  Hold'em No Limit ($0.02/$0.05 USD) - 2022/08/30 17:55:09 PT [2022/08/30 20:55:09 ET]
Table 'Padua II' 9-max Seat #5 is the button
Seat 1: O_Chacal_Ba ($3.73 in chips) 
Seat 2: AGVsmarT ($5.41 in chips) 
Seat 4: Lagosha ($5 in chips) 
Seat 5: nachom96 ($2.29 in chips) 
Seat 6: mullski326 ($5.15 in chips) 
Seat 7: morlockz ($5.40 in chips) 
Seat 8: Herbert CNR ($4.83 in chips) 
Seat 9: Dorex2007 ($5 in chips) 
mullski326: posts small blind $0.02
morlockz: posts big blind $0.05
*** HOLE CARDS ***
Dealt to Dorex2007 [3h 6c]
Herbert CNR: folds 
Dorex2007: folds 
O_Chacal_Ba: calls $0.05
AGVsmarT: folds 
Lagosha: folds 
nachom96: folds 
mullski326: calls $0.03
morlockz: checks 
*** FLOP *** [3s Th 3c]
mullski326: checks 
morlockz: checks 
O_Chacal_Ba: checks 
*** TURN *** [3s Th 3c] [Tc]
mullski326: checks 
morlockz: checks 
O_Chacal_Ba: checks 
*** RIVER *** [3s Th 3c Tc] [7h]
mullski326: checks 
morlockz: bets $0.11
O_Chacal_Ba: folds 
mullski326: folds 
Uncalled bet ($0.11) returned to morlockz
morlockz collected $0.14 from pot
morlockz: doesn't show hand 
*** SUMMARY ***
Total pot $0.15 | Rake $0.01 
Board [3s Th 3c Tc 7h]
Seat 1: O_Chacal_Ba folded on the River
Seat 2: AGVsmarT folded before Flop (didn't bet)
Seat 4: Lagosha folded before Flop (didn't bet)
Seat 5: nachom96 (button) folded before Flop (didn't bet)
Seat 6: mullski326 (small blind) folded on the River
Seat 7: morlockz (big blind) collected ($0.14)
Seat 8: Herbert CNR folded before Flop (didn't bet)
Seat 9: Dorex2007 folded before Flop (didn't bet)



PokerStars Hand #238320653141:  Hold'em No Limit ($0.02/$0.05 USD) - 2022/08/30 17:56:09 PT [2022/08/30 20:56:09 ET]
Table 'Padua II' 9-max Seat #6 is the button
Seat 1: O_Chacal_Ba ($3.68 in chips) 
Seat 2: AGVsmarT ($5.41 in chips) 
Seat 4: Lagosha ($5 in chips) 
Seat 5: nachom96 ($2.29 in chips) 
Seat 6: mullski326 ($5.10 in chips) 
Seat 7: morlockz ($5.49 in chips) 
Seat 8: Herbert CNR ($4.83 in chips) 
Seat 9: Dorex2007 ($5 in chips) 
morlockz: posts small blind $0.02
Herbert CNR: posts big blind $0.05
*** HOLE CARDS ***
Dealt to Dorex2007 [Qs Qc]
Dorex2007: raises $0.10 to $0.15
O_Chacal_Ba: calls $0.15
AGVsmarT: calls $0.15
Lagosha: folds 
nachom96 has timed out
nachom96: folds 
mullski326: folds 
morlockz: folds 
Herbert CNR: folds 
*** FLOP *** [5h 9c Ks]
Dorex2007: checks 
O_Chacal_Ba: bets $0.50
AGVsmarT: folds 
Dorex2007: folds 
Uncalled bet ($0.50) returned to O_Chacal_Ba
O_Chacal_Ba collected $0.50 from pot
*** SUMMARY ***
Total pot $0.52 | Rake $0.02 
Board [5h 9c Ks]
Seat 1: O_Chacal_Ba collected ($0.50)
Seat 2: AGVsmarT folded on the Flop
Seat 4: Lagosha folded before Flop (didn't bet)
Seat 5: nachom96 folded before Flop (didn't bet)
Seat 6: mullski326 (button) folded before Flop (didn't bet)
Seat 7: morlockz (small blind) folded before Flop
Seat 8: Herbert CNR (big blind) folded before Flop
Seat 9: Dorex2007 folded on the Flop



