PokerStars Hand #236613290453:  Hold'em No Limit ($0.01/$0.02 USD) - 2022/06/06 16:22:28 PT [2022/06/06 19:22:28 ET]
Table 'Massalia IV' 9-max Seat #5 is the button
Seat 1: 42teflons ($1.89 in chips) 
Seat 2: D1rdy ($2 in chips) 
Seat 3: BenjaminSock ($1.80 in chips) 
Seat 4: Dorex2007 ($2 in chips) 
Seat 5: Mahcv38 ($1.90 in chips) 
Seat 6: Dubhe99 ($2.28 in chips) 
Seat 7: Ravi94 ($1.68 in chips) 
Seat 8: KRandall12 ($2.02 in chips) 
Dubhe99: posts small blind $0.01
Ravi94: posts big blind $0.02
Dorex2007: posts big blind $0.02
*** HOLE CARDS ***
Dealt to Dorex2007 [8d 6h]
KRandall12: folds 
42teflons: folds 
D1rdy: calls $0.02
BenjaminSock: calls $0.02
Dorex2007: checks 
Mahcv38: folds 
Dubhe99: calls $0.01
2GR8HAND joins the table at seat #9 
Ravi94: checks 
*** FLOP *** [2d Ah Qs]
Dubhe99: checks 
Ravi94: checks 
D1rdy: checks 
BenjaminSock: checks 
Dorex2007: checks 
*** TURN *** [2d Ah Qs] [5s]
Dubhe99: checks 
Ravi94: bets $0.08
D1rdy: folds 
BenjaminSock: folds 
Dorex2007: folds 
Dubhe99: folds 
Uncalled bet ($0.08) returned to Ravi94
Ravi94 collected $0.10 from pot
Ravi94: doesn't show hand 
*** SUMMARY ***
Total pot $0.10 | Rake $0 
Board [2d Ah Qs 5s]
Seat 1: 42teflons folded before Flop (didn't bet)
Seat 2: D1rdy folded on the Turn
Seat 3: BenjaminSock folded on the Turn
Seat 4: Dorex2007 folded on the Turn (didn't bet)
Seat 5: Mahcv38 (button) folded before Flop (didn't bet)
Seat 6: Dubhe99 (small blind) folded on the Turn
Seat 7: Ravi94 (big blind) collected ($0.10)
Seat 8: KRandall12 folded before Flop (didn't bet)



PokerStars Hand #236613305453:  Hold'em No Limit ($0.01/$0.02 USD) - 2022/06/06 16:23:24 PT [2022/06/06 19:23:24 ET]
Table 'Massalia IV' 9-max Seat #6 is the button
Seat 1: 42teflons ($1.89 in chips) 
Seat 2: D1rdy ($1.98 in chips) 
Seat 3: BenjaminSock ($1.78 in chips) 
Seat 4: Dorex2007 ($2 in chips) 
Seat 5: Mahcv38 ($1.90 in chips) 
Seat 6: Dubhe99 ($2.26 in chips) 
Seat 7: Ravi94 ($1.76 in chips) 
Seat 8: KRandall12 ($2.02 in chips) 
Ravi94: posts small blind $0.01
KRandall12: posts big blind $0.02
2GR8HAND: sits out 
*** HOLE CARDS ***
Dealt to Dorex2007 [9c 7d]
42teflons: folds 
D1rdy: raises $0.04 to $0.06
BenjaminSock: folds 
Dorex2007: folds 
Mahcv38: folds 
Dubhe99: folds 
Ravi94: folds 
KRandall12: folds 
Uncalled bet ($0.04) returned to D1rdy
D1rdy collected $0.05 from pot
D1rdy: doesn't show hand 
*** SUMMARY ***
Total pot $0.05 | Rake $0 
Seat 1: 42teflons folded before Flop (didn't bet)
Seat 2: D1rdy collected ($0.05)
Seat 3: BenjaminSock folded before Flop (didn't bet)
Seat 4: Dorex2007 folded before Flop (didn't bet)
Seat 5: Mahcv38 folded before Flop (didn't bet)
Seat 6: Dubhe99 (button) folded before Flop (didn't bet)
Seat 7: Ravi94 (small blind) folded before Flop
Seat 8: KRandall12 (big blind) folded before Flop



PokerStars Hand #236613310294:  Hold'em No Limit ($0.01/$0.02 USD) - 2022/06/06 16:23:42 PT [2022/06/06 19:23:42 ET]
Table 'Massalia IV' 9-max Seat #7 is the button
Seat 1: 42teflons ($1.89 in chips) 
Seat 2: D1rdy ($2.01 in chips) 
Seat 3: BenjaminSock ($1.78 in chips) 
Seat 4: Dorex2007 ($2 in chips) 
Seat 5: Mahcv38 ($1.90 in chips) 
Seat 6: Dubhe99 ($2.26 in chips) 
Seat 7: Ravi94 ($1.75 in chips) 
Seat 8: KRandall12 ($2 in chips) 
Seat 9: 2GR8HAND ($1.40 in chips) 
KRandall12: posts small blind $0.01
2GR8HAND: posts big blind $0.02
*** HOLE CARDS ***
Dealt to Dorex2007 [5c Qh]
42teflons: folds 
D1rdy: folds 
BenjaminSock: calls $0.02
Dorex2007: folds 
Mahcv38: folds 
Dubhe99: folds 
Ravi94: raises $0.04 to $0.06
KRandall12: folds 
2GR8HAND: calls $0.04
BenjaminSock: calls $0.04
*** FLOP *** [Td 3c 9c]
2GR8HAND: checks 
BenjaminSock: checks 
Ravi94: bets $0.10
2GR8HAND: calls $0.10
BenjaminSock: folds 
*** TURN *** [Td 3c 9c] [Ad]
2GR8HAND: checks 
Ravi94: checks 
*** RIVER *** [Td 3c 9c Ad] [Qd]
2GR8HAND: bets $0.19
Ravi94: calls $0.19
*** SHOW DOWN ***
2GR8HAND: shows [Kc 8c] (high card Ace)
Ravi94: shows [As 7d] (a pair of Aces)
Ravi94 collected $0.74 from pot
*** SUMMARY ***
Total pot $0.77 | Rake $0.03 
Board [Td 3c 9c Ad Qd]
Seat 1: 42teflons folded before Flop (didn't bet)
Seat 2: D1rdy folded before Flop (didn't bet)
Seat 3: BenjaminSock folded on the Flop
Seat 4: Dorex2007 folded before Flop (didn't bet)
Seat 5: Mahcv38 folded before Flop (didn't bet)
Seat 6: Dubhe99 folded before Flop (didn't bet)
Seat 7: Ravi94 (button) showed [As 7d] and won ($0.74) with a pair of Aces
Seat 8: KRandall12 (small blind) folded before Flop
Seat 9: 2GR8HAND (big blind) showed [Kc 8c] and lost with high card Ace



PokerStars Hand #236613325577:  Hold'em No Limit ($0.01/$0.02 USD) - 2022/06/06 16:24:39 PT [2022/06/06 19:24:39 ET]
Table 'Massalia IV' 9-max Seat #8 is the button
Seat 1: 42teflons ($1.89 in chips) 
Seat 2: D1rdy ($2.01 in chips) 
Seat 3: BenjaminSock ($1.72 in chips) 
Seat 4: Dorex2007 ($2 in chips) 
Seat 5: Mahcv38 ($1.90 in chips) 
Seat 6: Dubhe99 ($2.26 in chips) 
Seat 7: Ravi94 ($2.14 in chips) 
Seat 8: KRandall12 ($2 in chips) 
Seat 9: 2GR8HAND ($1.05 in chips) 
2GR8HAND: posts small blind $0.01
42teflons: posts big blind $0.02
*** HOLE CARDS ***
Dealt to Dorex2007 [2d Qc]
D1rdy: calls $0.02
BenjaminSock: calls $0.02
Dorex2007: folds 
Mahcv38: folds 
Dubhe99: folds 
Ravi94: folds 
KRandall12: raises $0.08 to $0.10
2GR8HAND: folds 
42teflons: calls $0.08
D1rdy: folds 
BenjaminSock: calls $0.08
*** FLOP *** [4s 5s 6c]
42teflons: checks 
BenjaminSock: checks 
KRandall12: checks 
*** TURN *** [4s 5s 6c] [Td]
42teflons: bets $0.10
BenjaminSock: folds 
KRandall12: calls $0.10
*** RIVER *** [4s 5s 6c Td] [4d]
42teflons: bets $0.32
KRandall12: calls $0.32
*** SHOW DOWN ***
42teflons: shows [8h Ks] (a pair of Fours)
KRandall12: shows [Th Ah] (two pair, Tens and Fours)
KRandall12 collected $1.13 from pot
*** SUMMARY ***
Total pot $1.17 | Rake $0.04 
Board [4s 5s 6c Td 4d]
Seat 1: 42teflons (big blind) showed [8h Ks] and lost with a pair of Fours
Seat 2: D1rdy folded before Flop
Seat 3: BenjaminSock folded on the Turn
Seat 4: Dorex2007 folded before Flop (didn't bet)
Seat 5: Mahcv38 folded before Flop (didn't bet)
Seat 6: Dubhe99 folded before Flop (didn't bet)
Seat 7: Ravi94 folded before Flop (didn't bet)
Seat 8: KRandall12 (button) showed [Th Ah] and won ($1.13) with two pair, Tens and Fours
Seat 9: 2GR8HAND (small blind) folded before Flop



PokerStars Hand #236613350251:  Hold'em No Limit ($0.01/$0.02 USD) - 2022/06/06 16:26:12 PT [2022/06/06 19:26:12 ET]
Table 'Massalia IV' 9-max Seat #9 is the button
Seat 1: 42teflons ($1.37 in chips) 
Seat 2: D1rdy ($1.99 in chips) 
Seat 3: BenjaminSock ($1.62 in chips) 
Seat 4: Dorex2007 ($2 in chips) 
Seat 5: Mahcv38 ($1.90 in chips) 
Seat 6: Dubhe99 ($2.26 in chips) 
Seat 7: Ravi94 ($2.14 in chips) 
Seat 8: KRandall12 ($2.61 in chips) 
Seat 9: 2GR8HAND ($1.04 in chips) 
42teflons: posts small blind $0.01
D1rdy: posts big blind $0.02
*** HOLE CARDS ***
Dealt to Dorex2007 [7c 6c]
BenjaminSock: calls $0.02
Dorex2007: calls $0.02
Mahcv38: folds 
Dubhe99: calls $0.02
Ravi94: raises $0.06 to $0.08
KRandall12: folds 
2GR8HAND: folds 
42teflons: folds 
D1rdy: folds 
BenjaminSock: calls $0.06
Dorex2007: folds 
Dubhe99: calls $0.06
*** FLOP *** [Jh 3h 4s]
BenjaminSock: checks 
Dubhe99: checks 
Ravi94: checks 
*** TURN *** [Jh 3h 4s] [6d]
BenjaminSock: checks 
Dubhe99: checks 
Ravi94: bets $0.14
BenjaminSock: folds 
Dubhe99: calls $0.14
*** RIVER *** [Jh 3h 4s 6d] [4c]
Dubhe99: checks 
Ravi94: bets $0.36
Dubhe99: folds 
Uncalled bet ($0.36) returned to Ravi94
Ravi94 collected $0.55 from pot
Ravi94: doesn't show hand 
*** SUMMARY ***
Total pot $0.57 | Rake $0.02 
Board [Jh 3h 4s 6d 4c]
Seat 1: 42teflons (small blind) folded before Flop
Seat 2: D1rdy (big blind) folded before Flop
Seat 3: BenjaminSock folded on the Turn
Seat 4: Dorex2007 folded before Flop
Seat 5: Mahcv38 folded before Flop (didn't bet)
Seat 6: Dubhe99 folded on the River
Seat 7: Ravi94 collected ($0.55)
Seat 8: KRandall12 folded before Flop (didn't bet)
Seat 9: 2GR8HAND (button) folded before Flop (didn't bet)



PokerStars Hand #236613371583:  Hold'em No Limit ($0.01/$0.02 USD) - 2022/06/06 16:27:21 PT [2022/06/06 19:27:21 ET]
Table 'Massalia IV' 9-max Seat #1 is the button
Seat 1: 42teflons ($1.36 in chips) 
Seat 2: D1rdy ($1.97 in chips) 
Seat 3: BenjaminSock ($1.54 in chips) 
Seat 4: Dorex2007 ($2 in chips) 
Seat 5: Mahcv38 ($1.90 in chips) 
Seat 6: Dubhe99 ($2.04 in chips) 
Seat 7: Ravi94 ($2.47 in chips) 
Seat 8: KRandall12 ($2.61 in chips) 
Seat 9: 2GR8HAND ($1.04 in chips) 
D1rdy: posts small blind $0.01
BenjaminSock: posts big blind $0.02
*** HOLE CARDS ***
Dealt to Dorex2007 [Td 4d]
Dorex2007: folds 
Mahcv38: folds 
Dubhe99: folds 
Ravi94: raises $0.04 to $0.06
KRandall12: calls $0.06
2GR8HAND: folds 
42teflons: folds 
D1rdy: folds 
BenjaminSock: calls $0.04
*** FLOP *** [Ad 8d Qs]
BenjaminSock: checks 
Ravi94: checks 
KRandall12: bets $0.14
BenjaminSock: folds 
Ravi94: calls $0.14
*** TURN *** [Ad 8d Qs] [As]
Ravi94: checks 
KRandall12: bets $0.34
Ravi94: folds 
Uncalled bet ($0.34) returned to KRandall12
KRandall12 collected $0.45 from pot
KRandall12: doesn't show hand 
*** SUMMARY ***
Total pot $0.47 | Rake $0.02 
Board [Ad 8d Qs As]
Seat 1: 42teflons (button) folded before Flop (didn't bet)
Seat 2: D1rdy (small blind) folded before Flop
Seat 3: BenjaminSock (big blind) folded on the Flop
Seat 4: Dorex2007 folded before Flop (didn't bet)
Seat 5: Mahcv38 folded before Flop (didn't bet)
Seat 6: Dubhe99 folded before Flop (didn't bet)
Seat 7: Ravi94 folded on the Turn
Seat 8: KRandall12 collected ($0.45)
Seat 9: 2GR8HAND folded before Flop (didn't bet)



PokerStars Hand #236613391040:  Hold'em No Limit ($0.01/$0.02 USD) - 2022/06/06 16:28:34 PT [2022/06/06 19:28:34 ET]
Table 'Massalia IV' 9-max Seat #2 is the button
Seat 1: 42teflons ($1.36 in chips) 
Seat 2: D1rdy ($1.96 in chips) 
Seat 3: BenjaminSock ($1.48 in chips) 
Seat 4: Dorex2007 ($2 in chips) 
Seat 5: Mahcv38 ($1.90 in chips) 
Seat 6: Dubhe99 ($2.04 in chips) 
Seat 7: Ravi94 ($2.27 in chips) 
Seat 8: KRandall12 ($2.86 in chips) 
Seat 9: 2GR8HAND ($1.04 in chips) 
BenjaminSock: posts small blind $0.01
Dorex2007: posts big blind $0.02
*** HOLE CARDS ***
Dealt to Dorex2007 [Jh As]
Mahcv38: folds 
Dubhe99: folds 
Ravi94: raises $0.04 to $0.06
KRandall12: folds 
2GR8HAND: calls $0.06
42teflons: folds 
D1rdy: calls $0.06
BenjaminSock: calls $0.05
Dorex2007: calls $0.04
*** FLOP *** [2s 9s 6h]
BenjaminSock: checks 
Dorex2007: checks 
Ravi94: bets $0.16
2GR8HAND: folds 
D1rdy: folds 
BenjaminSock: calls $0.16
Dorex2007: folds 
*** TURN *** [2s 9s 6h] [4h]
BenjaminSock: checks 
Ravi94: checks 
*** RIVER *** [2s 9s 6h 4h] [5s]
BenjaminSock: bets $0.30
Ravi94: calls $0.30
*** SHOW DOWN ***
BenjaminSock: shows [8h 8c] (a pair of Eights)
Ravi94: mucks hand 
BenjaminSock collected $1.18 from pot
*** SUMMARY ***
Total pot $1.22 | Rake $0.04 
Board [2s 9s 6h 4h 5s]
Seat 1: 42teflons folded before Flop (didn't bet)
Seat 2: D1rdy (button) folded on the Flop
Seat 3: BenjaminSock (small blind) showed [8h 8c] and won ($1.18) with a pair of Eights
Seat 4: Dorex2007 (big blind) folded on the Flop
Seat 5: Mahcv38 folded before Flop (didn't bet)
Seat 6: Dubhe99 folded before Flop (didn't bet)
Seat 7: Ravi94 mucked [Ad Jc]
Seat 8: KRandall12 folded before Flop (didn't bet)
Seat 9: 2GR8HAND folded on the Flop



PokerStars Hand #236613403603:  Hold'em No Limit ($0.01/$0.02 USD) - 2022/06/06 16:29:21 PT [2022/06/06 19:29:21 ET]
Table 'Massalia IV' 9-max Seat #3 is the button
Seat 1: 42teflons ($1.36 in chips) 
Seat 2: D1rdy ($1.90 in chips) 
Seat 3: BenjaminSock ($2.14 in chips) 
Seat 4: Dorex2007 ($2 in chips) 
Seat 5: Mahcv38 ($1.90 in chips) 
Seat 6: Dubhe99 ($2.04 in chips) 
Seat 7: Ravi94 ($1.75 in chips) 
Seat 8: KRandall12 ($2.86 in chips) 
Seat 9: 2GR8HAND ($0.98 in chips) 
Dorex2007: posts small blind $0.01
Mahcv38: posts big blind $0.02
*** HOLE CARDS ***
Dealt to Dorex2007 [9s 6s]
Dubhe99: folds 
Ravi94: folds 
KRandall12: folds 
2GR8HAND: calls $0.02
42teflons: folds 
D1rdy: folds 
BenjaminSock: raises $0.04 to $0.06
Dorex2007: folds 
D1rdy leaves the table
Mahcv38: calls $0.04
2GR8HAND: calls $0.04
*** FLOP *** [4s Ad 6c]
Mahcv38: checks 
2GR8HAND: checks 
BenjaminSock: bets $0.09
Mahcv38: folds 
2GR8HAND: calls $0.09
*** TURN *** [4s Ad 6c] [Td]
2GR8HAND: checks 
BenjaminSock: checks 
*** RIVER *** [4s Ad 6c Td] [Ts]
2GR8HAND: checks 
kano1313 joins the table at seat #2 
BenjaminSock: checks 
*** SHOW DOWN ***
2GR8HAND: shows [7h 5h] (a pair of Tens)
BenjaminSock: shows [8d 8c] (two pair, Tens and Eights)
BenjaminSock collected $0.36 from pot
*** SUMMARY ***
Total pot $0.37 | Rake $0.01 
Board [4s Ad 6c Td Ts]
Seat 1: 42teflons folded before Flop (didn't bet)
Seat 2: D1rdy folded before Flop (didn't bet)
Seat 3: BenjaminSock (button) showed [8d 8c] and won ($0.36) with two pair, Tens and Eights
Seat 4: Dorex2007 (small blind) folded before Flop
Seat 5: Mahcv38 (big blind) folded on the Flop
Seat 6: Dubhe99 folded before Flop (didn't bet)
Seat 7: Ravi94 folded before Flop (didn't bet)
Seat 8: KRandall12 folded before Flop (didn't bet)
Seat 9: 2GR8HAND showed [7h 5h] and lost with a pair of Tens



PokerStars Hand #236613416872:  Hold'em No Limit ($0.01/$0.02 USD) - 2022/06/06 16:30:11 PT [2022/06/06 19:30:11 ET]
Table 'Massalia IV' 9-max Seat #4 is the button
Seat 1: 42teflons ($1.36 in chips) 
Seat 3: BenjaminSock ($2.35 in chips) 
Seat 4: Dorex2007 ($2 in chips) 
Seat 5: Mahcv38 ($1.84 in chips) 
Seat 6: Dubhe99 ($2.04 in chips) 
Seat 7: Ravi94 ($1.75 in chips) 
Seat 8: KRandall12 ($2.86 in chips) 
Seat 9: 2GR8HAND ($0.83 in chips) 
Mahcv38: posts small blind $0.01
Dubhe99: posts big blind $0.02
kano1313: sits out 
*** HOLE CARDS ***
Dealt to Dorex2007 [6c 9c]
Ravi94: folds 
KRandall12: raises $0.04 to $0.06
2GR8HAND: folds 
42teflons: calls $0.06
BenjaminSock: folds 
Dorex2007: folds 
Mahcv38: folds 
Dubhe99: folds 
*** FLOP *** [Ks 9d 2c]
KRandall12: bets $0.06
42teflons: folds 
Uncalled bet ($0.06) returned to KRandall12
KRandall12 collected $0.14 from pot
KRandall12: doesn't show hand 
*** SUMMARY ***
Total pot $0.15 | Rake $0.01 
Board [Ks 9d 2c]
Seat 1: 42teflons folded on the Flop
Seat 3: BenjaminSock folded before Flop (didn't bet)
Seat 4: Dorex2007 (button) folded before Flop (didn't bet)
Seat 5: Mahcv38 (small blind) folded before Flop
Seat 6: Dubhe99 (big blind) folded before Flop
Seat 7: Ravi94 folded before Flop (didn't bet)
Seat 8: KRandall12 collected ($0.14)
Seat 9: 2GR8HAND folded before Flop (didn't bet)



PokerStars Hand #236613430915:  Hold'em No Limit ($0.01/$0.02 USD) - 2022/06/06 16:31:04 PT [2022/06/06 19:31:04 ET]
Table 'Massalia IV' 9-max Seat #5 is the button
Seat 1: 42teflons ($1.30 in chips) 
Seat 3: BenjaminSock ($2.35 in chips) 
Seat 4: Dorex2007 ($2 in chips) 
Seat 5: Mahcv38 ($1.83 in chips) 
Seat 6: Dubhe99 ($2.02 in chips) 
Seat 7: Ravi94 ($1.75 in chips) 
Seat 8: KRandall12 ($2.94 in chips) 
Seat 9: 2GR8HAND ($0.83 in chips) 
Dubhe99: posts small blind $0.01
Ravi94: posts big blind $0.02
kano1313: sits out 
*** HOLE CARDS ***
Dealt to Dorex2007 [6c 8h]
KRandall12: calls $0.02
2GR8HAND: folds 
42teflons: folds 
BenjaminSock: folds 
Dorex2007: folds 
Mahcv38: folds 
Dubhe99: folds 
Ravi94: raises $0.04 to $0.06
KRandall12: calls $0.04
*** FLOP *** [6h 9d 7s]
Ravi94: checks 
KRandall12: checks 
*** TURN *** [6h 9d 7s] [2h]
Ravi94: bets $0.08
KRandall12: calls $0.08
*** RIVER *** [6h 9d 7s 2h] [9c]
Ravi94: checks 
KRandall12: checks 
*** SHOW DOWN ***
Ravi94: shows [5h 5s] (two pair, Nines and Fives)
KRandall12: shows [Ts Td] (two pair, Tens and Nines)
KRandall12 collected $0.28 from pot
*** SUMMARY ***
Total pot $0.29 | Rake $0.01 
Board [6h 9d 7s 2h 9c]
Seat 1: 42teflons folded before Flop (didn't bet)
Seat 3: BenjaminSock folded before Flop (didn't bet)
Seat 4: Dorex2007 folded before Flop (didn't bet)
Seat 5: Mahcv38 (button) folded before Flop (didn't bet)
Seat 6: Dubhe99 (small blind) folded before Flop
Seat 7: Ravi94 (big blind) showed [5h 5s] and lost with two pair, Nines and Fives
Seat 8: KRandall12 showed [Ts Td] and won ($0.28) with two pair, Tens and Nines
Seat 9: 2GR8HAND folded before Flop (didn't bet)



PokerStars Hand #236613453389:  Hold'em No Limit ($0.01/$0.02 USD) - 2022/06/06 16:31:53 PT [2022/06/06 19:31:53 ET]
Table 'Massalia IV' 9-max Seat #6 is the button
Seat 1: 42teflons ($1.30 in chips) 
Seat 3: BenjaminSock ($2.35 in chips) 
Seat 4: Dorex2007 ($2 in chips) 
Seat 5: Mahcv38 ($1.83 in chips) 
Seat 6: Dubhe99 ($2.01 in chips) 
Seat 7: Ravi94 ($1.61 in chips) 
Seat 9: 2GR8HAND ($0.83 in chips) 
Ravi94: posts small blind $0.01
2GR8HAND: posts big blind $0.02
kano1313: sits out 
*** HOLE CARDS ***
Dealt to Dorex2007 [2d Tc]
42teflons: calls $0.02
BenjaminSock: raises $0.04 to $0.06
Dorex2007: folds 
Mahcv38: folds 
Dubhe99: folds 
Ravi94: calls $0.05
KRandall12 leaves the table
2GR8HAND: raises $0.20 to $0.26
42teflons: folds 
BenjaminSock: calls $0.20
Ravi94: folds 
*** FLOP *** [Td Ah Kh]
2GR8HAND: bets $0.57 and is all-in
BenjaminSock: calls $0.57
*** TURN *** [Td Ah Kh] [2s]
*** RIVER *** [Td Ah Kh 2s] [Ks]
*** SHOW DOWN ***
2GR8HAND: shows [Jh Ac] (two pair, Aces and Kings)
BenjaminSock: shows [9h 9c] (two pair, Kings and Nines)
2GR8HAND collected $1.68 from pot
*** SUMMARY ***
Total pot $1.74 | Rake $0.06 
Board [Td Ah Kh 2s Ks]
Seat 1: 42teflons folded before Flop
Seat 3: BenjaminSock showed [9h 9c] and lost with two pair, Kings and Nines
Seat 4: Dorex2007 folded before Flop (didn't bet)
Seat 5: Mahcv38 folded before Flop (didn't bet)
Seat 6: Dubhe99 (button) folded before Flop (didn't bet)
Seat 7: Ravi94 (small blind) folded before Flop
Seat 9: 2GR8HAND (big blind) showed [Jh Ac] and won ($1.68) with two pair, Aces and Kings



PokerStars Hand #236613464179:  Hold'em No Limit ($0.01/$0.02 USD) - 2022/06/06 16:32:35 PT [2022/06/06 19:32:35 ET]
Table 'Massalia IV' 9-max Seat #7 is the button
Seat 1: 42teflons ($1.28 in chips) 
Seat 2: kano1313 ($2 in chips) 
Seat 3: BenjaminSock ($1.52 in chips) 
Seat 4: Dorex2007 ($2 in chips) 
Seat 5: Mahcv38 ($1.83 in chips) 
Seat 6: Dubhe99 ($2.01 in chips) 
Seat 7: Ravi94 ($1.55 in chips) 
Seat 9: 2GR8HAND ($1.68 in chips) 
2GR8HAND: posts small blind $0.01
42teflons: posts big blind $0.02
kano1313: posts big blind $0.02
*** HOLE CARDS ***
Dealt to Dorex2007 [Ac Js]
kano1313: checks 
BenjaminSock: folds 
Dorex2007: raises $0.04 to $0.06
Mahcv38: folds 
Dubhe99: folds 
Ravi94: raises $0.12 to $0.18
2GR8HAND: folds 
42teflons: folds 
kano1313: folds 
Dorex2007: folds 
Uncalled bet ($0.12) returned to Ravi94
Ravi94 collected $0.17 from pot
Ravi94: doesn't show hand 
*** SUMMARY ***
Total pot $0.17 | Rake $0 
Seat 1: 42teflons (big blind) folded before Flop
Seat 2: kano1313 folded before Flop (didn't bet)
Seat 3: BenjaminSock folded before Flop (didn't bet)
Seat 4: Dorex2007 folded before Flop
Seat 5: Mahcv38 folded before Flop (didn't bet)
Seat 6: Dubhe99 folded before Flop (didn't bet)
Seat 7: Ravi94 (button) collected ($0.17)
Seat 9: 2GR8HAND (small blind) folded before Flop



PokerStars Hand #236613470886:  Hold'em No Limit ($0.01/$0.02 USD) - 2022/06/06 16:33:01 PT [2022/06/06 19:33:01 ET]
Table 'Massalia IV' 9-max Seat #9 is the button
Seat 1: 42teflons ($1.26 in chips) 
Seat 2: kano1313 ($1.98 in chips) 
Seat 3: BenjaminSock ($1.52 in chips) 
Seat 4: Dorex2007 ($2 in chips) 
Seat 5: Mahcv38 ($1.83 in chips) 
Seat 6: Dubhe99 ($2.01 in chips) 
Seat 7: Ravi94 ($1.66 in chips) 
Seat 9: 2GR8HAND ($1.67 in chips) 
42teflons: posts small blind $0.01
kano1313: posts big blind $0.02
*** HOLE CARDS ***
Dealt to Dorex2007 [4c 2h]
BenjaminSock: calls $0.02
Dorex2007: folds 
Mahcv38: raises $0.04 to $0.06
Dubhe99: folds 
Ravi94: calls $0.06
2GR8HAND: folds 
luciosnl joins the table at seat #8 
42teflons: folds 
kano1313: folds 
BenjaminSock: calls $0.04
*** FLOP *** [7c 4d 3d]
BenjaminSock: checks 
Mahcv38: bets $0.10
Ravi94: calls $0.10
BenjaminSock: folds 
*** TURN *** [7c 4d 3d] [2s]
Mahcv38: bets $0.20
Ravi94: calls $0.20
*** RIVER *** [7c 4d 3d 2s] [Ah]
Mahcv38: checks 
Ravi94: checks 
*** SHOW DOWN ***
Mahcv38: shows [Kh 9c] (high card Ace)
Ravi94: shows [3s 4s] (two pair, Fours and Threes)
Ravi94 collected $0.78 from pot
*** SUMMARY ***
Total pot $0.81 | Rake $0.03 
Board [7c 4d 3d 2s Ah]
Seat 1: 42teflons (small blind) folded before Flop
Seat 2: kano1313 (big blind) folded before Flop
Seat 3: BenjaminSock folded on the Flop
Seat 4: Dorex2007 folded before Flop (didn't bet)
Seat 5: Mahcv38 showed [Kh 9c] and lost with high card Ace
Seat 6: Dubhe99 folded before Flop (didn't bet)
Seat 7: Ravi94 showed [3s 4s] and won ($0.78) with two pair, Fours and Threes
Seat 9: 2GR8HAND (button) folded before Flop (didn't bet)



PokerStars Hand #236613483450:  Hold'em No Limit ($0.01/$0.02 USD) - 2022/06/06 16:33:49 PT [2022/06/06 19:33:49 ET]
Table 'Massalia IV' 9-max Seat #1 is the button
Seat 1: 42teflons ($1.25 in chips) 
Seat 2: kano1313 ($1.96 in chips) 
Seat 3: BenjaminSock ($1.46 in chips) 
Seat 4: Dorex2007 ($2 in chips) 
Seat 5: Mahcv38 ($1.47 in chips) 
Seat 6: Dubhe99 ($2.01 in chips) 
Seat 7: Ravi94 ($2.08 in chips) 
Seat 8: luciosnl ($2 in chips) 
Seat 9: 2GR8HAND ($1.67 in chips) 
kano1313: posts small blind $0.01
BenjaminSock: posts big blind $0.02
luciosnl: posts big blind $0.02
*** HOLE CARDS ***
Dealt to Dorex2007 [Js 3s]
Dorex2007: folds 
Mahcv38: calls $0.02
Dubhe99: folds 
Ravi94: folds 
luciosnl: checks 
2GR8HAND: folds 
42teflons: folds 
kano1313: folds 
BenjaminSock: raises $0.04 to $0.06
Mahcv38: calls $0.04
luciosnl: folds 
*** FLOP *** [4c 5s Jc]
BenjaminSock: bets $0.07
Mahcv38: calls $0.07
*** TURN *** [4c 5s Jc] [Tc]
BenjaminSock: checks 
Mahcv38: checks 
*** RIVER *** [4c 5s Jc Tc] [7d]
BenjaminSock: checks 
Mahcv38: checks 
*** SHOW DOWN ***
BenjaminSock: shows [As Ks] (high card Ace)
Mahcv38: mucks hand 
BenjaminSock collected $0.28 from pot
*** SUMMARY ***
Total pot $0.29 | Rake $0.01 
Board [4c 5s Jc Tc 7d]
Seat 1: 42teflons (button) folded before Flop (didn't bet)
Seat 2: kano1313 (small blind) folded before Flop
Seat 3: BenjaminSock (big blind) showed [As Ks] and won ($0.28) with high card Ace
Seat 4: Dorex2007 folded before Flop (didn't bet)
Seat 5: Mahcv38 mucked [Ad 3d]
Seat 6: Dubhe99 folded before Flop (didn't bet)
Seat 7: Ravi94 folded before Flop (didn't bet)
Seat 8: luciosnl folded before Flop (didn't bet)
Seat 9: 2GR8HAND folded before Flop (didn't bet)



PokerStars Hand #236613501209:  Hold'em No Limit ($0.01/$0.02 USD) - 2022/06/06 16:34:58 PT [2022/06/06 19:34:58 ET]
Table 'Massalia IV' 9-max Seat #2 is the button
Seat 1: 42teflons ($1.25 in chips) 
Seat 2: kano1313 ($1.95 in chips) 
Seat 3: BenjaminSock ($1.61 in chips) 
Seat 4: Dorex2007 ($2 in chips) 
Seat 5: Mahcv38 ($1.34 in chips) 
Seat 6: Dubhe99 ($2.01 in chips) 
Seat 7: Ravi94 ($2.08 in chips) 
Seat 8: luciosnl ($1.98 in chips) 
Seat 9: 2GR8HAND ($1.67 in chips) 
BenjaminSock: posts small blind $0.01
Dorex2007: posts big blind $0.02
*** HOLE CARDS ***
Dealt to Dorex2007 [3c 9d]
Mahcv38: folds 
Dubhe99: folds 
Ravi94: raises $0.04 to $0.06
luciosnl: folds 
2GR8HAND: folds 
42teflons: folds 
kano1313: folds 
BenjaminSock: calls $0.05
Dorex2007: folds 
*** FLOP *** [Ad Ah Tc]
BenjaminSock: checks 
Ravi94: checks 
*** TURN *** [Ad Ah Tc] [9s]
BenjaminSock: checks 
Ravi94: bets $0.06
BenjaminSock: calls $0.06
*** RIVER *** [Ad Ah Tc 9s] [Kc]
BenjaminSock: checks 
Ravi94: bets $0.25
BenjaminSock: calls $0.25
*** SHOW DOWN ***
Ravi94: shows [Ts As] (a full house, Aces full of Tens)
BenjaminSock: mucks hand 
Ravi94 collected $0.73 from pot
*** SUMMARY ***
Total pot $0.76 | Rake $0.03 
Board [Ad Ah Tc 9s Kc]
Seat 1: 42teflons folded before Flop (didn't bet)
Seat 2: kano1313 (button) folded before Flop (didn't bet)
Seat 3: BenjaminSock (small blind) mucked [Jc Jh]
Seat 4: Dorex2007 (big blind) folded before Flop
Seat 5: Mahcv38 folded before Flop (didn't bet)
Seat 6: Dubhe99 folded before Flop (didn't bet)
Seat 7: Ravi94 showed [Ts As] and won ($0.73) with a full house, Aces full of Tens
Seat 8: luciosnl folded before Flop (didn't bet)
Seat 9: 2GR8HAND folded before Flop (didn't bet)



PokerStars Hand #236613509913:  Hold'em No Limit ($0.01/$0.02 USD) - 2022/06/06 16:35:32 PT [2022/06/06 19:35:32 ET]
Table 'Massalia IV' 9-max Seat #3 is the button
Seat 1: 42teflons ($1.25 in chips) 
Seat 2: kano1313 ($1.95 in chips) 
Seat 3: BenjaminSock ($1.24 in chips) 
Seat 4: Dorex2007 ($2 in chips) 
Seat 5: Mahcv38 ($1.34 in chips) 
Seat 6: Dubhe99 ($2.01 in chips) 
Seat 7: Ravi94 ($2.44 in chips) 
Seat 8: luciosnl ($1.98 in chips) 
Seat 9: 2GR8HAND ($1.67 in chips) 
Dorex2007: posts small blind $0.01
Mahcv38: posts big blind $0.02
*** HOLE CARDS ***
Dealt to Dorex2007 [8h 3h]
Dubhe99: folds 
Ravi94: raises $0.04 to $0.06
luciosnl: folds 
2GR8HAND: folds 
42teflons: folds 
kano1313: folds 
BenjaminSock: calls $0.06
Dorex2007: folds 
Mahcv38: folds 
*** FLOP *** [9d 4d Ks]
Ravi94: checks 
BenjaminSock: checks 
*** TURN *** [9d 4d Ks] [8c]
Ravi94: bets $0.08
BenjaminSock: folds 
Uncalled bet ($0.08) returned to Ravi94
Ravi94 collected $0.14 from pot
Ravi94: doesn't show hand 
*** SUMMARY ***
Total pot $0.15 | Rake $0.01 
Board [9d 4d Ks 8c]
Seat 1: 42teflons folded before Flop (didn't bet)
Seat 2: kano1313 folded before Flop (didn't bet)
Seat 3: BenjaminSock (button) folded on the Turn
Seat 4: Dorex2007 (small blind) folded before Flop
Seat 5: Mahcv38 (big blind) folded before Flop
Seat 6: Dubhe99 folded before Flop (didn't bet)
Seat 7: Ravi94 collected ($0.14)
Seat 8: luciosnl folded before Flop (didn't bet)
Seat 9: 2GR8HAND folded before Flop (didn't bet)



PokerStars Hand #236613519600:  Hold'em No Limit ($0.01/$0.02 USD) - 2022/06/06 16:36:10 PT [2022/06/06 19:36:10 ET]
Table 'Massalia IV' 9-max Seat #4 is the button
Seat 1: 42teflons ($1.25 in chips) 
Seat 2: kano1313 ($1.95 in chips) 
Seat 3: BenjaminSock ($1.18 in chips) 
Seat 4: Dorex2007 ($2 in chips) 
Seat 5: Mahcv38 ($1.32 in chips) 
Seat 6: Dubhe99 ($2.01 in chips) 
Seat 7: Ravi94 ($2.52 in chips) 
Seat 8: luciosnl ($1.98 in chips) 
Mahcv38: posts small blind $0.01
Dubhe99: posts big blind $0.02
*** HOLE CARDS ***
Dealt to Dorex2007 [5d 8c]
Ravi94: raises $0.06 to $0.08
luciosnl: raises $0.16 to $0.24
42teflons: folds 
kano1313: folds 
BenjaminSock: folds 
Dorex2007: folds 
Mahcv38: folds 
Dubhe99: folds 
Ravi94: raises $0.31 to $0.55
luciosnl: calls $0.31
*** FLOP *** [4s Ks Td]
Ravi94: checks 
luciosnl: bets $0.54
Ravi94: raises $1.43 to $1.97 and is all-in
luciosnl: folds 
Uncalled bet ($1.43) returned to Ravi94
Ravi94 collected $2.13 from pot
Ravi94: doesn't show hand 
*** SUMMARY ***
Total pot $2.21 | Rake $0.08 
Board [4s Ks Td]
Seat 1: 42teflons folded before Flop (didn't bet)
Seat 2: kano1313 folded before Flop (didn't bet)
Seat 3: BenjaminSock folded before Flop (didn't bet)
Seat 4: Dorex2007 (button) folded before Flop (didn't bet)
Seat 5: Mahcv38 (small blind) folded before Flop
Seat 6: Dubhe99 (big blind) folded before Flop
Seat 7: Ravi94 collected ($2.13)
Seat 8: luciosnl folded on the Flop



PokerStars Hand #236613534988:  Hold'em No Limit ($0.01/$0.02 USD) - 2022/06/06 16:37:09 PT [2022/06/06 19:37:09 ET]
Table 'Massalia IV' 9-max Seat #5 is the button
Seat 1: 42teflons ($1.25 in chips) 
Seat 2: kano1313 ($1.95 in chips) 
Seat 3: BenjaminSock ($1.18 in chips) 
Seat 4: Dorex2007 ($2 in chips) 
Seat 5: Mahcv38 ($1.31 in chips) 
Seat 6: Dubhe99 ($1.99 in chips) 
Seat 8: luciosnl ($0.89 in chips) 
Dubhe99: posts small blind $0.01
luciosnl: posts big blind $0.02
*** HOLE CARDS ***
Dealt to Dorex2007 [Ad 7c]
Ravi94 leaves the table
42teflons: folds 
kano1313: raises $0.04 to $0.06
BenjaminSock: folds 
Dorex2007: folds 
Juagonzalez joins the table at seat #7 
Mahcv38: folds 
Dubhe99: calls $0.05
luciosnl: calls $0.04
*** FLOP *** [Jc 9d Ts]
Dubhe99: checks 
luciosnl: bets $0.10
kano1313: folds 
Dubhe99: folds 
Uncalled bet ($0.10) returned to luciosnl
luciosnl collected $0.17 from pot
luciosnl: doesn't show hand 
*** SUMMARY ***
Total pot $0.18 | Rake $0.01 
Board [Jc 9d Ts]
Seat 1: 42teflons folded before Flop (didn't bet)
Seat 2: kano1313 folded on the Flop
Seat 3: BenjaminSock folded before Flop (didn't bet)
Seat 4: Dorex2007 folded before Flop (didn't bet)
Seat 5: Mahcv38 (button) folded before Flop (didn't bet)
Seat 6: Dubhe99 (small blind) folded on the Flop
Seat 8: luciosnl (big blind) collected ($0.17)



PokerStars Hand #236613549706:  Hold'em No Limit ($0.01/$0.02 USD) - 2022/06/06 16:38:07 PT [2022/06/06 19:38:07 ET]
Table 'Massalia IV' 9-max Seat #6 is the button
Seat 1: 42teflons ($1.25 in chips) 
Seat 2: kano1313 ($1.89 in chips) 
Seat 3: BenjaminSock ($1.18 in chips) 
Seat 4: Dorex2007 ($2 in chips) 
Seat 5: Mahcv38 ($1.31 in chips) 
Seat 6: Dubhe99 ($1.93 in chips) 
Seat 8: luciosnl ($1 in chips) 
luciosnl: posts small blind $0.01
42teflons: posts big blind $0.02
*** HOLE CARDS ***
Dealt to Dorex2007 [Qc Jh]
kano1313: folds 
BenjaminSock: calls $0.02
Dorex2007: folds 
Mahcv38: folds 
Dubhe99: folds 
luciosnl: calls $0.01
42teflons: checks 
*** FLOP *** [4s 6c 4d]
luciosnl: checks 
42teflons: checks 
BenjaminSock: checks 
*** TURN *** [4s 6c 4d] [7d]
luciosnl: checks 
42teflons: bets $0.02
BenjaminSock: folds 
luciosnl: calls $0.02
*** RIVER *** [4s 6c 4d 7d] [Ac]
luciosnl: checks 
42teflons: checks 
*** SHOW DOWN ***
luciosnl: shows [7h Ah] (two pair, Aces and Sevens)
42teflons: mucks hand 
luciosnl collected $0.10 from pot
*** SUMMARY ***
Total pot $0.10 | Rake $0 
Board [4s 6c 4d 7d Ac]
Seat 1: 42teflons (big blind) mucked [Jc 3h]
Seat 2: kano1313 folded before Flop (didn't bet)
Seat 3: BenjaminSock folded on the Turn
Seat 4: Dorex2007 folded before Flop (didn't bet)
Seat 5: Mahcv38 folded before Flop (didn't bet)
Seat 6: Dubhe99 (button) folded before Flop (didn't bet)
Seat 8: luciosnl (small blind) showed [7h Ah] and won ($0.10) with two pair, Aces and Sevens



PokerStars Hand #236613565005:  Hold'em No Limit ($0.01/$0.02 USD) - 2022/06/06 16:39:08 PT [2022/06/06 19:39:08 ET]
Table 'Massalia IV' 9-max Seat #8 is the button
Seat 1: 42teflons ($1.21 in chips) 
Seat 2: kano1313 ($1.89 in chips) 
Seat 3: BenjaminSock ($1.16 in chips) 
Seat 4: Dorex2007 ($2 in chips) 
Seat 5: Mahcv38 ($1.31 in chips) 
Seat 6: Dubhe99 ($1.93 in chips) 
Seat 8: luciosnl ($1.06 in chips) 
42teflons: posts small blind $0.01
kano1313: posts big blind $0.02
Juagonzalez: sits out 
*** HOLE CARDS ***
Dealt to Dorex2007 [2h 3s]
BenjaminSock: calls $0.02
Dorex2007: folds 
Mahcv38: folds 
Dubhe99: raises $0.34 to $0.36
luciosnl: folds 
42teflons: folds 
kano1313: folds 
BenjaminSock: calls $0.34
*** FLOP *** [Kc Jd Ac]
BenjaminSock: checks 
Dubhe99: checks 
*** TURN *** [Kc Jd Ac] [9c]
BenjaminSock: bets $0.36
Dubhe99: raises $1.21 to $1.57 and is all-in
BenjaminSock: calls $0.44 and is all-in
Uncalled bet ($0.77) returned to Dubhe99
*** RIVER *** [Kc Jd Ac 9c] [Qh]
*** SHOW DOWN ***
BenjaminSock: shows [9s 9d] (three of a kind, Nines)
Dubhe99: shows [Jh Jc] (three of a kind, Jacks)
Dubhe99 collected $2.27 from pot
*** SUMMARY ***
Total pot $2.35 | Rake $0.08 
Board [Kc Jd Ac 9c Qh]
Seat 1: 42teflons (small blind) folded before Flop
Seat 2: kano1313 (big blind) folded before Flop
Seat 3: BenjaminSock showed [9s 9d] and lost with three of a kind, Nines
Seat 4: Dorex2007 folded before Flop (didn't bet)
Seat 5: Mahcv38 folded before Flop (didn't bet)
Seat 6: Dubhe99 showed [Jh Jc] and won ($2.27) with three of a kind, Jacks
Seat 8: luciosnl (button) folded before Flop (didn't bet)



PokerStars Hand #236613579032:  Hold'em No Limit ($0.01/$0.02 USD) - 2022/06/06 16:39:55 PT [2022/06/06 19:39:55 ET]
Table 'Massalia IV' 9-max Seat #1 is the button
Seat 1: 42teflons ($1.20 in chips) 
Seat 2: kano1313 ($1.87 in chips) 
Seat 4: Dorex2007 ($2 in chips) 
Seat 5: Mahcv38 ($1.31 in chips) 
Seat 6: Dubhe99 ($3.04 in chips) 
Seat 8: luciosnl ($1.06 in chips) 
Seat 9: 2GR8HAND ($1.67 in chips) 
kano1313: posts small blind $0.01
Dorex2007: posts big blind $0.02
Juagonzalez: sits out 
2GR8HAND: posts small & big blinds $0.03
*** HOLE CARDS ***
Dealt to Dorex2007 [Ah 8h]
Mahcv38: raises $0.04 to $0.06
Dubhe99: folds 
luciosnl: folds 
2GR8HAND: folds 
42teflons: folds 
kano1313: folds 
Dorex2007: calls $0.04
*** FLOP *** [Td Qc 2s]
Dorex2007: checks 
Mahcv38: checks 
*** TURN *** [Td Qc 2s] [Jc]
Dorex2007: bets $0.10
Mahcv38: calls $0.10
*** RIVER *** [Td Qc 2s Jc] [Jd]
Dorex2007: bets $0.35
Mahcv38: raises $0.80 to $1.15 and is all-in
Dorex2007: folds 
Uncalled bet ($0.80) returned to Mahcv38
Mahcv38 collected $1.02 from pot
Mahcv38: doesn't show hand 
*** SUMMARY ***
Total pot $1.06 | Rake $0.04 
Board [Td Qc 2s Jc Jd]
Seat 1: 42teflons (button) folded before Flop (didn't bet)
Seat 2: kano1313 (small blind) folded before Flop
Seat 4: Dorex2007 (big blind) folded on the River
Seat 5: Mahcv38 collected ($1.02)
Seat 6: Dubhe99 folded before Flop (didn't bet)
Seat 8: luciosnl folded before Flop (didn't bet)
Seat 9: 2GR8HAND folded before Flop (didn't bet)



PokerStars Hand #236613592191:  Hold'em No Limit ($0.01/$0.02 USD) - 2022/06/06 16:40:47 PT [2022/06/06 19:40:47 ET]
Table 'Massalia IV' 9-max Seat #2 is the button
Seat 1: 42teflons ($1.20 in chips) 
Seat 2: kano1313 ($1.86 in chips) 
Seat 4: Dorex2007 ($2 in chips) 
Seat 5: Mahcv38 ($1.82 in chips) 
Seat 6: Dubhe99 ($3.04 in chips) 
Seat 8: luciosnl ($1.06 in chips) 
Seat 9: 2GR8HAND ($1.64 in chips) 
Dorex2007: posts small blind $0.01
Mahcv38: posts big blind $0.02
Juagonzalez: sits out 
*** HOLE CARDS ***
Dealt to Dorex2007 [9s 6s]
Dubhe99: folds 
luciosnl: folds 
2GR8HAND: calls $0.02
42teflons: folds 
kano1313: folds 
Dorex2007: folds 
Mahcv38: checks 
*** FLOP *** [Tc 4s 4d]
Mahcv38: checks 
2GR8HAND: bets $0.08
Mahcv38: folds 
Uncalled bet ($0.08) returned to 2GR8HAND
2GR8HAND collected $0.05 from pot
*** SUMMARY ***
Total pot $0.05 | Rake $0 
Board [Tc 4s 4d]
Seat 1: 42teflons folded before Flop (didn't bet)
Seat 2: kano1313 (button) folded before Flop (didn't bet)
Seat 4: Dorex2007 (small blind) folded before Flop
Seat 5: Mahcv38 (big blind) folded on the Flop
Seat 6: Dubhe99 folded before Flop (didn't bet)
Seat 8: luciosnl folded before Flop (didn't bet)
Seat 9: 2GR8HAND collected ($0.05)



PokerStars Hand #236613599922:  Hold'em No Limit ($0.01/$0.02 USD) - 2022/06/06 16:41:18 PT [2022/06/06 19:41:18 ET]
Table 'Massalia IV' 9-max Seat #4 is the button
Seat 1: 42teflons ($1.20 in chips) 
Seat 2: kano1313 ($1.86 in chips) 
Seat 3: BenjaminSock ($2 in chips) 
Seat 4: Dorex2007 ($2 in chips) 
Seat 5: Mahcv38 ($1.80 in chips) 
Seat 6: Dubhe99 ($3.04 in chips) 
Seat 8: luciosnl ($1.06 in chips) 
Seat 9: 2GR8HAND ($1.67 in chips) 
Mahcv38: posts small blind $0.01
Dubhe99: posts big blind $0.02
Juagonzalez: sits out 
BenjaminSock: posts small & big blinds $0.03
*** HOLE CARDS ***
Dealt to Dorex2007 [7h Kd]
luciosnl: folds 
2GR8HAND: raises $0.02 to $0.04
42teflons: calls $0.04
kano1313: folds 
BenjaminSock: calls $0.02
Dorex2007: folds 
Mahcv38: calls $0.03
Dubhe99: folds 
*** FLOP *** [5d Qh 5c]
Mahcv38: checks 
2GR8HAND: bets $0.18
42teflons: folds 
BenjaminSock: calls $0.18
Mahcv38: folds 
*** TURN *** [5d Qh 5c] [7c]
2GR8HAND: bets $0.27
BenjaminSock: calls $0.27
*** RIVER *** [5d Qh 5c 7c] [2d]
2GR8HAND: bets $0.53
BenjaminSock: calls $0.53
*** SHOW DOWN ***
2GR8HAND: shows [Jc Qc] (two pair, Queens and Fives)
BenjaminSock: shows [5h Kh] (three of a kind, Fives)
BenjaminSock collected $2.07 from pot
*** SUMMARY ***
Total pot $2.15 | Rake $0.08 
Board [5d Qh 5c 7c 2d]
Seat 1: 42teflons folded on the Flop
Seat 2: kano1313 folded before Flop (didn't bet)
Seat 3: BenjaminSock showed [5h Kh] and won ($2.07) with three of a kind, Fives
Seat 4: Dorex2007 (button) folded before Flop (didn't bet)
Seat 5: Mahcv38 (small blind) folded on the Flop
Seat 6: Dubhe99 (big blind) folded before Flop
Seat 8: luciosnl folded before Flop (didn't bet)
Seat 9: 2GR8HAND showed [Jc Qc] and lost with two pair, Queens and Fives



PokerStars Hand #236613617594:  Hold'em No Limit ($0.01/$0.02 USD) - 2022/06/06 16:42:28 PT [2022/06/06 19:42:28 ET]
Table 'Massalia IV' 9-max Seat #5 is the button
Seat 1: 42teflons ($1.16 in chips) 
Seat 2: kano1313 ($1.86 in chips) 
Seat 3: BenjaminSock ($3.04 in chips) 
Seat 4: Dorex2007 ($2 in chips) 
Seat 5: Mahcv38 ($1.76 in chips) 
Seat 6: Dubhe99 ($3.02 in chips) 
Seat 7: Juagonzalez ($2 in chips) 
Seat 8: luciosnl ($1.06 in chips) 
Seat 9: 2GR8HAND ($0.65 in chips) 
Dubhe99: posts small blind $0.01
Juagonzalez: posts big blind $0.02
*** HOLE CARDS ***
Dealt to Dorex2007 [9c 7c]
luciosnl: folds 
2GR8HAND: raises $0.02 to $0.04
42teflons: folds 
kano1313: folds 
BenjaminSock: folds 
Dorex2007: folds 
Mahcv38: folds 
Dubhe99: folds 
Juagonzalez: calls $0.02
*** FLOP *** [Qs Ts 5d]
Juagonzalez: checks 
2GR8HAND: checks 
*** TURN *** [Qs Ts 5d] [Kc]
Juagonzalez: checks 
2GR8HAND: bets $0.09
Juagonzalez: folds 
Uncalled bet ($0.09) returned to 2GR8HAND
2GR8HAND collected $0.09 from pot
*** SUMMARY ***
Total pot $0.09 | Rake $0 
Board [Qs Ts 5d Kc]
Seat 1: 42teflons folded before Flop (didn't bet)
Seat 2: kano1313 folded before Flop (didn't bet)
Seat 3: BenjaminSock folded before Flop (didn't bet)
Seat 4: Dorex2007 folded before Flop (didn't bet)
Seat 5: Mahcv38 (button) folded before Flop (didn't bet)
Seat 6: Dubhe99 (small blind) folded before Flop
Seat 7: Juagonzalez (big blind) folded on the Turn
Seat 8: luciosnl folded before Flop (didn't bet)
Seat 9: 2GR8HAND collected ($0.09)



PokerStars Hand #236613625097:  Hold'em No Limit ($0.01/$0.02 USD) - 2022/06/06 16:42:59 PT [2022/06/06 19:42:59 ET]
Table 'Massalia IV' 9-max Seat #6 is the button
Seat 1: 42teflons ($1.16 in chips) 
Seat 2: kano1313 ($1.86 in chips) 
Seat 3: BenjaminSock ($3.04 in chips) 
Seat 4: Dorex2007 ($2 in chips) 
Seat 5: Mahcv38 ($1.76 in chips) 
Seat 6: Dubhe99 ($3.01 in chips) 
Seat 7: Juagonzalez ($2 in chips) 
Seat 8: luciosnl ($1.06 in chips) 
Seat 9: 2GR8HAND ($0.70 in chips) 
Juagonzalez: posts small blind $0.01
luciosnl: posts big blind $0.02
*** HOLE CARDS ***
Dealt to Dorex2007 [Jd 6h]
2GR8HAND: folds 
42teflons: calls $0.02
kano1313: raises $0.04 to $0.06
BenjaminSock: folds 
Dorex2007: folds 
Mahcv38: folds 
Dubhe99: folds 
Juagonzalez: raises $0.14 to $0.20
luciosnl: folds 
42teflons: folds 
kano1313: calls $0.14
*** FLOP *** [8s 6c 5s]
Juagonzalez: bets $0.16
kano1313: calls $0.16
*** TURN *** [8s 6c 5s] [2d]
Juagonzalez: checks 
kano1313: checks 
*** RIVER *** [8s 6c 5s 2d] [7c]
Juagonzalez: checks 
kano1313: checks 
*** SHOW DOWN ***
Juagonzalez: shows [As Kd] (high card Ace)
kano1313: mucks hand 
Juagonzalez collected $0.73 from pot
*** SUMMARY ***
Total pot $0.76 | Rake $0.03 
Board [8s 6c 5s 2d 7c]
Seat 1: 42teflons folded before Flop
Seat 2: kano1313 mucked [Js Qs]
Seat 3: BenjaminSock folded before Flop (didn't bet)
Seat 4: Dorex2007 folded before Flop (didn't bet)
Seat 5: Mahcv38 folded before Flop (didn't bet)
Seat 6: Dubhe99 (button) folded before Flop (didn't bet)
Seat 7: Juagonzalez (small blind) showed [As Kd] and won ($0.73) with high card Ace
Seat 8: luciosnl (big blind) folded before Flop
Seat 9: 2GR8HAND folded before Flop (didn't bet)



PokerStars Hand #236613641754:  Hold'em No Limit ($0.01/$0.02 USD) - 2022/06/06 16:44:06 PT [2022/06/06 19:44:06 ET]
Table 'Massalia IV' 9-max Seat #7 is the button
Seat 1: 42teflons ($1.14 in chips) 
Seat 2: kano1313 ($1.50 in chips) 
Seat 3: BenjaminSock ($3.04 in chips) 
Seat 4: Dorex2007 ($2 in chips) 
Seat 5: Mahcv38 ($1.76 in chips) 
Seat 6: Dubhe99 ($3.01 in chips) 
Seat 7: Juagonzalez ($2.37 in chips) 
Seat 8: luciosnl ($1.04 in chips) 
Seat 9: 2GR8HAND ($0.70 in chips) 
luciosnl: posts small blind $0.01
2GR8HAND: posts big blind $0.02
*** HOLE CARDS ***
Dealt to Dorex2007 [3h As]
42teflons: folds 
kano1313: folds 
BenjaminSock: calls $0.02
Dorex2007: folds 
Mahcv38: folds 
Dubhe99: folds 
Juagonzalez: folds 
luciosnl: calls $0.01
2GR8HAND: raises $0.10 to $0.12
BenjaminSock: folds 
luciosnl: calls $0.10
*** FLOP *** [Qs Qd 7d]
luciosnl: checks 
2GR8HAND: bets $0.58 and is all-in
luciosnl: folds 
Uncalled bet ($0.58) returned to 2GR8HAND
2GR8HAND collected $0.25 from pot
*** SUMMARY ***
Total pot $0.26 | Rake $0.01 
Board [Qs Qd 7d]
Seat 1: 42teflons folded before Flop (didn't bet)
Seat 2: kano1313 folded before Flop (didn't bet)
Seat 3: BenjaminSock folded before Flop
Seat 4: Dorex2007 folded before Flop (didn't bet)
Seat 5: Mahcv38 folded before Flop (didn't bet)
Seat 6: Dubhe99 folded before Flop (didn't bet)
Seat 7: Juagonzalez (button) folded before Flop (didn't bet)
Seat 8: luciosnl (small blind) folded on the Flop
Seat 9: 2GR8HAND (big blind) collected ($0.25)



PokerStars Hand #236613655944:  Hold'em No Limit ($0.01/$0.02 USD) - 2022/06/06 16:45:02 PT [2022/06/06 19:45:02 ET]
Table 'Massalia IV' 9-max Seat #8 is the button
Seat 1: 42teflons ($1.14 in chips) 
Seat 2: kano1313 ($1.50 in chips) 
Seat 3: BenjaminSock ($3.02 in chips) 
Seat 4: Dorex2007 ($2 in chips) 
Seat 5: Mahcv38 ($1.76 in chips) 
Seat 6: Dubhe99 ($3.01 in chips) 
Seat 7: Juagonzalez ($2.37 in chips) 
Seat 8: luciosnl ($0.92 in chips) 
Seat 9: 2GR8HAND ($0.83 in chips) 
2GR8HAND: posts small blind $0.01
42teflons: posts big blind $0.02
*** HOLE CARDS ***
Dealt to Dorex2007 [Ah 6s]
kano1313: raises $0.04 to $0.06
BenjaminSock: folds 
Dorex2007: folds 
Mahcv38: folds 
Dubhe99: folds 
Juagonzalez: folds 
luciosnl: calls $0.06
2GR8HAND: folds 
42teflons: calls $0.04
*** FLOP *** [6d 5h 2c]
42teflons: checks 
kano1313: checks 
luciosnl: checks 
*** TURN *** [6d 5h 2c] [Qh]
42teflons: checks 
kano1313: checks 
luciosnl: checks 
*** RIVER *** [6d 5h 2c Qh] [4s]
42teflons: bets $0.12
kano1313: folds 
luciosnl: folds 
Uncalled bet ($0.12) returned to 42teflons
42teflons collected $0.18 from pot
42teflons: doesn't show hand 
*** SUMMARY ***
Total pot $0.19 | Rake $0.01 
Board [6d 5h 2c Qh 4s]
Seat 1: 42teflons (big blind) collected ($0.18)
Seat 2: kano1313 folded on the River
Seat 3: BenjaminSock folded before Flop (didn't bet)
Seat 4: Dorex2007 folded before Flop (didn't bet)
Seat 5: Mahcv38 folded before Flop (didn't bet)
Seat 6: Dubhe99 folded before Flop (didn't bet)
Seat 7: Juagonzalez folded before Flop (didn't bet)
Seat 8: luciosnl (button) folded on the River
Seat 9: 2GR8HAND (small blind) folded before Flop



PokerStars Hand #236613670680:  Hold'em No Limit ($0.01/$0.02 USD) - 2022/06/06 16:46:01 PT [2022/06/06 19:46:01 ET]
Table 'Massalia IV' 9-max Seat #9 is the button
Seat 1: 42teflons ($1.26 in chips) 
Seat 2: kano1313 ($1.44 in chips) 
Seat 3: BenjaminSock ($3.02 in chips) 
Seat 4: Dorex2007 ($2 in chips) 
Seat 5: Mahcv38 ($1.76 in chips) 
Seat 6: Dubhe99 ($3.01 in chips) 
Seat 7: Juagonzalez ($2.37 in chips) 
Seat 8: luciosnl ($0.86 in chips) 
Seat 9: 2GR8HAND ($0.82 in chips) 
42teflons: posts small blind $0.01
kano1313: posts big blind $0.02
*** HOLE CARDS ***
Dealt to Dorex2007 [As 8c]
BenjaminSock: folds 
Dorex2007: folds 
Mahcv38: raises $0.04 to $0.06
Dubhe99: raises $0.08 to $0.14
Juagonzalez: calls $0.14
luciosnl: folds 
2GR8HAND: folds 
42teflons: folds 
kano1313: folds 
Mahcv38: calls $0.08
*** FLOP *** [6h 4d Ks]
Mahcv38: checks 
Dubhe99: checks 
Juagonzalez: checks 
*** TURN *** [6h 4d Ks] [3d]
Mahcv38: checks 
Dubhe99: checks 
Juagonzalez: checks 
*** RIVER *** [6h 4d Ks 3d] [8h]
Mahcv38: bets $0.22
Dubhe99: folds 
Juagonzalez: calls $0.22
*** SHOW DOWN ***
Mahcv38: shows [8s 7h] (a pair of Eights)
Juagonzalez: shows [Td Tc] (a pair of Tens)
Juagonzalez collected $0.86 from pot
*** SUMMARY ***
Total pot $0.89 | Rake $0.03 
Board [6h 4d Ks 3d 8h]
Seat 1: 42teflons (small blind) folded before Flop
Seat 2: kano1313 (big blind) folded before Flop
Seat 3: BenjaminSock folded before Flop (didn't bet)
Seat 4: Dorex2007 folded before Flop (didn't bet)
Seat 5: Mahcv38 showed [8s 7h] and lost with a pair of Eights
Seat 6: Dubhe99 folded on the River
Seat 7: Juagonzalez showed [Td Tc] and won ($0.86) with a pair of Tens
Seat 8: luciosnl folded before Flop (didn't bet)
Seat 9: 2GR8HAND (button) folded before Flop (didn't bet)



PokerStars Hand #236613691853:  Hold'em No Limit ($0.01/$0.02 USD) - 2022/06/06 16:47:26 PT [2022/06/06 19:47:26 ET]
Table 'Massalia IV' 9-max Seat #1 is the button
Seat 1: 42teflons ($1.25 in chips) 
Seat 2: kano1313 ($1.52 in chips) 
Seat 3: BenjaminSock ($3.02 in chips) 
Seat 4: Dorex2007 ($2 in chips) 
Seat 5: Mahcv38 ($1.40 in chips) 
Seat 6: Dubhe99 ($2.87 in chips) 
Seat 7: Juagonzalez ($2.87 in chips) 
Seat 8: luciosnl ($0.86 in chips) 
Seat 9: 2GR8HAND ($0.82 in chips) 
kano1313: posts small blind $0.01
BenjaminSock: posts big blind $0.02
*** HOLE CARDS ***
Dealt to Dorex2007 [Td 4s]
Dorex2007: folds 
Mahcv38: folds 
Dubhe99: folds 
Juagonzalez: folds 
luciosnl: folds 
Mahcv38 leaves the table
2GR8HAND: folds 
42teflons: calls $0.02
kano1313: calls $0.01
BenjaminSock: checks 
*** FLOP *** [5d 6h Qh]
kano1313: checks 
BenjaminSock: checks 
42teflons: bets $0.04
kano1313: folds 
BenjaminSock: folds 
Uncalled bet ($0.04) returned to 42teflons
42teflons collected $0.06 from pot
42teflons: doesn't show hand 
*** SUMMARY ***
Total pot $0.06 | Rake $0 
Board [5d 6h Qh]
Seat 1: 42teflons (button) collected ($0.06)
Seat 2: kano1313 (small blind) folded on the Flop
Seat 3: BenjaminSock (big blind) folded on the Flop
Seat 4: Dorex2007 folded before Flop (didn't bet)
Seat 5: Mahcv38 folded before Flop (didn't bet)
Seat 6: Dubhe99 folded before Flop (didn't bet)
Seat 7: Juagonzalez folded before Flop (didn't bet)
Seat 8: luciosnl folded before Flop (didn't bet)
Seat 9: 2GR8HAND folded before Flop (didn't bet)



PokerStars Hand #236613708969:  Hold'em No Limit ($0.01/$0.02 USD) - 2022/06/06 16:48:09 PT [2022/06/06 19:48:09 ET]
Table 'Massalia IV' 9-max Seat #2 is the button
Seat 1: 42teflons ($1.29 in chips) 
Seat 2: kano1313 ($1.50 in chips) 
Seat 3: BenjaminSock ($3 in chips) 
Seat 4: Dorex2007 ($2 in chips) 
Seat 6: Dubhe99 ($2.87 in chips) 
Seat 7: Juagonzalez ($2.87 in chips) 
Seat 8: luciosnl ($0.86 in chips) 
Seat 9: 2GR8HAND ($0.82 in chips) 
BenjaminSock: posts small blind $0.01
Dorex2007: posts big blind $0.02
*** HOLE CARDS ***
Dealt to Dorex2007 [Js 4s]
Dubhe99: folds 
arthurbisporeis joins the table at seat #5 
Juagonzalez: folds 
luciosnl: folds 
2GR8HAND: folds 
42teflons: folds 
kano1313: folds 
BenjaminSock: calls $0.01
Dorex2007: checks 
*** FLOP *** [Ad 9s 6s]
BenjaminSock: checks 
Dorex2007: checks 
*** TURN *** [Ad 9s 6s] [As]
BenjaminSock: checks 
Dorex2007: bets $0.04
BenjaminSock: calls $0.04
*** RIVER *** [Ad 9s 6s As] [2s]
BenjaminSock: checks 
Dorex2007: checks 
*** SHOW DOWN ***
BenjaminSock: shows [Th 8s] (a flush, Ace high)
Dorex2007: shows [Js 4s] (a flush, Ace high - Jack higher)
Dorex2007 collected $0.12 from pot
*** SUMMARY ***
Total pot $0.12 | Rake $0 
Board [Ad 9s 6s As 2s]
Seat 1: 42teflons folded before Flop (didn't bet)
Seat 2: kano1313 (button) folded before Flop (didn't bet)
Seat 3: BenjaminSock (small blind) showed [Th 8s] and lost with a flush, Ace high
Seat 4: Dorex2007 (big blind) showed [Js 4s] and won ($0.12) with a flush, Ace high
Seat 6: Dubhe99 folded before Flop (didn't bet)
Seat 7: Juagonzalez folded before Flop (didn't bet)
Seat 8: luciosnl folded before Flop (didn't bet)
Seat 9: 2GR8HAND folded before Flop (didn't bet)



PokerStars Hand #236613719689:  Hold'em No Limit ($0.01/$0.02 USD) - 2022/06/06 16:48:53 PT [2022/06/06 19:48:53 ET]
Table 'Massalia IV' 9-max Seat #3 is the button
Seat 1: 42teflons ($1.29 in chips) 
Seat 2: kano1313 ($1.50 in chips) 
Seat 3: BenjaminSock ($2.94 in chips) 
Seat 4: Dorex2007 ($2.06 in chips) 
Seat 5: arthurbisporeis ($0.80 in chips) 
Seat 6: Dubhe99 ($2.87 in chips) 
Seat 7: Juagonzalez ($2.87 in chips) 
Seat 8: luciosnl ($0.86 in chips) 
Seat 9: 2GR8HAND ($0.82 in chips) 
Dorex2007: posts small blind $0.01
arthurbisporeis: posts big blind $0.02
*** HOLE CARDS ***
Dealt to Dorex2007 [As Qd]
Dubhe99: folds 
Juagonzalez: folds 
luciosnl: raises $0.04 to $0.06
2GR8HAND: calls $0.06
42teflons: folds 
kano1313: folds 
BenjaminSock: calls $0.06
Dorex2007: calls $0.05
arthurbisporeis: calls $0.04
*** FLOP *** [Qc 3d Td]
Dorex2007: bets $0.29
arthurbisporeis: calls $0.29
luciosnl: calls $0.29
2GR8HAND: folds 
BenjaminSock: folds 
*** TURN *** [Qc 3d Td] [4s]
Dorex2007: bets $1.71 and is all-in
arthurbisporeis: calls $0.45 and is all-in
luciosnl: calls $0.51 and is all-in
Uncalled bet ($1.20) returned to Dorex2007
*** RIVER *** [Qc 3d Td 4s] [Qs]
*** SHOW DOWN ***
Dorex2007: shows [As Qd] (three of a kind, Queens)
luciosnl: shows [Ks Jd] (a pair of Queens)
arthurbisporeis: shows [Kc Ah] (a pair of Queens)
Dorex2007 cashed out the hand for $1.88 | Cash Out Fee $0.02
luciosnl cashed out the hand for $0.36
*** SUMMARY ***
Total pot $2.64 Main pot $2.43. Side pot $0.12. | Rake $0.09 
Board [Qc 3d Td 4s Qs]
Seat 1: 42teflons folded before Flop (didn't bet)
Seat 2: kano1313 folded before Flop (didn't bet)
Seat 3: BenjaminSock (button) folded on the Flop
Seat 4: Dorex2007 (small blind) showed [As Qd] and won ($2.55) with three of a kind, Queens (pot not awarded as player cashed out)
Seat 5: arthurbisporeis (big blind) showed [Kc Ah] and lost with a pair of Queens
Seat 6: Dubhe99 folded before Flop (didn't bet)
Seat 7: Juagonzalez folded before Flop (didn't bet)
Seat 8: luciosnl showed [Ks Jd] and lost with a pair of Queens (cashed out).
Seat 9: 2GR8HAND folded on the Flop



PokerStars Hand #236613734317:  Hold'em No Limit ($0.01/$0.02 USD) - 2022/06/06 16:49:53 PT [2022/06/06 19:49:53 ET]
Table 'Massalia IV' 9-max Seat #4 is the button
Seat 1: 42teflons ($1.29 in chips) 
Seat 2: kano1313 ($1.50 in chips) 
Seat 3: BenjaminSock ($2.88 in chips) 
Seat 4: Dorex2007 ($3.08 in chips) 
Seat 6: Dubhe99 ($2.87 in chips) 
Seat 7: Juagonzalez ($2.87 in chips) 
Seat 8: luciosnl ($0.36 in chips) 
Seat 9: 2GR8HAND ($0.76 in chips) 
Dubhe99: posts small blind $0.01
Juagonzalez: posts big blind $0.02
*** HOLE CARDS ***
Dealt to Dorex2007 [Ac 4c]
luciosnl: folds 
2GR8HAND: calls $0.02
42teflons: folds 
kano1313: folds 
BenjaminSock: folds 
Dorex2007: calls $0.02
Dubhe99: folds 
Juagonzalez: raises $0.16 to $0.18
2GR8HAND: folds 
Dorex2007: folds 
Uncalled bet ($0.16) returned to Juagonzalez
Juagonzalez collected $0.07 from pot
Juagonzalez: doesn't show hand 
*** SUMMARY ***
Total pot $0.07 | Rake $0 
Seat 1: 42teflons folded before Flop (didn't bet)
Seat 2: kano1313 folded before Flop (didn't bet)
Seat 3: BenjaminSock folded before Flop (didn't bet)
Seat 4: Dorex2007 (button) folded before Flop
Seat 6: Dubhe99 (small blind) folded before Flop
Seat 7: Juagonzalez (big blind) collected ($0.07)
Seat 8: luciosnl folded before Flop (didn't bet)
Seat 9: 2GR8HAND folded before Flop



PokerStars Hand #236613740912:  Hold'em No Limit ($0.01/$0.02 USD) - 2022/06/06 16:50:20 PT [2022/06/06 19:50:20 ET]
Table 'Massalia IV' 9-max Seat #6 is the button
Seat 1: 42teflons ($1.29 in chips) 
Seat 2: kano1313 ($1.50 in chips) 
Seat 3: BenjaminSock ($2.88 in chips) 
Seat 4: Dorex2007 ($3.06 in chips) 
Seat 5: arthurbisporeis ($0.80 in chips) 
Seat 6: Dubhe99 ($2.86 in chips) 
Seat 7: Juagonzalez ($2.92 in chips) 
Seat 8: luciosnl ($0.36 in chips) 
Seat 9: 2GR8HAND ($0.74 in chips) 
Juagonzalez: posts small blind $0.01
luciosnl: posts big blind $0.02
arthurbisporeis: posts small blind $0.01
*** HOLE CARDS ***
Dealt to Dorex2007 [8s Ts]
2GR8HAND: folds 
42teflons: folds 
kano1313: folds 
BenjaminSock: folds 
Dorex2007: folds 
arthurbisporeis: folds 
Dubhe99: folds 
Juagonzalez: folds 
Uncalled bet ($0.01) returned to luciosnl
luciosnl collected $0.03 from pot
luciosnl: doesn't show hand 
*** SUMMARY ***
Total pot $0.03 | Rake $0 
Seat 1: 42teflons folded before Flop (didn't bet)
Seat 2: kano1313 folded before Flop (didn't bet)
Seat 3: BenjaminSock folded before Flop (didn't bet)
Seat 4: Dorex2007 folded before Flop (didn't bet)
Seat 5: arthurbisporeis folded before Flop (didn't bet)
Seat 6: Dubhe99 (button) folded before Flop (didn't bet)
Seat 7: Juagonzalez (small blind) folded before Flop
Seat 8: luciosnl (big blind) collected ($0.03)
Seat 9: 2GR8HAND folded before Flop (didn't bet)



PokerStars Hand #236613745044:  Hold'em No Limit ($0.01/$0.02 USD) - 2022/06/06 16:50:37 PT [2022/06/06 19:50:37 ET]
Table 'Massalia IV' 9-max Seat #7 is the button
Seat 1: 42teflons ($1.29 in chips) 
Seat 2: kano1313 ($1.50 in chips) 
Seat 3: BenjaminSock ($2.88 in chips) 
Seat 4: Dorex2007 ($3.06 in chips) 
Seat 5: arthurbisporeis ($0.79 in chips) 
Seat 6: Dubhe99 ($2.86 in chips) 
Seat 7: Juagonzalez ($2.91 in chips) 
Seat 8: luciosnl ($0.38 in chips) 
Seat 9: 2GR8HAND ($0.74 in chips) 
luciosnl: posts small blind $0.01
2GR8HAND: posts big blind $0.02
*** HOLE CARDS ***
Dealt to Dorex2007 [Jd Ad]
42teflons: calls $0.02
kano1313: raises $0.04 to $0.06
BenjaminSock: folds 
Dorex2007: calls $0.06
arthurbisporeis has timed out
arthurbisporeis: folds 
Dubhe99: calls $0.06
Juagonzalez: folds 
luciosnl: folds 
2GR8HAND: raises $0.68 to $0.74 and is all-in
42teflons: folds 
kano1313: folds 
Dorex2007: folds 
Dubhe99: folds 
Uncalled bet ($0.68) returned to 2GR8HAND
2GR8HAND collected $0.27 from pot
*** SUMMARY ***
Total pot $0.27 | Rake $0 
Seat 1: 42teflons folded before Flop
Seat 2: kano1313 folded before Flop
Seat 3: BenjaminSock folded before Flop (didn't bet)
Seat 4: Dorex2007 folded before Flop
Seat 5: arthurbisporeis folded before Flop (didn't bet)
Seat 6: Dubhe99 folded before Flop
Seat 7: Juagonzalez (button) folded before Flop (didn't bet)
Seat 8: luciosnl (small blind) folded before Flop
Seat 9: 2GR8HAND (big blind) collected ($0.27)



