PokerStars Hand #234800729877:  Hold'em No Limit ($0.01/$0.02 USD) - 2022/03/14 17:37:40 PT [2022/03/14 20:37:40 ET]
Table 'Acamas II' 9-max Seat #9 is the button
Seat 2: leopoker1 ($4.17 in chips) 
Seat 3: crueldevices ($2.35 in chips) 
Seat 4: B0B SACAMANO ($5.77 in chips) 
Seat 5: StefanN4444 ($4.13 in chips) 
Seat 6: Beavis440 ($2 in chips) 
Seat 7: nomis1959 ($1.29 in chips) 
Seat 8: Dorex2007 ($2 in chips) 
Seat 9: DBLBLYBSTR ($3.42 in chips) 
leopoker1: posts small blind $0.01
crueldevices: posts big blind $0.02
Dorex2007: posts big blind $0.02
*** HOLE CARDS ***
Dealt to Dorex2007 [8h 3s]
B0B SACAMANO: folds 
StefanN4444: folds 
Beavis440: folds 
nomis1959: raises $0.04 to $0.06
Dorex2007: folds 
DBLBLYBSTR: folds 
leopoker1: calls $0.05
crueldevices: folds 
*** FLOP *** [3c Tc 6d]
leopoker1: bets $0.10
nomis1959: calls $0.10
*** TURN *** [3c Tc 6d] [Td]
leopoker1: bets $0.23
nomis1959: calls $0.23
*** RIVER *** [3c Tc 6d Td] [Qd]
leopoker1: checks 
nomis1959: bets $0.40
leopoker1: folds 
Uncalled bet ($0.40) returned to nomis1959
nomis1959 collected $0.79 from pot
*** SUMMARY ***
Total pot $0.82 | Rake $0.03 
Board [3c Tc 6d Td Qd]
Seat 2: leopoker1 (small blind) folded on the River
Seat 3: crueldevices (big blind) folded before Flop
Seat 4: B0B SACAMANO folded before Flop (didn't bet)
Seat 5: StefanN4444 folded before Flop (didn't bet)
Seat 6: Beavis440 folded before Flop (didn't bet)
Seat 7: nomis1959 collected ($0.79)
Seat 8: Dorex2007 folded before Flop (didn't bet)
Seat 9: DBLBLYBSTR (button) folded before Flop (didn't bet)



PokerStars Hand #234800745287:  Hold'em No Limit ($0.01/$0.02 USD) - 2022/03/14 17:38:37 PT [2022/03/14 20:38:37 ET]
Table 'Acamas II' 9-max Seat #2 is the button
Seat 2: leopoker1 ($3.78 in chips) 
Seat 3: crueldevices ($2.33 in chips) 
Seat 4: B0B SACAMANO ($5.77 in chips) 
Seat 5: StefanN4444 ($4.13 in chips) 
Seat 6: Beavis440 ($2 in chips) 
Seat 7: nomis1959 ($1.69 in chips) 
Seat 8: Dorex2007 ($2 in chips) 
Seat 9: DBLBLYBSTR ($3.42 in chips) 
crueldevices: posts small blind $0.01
B0B SACAMANO: posts big blind $0.02
*** HOLE CARDS ***
Dealt to Dorex2007 [Jc 9d]
StefanN4444: folds 
Beavis440: calls $0.02
nomis1959: calls $0.02
Dorex2007: folds 
DBLBLYBSTR: folds 
leopoker1: folds 
crueldevices: calls $0.01
B0B SACAMANO: checks 
*** FLOP *** [Ks 2d 2c]
crueldevices: bets $0.02
B0B SACAMANO: folds 
Beavis440: folds 
nomis1959: calls $0.02
*** TURN *** [Ks 2d 2c] [6c]
crueldevices: bets $0.02
nomis1959: calls $0.02
*** RIVER *** [Ks 2d 2c 6c] [4d]
crueldevices: bets $0.02
nomis1959: raises $0.10 to $0.12
crueldevices: folds 
Uncalled bet ($0.10) returned to nomis1959
nomis1959 collected $0.19 from pot
*** SUMMARY ***
Total pot $0.20 | Rake $0.01 
Board [Ks 2d 2c 6c 4d]
Seat 2: leopoker1 (button) folded before Flop (didn't bet)
Seat 3: crueldevices (small blind) folded on the River
Seat 4: B0B SACAMANO (big blind) folded on the Flop
Seat 5: StefanN4444 folded before Flop (didn't bet)
Seat 6: Beavis440 folded on the Flop
Seat 7: nomis1959 collected ($0.19)
Seat 8: Dorex2007 folded before Flop (didn't bet)
Seat 9: DBLBLYBSTR folded before Flop (didn't bet)



PokerStars Hand #234800770745:  Hold'em No Limit ($0.01/$0.02 USD) - 2022/03/14 17:39:34 PT [2022/03/14 20:39:34 ET]
Table 'Acamas II' 9-max Seat #3 is the button
Seat 2: leopoker1 ($3.78 in chips) 
Seat 3: crueldevices ($2.25 in chips) 
Seat 4: B0B SACAMANO ($5.75 in chips) 
Seat 5: StefanN4444 ($4.13 in chips) 
Seat 6: Beavis440 ($2 in chips) 
Seat 7: nomis1959 ($1.80 in chips) 
Seat 8: Dorex2007 ($2 in chips) 
Seat 9: DBLBLYBSTR ($3.42 in chips) 
B0B SACAMANO: posts small blind $0.01
StefanN4444: posts big blind $0.02
*** HOLE CARDS ***
Dealt to Dorex2007 [Kh 9h]
Beavis440: raises $0.04 to $0.06
nomis1959: folds 
Dorex2007: folds 
DBLBLYBSTR: folds 
leopoker1: folds 
crueldevices: folds 
B0B SACAMANO: folds 
StefanN4444: calls $0.04
*** FLOP *** [Ad Tc Ac]
StefanN4444: checks 
Beavis440: checks 
*** TURN *** [Ad Tc Ac] [7c]
StefanN4444: checks 
crueldevices said, "ouch"
Beavis440: bets $0.06
StefanN4444: raises $0.20 to $0.26
Beavis440: calls $0.20
*** RIVER *** [Ad Tc Ac 7c] [2c]
StefanN4444: bets $0.46
Beavis440: raises $0.74 to $1.20
StefanN4444: folds 
Uncalled bet ($0.74) returned to Beavis440
Beavis440 collected $1.52 from pot
Beavis440: doesn't show hand 
*** SUMMARY ***
Total pot $1.57 | Rake $0.05 
Board [Ad Tc Ac 7c 2c]
Seat 2: leopoker1 folded before Flop (didn't bet)
Seat 3: crueldevices (button) folded before Flop (didn't bet)
Seat 4: B0B SACAMANO (small blind) folded before Flop
Seat 5: StefanN4444 (big blind) folded on the River
Seat 6: Beavis440 collected ($1.52)
Seat 7: nomis1959 folded before Flop (didn't bet)
Seat 8: Dorex2007 folded before Flop (didn't bet)
Seat 9: DBLBLYBSTR folded before Flop (didn't bet)



PokerStars Hand #234800808813:  Hold'em No Limit ($0.01/$0.02 USD) - 2022/03/14 17:41:25 PT [2022/03/14 20:41:25 ET]
Table 'Acamas II' 9-max Seat #4 is the button
Seat 2: leopoker1 ($3.78 in chips) 
Seat 3: crueldevices ($2.25 in chips) 
Seat 4: B0B SACAMANO ($5.74 in chips) 
Seat 5: StefanN4444 ($3.35 in chips) 
Seat 6: Beavis440 ($2.74 in chips) 
Seat 7: nomis1959 ($1.80 in chips) 
Seat 8: Dorex2007 ($2 in chips) 
Seat 9: DBLBLYBSTR ($3.42 in chips) 
StefanN4444: posts small blind $0.01
Beavis440: posts big blind $0.02
*** HOLE CARDS ***
Dealt to Dorex2007 [3d Qh]
nomis1959: folds 
Dorex2007: folds 
DBLBLYBSTR: raises $0.04 to $0.06
leopoker1: folds 
crueldevices: folds 
B0B SACAMANO: calls $0.06
StefanN4444: calls $0.05
Beavis440: folds 
*** FLOP *** [7h 5c Tc]
StefanN4444: checks 
DBLBLYBSTR: checks 
B0B SACAMANO: checks 
*** TURN *** [7h 5c Tc] [8h]
StefanN4444: bets $0.13
DBLBLYBSTR: calls $0.13
B0B SACAMANO: folds 
*** RIVER *** [7h 5c Tc 8h] [8c]
crueldevices said, "i know how to count cards"
StefanN4444: bets $0.32
DBLBLYBSTR: folds 
Uncalled bet ($0.32) returned to StefanN4444
StefanN4444 collected $0.44 from pot
StefanN4444: doesn't show hand 
*** SUMMARY ***
Total pot $0.46 | Rake $0.02 
Board [7h 5c Tc 8h 8c]
Seat 2: leopoker1 folded before Flop (didn't bet)
Seat 3: crueldevices folded before Flop (didn't bet)
Seat 4: B0B SACAMANO (button) folded on the Turn
Seat 5: StefanN4444 (small blind) collected ($0.44)
Seat 6: Beavis440 (big blind) folded before Flop
Seat 7: nomis1959 folded before Flop (didn't bet)
Seat 8: Dorex2007 folded before Flop (didn't bet)
Seat 9: DBLBLYBSTR folded on the River



PokerStars Hand #234800831845:  Hold'em No Limit ($0.01/$0.02 USD) - 2022/03/14 17:42:50 PT [2022/03/14 20:42:50 ET]
Table 'Acamas II' 9-max Seat #5 is the button
Seat 2: leopoker1 ($3.78 in chips) 
Seat 3: crueldevices ($2.25 in chips) 
Seat 4: B0B SACAMANO ($5.68 in chips) 
Seat 5: StefanN4444 ($3.60 in chips) 
Seat 6: Beavis440 ($2.72 in chips) 
Seat 7: nomis1959 ($1.80 in chips) 
Seat 8: Dorex2007 ($2 in chips) 
Seat 9: DBLBLYBSTR ($3.23 in chips) 
Beavis440: posts small blind $0.01
nomis1959: posts big blind $0.02
*** HOLE CARDS ***
Dealt to Dorex2007 [9d 5s]
Dorex2007: folds 
DBLBLYBSTR has timed out
DBLBLYBSTR: folds 
leopoker1: folds 
crueldevices: calls $0.02
B0B SACAMANO: calls $0.02
StefanN4444: raises $0.08 to $0.10
crueldevices said, "watched rainman on repeat as a kid"
Beavis440: folds 
nomis1959: folds 
crueldevices: folds 
B0B SACAMANO: calls $0.08
*** FLOP *** [Jh Ad Qh]
B0B SACAMANO: checks 
StefanN4444: bets $0.16
B0B SACAMANO: folds 
Uncalled bet ($0.16) returned to StefanN4444
StefanN4444 collected $0.24 from pot
StefanN4444: doesn't show hand 
*** SUMMARY ***
Total pot $0.25 | Rake $0.01 
Board [Jh Ad Qh]
Seat 2: leopoker1 folded before Flop (didn't bet)
Seat 3: crueldevices folded before Flop
Seat 4: B0B SACAMANO folded on the Flop
Seat 5: StefanN4444 (button) collected ($0.24)
Seat 6: Beavis440 (small blind) folded before Flop
Seat 7: nomis1959 (big blind) folded before Flop
Seat 8: Dorex2007 folded before Flop (didn't bet)
Seat 9: DBLBLYBSTR folded before Flop (didn't bet)



PokerStars Hand #234800849099:  Hold'em No Limit ($0.01/$0.02 USD) - 2022/03/14 17:43:54 PT [2022/03/14 20:43:54 ET]
Table 'Acamas II' 9-max Seat #6 is the button
Seat 2: leopoker1 ($3.78 in chips) 
Seat 3: crueldevices ($2.23 in chips) 
Seat 4: B0B SACAMANO ($5.58 in chips) 
Seat 5: StefanN4444 ($3.74 in chips) 
Seat 6: Beavis440 ($2.71 in chips) 
Seat 7: nomis1959 ($1.78 in chips) 
Seat 8: Dorex2007 ($2 in chips) 
Seat 9: DBLBLYBSTR ($3.23 in chips) 
nomis1959: posts small blind $0.01
Dorex2007: posts big blind $0.02
*** HOLE CARDS ***
Dealt to Dorex2007 [8s Jh]
DBLBLYBSTR has timed out
DBLBLYBSTR: folds 
leopoker1: folds 
crueldevices: folds 
B0B SACAMANO: raises $0.04 to $0.06
StefanN4444: folds 
Beavis440: folds 
nomis1959: folds 
crueldevices said, "but forensic science is the cats meow"
Dorex2007: folds 
Uncalled bet ($0.04) returned to B0B SACAMANO
B0B SACAMANO collected $0.05 from pot
B0B SACAMANO: doesn't show hand 
*** SUMMARY ***
Total pot $0.05 | Rake $0 
Seat 2: leopoker1 folded before Flop (didn't bet)
Seat 3: crueldevices folded before Flop (didn't bet)
Seat 4: B0B SACAMANO collected ($0.05)
Seat 5: StefanN4444 folded before Flop (didn't bet)
Seat 6: Beavis440 (button) folded before Flop (didn't bet)
Seat 7: nomis1959 (small blind) folded before Flop
Seat 8: Dorex2007 (big blind) folded before Flop
Seat 9: DBLBLYBSTR folded before Flop (didn't bet)



PokerStars Hand #234800859098:  Hold'em No Limit ($0.01/$0.02 USD) - 2022/03/14 17:44:31 PT [2022/03/14 20:44:31 ET]
Table 'Acamas II' 9-max Seat #7 is the button
Seat 2: leopoker1 ($3.78 in chips) 
Seat 3: crueldevices ($2.23 in chips) 
Seat 4: B0B SACAMANO ($5.61 in chips) 
Seat 5: StefanN4444 ($3.74 in chips) 
Seat 6: Beavis440 ($2.71 in chips) 
Seat 7: nomis1959 ($1.77 in chips) 
Seat 8: Dorex2007 ($2 in chips) 
Seat 9: DBLBLYBSTR ($3.23 in chips) 
Dorex2007: posts small blind $0.01
DBLBLYBSTR: posts big blind $0.02
*** HOLE CARDS ***
Dealt to Dorex2007 [As Ah]
leopoker1: folds 
crueldevices: calls $0.02
B0B SACAMANO: folds 
StefanN4444: folds 
Beavis440: folds 
nomis1959: folds 
Dorex2007: raises $0.04 to $0.06
DBLBLYBSTR has timed out
DBLBLYBSTR: folds 
crueldevices: calls $0.04
*** FLOP *** [7s Th Qh]
Dorex2007: bets $0.07
crueldevices: folds 
Uncalled bet ($0.07) returned to Dorex2007
Dorex2007 collected $0.14 from pot
Dorex2007: doesn't show hand 
*** SUMMARY ***
Total pot $0.14 | Rake $0 
Board [7s Th Qh]
Seat 2: leopoker1 folded before Flop (didn't bet)
Seat 3: crueldevices folded on the Flop
Seat 4: B0B SACAMANO folded before Flop (didn't bet)
Seat 5: StefanN4444 folded before Flop (didn't bet)
Seat 6: Beavis440 folded before Flop (didn't bet)
Seat 7: nomis1959 (button) folded before Flop (didn't bet)
Seat 8: Dorex2007 (small blind) collected ($0.14)
Seat 9: DBLBLYBSTR (big blind) folded before Flop



PokerStars Hand #234800884535:  Hold'em No Limit ($0.01/$0.02 USD) - 2022/03/14 17:46:07 PT [2022/03/14 20:46:07 ET]
Table 'Acamas II' 9-max Seat #8 is the button
Seat 2: leopoker1 ($3.78 in chips) 
Seat 3: crueldevices ($2.17 in chips) 
Seat 4: B0B SACAMANO ($5.61 in chips) 
Seat 5: StefanN4444 ($3.74 in chips) 
Seat 6: Beavis440 ($2.71 in chips) 
Seat 7: nomis1959 ($1.77 in chips) 
Seat 8: Dorex2007 ($2.08 in chips) 
Seat 9: DBLBLYBSTR ($3.21 in chips) 
DBLBLYBSTR: posts small blind $0.01
leopoker1: posts big blind $0.02
*** HOLE CARDS ***
Dealt to Dorex2007 [9h Kc]
crueldevices said, "u win"
crueldevices: folds 
B0B SACAMANO: folds 
StefanN4444: folds 
Beavis440: folds 
nomis1959: folds 
Dorex2007: folds 
DBLBLYBSTR: folds 
Uncalled bet ($0.01) returned to leopoker1
leopoker1 collected $0.02 from pot
leopoker1: doesn't show hand 
*** SUMMARY ***
Total pot $0.02 | Rake $0 
Seat 2: leopoker1 (big blind) collected ($0.02)
Seat 3: crueldevices folded before Flop (didn't bet)
Seat 4: B0B SACAMANO folded before Flop (didn't bet)
Seat 5: StefanN4444 folded before Flop (didn't bet)
Seat 6: Beavis440 folded before Flop (didn't bet)
Seat 7: nomis1959 folded before Flop (didn't bet)
Seat 8: Dorex2007 (button) folded before Flop (didn't bet)
Seat 9: DBLBLYBSTR (small blind) folded before Flop



PokerStars Hand #234800888996:  Hold'em No Limit ($0.01/$0.02 USD) - 2022/03/14 17:46:24 PT [2022/03/14 20:46:24 ET]
Table 'Acamas II' 9-max Seat #9 is the button
Seat 2: leopoker1 ($3.79 in chips) 
Seat 3: crueldevices ($2.17 in chips) 
Seat 4: B0B SACAMANO ($5.61 in chips) 
Seat 5: StefanN4444 ($3.74 in chips) 
Seat 6: Beavis440 ($2.71 in chips) 
Seat 7: nomis1959 ($1.77 in chips) 
Seat 8: Dorex2007 ($2.08 in chips) 
Seat 9: DBLBLYBSTR ($3.20 in chips) 
leopoker1: posts small blind $0.01
crueldevices: posts big blind $0.02
*** HOLE CARDS ***
Dealt to Dorex2007 [9s 6c]
B0B SACAMANO: folds 
StefanN4444: folds 
Beavis440: raises $0.04 to $0.06
nomis1959: folds 
Dorex2007: folds 
Dorex2007 said, "+ 0.40 :)"
DBLBLYBSTR: folds 
leopoker1: folds 
crueldevices: calls $0.04
*** FLOP *** [Jc 5h 4h]
crueldevices: checks 
Beavis440: bets $0.06
crueldevices: calls $0.06
*** TURN *** [Jc 5h 4h] [Ts]
crueldevices: checks 
crueldevices said, "ok :)"
Beavis440: bets $0.17
crueldevices: calls $0.17
*** RIVER *** [Jc 5h 4h Ts] [Qc]
crueldevices: checks 
Beavis440: bets $0.40
crueldevices: folds 
Uncalled bet ($0.40) returned to Beavis440
Beavis440 collected $0.57 from pot
Beavis440: doesn't show hand 
*** SUMMARY ***
Total pot $0.59 | Rake $0.02 
Board [Jc 5h 4h Ts Qc]
Seat 2: leopoker1 (small blind) folded before Flop
Seat 3: crueldevices (big blind) folded on the River
Seat 4: B0B SACAMANO folded before Flop (didn't bet)
Seat 5: StefanN4444 folded before Flop (didn't bet)
Seat 6: Beavis440 collected ($0.57)
Seat 7: nomis1959 folded before Flop (didn't bet)
Seat 8: Dorex2007 folded before Flop (didn't bet)
Seat 9: DBLBLYBSTR (button) folded before Flop (didn't bet)



PokerStars Hand #234800909556:  Hold'em No Limit ($0.01/$0.02 USD) - 2022/03/14 17:47:42 PT [2022/03/14 20:47:42 ET]
Table 'Acamas II' 9-max Seat #2 is the button
Seat 2: leopoker1 ($3.78 in chips) 
Seat 3: crueldevices ($1.88 in chips) 
Seat 5: StefanN4444 ($3.74 in chips) 
Seat 6: Beavis440 ($2.99 in chips) 
Seat 7: nomis1959 ($1.77 in chips) 
Seat 8: Dorex2007 ($2.08 in chips) 
Seat 9: DBLBLYBSTR ($3.20 in chips) 
crueldevices: posts small blind $0.01
B0B SACAMANO: is sitting out 
StefanN4444: posts big blind $0.02
*** HOLE CARDS ***
Dealt to Dorex2007 [Qc 2h]
Beavis440: folds 
nomis1959: folds 
Dorex2007: folds 
DBLBLYBSTR: raises $0.05 to $0.07
Dorex2007 said, "AA"
leopoker1: calls $0.07
Beavis440 said, "jj"
crueldevices: calls $0.06
StefanN4444: folds 
*** FLOP *** [Tc 2d 8h]
crueldevices: checks 
B0B SACAMANO leaves the table
crueldevices said, "  nice"
DBLBLYBSTR: checks 
leopoker1: bets $0.15
crueldevices: folds 
DBLBLYBSTR: calls $0.15
*** TURN *** [Tc 2d 8h] [4h]
DBLBLYBSTR: checks 
crueldevices said, "i had 4 4 4 4 earlier"
dlolo30 joins the table at seat #4 
leopoker1: bets $0.68
DBLBLYBSTR: folds 
Uncalled bet ($0.68) returned to leopoker1
leopoker1 collected $0.51 from pot
leopoker1: doesn't show hand 
*** SUMMARY ***
Total pot $0.53 | Rake $0.02 
Board [Tc 2d 8h 4h]
Seat 2: leopoker1 (button) collected ($0.51)
Seat 3: crueldevices (small blind) folded on the Flop
Seat 5: StefanN4444 (big blind) folded before Flop
Seat 6: Beavis440 folded before Flop (didn't bet)
Seat 7: nomis1959 folded before Flop (didn't bet)
Seat 8: Dorex2007 folded before Flop (didn't bet)
Seat 9: DBLBLYBSTR folded on the Turn



PokerStars Hand #234800937431:  Hold'em No Limit ($0.01/$0.02 USD) - 2022/03/14 17:49:29 PT [2022/03/14 20:49:29 ET]
Table 'Acamas II' 9-max Seat #3 is the button
Seat 2: leopoker1 ($4.07 in chips) 
Seat 3: crueldevices ($1.81 in chips) 
Seat 5: StefanN4444 ($3.72 in chips) 
Seat 6: Beavis440 ($2.99 in chips) 
Seat 7: nomis1959 ($1.77 in chips) 
Seat 8: Dorex2007 ($2.08 in chips) 
Seat 9: DBLBLYBSTR ($2.98 in chips) 
StefanN4444: posts small blind $0.01
Beavis440: posts big blind $0.02
*** HOLE CARDS ***
Dealt to Dorex2007 [8c 2c]
nomis1959: calls $0.02
Dorex2007: folds 
crueldevices said, " but its bc of magic"
DBLBLYBSTR: folds 
leopoker1: folds 
crueldevices: raises $0.02 to $0.04
StefanN4444: raises $0.12 to $0.16
Beavis440: folds 
nomis1959: calls $0.14
crueldevices: calls $0.12
*** FLOP *** [Qc 3s Ac]
StefanN4444: checks 
nomis1959: bets $0.12
crueldevices: raises $0.56 to $0.68
StefanN4444: folds 
crueldevices said, "poof"
nomis1959: folds 
Uncalled bet ($0.56) returned to crueldevices
crueldevices collected $0.71 from pot
crueldevices: doesn't show hand 
*** SUMMARY ***
Total pot $0.74 | Rake $0.03 
Board [Qc 3s Ac]
Seat 2: leopoker1 folded before Flop (didn't bet)
Seat 3: crueldevices (button) collected ($0.71)
Seat 5: StefanN4444 (small blind) folded on the Flop
Seat 6: Beavis440 (big blind) folded before Flop
Seat 7: nomis1959 folded on the Flop
Seat 8: Dorex2007 folded before Flop (didn't bet)
Seat 9: DBLBLYBSTR folded before Flop (didn't bet)



PokerStars Hand #234800956763:  Hold'em No Limit ($0.01/$0.02 USD) - 2022/03/14 17:50:43 PT [2022/03/14 20:50:43 ET]
Table 'Acamas II' 9-max Seat #5 is the button
Seat 2: leopoker1 ($4.07 in chips) 
Seat 3: crueldevices ($2.24 in chips) 
Seat 5: StefanN4444 ($3.56 in chips) 
Seat 6: Beavis440 ($2.97 in chips) 
Seat 7: nomis1959 ($1.49 in chips) 
Seat 8: Dorex2007 ($2.08 in chips) 
Seat 9: DBLBLYBSTR ($2.98 in chips) 
Beavis440: posts small blind $0.01
nomis1959: posts big blind $0.02
dlolo30: sits out 
*** HOLE CARDS ***
Dealt to Dorex2007 [Ad 5c]
crueldevices said, "yup"
Dorex2007: folds 
crueldevices said, "scared"
crueldevices said, "2 try"
DBLBLYBSTR has timed out
DBLBLYBSTR: folds 
leopoker1: folds 
crueldevices: raises $0.02 to $0.04
crueldevices said, "black magic"
StefanN4444: raises $0.12 to $0.16
Beavis440: folds 
nomis1959: folds 
crueldevices: calls $0.12
*** FLOP *** [8d 2d Kh]
crueldevices: bets $2.08 and is all-in
StefanN4444: folds 
Uncalled bet ($2.08) returned to crueldevices
crueldevices collected $0.34 from pot
crueldevices: doesn't show hand 
*** SUMMARY ***
Total pot $0.35 | Rake $0.01 
Board [8d 2d Kh]
Seat 2: leopoker1 folded before Flop (didn't bet)
Seat 3: crueldevices collected ($0.34)
Seat 5: StefanN4444 (button) folded on the Flop
Seat 6: Beavis440 (small blind) folded before Flop
Seat 7: nomis1959 (big blind) folded before Flop
Seat 8: Dorex2007 folded before Flop (didn't bet)
Seat 9: DBLBLYBSTR folded before Flop (didn't bet)



PokerStars Hand #234800972477:  Hold'em No Limit ($0.01/$0.02 USD) - 2022/03/14 17:51:43 PT [2022/03/14 20:51:43 ET]
Table 'Acamas II' 9-max Seat #6 is the button
Seat 2: leopoker1 ($4.07 in chips) 
Seat 3: crueldevices ($2.42 in chips) 
Seat 5: StefanN4444 ($3.40 in chips) 
Seat 6: Beavis440 ($2.96 in chips) 
Seat 7: nomis1959 ($1.47 in chips) 
Seat 8: Dorex2007 ($2.08 in chips) 
Seat 9: DBLBLYBSTR ($2.98 in chips) 
nomis1959: posts small blind $0.01
Dorex2007: posts big blind $0.02
dlolo30: sits out 
*** HOLE CARDS ***
Dealt to Dorex2007 [3h 2h]
crueldevices said, "im gonna crush you ok"
DBLBLYBSTR has timed out
DBLBLYBSTR: folds 
leopoker1: folds 
crueldevices: calls $0.02
StefanN4444: raises $0.06 to $0.08
Beavis440: folds 
nomis1959: folds 
Dorex2007: folds 
crueldevices: calls $0.06
*** FLOP *** [2d 9h Kh]
crueldevices: checks 
StefanN4444: checks 
*** TURN *** [2d 9h Kh] [Jc]
crueldevices: checks 
StefanN4444: checks 
*** RIVER *** [2d 9h Kh Jc] [Ah]
crueldevices: checks 
StefanN4444: bets $0.18
crueldevices: folds 
Uncalled bet ($0.18) returned to StefanN4444
StefanN4444 collected $0.18 from pot
StefanN4444: doesn't show hand 
*** SUMMARY ***
Total pot $0.19 | Rake $0.01 
Board [2d 9h Kh Jc Ah]
Seat 2: leopoker1 folded before Flop (didn't bet)
Seat 3: crueldevices folded on the River
Seat 5: StefanN4444 collected ($0.18)
Seat 6: Beavis440 (button) folded before Flop (didn't bet)
Seat 7: nomis1959 (small blind) folded before Flop
Seat 8: Dorex2007 (big blind) folded before Flop
Seat 9: DBLBLYBSTR folded before Flop (didn't bet)



PokerStars Hand #234800988107:  Hold'em No Limit ($0.01/$0.02 USD) - 2022/03/14 17:52:43 PT [2022/03/14 20:52:43 ET]
Table 'Acamas II' 9-max Seat #7 is the button
Seat 1: Apostol108 ($2.36 in chips) 
Seat 2: leopoker1 ($4.07 in chips) 
Seat 3: crueldevices ($2.34 in chips) 
Seat 5: StefanN4444 ($3.50 in chips) 
Seat 6: Beavis440 ($2.96 in chips) 
Seat 7: nomis1959 ($1.46 in chips) 
Seat 8: Dorex2007 ($2.06 in chips) 
Dorex2007: posts small blind $0.01
Apostol108: posts big blind $0.02
dlolo30: sits out 
*** HOLE CARDS ***
Dealt to Dorex2007 [8s Js]
leopoker1: folds 
crueldevices: folds 
StefanN4444: raises $0.03 to $0.05
Beavis440: folds 
nomis1959: calls $0.05
Dorex2007: folds 
Apostol108: folds 
*** FLOP *** [As 3c 4h]
Dorex2007 said, "lol you're playing 54% of hands and winning 17%"
Dorex2007 said, "don't see you crushing anyone"
StefanN4444: checks 
nomis1959: checks 
*** TURN *** [As 3c 4h] [5s]
StefanN4444: bets $0.09
nomis1959: calls $0.09
*** RIVER *** [As 3c 4h 5s] [8h]
crueldevices said, "i came in with 80 cents"
StefanN4444: checks 
nomis1959: bets $0.15
StefanN4444: calls $0.15
*** SHOW DOWN ***
nomis1959: shows [7s 8d] (a pair of Eights)
StefanN4444: shows [Qc Ac] (a pair of Aces)
StefanN4444 collected $0.59 from pot
*** SUMMARY ***
Total pot $0.61 | Rake $0.02 
Board [As 3c 4h 5s 8h]
Seat 1: Apostol108 (big blind) folded before Flop
Seat 2: leopoker1 folded before Flop (didn't bet)
Seat 3: crueldevices folded before Flop (didn't bet)
Seat 5: StefanN4444 showed [Qc Ac] and won ($0.59) with a pair of Aces
Seat 6: Beavis440 folded before Flop (didn't bet)
Seat 7: nomis1959 (button) showed [7s 8d] and lost with a pair of Eights
Seat 8: Dorex2007 (small blind) folded before Flop



PokerStars Hand #234801010433:  Hold'em No Limit ($0.01/$0.02 USD) - 2022/03/14 17:53:44 PT [2022/03/14 20:53:44 ET]
Table 'Acamas II' 9-max Seat #8 is the button
Seat 1: Apostol108 ($2.34 in chips) 
Seat 2: leopoker1 ($4.07 in chips) 
Seat 3: crueldevices ($2.34 in chips) 
Seat 5: StefanN4444 ($3.80 in chips) 
Seat 6: Beavis440 ($2.96 in chips) 
Seat 7: nomis1959 ($1.17 in chips) 
Seat 8: Dorex2007 ($2.05 in chips) 
Apostol108: posts small blind $0.01
leopoker1: posts big blind $0.02
dlolo30: sits out 
*** HOLE CARDS ***
Dealt to Dorex2007 [8h Tc]
crueldevices: folds 
crueldevices said, "k baby cakes"
StefanN4444: raises $0.03 to $0.05
Beavis440: folds 
nomis1959: calls $0.05
Dorex2007: folds 
Apostol108: folds 
leopoker1: folds 
*** FLOP *** [8c Qc Js]
Dorex2007 said, "only matters what you leave with"
StefanN4444: checks 
nomis1959: checks 
*** TURN *** [8c Qc Js] [Kh]
StefanN4444: bets $0.09
nomis1959: folds 
Uncalled bet ($0.09) returned to StefanN4444
StefanN4444 collected $0.13 from pot
StefanN4444: doesn't show hand 
*** SUMMARY ***
Total pot $0.13 | Rake $0 
Board [8c Qc Js Kh]
Seat 1: Apostol108 (small blind) folded before Flop
Seat 2: leopoker1 (big blind) folded before Flop
Seat 3: crueldevices folded before Flop (didn't bet)
Seat 5: StefanN4444 collected ($0.13)
Seat 6: Beavis440 folded before Flop (didn't bet)
Seat 7: nomis1959 folded on the Turn
Seat 8: Dorex2007 (button) folded before Flop (didn't bet)



PokerStars Hand #234801018542:  Hold'em No Limit ($0.01/$0.02 USD) - 2022/03/14 17:54:16 PT [2022/03/14 20:54:16 ET]
Table 'Acamas II' 9-max Seat #1 is the button
Seat 1: Apostol108 ($2.33 in chips) 
Seat 2: leopoker1 ($4.05 in chips) 
Seat 3: crueldevices ($2.34 in chips) 
Seat 5: StefanN4444 ($3.88 in chips) 
Seat 6: Beavis440 ($2.96 in chips) 
Seat 7: nomis1959 ($1.12 in chips) 
Seat 8: Dorex2007 ($2.05 in chips) 
Seat 9: DBLBLYBSTR ($2.98 in chips) 
leopoker1: posts small blind $0.01
crueldevices: posts big blind $0.02
dlolo30: sits out 
DBLBLYBSTR: posts small & big blinds $0.03
*** HOLE CARDS ***
Dealt to Dorex2007 [5c Ts]
StefanN4444: folds 
Beavis440: folds 
nomis1959: folds 
Dorex2007: folds 
crueldevices said, "i won 50$ on tbe slots b4 i came in here"
DBLBLYBSTR: checks 
Apostol108: folds 
leopoker1: folds 
crueldevices: checks 
*** FLOP *** [3s Kd As]
crueldevices: checks 
crueldevices said, "how much you win today"
DBLBLYBSTR: bets $0.06
crueldevices: folds 
Uncalled bet ($0.06) returned to DBLBLYBSTR
DBLBLYBSTR collected $0.06 from pot
DBLBLYBSTR: doesn't show hand 
*** SUMMARY ***
Total pot $0.06 | Rake $0 
Board [3s Kd As]
Seat 1: Apostol108 (button) folded before Flop (didn't bet)
Seat 2: leopoker1 (small blind) folded before Flop
Seat 3: crueldevices (big blind) folded on the Flop
Seat 5: StefanN4444 folded before Flop (didn't bet)
Seat 6: Beavis440 folded before Flop (didn't bet)
Seat 7: nomis1959 folded before Flop (didn't bet)
Seat 8: Dorex2007 folded before Flop (didn't bet)
Seat 9: DBLBLYBSTR collected ($0.06)



PokerStars Hand #234801037971:  Hold'em No Limit ($0.01/$0.02 USD) - 2022/03/14 17:54:55 PT [2022/03/14 20:54:55 ET]
Table 'Acamas II' 9-max Seat #2 is the button
Seat 1: Apostol108 ($2.33 in chips) 
Seat 2: leopoker1 ($4.04 in chips) 
Seat 3: crueldevices ($2.32 in chips) 
Seat 4: dlolo30 ($2 in chips) 
Seat 5: StefanN4444 ($3.88 in chips) 
Seat 6: Beavis440 ($2.96 in chips) 
Seat 7: nomis1959 ($1.12 in chips) 
Seat 8: Dorex2007 ($2.05 in chips) 
Seat 9: DBLBLYBSTR ($3.01 in chips) 
crueldevices: posts small blind $0.01
dlolo30: posts big blind $0.02
*** HOLE CARDS ***
Dealt to Dorex2007 [Jd Qc]
StefanN4444: folds 
crueldevices said, "i own this ****"
Beavis440: folds 
nomis1959: folds 
Dorex2007: folds 
Dorex2007 said, "-.65"
DBLBLYBSTR: raises $0.04 to $0.06
Apostol108: folds 
crueldevices said, "im rubbing off on all you"
leopoker1: raises $0.15 to $0.21
crueldevices: folds 
dlolo30: folds 
DBLBLYBSTR: calls $0.15
*** FLOP *** [9c 3s 4s]
crueldevices said, "cant see my expression can u "
DBLBLYBSTR: checks 
leopoker1: bets $0.29
DBLBLYBSTR: folds 
Uncalled bet ($0.29) returned to leopoker1
leopoker1 collected $0.43 from pot
leopoker1: doesn't show hand 
*** SUMMARY ***
Total pot $0.45 | Rake $0.02 
Board [9c 3s 4s]
Seat 1: Apostol108 folded before Flop (didn't bet)
Seat 2: leopoker1 (button) collected ($0.43)
Seat 3: crueldevices (small blind) folded before Flop
Seat 4: dlolo30 (big blind) folded before Flop
Seat 5: StefanN4444 folded before Flop (didn't bet)
Seat 6: Beavis440 folded before Flop (didn't bet)
Seat 7: nomis1959 folded before Flop (didn't bet)
Seat 8: Dorex2007 folded before Flop (didn't bet)
Seat 9: DBLBLYBSTR folded on the Flop



PokerStars Hand #234801053580:  Hold'em No Limit ($0.01/$0.02 USD) - 2022/03/14 17:56:07 PT [2022/03/14 20:56:07 ET]
Table 'Acamas II' 9-max Seat #3 is the button
Seat 1: Apostol108 ($2.33 in chips) 
Seat 2: leopoker1 ($4.26 in chips) 
Seat 3: crueldevices ($2.31 in chips) 
Seat 4: dlolo30 ($1.98 in chips) 
Seat 5: StefanN4444 ($3.88 in chips) 
Seat 6: Beavis440 ($2.96 in chips) 
Seat 7: nomis1959 ($1.12 in chips) 
Seat 8: Dorex2007 ($2.05 in chips) 
Seat 9: DBLBLYBSTR ($2.80 in chips) 
dlolo30: posts small blind $0.01
StefanN4444: posts big blind $0.02
*** HOLE CARDS ***
Dealt to Dorex2007 [As 2c]
Beavis440: folds 
crueldevices said, "go put a sweater on "
nomis1959: folds 
Dorex2007: folds 
DBLBLYBSTR: calls $0.02
Apostol108: folds 
crueldevices said, "i got this go na get cold"
leopoker1: raises $0.12 to $0.14
crueldevices: calls $0.14
dlolo30: folds 
StefanN4444: folds 
DBLBLYBSTR has timed out
DBLBLYBSTR: folds 
*** FLOP *** [2d 6d 3h]
leopoker1: bets $0.20
crueldevices: calls $0.20
*** TURN *** [2d 6d 3h] [5d]
leopoker1: checks 
crueldevices: checks 
*** RIVER *** [2d 6d 3h 5d] [2h]
leopoker1: checks 
crueldevices: checks 
*** SHOW DOWN ***
leopoker1: shows [Kd Ac] (a pair of Deuces)
crueldevices: shows [8s 8d] (two pair, Eights and Deuces)
crueldevices collected $0.70 from pot
*** SUMMARY ***
Total pot $0.73 | Rake $0.03 
Board [2d 6d 3h 5d 2h]
Seat 1: Apostol108 folded before Flop (didn't bet)
Seat 2: leopoker1 showed [Kd Ac] and lost with a pair of Deuces
Seat 3: crueldevices (button) showed [8s 8d] and won ($0.70) with two pair, Eights and Deuces
Seat 4: dlolo30 (small blind) folded before Flop
Seat 5: StefanN4444 (big blind) folded before Flop
Seat 6: Beavis440 folded before Flop (didn't bet)
Seat 7: nomis1959 folded before Flop (didn't bet)
Seat 8: Dorex2007 folded before Flop (didn't bet)
Seat 9: DBLBLYBSTR folded before Flop



PokerStars Hand #234801068573:  Hold'em No Limit ($0.01/$0.02 USD) - 2022/03/14 17:57:18 PT [2022/03/14 20:57:18 ET]
Table 'Acamas II' 9-max Seat #4 is the button
Seat 1: Apostol108 ($2.33 in chips) 
Seat 2: leopoker1 ($3.92 in chips) 
Seat 3: crueldevices ($2.67 in chips) 
Seat 4: dlolo30 ($1.97 in chips) 
Seat 5: StefanN4444 ($3.86 in chips) 
Seat 6: Beavis440 ($2.96 in chips) 
Seat 7: nomis1959 ($1.12 in chips) 
Seat 8: Dorex2007 ($2.05 in chips) 
StefanN4444: posts small blind $0.01
Beavis440: posts big blind $0.02
*** HOLE CARDS ***
Dealt to Dorex2007 [3s As]
nomis1959: folds 
crueldevices said, "yup"
Dorex2007: calls $0.02
crueldevices said, "called it swish"
Apostol108: calls $0.02
leopoker1: folds 
crueldevices: calls $0.02
dlolo30: raises $0.12 to $0.14
StefanN4444: folds 
Beavis440: folds 
Dorex2007: folds 
crueldevices said, "ook me up on youtube"
Apostol108: folds 
crueldevices: calls $0.12
*** FLOP *** [Jd 8h 6c]
crueldevices: checks 
dlolo30: bets $0.22
crueldevices: folds 
Uncalled bet ($0.22) returned to dlolo30
dlolo30 collected $0.34 from pot
*** SUMMARY ***
Total pot $0.35 | Rake $0.01 
Board [Jd 8h 6c]
Seat 1: Apostol108 folded before Flop
Seat 2: leopoker1 folded before Flop (didn't bet)
Seat 3: crueldevices folded on the Flop
Seat 4: dlolo30 (button) collected ($0.34)
Seat 5: StefanN4444 (small blind) folded before Flop
Seat 6: Beavis440 (big blind) folded before Flop
Seat 7: nomis1959 folded before Flop (didn't bet)
Seat 8: Dorex2007 folded before Flop



PokerStars Hand #234801077460:  Hold'em No Limit ($0.01/$0.02 USD) - 2022/03/14 17:57:59 PT [2022/03/14 20:57:59 ET]
Table 'Acamas II' 9-max Seat #5 is the button
Seat 1: Apostol108 ($2.31 in chips) 
Seat 2: leopoker1 ($3.92 in chips) 
Seat 3: crueldevices ($2.53 in chips) 
Seat 4: dlolo30 ($2.17 in chips) 
Seat 5: StefanN4444 ($3.85 in chips) 
Seat 6: Beavis440 ($2.94 in chips) 
Seat 7: nomis1959 ($1.12 in chips) 
Seat 8: Dorex2007 ($2.03 in chips) 
Seat 9: DBLBLYBSTR ($2.78 in chips) 
Beavis440: posts small blind $0.01
nomis1959: posts big blind $0.02
*** HOLE CARDS ***
Dealt to Dorex2007 [7s Qd]
crueldevices said, "Cruel Device"
Dorex2007: folds 
DBLBLYBSTR: raises $0.04 to $0.06
Apostol108: folds 
leopoker1: folds 
crueldevices: calls $0.06
dlolo30: folds 
StefanN4444: folds 
Beavis440: folds 
nomis1959: calls $0.04
*** FLOP *** [Kc Jh 3c]
nomis1959: checks 
DBLBLYBSTR: bets $0.28
crueldevices: folds 
nomis1959: folds [Js]
Uncalled bet ($0.28) returned to DBLBLYBSTR
DBLBLYBSTR collected $0.18 from pot
DBLBLYBSTR: doesn't show hand 
*** SUMMARY ***
Total pot $0.19 | Rake $0.01 
Board [Kc Jh 3c]
Seat 1: Apostol108 folded before Flop (didn't bet)
Seat 2: leopoker1 folded before Flop (didn't bet)
Seat 3: crueldevices folded on the Flop
Seat 4: dlolo30 folded before Flop (didn't bet)
Seat 5: StefanN4444 (button) folded before Flop (didn't bet)
Seat 6: Beavis440 (small blind) folded before Flop
Seat 7: nomis1959 (big blind) folded on the Flop
Seat 8: Dorex2007 folded before Flop (didn't bet)
Seat 9: DBLBLYBSTR collected ($0.18)



PokerStars Hand #234801087348:  Hold'em No Limit ($0.01/$0.02 USD) - 2022/03/14 17:58:46 PT [2022/03/14 20:58:46 ET]
Table 'Acamas II' 9-max Seat #6 is the button
Seat 1: Apostol108 ($2.31 in chips) 
Seat 2: leopoker1 ($3.92 in chips) 
Seat 3: crueldevices ($2.47 in chips) 
Seat 4: dlolo30 ($2.17 in chips) 
Seat 5: StefanN4444 ($3.85 in chips) 
Seat 6: Beavis440 ($2.93 in chips) 
Seat 7: nomis1959 ($1.06 in chips) 
Seat 8: Dorex2007 ($2.03 in chips) 
Seat 9: DBLBLYBSTR ($2.90 in chips) 
nomis1959: posts small blind $0.01
Dorex2007: posts big blind $0.02
*** HOLE CARDS ***
Dealt to Dorex2007 [3c 9d]
DBLBLYBSTR: folds 
Apostol108: folds 
leopoker1: folds 
crueldevices: folds 
dlolo30: folds 
StefanN4444: folds 
Beavis440: raises $0.04 to $0.06
nomis1959: calls $0.05
Dorex2007: folds 
*** FLOP *** [6c Qs 5h]
nomis1959: checks 
crueldevices said, "its ok im not writing a book i just want to enlighten you all"
Beavis440: bets $0.07
nomis1959: calls $0.07
*** TURN *** [6c Qs 5h] [4c]
nomis1959: checks 
crueldevices said, "gets real "
Beavis440: checks 
*** RIVER *** [6c Qs 5h 4c] [8s]
nomis1959: bets $0.14
Beavis440: calls $0.14
*** SHOW DOWN ***
nomis1959: shows [2h 2s] (a pair of Deuces)
Beavis440: shows [Kc Ks] (a pair of Kings)
Beavis440 collected $0.54 from pot
*** SUMMARY ***
Total pot $0.56 | Rake $0.02 
Board [6c Qs 5h 4c 8s]
Seat 1: Apostol108 folded before Flop (didn't bet)
Seat 2: leopoker1 folded before Flop (didn't bet)
Seat 3: crueldevices folded before Flop (didn't bet)
Seat 4: dlolo30 folded before Flop (didn't bet)
Seat 5: StefanN4444 folded before Flop (didn't bet)
Seat 6: Beavis440 (button) showed [Kc Ks] and won ($0.54) with a pair of Kings
Seat 7: nomis1959 (small blind) showed [2h 2s] and lost with a pair of Deuces
Seat 8: Dorex2007 (big blind) folded before Flop
Seat 9: DBLBLYBSTR folded before Flop (didn't bet)



PokerStars Hand #234801101166:  Hold'em No Limit ($0.01/$0.02 USD) - 2022/03/14 17:59:51 PT [2022/03/14 20:59:51 ET]
Table 'Acamas II' 9-max Seat #7 is the button
Seat 1: Apostol108 ($2.31 in chips) 
Seat 2: leopoker1 ($3.92 in chips) 
Seat 3: crueldevices ($2.47 in chips) 
Seat 4: dlolo30 ($2.17 in chips) 
Seat 5: StefanN4444 ($3.85 in chips) 
Seat 6: Beavis440 ($3.20 in chips) 
Seat 7: nomis1959 ($0.79 in chips) 
Seat 8: Dorex2007 ($2.01 in chips) 
Seat 9: DBLBLYBSTR ($2.90 in chips) 
Dorex2007: posts small blind $0.01
DBLBLYBSTR: posts big blind $0.02
*** HOLE CARDS ***
Dealt to Dorex2007 [4s 3h]
Apostol108: folds 
leopoker1: folds 
crueldevices: folds 
dlolo30: folds 
StefanN4444: folds 
Beavis440: raises $0.04 to $0.06
crueldevices said, "right noomis"
nomis1959: calls $0.06
Dorex2007: folds 
crueldevices said, "right leo"
DBLBLYBSTR: folds 
*** FLOP *** [Qc 8s 5s]
Beavis440: bets $0.06
nomis1959: calls $0.06
*** TURN *** [Qc 8s 5s] [Ad]
Beavis440: bets $0.13
nomis1959: raises $0.54 to $0.67 and is all-in
Beavis440: folds 
Uncalled bet ($0.54) returned to nomis1959
nomis1959 collected $0.51 from pot
Beavis440 said, "call station"
*** SUMMARY ***
Total pot $0.53 | Rake $0.02 
Board [Qc 8s 5s Ad]
Seat 1: Apostol108 folded before Flop (didn't bet)
Seat 2: leopoker1 folded before Flop (didn't bet)
Seat 3: crueldevices folded before Flop (didn't bet)
Seat 4: dlolo30 folded before Flop (didn't bet)
Seat 5: StefanN4444 folded before Flop (didn't bet)
Seat 6: Beavis440 folded on the Turn
Seat 7: nomis1959 (button) collected ($0.51)
Seat 8: Dorex2007 (small blind) folded before Flop
Seat 9: DBLBLYBSTR (big blind) folded before Flop



PokerStars Hand #234801162016:  Hold'em No Limit ($0.01/$0.02 USD) - 2022/03/14 18:03:43 PT [2022/03/14 21:03:43 ET]
Table 'Acamas II' 9-max Seat #4 is the button
Seat 1: Apostol108 ($2.30 in chips) 
Seat 2: leopoker1 ($3.89 in chips) 
Seat 3: crueldevices ($2.47 in chips) 
Seat 4: dlolo30 ($2.17 in chips) 
Seat 5: StefanN4444 ($3.86 in chips) 
Seat 6: Beavis440 ($2.95 in chips) 
Seat 7: nomis1959 ($1.08 in chips) 
Seat 8: Dorex2007 ($2 in chips) 
StefanN4444: posts small blind $0.01
Beavis440: posts big blind $0.02
*** HOLE CARDS ***
Dealt to Dorex2007 [3h 2h]
nomis1959: folds 
Dorex2007: folds 
Apostol108: raises $0.04 to $0.06
leopoker1: folds 
crueldevices: folds 
dlolo30: folds 
StefanN4444: calls $0.05
Beavis440: folds 
*** FLOP *** [2c 3d 5s]
crueldevices said, "i had four of a kind you guys seen it"
StefanN4444: checks 
Apostol108: bets $0.07
StefanN4444: calls $0.07
*** TURN *** [2c 3d 5s] [8c]
StefanN4444: checks 
Apostol108: bets $0.09
StefanN4444: calls $0.09
*** RIVER *** [2c 3d 5s 8c] [Qd]
crueldevices said, "its magic"
StefanN4444: checks 
Apostol108: checks 
*** SHOW DOWN ***
StefanN4444: shows [9c Jc] (high card Queen)
Apostol108: shows [6h 6c] (a pair of Sixes)
Apostol108 collected $0.44 from pot
*** SUMMARY ***
Total pot $0.46 | Rake $0.02 
Board [2c 3d 5s 8c Qd]
Seat 1: Apostol108 showed [6h 6c] and won ($0.44) with a pair of Sixes
Seat 2: leopoker1 folded before Flop (didn't bet)
Seat 3: crueldevices folded before Flop (didn't bet)
Seat 4: dlolo30 (button) folded before Flop (didn't bet)
Seat 5: StefanN4444 (small blind) showed [9c Jc] and lost with high card Queen
Seat 6: Beavis440 (big blind) folded before Flop
Seat 7: nomis1959 folded before Flop (didn't bet)
Seat 8: Dorex2007 folded before Flop (didn't bet)



PokerStars Hand #234801181217:  Hold'em No Limit ($0.01/$0.02 USD) - 2022/03/14 18:05:00 PT [2022/03/14 21:05:00 ET]
Table 'Acamas II' 9-max Seat #5 is the button
Seat 1: Apostol108 ($2.52 in chips) 
Seat 2: leopoker1 ($3.89 in chips) 
Seat 3: crueldevices ($2.47 in chips) 
Seat 4: dlolo30 ($2.17 in chips) 
Seat 5: StefanN4444 ($3.64 in chips) 
Seat 6: Beavis440 ($2.93 in chips) 
Seat 7: nomis1959 ($1.08 in chips) 
Seat 8: Dorex2007 ($2 in chips) 
Seat 9: DBLBLYBSTR ($2.88 in chips) 
Beavis440: posts small blind $0.01
nomis1959: posts big blind $0.02
*** HOLE CARDS ***
Dealt to Dorex2007 [Th Qh]
Dorex2007: folds 
DBLBLYBSTR: calls $0.02
Apostol108: folds 
leopoker1: calls $0.02
crueldevices: calls $0.02
dlolo30: folds 
StefanN4444: raises $0.10 to $0.12
Beavis440: folds 
nomis1959: calls $0.10
DBLBLYBSTR has timed out
DBLBLYBSTR: folds 
leopoker1: folds 
crueldevices: folds 
*** FLOP *** [Qc 3c 2c]
nomis1959: checks 
StefanN4444: checks 
*** TURN *** [Qc 3c 2c] [5s]
nomis1959: bets $0.96 and is all-in
StefanN4444: folds 
Uncalled bet ($0.96) returned to nomis1959
nomis1959 collected $0.30 from pot
*** SUMMARY ***
Total pot $0.31 | Rake $0.01 
Board [Qc 3c 2c 5s]
Seat 1: Apostol108 folded before Flop (didn't bet)
Seat 2: leopoker1 folded before Flop
Seat 3: crueldevices folded before Flop
Seat 4: dlolo30 folded before Flop (didn't bet)
Seat 5: StefanN4444 (button) folded on the Turn
Seat 6: Beavis440 (small blind) folded before Flop
Seat 7: nomis1959 (big blind) collected ($0.30)
Seat 8: Dorex2007 folded before Flop (didn't bet)
Seat 9: DBLBLYBSTR folded before Flop



PokerStars Hand #234801211720:  Hold'em No Limit ($0.01/$0.02 USD) - 2022/03/14 18:06:29 PT [2022/03/14 21:06:29 ET]
Table 'Acamas II' 9-max Seat #6 is the button
Seat 1: Apostol108 ($2.52 in chips) 
Seat 2: leopoker1 ($3.87 in chips) 
Seat 3: crueldevices ($2.45 in chips) 
Seat 4: dlolo30 ($2.17 in chips) 
Seat 5: StefanN4444 ($3.52 in chips) 
Seat 6: Beavis440 ($2.92 in chips) 
Seat 7: nomis1959 ($1.26 in chips) 
Seat 8: Dorex2007 ($2 in chips) 
nomis1959: posts small blind $0.01
Dorex2007: posts big blind $0.02
*** HOLE CARDS ***
Dealt to Dorex2007 [8d 7h]
Apostol108: folds 
leopoker1 has timed out
leopoker1: folds 
crueldevices: calls $0.02
dlolo30: folds 
StefanN4444: folds 
Beavis440: folds 
nomis1959: calls $0.01
Dorex2007: checks 
*** FLOP *** [Td Ah Ts]
nomis1959: checks 
Dorex2007: checks 
crueldevices: checks 
*** TURN *** [Td Ah Ts] [Th]
nomis1959: checks 
Dorex2007: checks 
crueldevices: bets $0.10
nomis1959: folds 
Dorex2007: folds 
Uncalled bet ($0.10) returned to crueldevices
crueldevices collected $0.06 from pot
crueldevices: doesn't show hand 
*** SUMMARY ***
Total pot $0.06 | Rake $0 
Board [Td Ah Ts Th]
Seat 1: Apostol108 folded before Flop (didn't bet)
Seat 2: leopoker1 folded before Flop (didn't bet)
Seat 3: crueldevices collected ($0.06)
Seat 4: dlolo30 folded before Flop (didn't bet)
Seat 5: StefanN4444 folded before Flop (didn't bet)
Seat 6: Beavis440 (button) folded before Flop (didn't bet)
Seat 7: nomis1959 (small blind) folded on the Turn
Seat 8: Dorex2007 (big blind) folded on the Turn



PokerStars Hand #234801223616:  Hold'em No Limit ($0.01/$0.02 USD) - 2022/03/14 18:07:18 PT [2022/03/14 21:07:18 ET]
Table 'Acamas II' 9-max Seat #7 is the button
Seat 1: Apostol108 ($2.52 in chips) 
Seat 2: leopoker1 ($3.87 in chips) 
Seat 3: crueldevices ($2.49 in chips) 
Seat 4: dlolo30 ($2.17 in chips) 
Seat 5: StefanN4444 ($3.52 in chips) 
Seat 6: Beavis440 ($2.92 in chips) 
Seat 7: nomis1959 ($1.24 in chips) 
Seat 8: Dorex2007 ($2 in chips) 
Dorex2007: posts small blind $0.01
Apostol108: posts big blind $0.02
*** HOLE CARDS ***
Dealt to Dorex2007 [Kc 3h]
crueldevices said, "in your beads"
leopoker1 has timed out
leopoker1: folds 
crueldevices: calls $0.02
dlolo30: folds 
StefanN4444: folds 
Beavis440: folds 
nomis1959: calls $0.02
Dorex2007: folds 
crueldevices said, "dont ever tell me iam leaving here again !!!!!"
Apostol108: checks 
*** FLOP *** [Kh 7h 6s]
Apostol108: checks 
crueldevices: checks 
nomis1959: checks 
*** TURN *** [Kh 7h 6s] [7d]
crueldevices said, ":("
Apostol108: checks 
crueldevices: checks 
nomis1959: checks 
*** RIVER *** [Kh 7h 6s 7d] [9c]
Apostol108: checks 
crueldevices: checks 
nomis1959: bets $0.02
Apostol108: folds 
crueldevices: folds 
Uncalled bet ($0.02) returned to nomis1959
nomis1959 collected $0.07 from pot
*** SUMMARY ***
Total pot $0.07 | Rake $0 
Board [Kh 7h 6s 7d 9c]
Seat 1: Apostol108 (big blind) folded on the River
Seat 2: leopoker1 folded before Flop (didn't bet)
Seat 3: crueldevices folded on the River
Seat 4: dlolo30 folded before Flop (didn't bet)
Seat 5: StefanN4444 folded before Flop (didn't bet)
Seat 6: Beavis440 folded before Flop (didn't bet)
Seat 7: nomis1959 (button) collected ($0.07)
Seat 8: Dorex2007 (small blind) folded before Flop



PokerStars Hand #234801239317:  Hold'em No Limit ($0.01/$0.02 USD) - 2022/03/14 18:08:21 PT [2022/03/14 21:08:21 ET]
Table 'Acamas II' 9-max Seat #8 is the button
Seat 1: Apostol108 ($2.50 in chips) 
Seat 2: leopoker1 ($3.87 in chips) 
Seat 3: crueldevices ($2.47 in chips) 
Seat 4: dlolo30 ($2.17 in chips) 
Seat 5: StefanN4444 ($3.52 in chips) 
Seat 6: Beavis440 ($2.92 in chips) 
Seat 7: nomis1959 ($1.29 in chips) 
Seat 8: Dorex2007 ($2 in chips) 
Apostol108: posts small blind $0.01
leopoker1: posts big blind $0.02
*** HOLE CARDS ***
Dealt to Dorex2007 [7c 6s]
crueldevices: folds 
dlolo30: folds 
StefanN4444: folds 
Beavis440: raises $0.04 to $0.06
nomis1959: calls $0.06
Dorex2007: folds 
Apostol108: folds 
leopoker1: raises $0.21 to $0.27
Beavis440: folds 
nomis1959: calls $0.21
*** FLOP *** [Ad Qh 7s]
leopoker1: bets $0.22
crueldevices said, "how do you know the hand +-"
nomis1959: raises $0.80 to $1.02 and is all-in
leopoker1: calls $0.80
*** TURN *** [Ad Qh 7s] [Tc]
*** RIVER *** [Ad Qh 7s Tc] [6c]
*** SHOW DOWN ***
leopoker1: shows [Kd Kh] (a pair of Kings)
nomis1959: shows [Ac Js] (a pair of Aces)
nomis1959 cashed out the hand for $2.30 | Cash Out Fee $0.02
*** SUMMARY ***
Total pot $2.65 | Rake $0.09 
Board [Ad Qh 7s Tc 6c]
Seat 1: Apostol108 (small blind) folded before Flop
Seat 2: leopoker1 (big blind) showed [Kd Kh] and lost with a pair of Kings
Seat 3: crueldevices folded before Flop (didn't bet)
Seat 4: dlolo30 folded before Flop (didn't bet)
Seat 5: StefanN4444 folded before Flop (didn't bet)
Seat 6: Beavis440 folded before Flop
Seat 7: nomis1959 showed [Ac Js] and won ($2.56) with a pair of Aces (pot not awarded as player cashed out)
Seat 8: Dorex2007 (button) folded before Flop (didn't bet)



PokerStars Hand #234801251700:  Hold'em No Limit ($0.01/$0.02 USD) - 2022/03/14 18:09:11 PT [2022/03/14 21:09:11 ET]
Table 'Acamas II' 9-max Seat #1 is the button
Seat 1: Apostol108 ($2.49 in chips) 
Seat 2: leopoker1 ($2.58 in chips) 
Seat 3: crueldevices ($2.47 in chips) 
Seat 4: dlolo30 ($2.17 in chips) 
Seat 5: StefanN4444 ($3.52 in chips) 
Seat 6: Beavis440 ($2.86 in chips) 
Seat 7: nomis1959 ($2.30 in chips) 
Seat 8: Dorex2007 ($2 in chips) 
leopoker1: posts small blind $0.01
crueldevices: posts big blind $0.02
*** HOLE CARDS ***
Dealt to Dorex2007 [4d 2s]
dlolo30: folds 
StefanN4444: folds 
Beavis440: folds 
nomis1959: calls $0.02
Dorex2007: folds 
Apostol108: folds 
leopoker1: folds 
crueldevices: checks 
*** FLOP *** [2h Ts Ks]
crueldevices: checks 
nomis1959: checks 
*** TURN *** [2h Ts Ks] [6c]
crueldevices: checks 
nomis1959: checks 
*** RIVER *** [2h Ts Ks 6c] [8s]
crueldevices: checks 
nomis1959: bets $0.02
crueldevices: folds 
Uncalled bet ($0.02) returned to nomis1959
nomis1959 collected $0.05 from pot
*** SUMMARY ***
Total pot $0.05 | Rake $0 
Board [2h Ts Ks 6c 8s]
Seat 1: Apostol108 (button) folded before Flop (didn't bet)
Seat 2: leopoker1 (small blind) folded before Flop
Seat 3: crueldevices (big blind) folded on the River
Seat 4: dlolo30 folded before Flop (didn't bet)
Seat 5: StefanN4444 folded before Flop (didn't bet)
Seat 6: Beavis440 folded before Flop (didn't bet)
Seat 7: nomis1959 collected ($0.05)
Seat 8: Dorex2007 folded before Flop (didn't bet)



PokerStars Hand #234801260243:  Hold'em No Limit ($0.01/$0.02 USD) - 2022/03/14 18:09:45 PT [2022/03/14 21:09:45 ET]
Table 'Acamas II' 9-max Seat #2 is the button
Seat 1: Apostol108 ($2.49 in chips) 
Seat 2: leopoker1 ($2.57 in chips) 
Seat 3: crueldevices ($2.45 in chips) 
Seat 4: dlolo30 ($2.17 in chips) 
Seat 5: StefanN4444 ($3.52 in chips) 
Seat 6: Beavis440 ($2.86 in chips) 
Seat 7: nomis1959 ($2.33 in chips) 
Seat 8: Dorex2007 ($2 in chips) 
crueldevices: posts small blind $0.01
dlolo30: posts big blind $0.02
*** HOLE CARDS ***
Dealt to Dorex2007 [Th 7h]
StefanN4444: folds 
Beavis440: folds 
crueldevices said, "k no more chats "
nomis1959: raises $0.08 to $0.10
Dorex2007: folds 
Apostol108: folds 
leopoker1: folds 
crueldevices: folds 
dlolo30: folds 
Uncalled bet ($0.08) returned to nomis1959
nomis1959 collected $0.05 from pot
*** SUMMARY ***
Total pot $0.05 | Rake $0 
Seat 1: Apostol108 folded before Flop (didn't bet)
Seat 2: leopoker1 (button) folded before Flop (didn't bet)
Seat 3: crueldevices (small blind) folded before Flop
Seat 4: dlolo30 (big blind) folded before Flop
Seat 5: StefanN4444 folded before Flop (didn't bet)
Seat 6: Beavis440 folded before Flop (didn't bet)
Seat 7: nomis1959 collected ($0.05)
Seat 8: Dorex2007 folded before Flop (didn't bet)



PokerStars Hand #234801267786:  Hold'em No Limit ($0.01/$0.02 USD) - 2022/03/14 18:10:16 PT [2022/03/14 21:10:16 ET]
Table 'Acamas II' 9-max Seat #3 is the button
Seat 1: Apostol108 ($2.49 in chips) 
Seat 2: leopoker1 ($2.57 in chips) 
Seat 3: crueldevices ($2.44 in chips) 
Seat 4: dlolo30 ($2.15 in chips) 
Seat 5: StefanN4444 ($3.52 in chips) 
Seat 6: Beavis440 ($2.86 in chips) 
Seat 7: nomis1959 ($2.36 in chips) 
Seat 8: Dorex2007 ($2 in chips) 
Seat 9: DBLBLYBSTR ($2.86 in chips) 
dlolo30: posts small blind $0.01
StefanN4444: posts big blind $0.02
DBLBLYBSTR: posts small & big blinds $0.03
*** HOLE CARDS ***
Dealt to Dorex2007 [Kh 8d]
Beavis440: folds 
nomis1959: calls $0.02
Dorex2007: folds 
DBLBLYBSTR has timed out
DBLBLYBSTR: checks 
Apostol108: folds 
leopoker1: calls $0.02
crueldevices: calls $0.02
dlolo30: folds 
StefanN4444: checks 
*** FLOP *** [9s Qc 2d]
StefanN4444: checks 
crueldevices said, "question everything "
nomis1959: bets $0.06
DBLBLYBSTR: calls $0.06
leopoker1: folds 
crueldevices: folds 
StefanN4444: folds 
*** TURN *** [9s Qc 2d] [4c]
nomis1959: bets $0.10
DBLBLYBSTR: calls $0.10
*** RIVER *** [9s Qc 2d 4c] [6d]
nomis1959: checks 
DBLBLYBSTR: bets $0.21
nomis1959: folds 
Uncalled bet ($0.21) returned to DBLBLYBSTR
DBLBLYBSTR collected $0.42 from pot
DBLBLYBSTR: doesn't show hand 
*** SUMMARY ***
Total pot $0.44 | Rake $0.02 
Board [9s Qc 2d 4c 6d]
Seat 1: Apostol108 folded before Flop (didn't bet)
Seat 2: leopoker1 folded on the Flop
Seat 3: crueldevices (button) folded on the Flop
Seat 4: dlolo30 (small blind) folded before Flop
Seat 5: StefanN4444 (big blind) folded on the Flop
Seat 6: Beavis440 folded before Flop (didn't bet)
Seat 7: nomis1959 folded on the River
Seat 8: Dorex2007 folded before Flop (didn't bet)
Seat 9: DBLBLYBSTR collected ($0.42)



PokerStars Hand #234801289447:  Hold'em No Limit ($0.01/$0.02 USD) - 2022/03/14 18:11:43 PT [2022/03/14 21:11:43 ET]
Table 'Acamas II' 9-max Seat #4 is the button
Seat 1: Apostol108 ($2.49 in chips) 
Seat 2: leopoker1 ($2.55 in chips) 
Seat 3: crueldevices ($2.42 in chips) 
Seat 4: dlolo30 ($2.14 in chips) 
Seat 5: StefanN4444 ($3.50 in chips) 
Seat 6: Beavis440 ($2.86 in chips) 
Seat 7: nomis1959 ($2.18 in chips) 
Seat 8: Dorex2007 ($2 in chips) 
Seat 9: DBLBLYBSTR ($3.09 in chips) 
StefanN4444: posts small blind $0.01
Beavis440: posts big blind $0.02
*** HOLE CARDS ***
Dealt to Dorex2007 [6d Ac]
nomis1959: folds 
Dorex2007: calls $0.02
DBLBLYBSTR: folds 
Apostol108: folds 
leopoker1: calls $0.02
crueldevices: folds 
dlolo30: folds 
StefanN4444: raises $0.08 to $0.10
Beavis440: calls $0.08
Dorex2007: folds 
leopoker1: calls $0.08
*** FLOP *** [3h 8h 3c]
StefanN4444: bets $0.12
Beavis440: raises $0.20 to $0.32
crueldevices said, "i got in big trouble "
leopoker1: calls $0.32
crueldevices said, "prob gonna be sleeping on the couch with pokerstars tonight"
StefanN4444: calls $0.20
*** TURN *** [3h 8h 3c] [2c]
StefanN4444: checks 
Beavis440: bets $0.87
leopoker1: calls $0.87
StefanN4444: folds 
*** RIVER *** [3h 8h 3c 2c] [3s]
Beavis440: checks 
leopoker1: bets $1.26 and is all-in
Beavis440: calls $1.26
*** SHOW DOWN ***
leopoker1: shows [8d 8s] (a full house, Eights full of Threes)
Beavis440: shows [Ts Th] (a full house, Threes full of Tens)
leopoker1 collected $5.35 from pot
*** SUMMARY ***
Total pot $5.54 | Rake $0.19 
Board [3h 8h 3c 2c 3s]
Seat 1: Apostol108 folded before Flop (didn't bet)
Seat 2: leopoker1 showed [8d 8s] and won ($5.35) with a full house, Eights full of Threes
Seat 3: crueldevices folded before Flop (didn't bet)
Seat 4: dlolo30 (button) folded before Flop (didn't bet)
Seat 5: StefanN4444 (small blind) folded on the Turn
Seat 6: Beavis440 (big blind) showed [Ts Th] and lost with a full house, Threes full of Tens
Seat 7: nomis1959 folded before Flop (didn't bet)
Seat 8: Dorex2007 folded before Flop
Seat 9: DBLBLYBSTR folded before Flop (didn't bet)



PokerStars Hand #234801321548:  Hold'em No Limit ($0.01/$0.02 USD) - 2022/03/14 18:13:54 PT [2022/03/14 21:13:54 ET]
Table 'Acamas II' 9-max Seat #5 is the button
Seat 1: Apostol108 ($2.49 in chips) 
Seat 2: leopoker1 ($5.35 in chips) 
Seat 3: crueldevices ($2.42 in chips) 
Seat 4: dlolo30 ($2.14 in chips) 
Seat 5: StefanN4444 ($3.08 in chips) 
Seat 6: Beavis440 ($2 in chips) 
Seat 7: nomis1959 ($2.18 in chips) 
Seat 8: Dorex2007 ($2 in chips) 
Seat 9: DBLBLYBSTR ($3.09 in chips) 
Beavis440: posts small blind $0.01
nomis1959: posts big blind $0.02
*** HOLE CARDS ***
Dealt to Dorex2007 [Ts 5c]
Dorex2007: folds 
crueldevices said, "g1 leo"
DBLBLYBSTR: raises $0.05 to $0.07
Apostol108: folds 
leopoker1: calls $0.07
crueldevices: folds 
dlolo30: folds 
StefanN4444: folds 
Beavis440: folds 
nomis1959: folds 
*** FLOP *** [6c 2s 9d]
crueldevices said, "my buddy"
DBLBLYBSTR: bets $0.16
leopoker1: calls $0.16
*** TURN *** [6c 2s 9d] [9s]
DBLBLYBSTR: bets $0.24
leopoker1: raises $0.24 to $0.48
crueldevices said, "here since the start how many hours now pal"
DBLBLYBSTR: folds 
Uncalled bet ($0.24) returned to leopoker1
leopoker1 collected $0.94 from pot
leopoker1: doesn't show hand 
*** SUMMARY ***
Total pot $0.97 | Rake $0.03 
Board [6c 2s 9d 9s]
Seat 1: Apostol108 folded before Flop (didn't bet)
Seat 2: leopoker1 collected ($0.94)
Seat 3: crueldevices folded before Flop (didn't bet)
Seat 4: dlolo30 folded before Flop (didn't bet)
Seat 5: StefanN4444 (button) folded before Flop (didn't bet)
Seat 6: Beavis440 (small blind) folded before Flop
Seat 7: nomis1959 (big blind) folded before Flop
Seat 8: Dorex2007 folded before Flop (didn't bet)
Seat 9: DBLBLYBSTR folded on the Turn



PokerStars Hand #234801336665:  Hold'em No Limit ($0.01/$0.02 USD) - 2022/03/14 18:14:55 PT [2022/03/14 21:14:55 ET]
Table 'Acamas II' 9-max Seat #6 is the button
Seat 1: Apostol108 ($2.49 in chips) 
Seat 2: leopoker1 ($5.82 in chips) 
Seat 3: crueldevices ($2.42 in chips) 
Seat 4: dlolo30 ($2.14 in chips) 
Seat 5: StefanN4444 ($3.08 in chips) 
Seat 6: Beavis440 ($2 in chips) 
Seat 7: nomis1959 ($2.16 in chips) 
Seat 8: Dorex2007 ($2 in chips) 
Seat 9: DBLBLYBSTR ($2.62 in chips) 
nomis1959: posts small blind $0.01
Dorex2007: posts big blind $0.02
*** HOLE CARDS ***
Dealt to Dorex2007 [Td 4h]
DBLBLYBSTR: folds 
Apostol108: folds 
leopoker1: raises $0.03 to $0.05
crueldevices: folds 
dlolo30: folds 
StefanN4444: folds 
Beavis440: folds 
nomis1959: folds 
Dorex2007: folds 
Uncalled bet ($0.03) returned to leopoker1
leopoker1 collected $0.05 from pot
leopoker1: doesn't show hand 
*** SUMMARY ***
Total pot $0.05 | Rake $0 
Seat 1: Apostol108 folded before Flop (didn't bet)
Seat 2: leopoker1 collected ($0.05)
Seat 3: crueldevices folded before Flop (didn't bet)
Seat 4: dlolo30 folded before Flop (didn't bet)
Seat 5: StefanN4444 folded before Flop (didn't bet)
Seat 6: Beavis440 (button) folded before Flop (didn't bet)
Seat 7: nomis1959 (small blind) folded before Flop
Seat 8: Dorex2007 (big blind) folded before Flop
Seat 9: DBLBLYBSTR folded before Flop (didn't bet)



PokerStars Hand #234801342008:  Hold'em No Limit ($0.01/$0.02 USD) - 2022/03/14 18:15:17 PT [2022/03/14 21:15:17 ET]
Table 'Acamas II' 9-max Seat #7 is the button
Seat 1: Apostol108 ($2.49 in chips) 
Seat 2: leopoker1 ($5.85 in chips) 
Seat 3: crueldevices ($2.42 in chips) 
Seat 4: dlolo30 ($2.14 in chips) 
Seat 5: StefanN4444 ($3.08 in chips) 
Seat 6: Beavis440 ($2 in chips) 
Seat 7: nomis1959 ($2.15 in chips) 
Seat 8: Dorex2007 ($2 in chips) 
Seat 9: DBLBLYBSTR ($2.62 in chips) 
Dorex2007: posts small blind $0.01
DBLBLYBSTR: posts big blind $0.02
*** HOLE CARDS ***
Dealt to Dorex2007 [2s Qc]
Apostol108: folds 
leopoker1: folds 
crueldevices: calls $0.02
dlolo30: calls $0.02
StefanN4444: raises $0.06 to $0.08
Beavis440: folds 
nomis1959: calls $0.08
Dorex2007: folds 
DBLBLYBSTR: raises $0.29 to $0.37
crueldevices: folds 
dlolo30: folds 
StefanN4444: folds 
nomis1959: folds [Ad Jc]
Uncalled bet ($0.29) returned to DBLBLYBSTR
DBLBLYBSTR collected $0.29 from pot
DBLBLYBSTR: doesn't show hand 
*** SUMMARY ***
Total pot $0.29 | Rake $0 
Seat 1: Apostol108 folded before Flop (didn't bet)
Seat 2: leopoker1 folded before Flop (didn't bet)
Seat 3: crueldevices folded before Flop
Seat 4: dlolo30 folded before Flop
Seat 5: StefanN4444 folded before Flop
Seat 6: Beavis440 folded before Flop (didn't bet)
Seat 7: nomis1959 (button) folded before Flop
Seat 8: Dorex2007 (small blind) folded before Flop
Seat 9: DBLBLYBSTR (big blind) collected ($0.29)



PokerStars Hand #234801358147:  Hold'em No Limit ($0.01/$0.02 USD) - 2022/03/14 18:16:23 PT [2022/03/14 21:16:23 ET]
Table 'Acamas II' 9-max Seat #8 is the button
Seat 1: Apostol108 ($2.49 in chips) 
Seat 2: leopoker1 ($5.85 in chips) 
Seat 3: crueldevices ($2.40 in chips) 
Seat 4: dlolo30 ($2.12 in chips) 
Seat 5: StefanN4444 ($3 in chips) 
Seat 6: Beavis440 ($2 in chips) 
Seat 7: nomis1959 ($2.07 in chips) 
Seat 8: Dorex2007 ($2 in chips) 
Seat 9: DBLBLYBSTR ($2.83 in chips) 
DBLBLYBSTR: posts small blind $0.01
Apostol108: posts big blind $0.02
*** HOLE CARDS ***
Dealt to Dorex2007 [3d 2s]
leopoker1: folds 
crueldevices: folds 
dlolo30: folds 
StefanN4444: folds 
Beavis440: folds 
nomis1959: folds 
Dorex2007: folds 
DBLBLYBSTR: raises $0.04 to $0.06
Apostol108: calls $0.04
*** FLOP *** [2h 9h 2c]
DBLBLYBSTR: bets $0.12
Apostol108: folds 
Uncalled bet ($0.12) returned to DBLBLYBSTR
DBLBLYBSTR collected $0.12 from pot
DBLBLYBSTR: doesn't show hand 
*** SUMMARY ***
Total pot $0.12 | Rake $0 
Board [2h 9h 2c]
Seat 1: Apostol108 (big blind) folded on the Flop
Seat 2: leopoker1 folded before Flop (didn't bet)
Seat 3: crueldevices folded before Flop (didn't bet)
Seat 4: dlolo30 folded before Flop (didn't bet)
Seat 5: StefanN4444 folded before Flop (didn't bet)
Seat 6: Beavis440 folded before Flop (didn't bet)
Seat 7: nomis1959 folded before Flop (didn't bet)
Seat 8: Dorex2007 (button) folded before Flop (didn't bet)
Seat 9: DBLBLYBSTR (small blind) collected ($0.12)



PokerStars Hand #234801367529:  Hold'em No Limit ($0.01/$0.02 USD) - 2022/03/14 18:17:01 PT [2022/03/14 21:17:01 ET]
Table 'Acamas II' 9-max Seat #9 is the button
Seat 1: Apostol108 ($2.43 in chips) 
Seat 2: leopoker1 ($5.85 in chips) 
Seat 3: crueldevices ($2.40 in chips) 
Seat 4: dlolo30 ($2.12 in chips) 
Seat 5: StefanN4444 ($3 in chips) 
Seat 6: Beavis440 ($2 in chips) 
Seat 7: nomis1959 ($2.07 in chips) 
Seat 8: Dorex2007 ($2 in chips) 
Seat 9: DBLBLYBSTR ($2.89 in chips) 
Apostol108: posts small blind $0.01
leopoker1: posts big blind $0.02
*** HOLE CARDS ***
Dealt to Dorex2007 [5s 2d]
crueldevices: folds 
dlolo30: folds 
StefanN4444: folds 
Beavis440: folds 
nomis1959: calls $0.02
Dorex2007: folds 
DBLBLYBSTR: calls $0.02
Apostol108: folds 
leopoker1: checks 
*** FLOP *** [5c 7d Td]
leopoker1: checks 
nomis1959: bets $0.04
DBLBLYBSTR: raises $0.04 to $0.08
leopoker1: folds 
nomis1959: raises $0.04 to $0.12
DBLBLYBSTR: calls $0.04
*** TURN *** [5c 7d Td] [Js]
nomis1959: bets $0.30
DBLBLYBSTR: calls $0.30
*** RIVER *** [5c 7d Td Js] [9h]
nomis1959: checks 
DBLBLYBSTR: checks 
*** SHOW DOWN ***
nomis1959: shows [Ac 5h] (a pair of Fives)
DBLBLYBSTR: shows [Tc Qd] (a pair of Tens)
DBLBLYBSTR collected $0.88 from pot
*** SUMMARY ***
Total pot $0.91 | Rake $0.03 
Board [5c 7d Td Js 9h]
Seat 1: Apostol108 (small blind) folded before Flop
Seat 2: leopoker1 (big blind) folded on the Flop
Seat 3: crueldevices folded before Flop (didn't bet)
Seat 4: dlolo30 folded before Flop (didn't bet)
Seat 5: StefanN4444 folded before Flop (didn't bet)
Seat 6: Beavis440 folded before Flop (didn't bet)
Seat 7: nomis1959 showed [Ac 5h] and lost with a pair of Fives
Seat 8: Dorex2007 folded before Flop (didn't bet)
Seat 9: DBLBLYBSTR (button) showed [Tc Qd] and won ($0.88) with a pair of Tens



PokerStars Hand #234801380013:  Hold'em No Limit ($0.01/$0.02 USD) - 2022/03/14 18:17:53 PT [2022/03/14 21:17:53 ET]
Table 'Acamas II' 9-max Seat #1 is the button
Seat 1: Apostol108 ($2.42 in chips) 
Seat 2: leopoker1 ($5.83 in chips) 
Seat 3: crueldevices ($2.40 in chips) 
Seat 4: dlolo30 ($2.12 in chips) 
Seat 5: StefanN4444 ($3 in chips) 
Seat 6: Beavis440 ($2 in chips) 
Seat 7: nomis1959 ($1.63 in chips) 
Seat 8: Dorex2007 ($2 in chips) 
Seat 9: DBLBLYBSTR ($3.33 in chips) 
leopoker1: posts small blind $0.01
crueldevices: posts big blind $0.02
*** HOLE CARDS ***
Dealt to Dorex2007 [Jh 9d]
dlolo30: folds 
StefanN4444: folds 
Beavis440: raises $0.04 to $0.06
nomis1959: folds 
Dorex2007: folds 
DBLBLYBSTR: folds 
Apostol108: calls $0.06
leopoker1: folds 
crueldevices: folds 
*** FLOP *** [6d 4s 6c]
Beavis440: checks 
Apostol108: bets $0.07
Beavis440: folds 
Uncalled bet ($0.07) returned to Apostol108
Apostol108 collected $0.14 from pot
Apostol108: doesn't show hand 
*** SUMMARY ***
Total pot $0.15 | Rake $0.01 
Board [6d 4s 6c]
Seat 1: Apostol108 (button) collected ($0.14)
Seat 2: leopoker1 (small blind) folded before Flop
Seat 3: crueldevices (big blind) folded before Flop
Seat 4: dlolo30 folded before Flop (didn't bet)
Seat 5: StefanN4444 folded before Flop (didn't bet)
Seat 6: Beavis440 folded on the Flop
Seat 7: nomis1959 folded before Flop (didn't bet)
Seat 8: Dorex2007 folded before Flop (didn't bet)
Seat 9: DBLBLYBSTR folded before Flop (didn't bet)



PokerStars Hand #234801391013:  Hold'em No Limit ($0.01/$0.02 USD) - 2022/03/14 18:18:38 PT [2022/03/14 21:18:38 ET]
Table 'Acamas II' 9-max Seat #2 is the button
Seat 1: Apostol108 ($2.50 in chips) 
Seat 2: leopoker1 ($5.82 in chips) 
Seat 3: crueldevices ($2.38 in chips) 
Seat 4: dlolo30 ($2.12 in chips) 
Seat 5: StefanN4444 ($3 in chips) 
Seat 6: Beavis440 ($2 in chips) 
Seat 7: nomis1959 ($1.63 in chips) 
Seat 8: Dorex2007 ($2 in chips) 
Seat 9: DBLBLYBSTR ($3.33 in chips) 
crueldevices: posts small blind $0.01
dlolo30: posts big blind $0.02
*** HOLE CARDS ***
Dealt to Dorex2007 [7c Kc]
StefanN4444: folds 
Beavis440: folds 
nomis1959: calls $0.02
Dorex2007: folds 
DBLBLYBSTR: raises $0.14 to $0.16
Apostol108: folds 
leopoker1: folds 
crueldevices: folds 
dlolo30: folds 
nomis1959: calls $0.14
*** FLOP *** [Kd 4d Qd]
nomis1959: checks 
DBLBLYBSTR: bets $0.17
nomis1959: calls $0.17
*** TURN *** [Kd 4d Qd] [6c]
nomis1959: checks 
DBLBLYBSTR: bets $0.34
nomis1959: calls $0.34
*** RIVER *** [Kd 4d Qd 6c] [4h]
nomis1959: checks 
DBLBLYBSTR: checks 
*** SHOW DOWN ***
nomis1959: shows [8s 8d] (two pair, Eights and Fours)
DBLBLYBSTR: shows [Qs As] (two pair, Queens and Fours)
DBLBLYBSTR collected $1.32 from pot
*** SUMMARY ***
Total pot $1.37 | Rake $0.05 
Board [Kd 4d Qd 6c 4h]
Seat 1: Apostol108 folded before Flop (didn't bet)
Seat 2: leopoker1 (button) folded before Flop (didn't bet)
Seat 3: crueldevices (small blind) folded before Flop
Seat 4: dlolo30 (big blind) folded before Flop
Seat 5: StefanN4444 folded before Flop (didn't bet)
Seat 6: Beavis440 folded before Flop (didn't bet)
Seat 7: nomis1959 showed [8s 8d] and lost with two pair, Eights and Fours
Seat 8: Dorex2007 folded before Flop (didn't bet)
Seat 9: DBLBLYBSTR showed [Qs As] and won ($1.32) with two pair, Queens and Fours



PokerStars Hand #234801404787:  Hold'em No Limit ($0.01/$0.02 USD) - 2022/03/14 18:19:35 PT [2022/03/14 21:19:35 ET]
Table 'Acamas II' 9-max Seat #3 is the button
Seat 1: Apostol108 ($2.50 in chips) 
Seat 2: leopoker1 ($5.82 in chips) 
Seat 3: crueldevices ($2.37 in chips) 
Seat 4: dlolo30 ($2.10 in chips) 
Seat 5: StefanN4444 ($3 in chips) 
Seat 6: Beavis440 ($2 in chips) 
Seat 7: nomis1959 ($0.96 in chips) 
Seat 8: Dorex2007 ($2 in chips) 
Seat 9: DBLBLYBSTR ($3.98 in chips) 
dlolo30: posts small blind $0.01
StefanN4444: posts big blind $0.02
*** HOLE CARDS ***
Dealt to Dorex2007 [2s 4h]
Beavis440: folds 
nomis1959: folds 
Dorex2007: folds 
DBLBLYBSTR: folds 
Apostol108: folds 
leopoker1: folds 
crueldevices: calls $0.02
dlolo30: raises $0.08 to $0.10
StefanN4444: folds 
crueldevices: calls $0.08
*** FLOP *** [9d 7d 9s]
dlolo30: checks 
crueldevices: checks 
*** TURN *** [9d 7d 9s] [Ks]
dlolo30: bets $0.12
crueldevices: folds 
Uncalled bet ($0.12) returned to dlolo30
dlolo30 collected $0.21 from pot
*** SUMMARY ***
Total pot $0.22 | Rake $0.01 
Board [9d 7d 9s Ks]
Seat 1: Apostol108 folded before Flop (didn't bet)
Seat 2: leopoker1 folded before Flop (didn't bet)
Seat 3: crueldevices (button) folded on the Turn
Seat 4: dlolo30 (small blind) collected ($0.21)
Seat 5: StefanN4444 (big blind) folded before Flop
Seat 6: Beavis440 folded before Flop (didn't bet)
Seat 7: nomis1959 folded before Flop (didn't bet)
Seat 8: Dorex2007 folded before Flop (didn't bet)
Seat 9: DBLBLYBSTR folded before Flop (didn't bet)



PokerStars Hand #234801423642:  Hold'em No Limit ($0.01/$0.02 USD) - 2022/03/14 18:20:12 PT [2022/03/14 21:20:12 ET]
Table 'Acamas II' 9-max Seat #4 is the button
Seat 1: Apostol108 ($2.50 in chips) 
Seat 2: leopoker1 ($5.82 in chips) 
Seat 3: crueldevices ($2.27 in chips) 
Seat 4: dlolo30 ($2.21 in chips) 
Seat 5: StefanN4444 ($2.98 in chips) 
Seat 6: Beavis440 ($2 in chips) 
Seat 7: nomis1959 ($0.96 in chips) 
Seat 8: Dorex2007 ($2 in chips) 
StefanN4444: posts small blind $0.01
Beavis440: posts big blind $0.02
*** HOLE CARDS ***
Dealt to Dorex2007 [6s 6h]
nomis1959: calls $0.02
Dorex2007: calls $0.02
Apostol108: folds 
leopoker1: folds 
crueldevices: raises $0.08 to $0.10
dlolo30: folds 
StefanN4444: folds 
Beavis440: folds 
nomis1959: calls $0.08
Dorex2007: folds 
*** FLOP *** [Jc Kh Ac]
nomis1959: checks 
crueldevices: bets $0.74
nomis1959: raises $0.12 to $0.86 and is all-in
crueldevices: calls $0.12
*** TURN *** [Jc Kh Ac] [6c]
*** RIVER *** [Jc Kh Ac 6c] [Ts]
*** SHOW DOWN ***
nomis1959: shows [Th Qs] (a straight, Ten to Ace)
crueldevices: shows [Kc 8c] (a flush, Ace high)
crueldevices collected $1.90 from pot
*** SUMMARY ***
Total pot $1.97 | Rake $0.07 
Board [Jc Kh Ac 6c Ts]
Seat 1: Apostol108 folded before Flop (didn't bet)
Seat 2: leopoker1 folded before Flop (didn't bet)
Seat 3: crueldevices showed [Kc 8c] and won ($1.90) with a flush, Ace high
Seat 4: dlolo30 (button) folded before Flop (didn't bet)
Seat 5: StefanN4444 (small blind) folded before Flop
Seat 6: Beavis440 (big blind) folded before Flop
Seat 7: nomis1959 showed [Th Qs] and lost with a straight, Ten to Ace
Seat 8: Dorex2007 folded before Flop



PokerStars Hand #234801444437:  Hold'em No Limit ($0.01/$0.02 USD) - 2022/03/14 18:20:58 PT [2022/03/14 21:20:58 ET]
Table 'Acamas II' 9-max Seat #5 is the button
Seat 1: Apostol108 ($2.50 in chips) 
Seat 2: leopoker1 ($5.82 in chips) 
Seat 3: crueldevices ($3.21 in chips) 
Seat 4: dlolo30 ($2.21 in chips) 
Seat 5: StefanN4444 ($2.97 in chips) 
Seat 6: Beavis440 ($2 in chips) 
Seat 8: Dorex2007 ($2 in chips) 
Beavis440: posts small blind $0.01
Dorex2007: posts big blind $0.02
*** HOLE CARDS ***
Dealt to Dorex2007 [8c Ad]
Apostol108: folds 
nomis1959 leaves the table
leopoker1: folds 
crueldevices: calls $0.02
dlolo30: folds 
StefanN4444: folds 
Beavis440: folds 
Dorex2007: checks 
*** FLOP *** [3s 4d 6s]
Dorex2007: checks 
crueldevices: checks 
*** TURN *** [3s 4d 6s] [8d]
Dorex2007: checks 
crueldevices: checks 
*** RIVER *** [3s 4d 6s 8d] [3d]
Dorex2007: bets $0.05
crueldevices: folds 
Uncalled bet ($0.05) returned to Dorex2007
Dorex2007 collected $0.05 from pot
Dorex2007: doesn't show hand 
*** SUMMARY ***
Total pot $0.05 | Rake $0 
Board [3s 4d 6s 8d 3d]
Seat 1: Apostol108 folded before Flop (didn't bet)
Seat 2: leopoker1 folded before Flop (didn't bet)
Seat 3: crueldevices folded on the River
Seat 4: dlolo30 folded before Flop (didn't bet)
Seat 5: StefanN4444 (button) folded before Flop (didn't bet)
Seat 6: Beavis440 (small blind) folded before Flop
Seat 8: Dorex2007 (big blind) collected ($0.05)



PokerStars Hand #234801452885:  Hold'em No Limit ($0.01/$0.02 USD) - 2022/03/14 18:21:33 PT [2022/03/14 21:21:33 ET]
Table 'Acamas II' 9-max Seat #6 is the button
Seat 1: Apostol108 ($2.50 in chips) 
Seat 2: leopoker1 ($5.82 in chips) 
Seat 3: crueldevices ($3.19 in chips) 
Seat 4: dlolo30 ($2.21 in chips) 
Seat 5: StefanN4444 ($2.97 in chips) 
Seat 6: Beavis440 ($2 in chips) 
Seat 8: Dorex2007 ($2.03 in chips) 
Dorex2007: posts small blind $0.01
Apostol108: posts big blind $0.02
*** HOLE CARDS ***
Dealt to Dorex2007 [3c 3h]
crueldevices said, "i liked the lm"
leopoker1: folds 
crueldevices said, "them"
crueldevices: calls $0.02
dlolo30: folds 
StefanN4444: folds 
Beavis440: folds 
Dorex2007: calls $0.01
Apostol108: checks 
*** FLOP *** [9c 7d Ad]
Dorex2007: checks 
Apostol108: checks 
crueldevices: checks 
*** TURN *** [9c 7d Ad] [6d]
Dorex2007: checks 
Apostol108: checks 
crueldevices: checks 
*** RIVER *** [9c 7d Ad 6d] [Kc]
Dorex2007: checks 
tekkigg joins the table at seat #7 
Apostol108: checks 
crueldevices: checks 
*** SHOW DOWN ***
Dorex2007: shows [3c 3h] (a pair of Threes)
Apostol108: mucks hand 
crueldevices: shows [Ks Jc] (a pair of Kings)
crueldevices collected $0.06 from pot
*** SUMMARY ***
Total pot $0.06 | Rake $0 
Board [9c 7d Ad 6d Kc]
Seat 1: Apostol108 (big blind) mucked [2s 5d]
Seat 2: leopoker1 folded before Flop (didn't bet)
Seat 3: crueldevices showed [Ks Jc] and won ($0.06) with a pair of Kings
Seat 4: dlolo30 folded before Flop (didn't bet)
Seat 5: StefanN4444 folded before Flop (didn't bet)
Seat 6: Beavis440 (button) folded before Flop (didn't bet)
Seat 8: Dorex2007 (small blind) showed [3c 3h] and lost with a pair of Threes



PokerStars Hand #234801464996:  Hold'em No Limit ($0.01/$0.02 USD) - 2022/03/14 18:22:23 PT [2022/03/14 21:22:23 ET]
Table 'Acamas II' 9-max Seat #8 is the button
Seat 1: Apostol108 ($2.48 in chips) 
Seat 2: leopoker1 ($5.82 in chips) 
Seat 3: crueldevices ($3.23 in chips) 
Seat 4: dlolo30 ($2.21 in chips) 
Seat 5: StefanN4444 ($2.97 in chips) 
Seat 6: Beavis440 ($2 in chips) 
Seat 8: Dorex2007 ($2.01 in chips) 
Apostol108: posts small blind $0.01
leopoker1: posts big blind $0.02
tekkigg: sits out 
*** HOLE CARDS ***
Dealt to Dorex2007 [Kc Ac]
crueldevices: calls $0.02
dlolo30: folds 
StefanN4444: folds 
Beavis440: folds 
Dorex2007: raises $0.04 to $0.06
Apostol108: folds 
leopoker1: folds 
crueldevices: calls $0.04
*** FLOP *** [Ah 5c 3h]
crueldevices: bets $0.02
crueldevices said, "its the name i know "
Dorex2007: raises $0.09 to $0.11
crueldevices: calls $0.09
*** TURN *** [Ah 5c 3h] [2c]
crueldevices: bets $0.02
Dorex2007: raises $0.20 to $0.22
crueldevices: calls $0.20
*** RIVER *** [Ah 5c 3h 2c] [2s]
crueldevices: checks 
Dorex2007: bets $0.78
crueldevices: calls $0.78
*** SHOW DOWN ***
Dorex2007: shows [Kc Ac] (two pair, Aces and Deuces)
crueldevices: mucks hand 
Dorex2007 collected $2.29 from pot
*** SUMMARY ***
Total pot $2.37 | Rake $0.08 
Board [Ah 5c 3h 2c 2s]
Seat 1: Apostol108 (small blind) folded before Flop
Seat 2: leopoker1 (big blind) folded before Flop
Seat 3: crueldevices mucked [Ad Th]
Seat 4: dlolo30 folded before Flop (didn't bet)
Seat 5: StefanN4444 folded before Flop (didn't bet)
Seat 6: Beavis440 folded before Flop (didn't bet)
Seat 8: Dorex2007 (button) showed [Kc Ac] and won ($2.29) with two pair, Aces and Deuces



PokerStars Hand #234801483501:  Hold'em No Limit ($0.01/$0.02 USD) - 2022/03/14 18:23:12 PT [2022/03/14 21:23:12 ET]
Table 'Acamas II' 9-max Seat #1 is the button
Seat 1: Apostol108 ($2.47 in chips) 
Seat 2: leopoker1 ($5.80 in chips) 
Seat 3: crueldevices ($2.06 in chips) 
Seat 4: dlolo30 ($2.21 in chips) 
Seat 5: StefanN4444 ($2.97 in chips) 
Seat 6: Beavis440 ($2 in chips) 
Seat 7: tekkigg ($1.20 in chips) 
Seat 8: Dorex2007 ($3.13 in chips) 
Seat 9: DBLBLYBSTR ($3.98 in chips) 
leopoker1: posts small blind $0.01
crueldevices: posts big blind $0.02
tekkigg: posts big blind $0.02
DBLBLYBSTR: posts small & big blinds $0.03
*** HOLE CARDS ***
Dealt to Dorex2007 [Qd 5d]
crueldevices said, "jeez"
dlolo30: folds 
StefanN4444: raises $0.04 to $0.06
Beavis440: folds 
tekkigg: folds 
Dorex2007: folds 
DBLBLYBSTR: folds 
Apostol108: folds 
crueldevices said, "  n1"
leopoker1: folds 
crueldevices: calls $0.04
*** FLOP *** [Kc Ks Th]
crueldevices: checks 
StefanN4444: bets $0.08
crueldevices: folds 
Uncalled bet ($0.08) returned to StefanN4444
StefanN4444 collected $0.17 from pot
StefanN4444: doesn't show hand 
*** SUMMARY ***
Total pot $0.18 | Rake $0.01 
Board [Kc Ks Th]
Seat 1: Apostol108 (button) folded before Flop (didn't bet)
Seat 2: leopoker1 (small blind) folded before Flop
Seat 3: crueldevices (big blind) folded on the Flop
Seat 4: dlolo30 folded before Flop (didn't bet)
Seat 5: StefanN4444 collected ($0.17)
Seat 6: Beavis440 folded before Flop (didn't bet)
Seat 7: tekkigg folded before Flop (didn't bet)
Seat 8: Dorex2007 folded before Flop (didn't bet)
Seat 9: DBLBLYBSTR folded before Flop (didn't bet)



PokerStars Hand #234801492412:  Hold'em No Limit ($0.01/$0.02 USD) - 2022/03/14 18:23:49 PT [2022/03/14 21:23:49 ET]
Table 'Acamas II' 9-max Seat #2 is the button
Seat 1: Apostol108 ($2.47 in chips) 
Seat 2: leopoker1 ($5.79 in chips) 
Seat 3: crueldevices ($2 in chips) 
Seat 4: dlolo30 ($2.21 in chips) 
Seat 5: StefanN4444 ($3.08 in chips) 
Seat 6: Beavis440 ($2 in chips) 
Seat 7: tekkigg ($1.18 in chips) 
Seat 8: Dorex2007 ($3.13 in chips) 
Seat 9: DBLBLYBSTR ($3.95 in chips) 
crueldevices: posts small blind $0.01
dlolo30: posts big blind $0.02
*** HOLE CARDS ***
Dealt to Dorex2007 [3s Js]
StefanN4444: raises $0.03 to $0.05
Beavis440: folds 
tekkigg: folds 
Dorex2007: folds 
DBLBLYBSTR: folds 
Apostol108: folds 
leopoker1: folds 
crueldevices: calls $0.04
dlolo30: raises $0.15 to $0.20
StefanN4444: calls $0.15
crueldevices: folds 
*** FLOP *** [4h Kc 5s]
dlolo30: bets $0.30
StefanN4444: calls $0.30
*** TURN *** [4h Kc 5s] [3h]
dlolo30: bets $0.51
crueldevices said, "i bow down "
StefanN4444: calls $0.51
*** RIVER *** [4h Kc 5s 3h] [8s]
dlolo30: bets $1
crueldevices said, " but not in shame"
StefanN4444: folds 
Uncalled bet ($1) returned to dlolo30
dlolo30 collected $2 from pot
*** SUMMARY ***
Total pot $2.07 | Rake $0.07 
Board [4h Kc 5s 3h 8s]
Seat 1: Apostol108 folded before Flop (didn't bet)
Seat 2: leopoker1 (button) folded before Flop (didn't bet)
Seat 3: crueldevices (small blind) folded before Flop
Seat 4: dlolo30 (big blind) collected ($2)
Seat 5: StefanN4444 folded on the River
Seat 6: Beavis440 folded before Flop (didn't bet)
Seat 7: tekkigg folded before Flop (didn't bet)
Seat 8: Dorex2007 folded before Flop (didn't bet)
Seat 9: DBLBLYBSTR folded before Flop (didn't bet)



PokerStars Hand #234801515269:  Hold'em No Limit ($0.01/$0.02 USD) - 2022/03/14 18:25:25 PT [2022/03/14 21:25:25 ET]
Table 'Acamas II' 9-max Seat #3 is the button
Seat 1: Apostol108 ($2.47 in chips) 
Seat 2: leopoker1 ($5.79 in chips) 
Seat 3: crueldevices ($1.95 in chips) 
Seat 4: dlolo30 ($3.20 in chips) 
Seat 5: StefanN4444 ($2.07 in chips) 
Seat 6: Beavis440 ($2 in chips) 
Seat 7: tekkigg ($1.18 in chips) 
Seat 8: Dorex2007 ($3.13 in chips) 
Seat 9: DBLBLYBSTR ($3.95 in chips) 
dlolo30: posts small blind $0.01
StefanN4444: posts big blind $0.02
*** HOLE CARDS ***
Dealt to Dorex2007 [7d 4d]
Beavis440: folds 
tekkigg: folds 
Dorex2007: folds 
DBLBLYBSTR: folds 
Apostol108: folds 
leopoker1: folds 
crueldevices: calls $0.02
dlolo30: calls $0.01
StefanN4444: checks 
*** FLOP *** [2c 3c 9h]
dlolo30: checks 
StefanN4444: bets $0.04
crueldevices: calls $0.04
dlolo30: folds 
*** TURN *** [2c 3c 9h] [Kc]
StefanN4444: checks 
crueldevices: checks 
*** RIVER *** [2c 3c 9h Kc] [4c]
StefanN4444: checks 
crueldevices: checks 
*** SHOW DOWN ***
StefanN4444: shows [9c Ad] (a flush, King high)
crueldevices: mucks hand 
StefanN4444 collected $0.14 from pot
*** SUMMARY ***
Total pot $0.14 | Rake $0 
Board [2c 3c 9h Kc 4c]
Seat 1: Apostol108 folded before Flop (didn't bet)
Seat 2: leopoker1 folded before Flop (didn't bet)
Seat 3: crueldevices (button) mucked [Th 2d]
Seat 4: dlolo30 (small blind) folded on the Flop
Seat 5: StefanN4444 (big blind) showed [9c Ad] and won ($0.14) with a flush, King high
Seat 6: Beavis440 folded before Flop (didn't bet)
Seat 7: tekkigg folded before Flop (didn't bet)
Seat 8: Dorex2007 folded before Flop (didn't bet)
Seat 9: DBLBLYBSTR folded before Flop (didn't bet)



PokerStars Hand #234801528676:  Hold'em No Limit ($0.01/$0.02 USD) - 2022/03/14 18:26:21 PT [2022/03/14 21:26:21 ET]
Table 'Acamas II' 9-max Seat #4 is the button
Seat 1: Apostol108 ($2.47 in chips) 
Seat 2: leopoker1 ($5.79 in chips) 
Seat 3: crueldevices ($1.89 in chips) 
Seat 4: dlolo30 ($3.18 in chips) 
Seat 5: StefanN4444 ($2.15 in chips) 
Seat 6: Beavis440 ($2 in chips) 
Seat 7: tekkigg ($1.18 in chips) 
Seat 8: Dorex2007 ($3.13 in chips) 
Seat 9: DBLBLYBSTR ($3.95 in chips) 
StefanN4444: posts small blind $0.01
Beavis440: posts big blind $0.02
*** HOLE CARDS ***
Dealt to Dorex2007 [4d Qc]
tekkigg: calls $0.02
Dorex2007: folds 
DBLBLYBSTR: folds 
Apostol108: folds 
leopoker1: folds 
crueldevices: folds 
dlolo30: folds 
StefanN4444: calls $0.01
Beavis440: checks 
*** FLOP *** [5s 7s Jc]
StefanN4444: checks 
Beavis440: checks 
tekkigg: bets $0.02
StefanN4444: calls $0.02
Beavis440: calls $0.02
*** TURN *** [5s 7s Jc] [Ad]
StefanN4444: checks 
Beavis440: checks 
tekkigg: checks 
*** RIVER *** [5s 7s Jc Ad] [4c]
StefanN4444: bets $0.08
Beavis440: calls $0.08
tekkigg: folds 
*** SHOW DOWN ***
StefanN4444: shows [8s 6h] (a straight, Four to Eight)
Beavis440: mucks hand 
StefanN4444 collected $0.27 from pot
*** SUMMARY ***
Total pot $0.28 | Rake $0.01 
Board [5s 7s Jc Ad 4c]
Seat 1: Apostol108 folded before Flop (didn't bet)
Seat 2: leopoker1 folded before Flop (didn't bet)
Seat 3: crueldevices folded before Flop (didn't bet)
Seat 4: dlolo30 (button) folded before Flop (didn't bet)
Seat 5: StefanN4444 (small blind) showed [8s 6h] and won ($0.27) with a straight, Four to Eight
Seat 6: Beavis440 (big blind) mucked [7c Ac]
Seat 7: tekkigg folded on the River
Seat 8: Dorex2007 folded before Flop (didn't bet)
Seat 9: DBLBLYBSTR folded before Flop (didn't bet)



PokerStars Hand #234801543295:  Hold'em No Limit ($0.01/$0.02 USD) - 2022/03/14 18:27:22 PT [2022/03/14 21:27:22 ET]
Table 'Acamas II' 9-max Seat #5 is the button
Seat 1: Apostol108 ($2.47 in chips) 
Seat 2: leopoker1 ($5.79 in chips) 
Seat 3: crueldevices ($1.89 in chips) 
Seat 4: dlolo30 ($3.18 in chips) 
Seat 5: StefanN4444 ($2.30 in chips) 
Seat 6: Beavis440 ($2 in chips) 
Seat 7: tekkigg ($1.14 in chips) 
Seat 8: Dorex2007 ($3.13 in chips) 
Seat 9: DBLBLYBSTR ($3.95 in chips) 
Beavis440: posts small blind $0.01
tekkigg: posts big blind $0.02
*** HOLE CARDS ***
Dealt to Dorex2007 [3c 5s]
Dorex2007: folds 
crueldevices said, "i just want money"
DBLBLYBSTR: raises $0.04 to $0.06
Apostol108: folds 
leopoker1: folds 
crueldevices: calls $0.06
dlolo30: folds 
StefanN4444: folds 
Beavis440: folds 
tekkigg: calls $0.04
*** FLOP *** [Jd 2s 9h]
tekkigg: checks 
DBLBLYBSTR: bets $0.18
crueldevices: folds 
tekkigg: calls $0.18
*** TURN *** [Jd 2s 9h] [2h]
tekkigg: checks 
DBLBLYBSTR: bets $0.53
tekkigg: folds 
Uncalled bet ($0.53) returned to DBLBLYBSTR
DBLBLYBSTR collected $0.53 from pot
DBLBLYBSTR: doesn't show hand 
*** SUMMARY ***
Total pot $0.55 | Rake $0.02 
Board [Jd 2s 9h 2h]
Seat 1: Apostol108 folded before Flop (didn't bet)
Seat 2: leopoker1 folded before Flop (didn't bet)
Seat 3: crueldevices folded on the Flop
Seat 4: dlolo30 folded before Flop (didn't bet)
Seat 5: StefanN4444 (button) folded before Flop (didn't bet)
Seat 6: Beavis440 (small blind) folded before Flop
Seat 7: tekkigg (big blind) folded on the Turn
Seat 8: Dorex2007 folded before Flop (didn't bet)
Seat 9: DBLBLYBSTR collected ($0.53)



PokerStars Hand #234801555729:  Hold'em No Limit ($0.01/$0.02 USD) - 2022/03/14 18:28:15 PT [2022/03/14 21:28:15 ET]
Table 'Acamas II' 9-max Seat #6 is the button
Seat 1: Apostol108 ($2.47 in chips) 
Seat 2: leopoker1 ($5.79 in chips) 
Seat 3: crueldevices ($1.83 in chips) 
Seat 4: dlolo30 ($3.18 in chips) 
Seat 5: StefanN4444 ($2.30 in chips) 
Seat 6: Beavis440 ($2 in chips) 
Seat 7: tekkigg ($0.90 in chips) 
Seat 8: Dorex2007 ($3.13 in chips) 
Seat 9: DBLBLYBSTR ($4.24 in chips) 
tekkigg: posts small blind $0.01
Dorex2007: posts big blind $0.02
*** HOLE CARDS ***
Dealt to Dorex2007 [Js 6s]
DBLBLYBSTR: folds 
Apostol108: folds 
leopoker1: folds 
crueldevices: raises $0.18 to $0.20
dlolo30: folds 
StefanN4444: folds 
Beavis440: folds 
tekkigg: calls $0.19
Dorex2007: folds 
*** FLOP *** [2d 9h 5d]
tekkigg: checks 
crueldevices: bets $1.63 and is all-in
tekkigg: calls $0.70 and is all-in
Uncalled bet ($0.93) returned to crueldevices
*** TURN *** [2d 9h 5d] [4d]
*** RIVER *** [2d 9h 5d 4d] [Qc]
*** SHOW DOWN ***
tekkigg: shows [5h Ah] (a pair of Fives)
crueldevices: shows [6c Ad] (high card Ace)
tekkigg cashed out the hand for $1.43 | Cash Out Fee $0.01
*** SUMMARY ***
Total pot $1.82 | Rake $0.06 
Board [2d 9h 5d 4d Qc]
Seat 1: Apostol108 folded before Flop (didn't bet)
Seat 2: leopoker1 folded before Flop (didn't bet)
Seat 3: crueldevices showed [6c Ad] and lost with high card Ace
Seat 4: dlolo30 folded before Flop (didn't bet)
Seat 5: StefanN4444 folded before Flop (didn't bet)
Seat 6: Beavis440 (button) folded before Flop (didn't bet)
Seat 7: tekkigg (small blind) showed [5h Ah] and won ($1.76) with a pair of Fives (pot not awarded as player cashed out)
Seat 8: Dorex2007 (big blind) folded before Flop
Seat 9: DBLBLYBSTR folded before Flop (didn't bet)



PokerStars Hand #234801568500:  Hold'em No Limit ($0.01/$0.02 USD) - 2022/03/14 18:29:08 PT [2022/03/14 21:29:08 ET]
Table 'Acamas II' 9-max Seat #7 is the button
Seat 1: Apostol108 ($2.47 in chips) 
Seat 2: leopoker1 ($5.79 in chips) 
Seat 3: crueldevices ($0.93 in chips) 
Seat 4: dlolo30 ($3.18 in chips) 
Seat 5: StefanN4444 ($2.30 in chips) 
Seat 6: Beavis440 ($2 in chips) 
Seat 7: tekkigg ($1.43 in chips) 
Seat 8: Dorex2007 ($3.11 in chips) 
Seat 9: DBLBLYBSTR ($4.24 in chips) 
Dorex2007: posts small blind $0.01
DBLBLYBSTR: posts big blind $0.02
*** HOLE CARDS ***
Dealt to Dorex2007 [7c 4s]
Apostol108: folds 
leopoker1: folds 
crueldevices: raises $0.10 to $0.12
dlolo30: calls $0.12
StefanN4444: raises $0.26 to $0.38
Beavis440: folds 
tekkigg: folds 
Dorex2007: folds 
DBLBLYBSTR: folds 
crueldevices: raises $0.55 to $0.93 and is all-in
dlolo30: folds 
StefanN4444: calls $0.55
*** FLOP *** [Th 8d Kc]
*** TURN *** [Th 8d Kc] [Ks]
*** RIVER *** [Th 8d Kc Ks] [5d]
*** SHOW DOWN ***
crueldevices: shows [7h Qd] (a pair of Kings)
StefanN4444: shows [Ac Ad] (two pair, Aces and Kings)
StefanN4444 collected $1.94 from pot
*** SUMMARY ***
Total pot $2.01 | Rake $0.07 
Board [Th 8d Kc Ks 5d]
Seat 1: Apostol108 folded before Flop (didn't bet)
Seat 2: leopoker1 folded before Flop (didn't bet)
Seat 3: crueldevices showed [7h Qd] and lost with a pair of Kings
Seat 4: dlolo30 folded before Flop
Seat 5: StefanN4444 showed [Ac Ad] and won ($1.94) with two pair, Aces and Kings
Seat 6: Beavis440 folded before Flop (didn't bet)
Seat 7: tekkigg (button) folded before Flop (didn't bet)
Seat 8: Dorex2007 (small blind) folded before Flop
Seat 9: DBLBLYBSTR (big blind) folded before Flop



PokerStars Hand #234801579688:  Hold'em No Limit ($0.01/$0.02 USD) - 2022/03/14 18:29:56 PT [2022/03/14 21:29:56 ET]
Table 'Acamas II' 9-max Seat #8 is the button
Seat 2: leopoker1 ($5.79 in chips) 
Seat 4: dlolo30 ($3.06 in chips) 
Seat 5: StefanN4444 ($3.31 in chips) 
Seat 6: Beavis440 ($2 in chips) 
Seat 7: tekkigg ($1.43 in chips) 
Seat 8: Dorex2007 ($3.10 in chips) 
Seat 9: DBLBLYBSTR ($4.22 in chips) 
DBLBLYBSTR: posts small blind $0.01
leopoker1: posts big blind $0.02
*** HOLE CARDS ***
Dealt to Dorex2007 [7d 7s]
dlolo30: folds 
crueldevices leaves the table
StefanN4444: raises $0.03 to $0.05
Beavis440: folds 
tekkigg: folds 
StefanN4444 said, "ohhh that warms my heart sooo much :)"
Dorex2007: calls $0.05
DBLBLYBSTR: folds 
Dorex2007 said, "big surprise"
leopoker1: folds 
*** FLOP *** [3h 4c 9h]
StefanN4444: checks 
Dorex2007: checks 
*** TURN *** [3h 4c 9h] [Qc]
StefanN4444: checks 
Dorex2007: checks 
*** RIVER *** [3h 4c 9h Qc] [Tc]
StefanN4444: checks 
Dorex2007: bets $0.07
StefanN4444: folds 
Uncalled bet ($0.07) returned to Dorex2007
Dorex2007 collected $0.13 from pot
Dorex2007: doesn't show hand 
*** SUMMARY ***
Total pot $0.13 | Rake $0 
Board [3h 4c 9h Qc Tc]
Seat 2: leopoker1 (big blind) folded before Flop
Seat 4: dlolo30 folded before Flop (didn't bet)
Seat 5: StefanN4444 folded on the River
Seat 6: Beavis440 folded before Flop (didn't bet)
Seat 7: tekkigg folded before Flop (didn't bet)
Seat 8: Dorex2007 (button) collected ($0.13)
Seat 9: DBLBLYBSTR (small blind) folded before Flop



PokerStars Hand #234801593826:  Hold'em No Limit ($0.01/$0.02 USD) - 2022/03/14 18:30:56 PT [2022/03/14 21:30:56 ET]
Table 'Acamas II' 9-max Seat #9 is the button
Seat 2: leopoker1 ($5.77 in chips) 
Seat 4: dlolo30 ($3.06 in chips) 
Seat 5: StefanN4444 ($3.26 in chips) 
Seat 6: Beavis440 ($2 in chips) 
Seat 7: tekkigg ($1.43 in chips) 
Seat 8: Dorex2007 ($3.18 in chips) 
Seat 9: DBLBLYBSTR ($4.21 in chips) 
leopoker1: posts small blind $0.01
dlolo30: posts big blind $0.02
*** HOLE CARDS ***
Dealt to Dorex2007 [Th 5c]
StefanN4444: folds 
Beavis440: folds 
tekkigg: calls $0.02
Dorex2007: folds 
DBLBLYBSTR: folds 
leopoker1: folds 
Dorex2007 said, "yeah, that was sweet"
dlolo30: checks 
*** FLOP *** [3d Js 7c]
dlolo30: checks 
tekkigg: checks 
*** TURN *** [3d Js 7c] [4s]
StefanN4444 said, ":)"
dlolo30: checks 
tekkigg: checks 
*** RIVER *** [3d Js 7c 4s] [Ts]
twobuck22 joins the table at seat #3 
dlolo30: checks 
tekkigg: checks 
*** SHOW DOWN ***
dlolo30: shows [2d 3c] (a pair of Threes)
tekkigg: mucks hand 
dlolo30 collected $0.05 from pot
*** SUMMARY ***
Total pot $0.05 | Rake $0 
Board [3d Js 7c 4s Ts]
Seat 2: leopoker1 (small blind) folded before Flop
Seat 4: dlolo30 (big blind) showed [2d 3c] and won ($0.05) with a pair of Threes
Seat 5: StefanN4444 folded before Flop (didn't bet)
Seat 6: Beavis440 folded before Flop (didn't bet)
Seat 7: tekkigg mucked [Qh Ac]
Seat 8: Dorex2007 folded before Flop (didn't bet)
Seat 9: DBLBLYBSTR (button) folded before Flop (didn't bet)



PokerStars Hand #234801600948:  Hold'em No Limit ($0.01/$0.02 USD) - 2022/03/14 18:31:25 PT [2022/03/14 21:31:25 ET]
Table 'Acamas II' 9-max Seat #2 is the button
Seat 2: leopoker1 ($5.76 in chips) 
Seat 4: dlolo30 ($3.09 in chips) 
Seat 5: StefanN4444 ($3.26 in chips) 
Seat 6: Beavis440 ($2 in chips) 
Seat 7: tekkigg ($1.41 in chips) 
Seat 8: Dorex2007 ($3.18 in chips) 
Seat 9: DBLBLYBSTR ($4.21 in chips) 
dlolo30: posts small blind $0.01
StefanN4444: posts big blind $0.02
*** HOLE CARDS ***
Dealt to Dorex2007 [Qd 2s]
Beavis440: folds 
tekkigg: folds 
Dorex2007: folds 
DBLBLYBSTR: folds 
leopoker1: raises $0.03 to $0.05
dlolo30: folds 
StefanN4444: calls $0.03
*** FLOP *** [Ah Td 5c]
StefanN4444: checks 
leopoker1: bets $0.07
StefanN4444: calls $0.07
*** TURN *** [Ah Td 5c] [4s]
StefanN4444: checks 
leopoker1: bets $0.16
StefanN4444: calls $0.16
*** RIVER *** [Ah Td 5c 4s] [2h]
StefanN4444: checks 
leopoker1: bets $0.37
StefanN4444: raises $0.51 to $0.88
leopoker1: calls $0.51
*** SHOW DOWN ***
StefanN4444: shows [Th 7s] (a pair of Tens)
leopoker1: shows [5s As] (two pair, Aces and Fives)
leopoker1 collected $2.25 from pot
*** SUMMARY ***
Total pot $2.33 | Rake $0.08 
Board [Ah Td 5c 4s 2h]
Seat 2: leopoker1 (button) showed [5s As] and won ($2.25) with two pair, Aces and Fives
Seat 4: dlolo30 (small blind) folded before Flop
Seat 5: StefanN4444 (big blind) showed [Th 7s] and lost with a pair of Tens
Seat 6: Beavis440 folded before Flop (didn't bet)
Seat 7: tekkigg folded before Flop (didn't bet)
Seat 8: Dorex2007 folded before Flop (didn't bet)
Seat 9: DBLBLYBSTR folded before Flop (didn't bet)



PokerStars Hand #234801627036:  Hold'em No Limit ($0.01/$0.02 USD) - 2022/03/14 18:33:15 PT [2022/03/14 21:33:15 ET]
Table 'Acamas II' 9-max Seat #4 is the button
Seat 2: leopoker1 ($6.85 in chips) 
Seat 3: twobuck22 ($1.60 in chips) 
Seat 4: dlolo30 ($3.08 in chips) 
Seat 5: StefanN4444 ($2.10 in chips) 
Seat 6: Beavis440 ($2 in chips) 
Seat 7: tekkigg ($1.41 in chips) 
Seat 8: Dorex2007 ($3.18 in chips) 
Seat 9: DBLBLYBSTR ($4.21 in chips) 
StefanN4444: posts small blind $0.01
Beavis440: posts big blind $0.02
twobuck22: posts big blind $0.02
*** HOLE CARDS ***
Dealt to Dorex2007 [Td Jc]
tekkigg: calls $0.02
Dorex2007: folds 
DBLBLYBSTR: calls $0.02
leopoker1: folds 
twobuck22: checks 
dlolo30: folds 
StefanN4444: calls $0.01
Beavis440: checks 
*** FLOP *** [4s 2c 9h]
StefanN4444: checks 
Beavis440: checks 
tekkigg: checks 
DBLBLYBSTR: checks 
twobuck22: checks 
*** TURN *** [4s 2c 9h] [As]
StefanN4444: checks 
Beavis440: checks 
tekkigg: checks 
DBLBLYBSTR: bets $0.10
twobuck22: folds 
StefanN4444: folds 
Beavis440: folds 
tekkigg: folds 
Uncalled bet ($0.10) returned to DBLBLYBSTR
DBLBLYBSTR collected $0.10 from pot
DBLBLYBSTR: doesn't show hand 
*** SUMMARY ***
Total pot $0.10 | Rake $0 
Board [4s 2c 9h As]
Seat 2: leopoker1 folded before Flop (didn't bet)
Seat 3: twobuck22 folded on the Turn (didn't bet)
Seat 4: dlolo30 (button) folded before Flop (didn't bet)
Seat 5: StefanN4444 (small blind) folded on the Turn
Seat 6: Beavis440 (big blind) folded on the Turn
Seat 7: tekkigg folded on the Turn
Seat 8: Dorex2007 folded before Flop (didn't bet)
Seat 9: DBLBLYBSTR collected ($0.10)



PokerStars Hand #234801641143:  Hold'em No Limit ($0.01/$0.02 USD) - 2022/03/14 18:34:15 PT [2022/03/14 21:34:15 ET]
Table 'Acamas II' 9-max Seat #5 is the button
Seat 2: leopoker1 ($6.85 in chips) 
Seat 3: twobuck22 ($1.58 in chips) 
Seat 4: dlolo30 ($3.08 in chips) 
Seat 5: StefanN4444 ($2.08 in chips) 
Seat 6: Beavis440 ($2 in chips) 
Seat 7: tekkigg ($1.39 in chips) 
Seat 8: Dorex2007 ($3.18 in chips) 
Seat 9: DBLBLYBSTR ($4.29 in chips) 
Beavis440: posts small blind $0.01
tekkigg: posts big blind $0.02
*** HOLE CARDS ***
Dealt to Dorex2007 [9h 3h]
Dorex2007: folds 
DBLBLYBSTR: raises $0.12 to $0.14
leopoker1: folds 
twobuck22: folds 
dlolo30: folds 
StefanN4444: folds 
Beavis440: folds 
tekkigg: folds 
Uncalled bet ($0.12) returned to DBLBLYBSTR
DBLBLYBSTR collected $0.05 from pot
DBLBLYBSTR: doesn't show hand 
*** SUMMARY ***
Total pot $0.05 | Rake $0 
Seat 2: leopoker1 folded before Flop (didn't bet)
Seat 3: twobuck22 folded before Flop (didn't bet)
Seat 4: dlolo30 folded before Flop (didn't bet)
Seat 5: StefanN4444 (button) folded before Flop (didn't bet)
Seat 6: Beavis440 (small blind) folded before Flop
Seat 7: tekkigg (big blind) folded before Flop
Seat 8: Dorex2007 folded before Flop (didn't bet)
Seat 9: DBLBLYBSTR collected ($0.05)



PokerStars Hand #234801646842:  Hold'em No Limit ($0.01/$0.02 USD) - 2022/03/14 18:34:39 PT [2022/03/14 21:34:39 ET]
Table 'Acamas II' 9-max Seat #6 is the button
Seat 2: leopoker1 ($6.85 in chips) 
Seat 3: twobuck22 ($1.58 in chips) 
Seat 4: dlolo30 ($3.08 in chips) 
Seat 5: StefanN4444 ($2.08 in chips) 
Seat 6: Beavis440 ($2 in chips) 
Seat 7: tekkigg ($1.37 in chips) 
Seat 8: Dorex2007 ($3.18 in chips) 
Seat 9: DBLBLYBSTR ($4.32 in chips) 
tekkigg: posts small blind $0.01
Dorex2007: posts big blind $0.02
*** HOLE CARDS ***
Dealt to Dorex2007 [Jd 8s]
DBLBLYBSTR: folds 
leopoker1: folds 
twobuck22: folds 
dlolo30: calls $0.02
StefanN4444: folds 
Beavis440: folds 
tekkigg: calls $0.01
Dorex2007: checks 
*** FLOP *** [Jh 2s Qh]
tekkigg: checks 
Dorex2007: checks 
dlolo30: checks 
*** TURN *** [Jh 2s Qh] [4s]
tekkigg: checks 
Dorex2007: checks 
dlolo30: bets $0.06
tekkigg: folds 
Dorex2007: folds 
Uncalled bet ($0.06) returned to dlolo30
dlolo30 collected $0.06 from pot
*** SUMMARY ***
Total pot $0.06 | Rake $0 
Board [Jh 2s Qh 4s]
Seat 2: leopoker1 folded before Flop (didn't bet)
Seat 3: twobuck22 folded before Flop (didn't bet)
Seat 4: dlolo30 collected ($0.06)
Seat 5: StefanN4444 folded before Flop (didn't bet)
Seat 6: Beavis440 (button) folded before Flop (didn't bet)
Seat 7: tekkigg (small blind) folded on the Turn
Seat 8: Dorex2007 (big blind) folded on the Turn
Seat 9: DBLBLYBSTR folded before Flop (didn't bet)



PokerStars Hand #234801657274:  Hold'em No Limit ($0.01/$0.02 USD) - 2022/03/14 18:35:22 PT [2022/03/14 21:35:22 ET]
Table 'Acamas II' 9-max Seat #7 is the button
Seat 2: leopoker1 ($6.85 in chips) 
Seat 3: twobuck22 ($1.58 in chips) 
Seat 4: dlolo30 ($3.12 in chips) 
Seat 5: StefanN4444 ($2.08 in chips) 
Seat 6: Beavis440 ($2 in chips) 
Seat 7: tekkigg ($1.35 in chips) 
Seat 8: Dorex2007 ($3.16 in chips) 
Seat 9: DBLBLYBSTR ($4.32 in chips) 
Dorex2007: posts small blind $0.01
DBLBLYBSTR: posts big blind $0.02
*** HOLE CARDS ***
Dealt to Dorex2007 [9h 3c]
leopoker1: folds 
twobuck22 has timed out
twobuck22: folds 
dlolo30: raises $0.08 to $0.10
StefanN4444: calls $0.10
Beavis440: folds 
tekkigg: calls $0.10
Dorex2007: folds 
DBLBLYBSTR: folds 
*** FLOP *** [4h 4d 2h]
dlolo30: checks 
StefanN4444: checks 
tekkigg: checks 
*** TURN *** [4h 4d 2h] [Ks]
dlolo30: bets $3.02 and is all-in
StefanN4444: folds 
tekkigg: calls $1.25 and is all-in
Uncalled bet ($1.77) returned to dlolo30
*** RIVER *** [4h 4d 2h Ks] [Jc]
*** SHOW DOWN ***
dlolo30: shows [Kc Ad] (two pair, Kings and Fours)
tekkigg: shows [Th Kd] (two pair, Kings and Fours - lower kicker)
dlolo30 collected $2.73 from pot
*** SUMMARY ***
Total pot $2.83 | Rake $0.10 
Board [4h 4d 2h Ks Jc]
Seat 2: leopoker1 folded before Flop (didn't bet)
Seat 3: twobuck22 folded before Flop (didn't bet)
Seat 4: dlolo30 showed [Kc Ad] and won ($2.73) with two pair, Kings and Fours
Seat 5: StefanN4444 folded on the Turn
Seat 6: Beavis440 folded before Flop (didn't bet)
Seat 7: tekkigg (button) showed [Th Kd] and lost with two pair, Kings and Fours
Seat 8: Dorex2007 (small blind) folded before Flop
Seat 9: DBLBLYBSTR (big blind) folded before Flop



PokerStars Hand #234801672353:  Hold'em No Limit ($0.01/$0.02 USD) - 2022/03/14 18:36:25 PT [2022/03/14 21:36:25 ET]
Table 'Acamas II' 9-max Seat #8 is the button
Seat 2: leopoker1 ($6.85 in chips) 
Seat 3: twobuck22 ($1.58 in chips) 
Seat 4: dlolo30 ($4.50 in chips) 
Seat 5: StefanN4444 ($1.98 in chips) 
Seat 6: Beavis440 ($2 in chips) 
Seat 8: Dorex2007 ($3.15 in chips) 
Seat 9: DBLBLYBSTR ($4.30 in chips) 
DBLBLYBSTR: posts small blind $0.01
leopoker1: posts big blind $0.02
*** HOLE CARDS ***
Dealt to Dorex2007 [5d 7c]
Dorex2007 said, "Stefan...do you think he's still kicking the computer and swearing?"
tekkigg leaves the table
twobuck22: folds 
dlolo30: raises $0.08 to $0.10
StefanN4444: folds 
StefanN4444 said, "Ohhh I really hope so :) :)"
Beavis440: folds 
Dorex2007: folds 
DBLBLYBSTR: folds 
leopoker1: folds 
Uncalled bet ($0.08) returned to dlolo30
dlolo30 collected $0.05 from pot
*** SUMMARY ***
Total pot $0.05 | Rake $0 
Seat 2: leopoker1 (big blind) folded before Flop
Seat 3: twobuck22 folded before Flop (didn't bet)
Seat 4: dlolo30 collected ($0.05)
Seat 5: StefanN4444 folded before Flop (didn't bet)
Seat 6: Beavis440 folded before Flop (didn't bet)
Seat 8: Dorex2007 (button) folded before Flop (didn't bet)
Seat 9: DBLBLYBSTR (small blind) folded before Flop



PokerStars Hand #234801690634:  Hold'em No Limit ($0.01/$0.02 USD) - 2022/03/14 18:37:03 PT [2022/03/14 21:37:03 ET]
Table 'Acamas II' 9-max Seat #9 is the button
Seat 2: leopoker1 ($6.83 in chips) 
Seat 3: twobuck22 ($1.58 in chips) 
Seat 4: dlolo30 ($4.53 in chips) 
Seat 5: StefanN4444 ($1.98 in chips) 
Seat 6: Beavis440 ($2 in chips) 
Seat 8: Dorex2007 ($3.15 in chips) 
Seat 9: DBLBLYBSTR ($4.29 in chips) 
leopoker1: posts small blind $0.01
twobuck22: posts big blind $0.02
*** HOLE CARDS ***
Dealt to Dorex2007 [Jc 7h]
Dorex2007 said, ":P"
dlolo30: folds 
dlolo30 leaves the table
StefanN4444: folds 
Beavis440: folds 
Dorex2007: folds 
DBLBLYBSTR: folds 
leopoker1: folds 
Uncalled bet ($0.01) returned to twobuck22
twobuck22 collected $0.02 from pot
twobuck22: doesn't show hand 
*** SUMMARY ***
Total pot $0.02 | Rake $0 
Seat 2: leopoker1 (small blind) folded before Flop
Seat 3: twobuck22 (big blind) collected ($0.02)
Seat 4: dlolo30 folded before Flop (didn't bet)
Seat 5: StefanN4444 folded before Flop (didn't bet)
Seat 6: Beavis440 folded before Flop (didn't bet)
Seat 8: Dorex2007 folded before Flop (didn't bet)
Seat 9: DBLBLYBSTR (button) folded before Flop (didn't bet)



PokerStars Hand #234801695010:  Hold'em No Limit ($0.01/$0.02 USD) - 2022/03/14 18:37:21 PT [2022/03/14 21:37:21 ET]
Table 'Acamas II' 9-max Seat #2 is the button
Seat 2: leopoker1 ($6.82 in chips) 
Seat 3: twobuck22 ($1.59 in chips) 
Seat 5: StefanN4444 ($1.98 in chips) 
Seat 6: Beavis440 ($2 in chips) 
Seat 8: Dorex2007 ($3.15 in chips) 
Seat 9: DBLBLYBSTR ($4.29 in chips) 
twobuck22: posts small blind $0.01
StefanN4444: posts big blind $0.02
*** HOLE CARDS ***
Dealt to Dorex2007 [6c 5c]
Beavis440: folds 
Dorex2007: folds 
DBLBLYBSTR: folds 
StefanN4444 said, "I probably would have gone to bed hours ago, if he didnt keep talking :)"
leopoker1: folds 
twobuck22: calls $0.01
StefanN4444: checks 
*** FLOP *** [Qc 9d Ad]
twobuck22: bets $0.04
StefanN4444: calls $0.04
*** TURN *** [Qc 9d Ad] [Ts]
twobuck22: bets $0.06
StefanN4444: calls $0.06
*** RIVER *** [Qc 9d Ad Ts] [Kh]
twobuck22: bets $0.11
StefanN4444: calls $0.11
*** SHOW DOWN ***
twobuck22: shows [Qh 4s] (a pair of Queens)
StefanN4444: shows [Qd 3s] (a pair of Queens)
twobuck22 collected $0.22 from pot
StefanN4444 collected $0.22 from pot
*** SUMMARY ***
Total pot $0.46 | Rake $0.02 
Board [Qc 9d Ad Ts Kh]
Seat 2: leopoker1 (button) folded before Flop (didn't bet)
Seat 3: twobuck22 (small blind) showed [Qh 4s] and won ($0.22) with a pair of Queens
Seat 5: StefanN4444 (big blind) showed [Qd 3s] and won ($0.22) with a pair of Queens
Seat 6: Beavis440 folded before Flop (didn't bet)
Seat 8: Dorex2007 folded before Flop (didn't bet)
Seat 9: DBLBLYBSTR folded before Flop (didn't bet)



PokerStars Hand #234801709840:  Hold'em No Limit ($0.01/$0.02 USD) - 2022/03/14 18:38:23 PT [2022/03/14 21:38:23 ET]
Table 'Acamas II' 9-max Seat #3 is the button
Seat 2: leopoker1 ($6.82 in chips) 
Seat 3: twobuck22 ($1.58 in chips) 
Seat 5: StefanN4444 ($1.97 in chips) 
Seat 6: Beavis440 ($2 in chips) 
Seat 8: Dorex2007 ($3.15 in chips) 
Seat 9: DBLBLYBSTR ($4.29 in chips) 
StefanN4444: posts small blind $0.01
Beavis440: posts big blind $0.02
*** HOLE CARDS ***
Dealt to Dorex2007 [5c Jd]
Dorex2007: calls $0.02
DBLBLYBSTR: folds 
leopoker1: calls $0.02
twobuck22: folds 
StefanN4444: calls $0.01
Beavis440: checks 
*** FLOP *** [9d 5d Jh]
StefanN4444: checks 
Beavis440: checks 
Dorex2007: bets $0.05
leopoker1: folds 
StefanN4444: calls $0.05
Beavis440: folds 
*** TURN *** [9d 5d Jh] [Kd]
StefanN4444: checks 
Dorex2007: checks 
*** RIVER *** [9d 5d Jh Kd] [4s]
StefanN4444: bets $0.05
Dorex2007: calls $0.05
*** SHOW DOWN ***
StefanN4444: shows [5h 4h] (two pair, Fives and Fours)
Dorex2007: shows [5c Jd] (two pair, Jacks and Fives)
Dorex2007 collected $0.27 from pot
*** SUMMARY ***
Total pot $0.28 | Rake $0.01 
Board [9d 5d Jh Kd 4s]
Seat 2: leopoker1 folded on the Flop
Seat 3: twobuck22 (button) folded before Flop (didn't bet)
Seat 5: StefanN4444 (small blind) showed [5h 4h] and lost with two pair, Fives and Fours
Seat 6: Beavis440 (big blind) folded on the Flop
Seat 8: Dorex2007 showed [5c Jd] and won ($0.27) with two pair, Jacks and Fives
Seat 9: DBLBLYBSTR folded before Flop (didn't bet)



PokerStars Hand #234801726070:  Hold'em No Limit ($0.01/$0.02 USD) - 2022/03/14 18:39:31 PT [2022/03/14 21:39:31 ET]
Table 'Acamas II' 9-max Seat #5 is the button
Seat 2: leopoker1 ($6.80 in chips) 
Seat 3: twobuck22 ($1.58 in chips) 
Seat 5: StefanN4444 ($1.85 in chips) 
Seat 6: Beavis440 ($2 in chips) 
Seat 8: Dorex2007 ($3.30 in chips) 
Seat 9: DBLBLYBSTR ($4.29 in chips) 
Beavis440: posts small blind $0.01
Dorex2007: posts big blind $0.02
*** HOLE CARDS ***
Dealt to Dorex2007 [5c 9c]
DBLBLYBSTR: raises $0.10 to $0.12
leopoker1: calls $0.12
twobuck22: folds 
StefanN4444: folds 
Beavis440: folds 
Dorex2007 said, "the hand I misclick I win...SMH"
Dorex2007: folds 
*** FLOP *** [Qd 7d Jh]
DBLBLYBSTR: bets $0.26
leopoker1: calls $0.26
*** TURN *** [Qd 7d Jh] [3s]
DBLBLYBSTR: bets $0.38
StefanN4444 said, "hahah :) was a good flop for you :)"
leopoker1: calls $0.38
*** RIVER *** [Qd 7d Jh 3s] [Kd]
DBLBLYBSTR: bets $1.50
leopoker1: raises $4.54 to $6.04 and is all-in
DBLBLYBSTR: folds 
Uncalled bet ($4.54) returned to leopoker1
leopoker1 collected $4.39 from pot
leopoker1: doesn't show hand 
*** SUMMARY ***
Total pot $4.55 | Rake $0.16 
Board [Qd 7d Jh 3s Kd]
Seat 2: leopoker1 collected ($4.39)
Seat 3: twobuck22 folded before Flop (didn't bet)
Seat 5: StefanN4444 (button) folded before Flop (didn't bet)
Seat 6: Beavis440 (small blind) folded before Flop
Seat 8: Dorex2007 (big blind) folded before Flop
Seat 9: DBLBLYBSTR folded on the River



PokerStars Hand #234801749444:  Hold'em No Limit ($0.01/$0.02 USD) - 2022/03/14 18:41:11 PT [2022/03/14 21:41:11 ET]
Table 'Acamas II' 9-max Seat #6 is the button
Seat 2: leopoker1 ($8.93 in chips) 
Seat 3: twobuck22 ($1.58 in chips) 
Seat 5: StefanN4444 ($1.85 in chips) 
Seat 6: Beavis440 ($2 in chips) 
Seat 8: Dorex2007 ($3.28 in chips) 
Seat 9: DBLBLYBSTR ($2.03 in chips) 
Dorex2007: posts small blind $0.01
DBLBLYBSTR: posts big blind $0.02
*** HOLE CARDS ***
Dealt to Dorex2007 [5c 4s]
leopoker1: folds 
twobuck22: folds 
StefanN4444: raises $0.03 to $0.05
Beavis440: folds 
Dorex2007: folds 
DBLBLYBSTR: raises $0.11 to $0.16
StefanN4444: calls $0.11
*** FLOP *** [7c 6h 3s]
DBLBLYBSTR: bets $0.32
StefanN4444: raises $1.37 to $1.69 and is all-in
DBLBLYBSTR: folds 
Uncalled bet ($1.37) returned to StefanN4444
StefanN4444 collected $0.94 from pot
StefanN4444: doesn't show hand 
*** SUMMARY ***
Total pot $0.97 | Rake $0.03 
Board [7c 6h 3s]
Seat 2: leopoker1 folded before Flop (didn't bet)
Seat 3: twobuck22 folded before Flop (didn't bet)
Seat 5: StefanN4444 collected ($0.94)
Seat 6: Beavis440 (button) folded before Flop (didn't bet)
Seat 8: Dorex2007 (small blind) folded before Flop
Seat 9: DBLBLYBSTR (big blind) folded on the Flop



PokerStars Hand #234801763458:  Hold'em No Limit ($0.01/$0.02 USD) - 2022/03/14 18:42:11 PT [2022/03/14 21:42:11 ET]
Table 'Acamas II' 9-max Seat #8 is the button
Seat 2: leopoker1 ($8.93 in chips) 
Seat 3: twobuck22 ($1.58 in chips) 
Seat 5: StefanN4444 ($2.31 in chips) 
Seat 6: Beavis440 ($2 in chips) 
Seat 8: Dorex2007 ($3.27 in chips) 
Seat 9: DBLBLYBSTR ($1.55 in chips) 
DBLBLYBSTR: posts small blind $0.01
leopoker1: posts big blind $0.02
*** HOLE CARDS ***
Dealt to Dorex2007 [6s 3s]
twobuck22: folds 
StefanN4444: folds 
Beavis440: folds 
Dorex2007: folds 
DBLBLYBSTR: raises $0.04 to $0.06
leopoker1: folds 
Uncalled bet ($0.04) returned to DBLBLYBSTR
DBLBLYBSTR collected $0.04 from pot
DBLBLYBSTR: doesn't show hand 
*** SUMMARY ***
Total pot $0.04 | Rake $0 
Seat 2: leopoker1 (big blind) folded before Flop
Seat 3: twobuck22 folded before Flop (didn't bet)
Seat 5: StefanN4444 folded before Flop (didn't bet)
Seat 6: Beavis440 folded before Flop (didn't bet)
Seat 8: Dorex2007 (button) folded before Flop (didn't bet)
Seat 9: DBLBLYBSTR (small blind) collected ($0.04)



PokerStars Hand #234801766228:  Hold'em No Limit ($0.01/$0.02 USD) - 2022/03/14 18:42:22 PT [2022/03/14 21:42:22 ET]
Table 'Acamas II' 9-max Seat #9 is the button
Seat 2: leopoker1 ($8.91 in chips) 
Seat 3: twobuck22 ($1.58 in chips) 
Seat 5: StefanN4444 ($2.31 in chips) 
Seat 6: Beavis440 ($2 in chips) 
Seat 8: Dorex2007 ($3.27 in chips) 
Seat 9: DBLBLYBSTR ($1.57 in chips) 
leopoker1: posts small blind $0.01
twobuck22: posts big blind $0.02
*** HOLE CARDS ***
Dealt to Dorex2007 [2s Jd]
StefanN4444: raises $0.03 to $0.05
Beavis440: folds 
Dorex2007: folds 
DBLBLYBSTR: folds 
leopoker1: folds 
twobuck22: calls $0.03
*** FLOP *** [Qd 6c 3s]
twobuck22: checks 
StefanN4444: bets $0.06
twobuck22: folds 
Uncalled bet ($0.06) returned to StefanN4444
StefanN4444 collected $0.11 from pot
StefanN4444: doesn't show hand 
*** SUMMARY ***
Total pot $0.11 | Rake $0 
Board [Qd 6c 3s]
Seat 2: leopoker1 (small blind) folded before Flop
Seat 3: twobuck22 (big blind) folded on the Flop
Seat 5: StefanN4444 collected ($0.11)
Seat 6: Beavis440 folded before Flop (didn't bet)
Seat 8: Dorex2007 folded before Flop (didn't bet)
Seat 9: DBLBLYBSTR (button) folded before Flop (didn't bet)



PokerStars Hand #234801774603:  Hold'em No Limit ($0.01/$0.02 USD) - 2022/03/14 18:42:58 PT [2022/03/14 21:42:58 ET]
Table 'Acamas II' 9-max Seat #2 is the button
Seat 2: leopoker1 ($8.90 in chips) 
Seat 3: twobuck22 ($1.53 in chips) 
Seat 5: StefanN4444 ($2.37 in chips) 
Seat 6: Beavis440 ($2 in chips) 
Seat 8: Dorex2007 ($3.27 in chips) 
Seat 9: DBLBLYBSTR ($1.57 in chips) 
twobuck22: posts small blind $0.01
StefanN4444: posts big blind $0.02
*** HOLE CARDS ***
Dealt to Dorex2007 [Kc 5h]
Beavis440: folds 
Dorex2007: folds 
DBLBLYBSTR: folds 
leopoker1: raises $0.04 to $0.06
twobuck22: folds 
StefanN4444: raises $0.18 to $0.24
leopoker1: raises $8.66 to $8.90 and is all-in
StefanN4444: calls $2.13 and is all-in
Uncalled bet ($6.53) returned to leopoker1
*** FLOP *** [2s 8d 9c]
*** TURN *** [2s 8d 9c] [3h]
*** RIVER *** [2s 8d 9c 3h] [9s]
*** SHOW DOWN ***
StefanN4444: shows [Ac Kd] (a pair of Nines)
leopoker1: shows [8c 8s] (a full house, Eights full of Nines)
leopoker1 collected $4.58 from pot
*** SUMMARY ***
Total pot $4.75 | Rake $0.17 
Board [2s 8d 9c 3h 9s]
Seat 2: leopoker1 (button) showed [8c 8s] and won ($4.58) with a full house, Eights full of Nines
Seat 3: twobuck22 (small blind) folded before Flop
Seat 5: StefanN4444 (big blind) showed [Ac Kd] and lost with a pair of Nines
Seat 6: Beavis440 folded before Flop (didn't bet)
Seat 8: Dorex2007 folded before Flop (didn't bet)
Seat 9: DBLBLYBSTR folded before Flop (didn't bet)



PokerStars Hand #234801783061:  Hold'em No Limit ($0.01/$0.02 USD) - 2022/03/14 18:43:33 PT [2022/03/14 21:43:33 ET]
Table 'Acamas II' 9-max Seat #3 is the button
Seat 2: leopoker1 ($11.11 in chips) 
Seat 3: twobuck22 ($1.52 in chips) 
Seat 6: Beavis440 ($2 in chips) 
Seat 8: Dorex2007 ($3.27 in chips) 
Seat 9: DBLBLYBSTR ($1.57 in chips) 
Beavis440: posts small blind $0.01
Dorex2007: posts big blind $0.02
*** HOLE CARDS ***
Dealt to Dorex2007 [2d 4h]
DBLBLYBSTR: raises $0.04 to $0.06
leopoker1: folds 
twobuck22: folds 
Beavis440: folds 
Dorex2007: folds 
Uncalled bet ($0.04) returned to DBLBLYBSTR
DBLBLYBSTR collected $0.05 from pot
DBLBLYBSTR: doesn't show hand 
*** SUMMARY ***
Total pot $0.05 | Rake $0 
Seat 2: leopoker1 folded before Flop (didn't bet)
Seat 3: twobuck22 (button) folded before Flop (didn't bet)
Seat 6: Beavis440 (small blind) folded before Flop
Seat 8: Dorex2007 (big blind) folded before Flop
Seat 9: DBLBLYBSTR collected ($0.05)



PokerStars Hand #234801786078:  Hold'em No Limit ($0.01/$0.02 USD) - 2022/03/14 18:43:46 PT [2022/03/14 21:43:46 ET]
Table 'Acamas II' 9-max Seat #6 is the button
Seat 2: leopoker1 ($11.11 in chips) 
Seat 3: twobuck22 ($1.52 in chips) 
Seat 6: Beavis440 ($2 in chips) 
Seat 8: Dorex2007 ($3.25 in chips) 
Seat 9: DBLBLYBSTR ($1.60 in chips) 
Dorex2007: posts small blind $0.01
DBLBLYBSTR: posts big blind $0.02
*** HOLE CARDS ***
Dealt to Dorex2007 [Th 2d]
leopoker1: folds 
twobuck22: calls $0.02
Beavis440 said, "churrilho da porra"
leopoker1 leaves the table
Beavis440: raises $0.06 to $0.08
Dorex2007: folds 
StefanN4444 leaves the table
DBLBLYBSTR: folds 
twobuck22: calls $0.06
*** FLOP *** [5h Js 9s]
DBLBLYBSTR leaves the table
twobuck22: checks 
Beavis440: bets $0.09
twobuck22: calls $0.09
*** TURN *** [5h Js 9s] [Qs]
twobuck22: checks 
Beavis440: checks 
*** RIVER *** [5h Js 9s Qs] [7c]
twobuck22: bets $0.08
Beavis440: calls $0.08
*** SHOW DOWN ***
twobuck22: shows [Qd Ks] (a pair of Queens)
Beavis440: shows [Ac Ah] (a pair of Aces)
Beavis440 collected $0.51 from pot
*** SUMMARY ***
Total pot $0.53 | Rake $0.02 
Board [5h Js 9s Qs 7c]
Seat 2: leopoker1 folded before Flop (didn't bet)
Seat 3: twobuck22 showed [Qd Ks] and lost with a pair of Queens
Seat 6: Beavis440 (button) showed [Ac Ah] and won ($0.51) with a pair of Aces
Seat 8: Dorex2007 (small blind) folded before Flop
Seat 9: DBLBLYBSTR (big blind) folded before Flop



PokerStars Hand #234801800096:  Hold'em No Limit ($0.01/$0.02 USD) - 2022/03/14 18:44:46 PT [2022/03/14 21:44:46 ET]
Table 'Acamas II' 9-max Seat #8 is the button
Seat 3: twobuck22 ($1.27 in chips) 
Seat 6: Beavis440 ($2.26 in chips) 
Seat 8: Dorex2007 ($3.24 in chips) 
twobuck22: posts small blind $0.01
Beavis440: posts big blind $0.02
*** HOLE CARDS ***
Dealt to Dorex2007 [4s 2d]
Dorex2007: folds 
twobuck22: calls $0.01
Beavis440: checks 
*** FLOP *** [Ks 9c Td]
twobuck22: bets $0.04
Beavis440: folds 
Uncalled bet ($0.04) returned to twobuck22
twobuck22 collected $0.04 from pot
twobuck22: doesn't show hand 
*** SUMMARY ***
Total pot $0.04 | Rake $0 
Board [Ks 9c Td]
Seat 3: twobuck22 (small blind) collected ($0.04)
Seat 6: Beavis440 (big blind) folded on the Flop
Seat 8: Dorex2007 (button) folded before Flop (didn't bet)



PokerStars Hand #234801804499:  Hold'em No Limit ($0.01/$0.02 USD) - 2022/03/14 18:45:05 PT [2022/03/14 21:45:05 ET]
Table 'Acamas II' 9-max Seat #3 is the button
Seat 3: twobuck22 ($1.29 in chips) 
Seat 6: Beavis440 ($2.24 in chips) 
Seat 8: Dorex2007 ($3.24 in chips) 
Beavis440: posts small blind $0.01
Dorex2007: posts big blind $0.02
*** HOLE CARDS ***
Dealt to Dorex2007 [Ad Ac]
twobuck22: calls $0.02
Beavis440: folds 
Dorex2007: raises $0.04 to $0.06
twobuck22: calls $0.04
*** FLOP *** [Qs Th 8c]
Beavis440 leaves the table
Dorex2007: bets $0.13
twobuck22: folds 
Uncalled bet ($0.13) returned to Dorex2007
Dorex2007 collected $0.13 from pot
Dorex2007: doesn't show hand 
*** SUMMARY ***
Total pot $0.13 | Rake $0 
Board [Qs Th 8c]
Seat 3: twobuck22 (button) folded on the Flop
Seat 6: Beavis440 (small blind) folded before Flop
Seat 8: Dorex2007 (big blind) collected ($0.13)



