PokerStars Hand #234429177674:  Hold'em No Limit ($0.01/$0.02 USD) - 2022/02/27 10:25:54 PT [2022/02/27 13:25:54 ET]
Table 'Columbia II' 9-max Seat #6 is the button
Seat 1: mih-mihGOL24 ($1.66 in chips) 
Seat 3: deso16 ($0.39 in chips) 
Seat 4: loyola2211 ($1.95 in chips) 
Seat 5: Dorex2007 ($2 in chips) 
Seat 6: pho13enix ($1.96 in chips) 
Seat 7: Virus2k4p ($3.55 in chips) 
Seat 8: google_8644 ($0.31 in chips) 
Seat 9: Vadimur1962 ($0.84 in chips) 
Virus2k4p: posts small blind $0.01
google_8644: posts big blind $0.02
Dorex2007: posts big blind $0.02
*** HOLE CARDS ***
Dealt to Dorex2007 [5h Js]
Vadimur1962: raises $0.02 to $0.04
mih-mihGOL24: folds 
deso16: folds 
loyola2211: folds 
Dorex2007: folds 
pho13enix: folds 
Virus2k4p: folds 
google_8644: calls $0.02
*** FLOP *** [3d Kc 7d]
google_8644: checks 
Vadimur1962: checks 
*** TURN *** [3d Kc 7d] [9s]
google_8644: bets $0.05
Vadimur1962: raises $0.25 to $0.30
google_8644: folds 
Uncalled bet ($0.25) returned to Vadimur1962
Vadimur1962 collected $0.20 from pot
Vadimur1962: doesn't show hand 
*** SUMMARY ***
Total pot $0.21 | Rake $0.01 
Board [3d Kc 7d 9s]
Seat 1: mih-mihGOL24 folded before Flop (didn't bet)
Seat 3: deso16 folded before Flop (didn't bet)
Seat 4: loyola2211 folded before Flop (didn't bet)
Seat 5: Dorex2007 folded before Flop (didn't bet)
Seat 6: pho13enix (button) folded before Flop (didn't bet)
Seat 7: Virus2k4p (small blind) folded before Flop
Seat 8: google_8644 (big blind) folded on the Turn
Seat 9: Vadimur1962 collected ($0.20)



PokerStars Hand #234429200660:  Hold'em No Limit ($0.01/$0.02 USD) - 2022/02/27 10:26:35 PT [2022/02/27 13:26:35 ET]
Table 'Columbia II' 9-max Seat #7 is the button
Seat 1: mih-mihGOL24 ($1.66 in chips) 
Seat 3: deso16 ($0.39 in chips) 
Seat 4: loyola2211 ($1.95 in chips) 
Seat 5: Dorex2007 ($2 in chips) 
Seat 6: pho13enix ($1.96 in chips) 
Seat 7: Virus2k4p ($3.54 in chips) 
Seat 8: google_8644 ($0.22 in chips) 
Seat 9: Vadimur1962 ($0.95 in chips) 
google_8644: posts small blind $0.01
Vadimur1962: posts big blind $0.02
*** HOLE CARDS ***
Dealt to Dorex2007 [Tc Kh]
mih-mihGOL24: folds 
deso16: folds 
loyola2211: folds 
Dorex2007: folds 
pho13enix: raises $0.04 to $0.06
Virus2k4p: folds 
google_8644: folds 
Vadimur1962: folds 
Uncalled bet ($0.04) returned to pho13enix
pho13enix collected $0.05 from pot
pho13enix: doesn't show hand 
*** SUMMARY ***
Total pot $0.05 | Rake $0 
Seat 1: mih-mihGOL24 folded before Flop (didn't bet)
Seat 3: deso16 folded before Flop (didn't bet)
Seat 4: loyola2211 folded before Flop (didn't bet)
Seat 5: Dorex2007 folded before Flop (didn't bet)
Seat 6: pho13enix collected ($0.05)
Seat 7: Virus2k4p (button) folded before Flop (didn't bet)
Seat 8: google_8644 (small blind) folded before Flop
Seat 9: Vadimur1962 (big blind) folded before Flop



PokerStars Hand #234429211454:  Hold'em No Limit ($0.01/$0.02 USD) - 2022/02/27 10:26:54 PT [2022/02/27 13:26:54 ET]
Table 'Columbia II' 9-max Seat #8 is the button
Seat 1: mih-mihGOL24 ($1.66 in chips) 
Seat 3: deso16 ($0.39 in chips) 
Seat 4: loyola2211 ($1.95 in chips) 
Seat 5: Dorex2007 ($2 in chips) 
Seat 6: pho13enix ($1.99 in chips) 
Seat 7: Virus2k4p ($3.54 in chips) 
Seat 8: google_8644 ($0.21 in chips) 
Seat 9: Vadimur1962 ($0.93 in chips) 
Vadimur1962: posts small blind $0.01
mih-mihGOL24: posts big blind $0.02
*** HOLE CARDS ***
Dealt to Dorex2007 [6h Ks]
deso16: calls $0.02
loyola2211: folds 
Dorex2007: folds 
pho13enix: folds 
Virus2k4p: folds 
google_8644: calls $0.02
Vadimur1962: folds 
mih-mihGOL24: checks 
*** FLOP *** [6c Td 6s]
mih-mihGOL24: checks 
deso16: checks 
google_8644: checks 
*** TURN *** [6c Td 6s] [Qs]
mih-mihGOL24: checks 
deso16: checks 
google_8644: checks 
*** RIVER *** [6c Td 6s Qs] [Kh]
mih-mihGOL24: checks 
deso16: checks 
google_8644: checks 
*** SHOW DOWN ***
mih-mihGOL24: shows [Qc 4c] (two pair, Queens and Sixes)
deso16: mucks hand 
google_8644: mucks hand 
mih-mihGOL24 collected $0.07 from pot
*** SUMMARY ***
Total pot $0.07 | Rake $0 
Board [6c Td 6s Qs Kh]
Seat 1: mih-mihGOL24 (big blind) showed [Qc 4c] and won ($0.07) with two pair, Queens and Sixes
Seat 3: deso16 mucked [9c Ts]
Seat 4: loyola2211 folded before Flop (didn't bet)
Seat 5: Dorex2007 folded before Flop (didn't bet)
Seat 6: pho13enix folded before Flop (didn't bet)
Seat 7: Virus2k4p folded before Flop (didn't bet)
Seat 8: google_8644 (button) mucked [4s 5d]
Seat 9: Vadimur1962 (small blind) folded before Flop



PokerStars Hand #234429234140:  Hold'em No Limit ($0.01/$0.02 USD) - 2022/02/27 10:27:34 PT [2022/02/27 13:27:34 ET]
Table 'Columbia II' 9-max Seat #9 is the button
Seat 1: mih-mihGOL24 ($1.71 in chips) 
Seat 3: deso16 ($0.37 in chips) 
Seat 4: loyola2211 ($1.95 in chips) 
Seat 5: Dorex2007 ($2 in chips) 
Seat 6: pho13enix ($1.99 in chips) 
Seat 7: Virus2k4p ($3.54 in chips) 
Seat 8: google_8644 ($0.19 in chips) 
Seat 9: Vadimur1962 ($0.92 in chips) 
mih-mihGOL24: posts small blind $0.01
deso16: posts big blind $0.02
*** HOLE CARDS ***
Dealt to Dorex2007 [Jc 3s]
loyola2211: folds 
Dorex2007: folds 
pho13enix: calls $0.02
Virus2k4p: folds 
google_8644: folds 
Vadimur1962: calls $0.02
mih-mihGOL24: calls $0.01
deso16: raises $0.04 to $0.06
pho13enix: calls $0.04
Vadimur1962: calls $0.04
mih-mihGOL24: folds 
*** FLOP *** [6s Qc 3h]
deso16: checks 
pho13enix: checks 
Vadimur1962: checks 
*** TURN *** [6s Qc 3h] [9s]
deso16: checks 
pho13enix: checks 
Vadimur1962: checks 
*** RIVER *** [6s Qc 3h 9s] [Kd]
deso16: bets $0.04
pho13enix: folds 
Vadimur1962: folds 
Uncalled bet ($0.04) returned to deso16
deso16 collected $0.19 from pot
Tobiz89 leaves the table
deso16: doesn't show hand 
*** SUMMARY ***
Total pot $0.20 | Rake $0.01 
Board [6s Qc 3h 9s Kd]
Seat 1: mih-mihGOL24 (small blind) folded before Flop
Seat 3: deso16 (big blind) collected ($0.19)
Seat 4: loyola2211 folded before Flop (didn't bet)
Seat 5: Dorex2007 folded before Flop (didn't bet)
Seat 6: pho13enix folded on the River
Seat 7: Virus2k4p folded before Flop (didn't bet)
Seat 8: google_8644 folded before Flop (didn't bet)
Seat 9: Vadimur1962 (button) folded on the River



PokerStars Hand #234429268647:  Hold'em No Limit ($0.01/$0.02 USD) - 2022/02/27 10:28:36 PT [2022/02/27 13:28:36 ET]
Table 'Columbia II' 9-max Seat #1 is the button
Seat 1: mih-mihGOL24 ($1.69 in chips) 
Seat 3: deso16 ($0.50 in chips) 
Seat 4: loyola2211 ($1.95 in chips) 
Seat 5: Dorex2007 ($2 in chips) 
Seat 6: pho13enix ($1.93 in chips) 
Seat 7: Virus2k4p ($3.54 in chips) 
Seat 8: google_8644 ($0.19 in chips) 
Seat 9: Vadimur1962 ($0.86 in chips) 
deso16: posts small blind $0.01
loyola2211: posts big blind $0.02
*** HOLE CARDS ***
Dealt to Dorex2007 [7c 5d]
Dorex2007: folds 
pho13enix: calls $0.02
Virus2k4p: folds 
google_8644: folds 
Vadimur1962: calls $0.02
mih-mihGOL24: folds 
Tobito95 joins the table at seat #2 
deso16: calls $0.01
loyola2211: checks 
*** FLOP *** [8s 3s 9d]
deso16: checks 
loyola2211: checks 
pho13enix: checks 
Vadimur1962: checks 
*** TURN *** [8s 3s 9d] [Ad]
deso16: checks 
loyola2211: bets $0.02
pho13enix: folds 
Vadimur1962: calls $0.02
deso16: folds 
*** RIVER *** [8s 3s 9d Ad] [Ts]
loyola2211: bets $0.02
Vadimur1962: calls $0.02
*** SHOW DOWN ***
loyola2211: shows [As 2c] (a pair of Aces)
Vadimur1962: mucks hand 
loyola2211 collected $0.15 from pot
*** SUMMARY ***
Total pot $0.16 | Rake $0.01 
Board [8s 3s 9d Ad Ts]
Seat 1: mih-mihGOL24 (button) folded before Flop (didn't bet)
Seat 3: deso16 (small blind) folded on the Turn
Seat 4: loyola2211 (big blind) showed [As 2c] and won ($0.15) with a pair of Aces
Seat 5: Dorex2007 folded before Flop (didn't bet)
Seat 6: pho13enix folded on the Turn
Seat 7: Virus2k4p folded before Flop (didn't bet)
Seat 8: google_8644 folded before Flop (didn't bet)
Seat 9: Vadimur1962 mucked [6h 9h]



PokerStars Hand #234429365726:  Hold'em No Limit ($0.01/$0.02 USD) - 2022/02/27 10:31:27 PT [2022/02/27 13:31:27 ET]
Table 'Columbia II' 9-max Seat #6 is the button
Seat 1: mih-mihGOL24 ($1.69 in chips) 
Seat 3: deso16 ($0.44 in chips) 
Seat 4: loyola2211 ($2.14 in chips) 
Seat 5: Dorex2007 ($2 in chips) 
Seat 6: pho13enix ($1.85 in chips) 
Seat 7: Virus2k4p ($3.50 in chips) 
Seat 8: google_8644 ($0.19 in chips) 
Seat 9: Vadimur1962 ($0.83 in chips) 
Virus2k4p: posts small blind $0.01
google_8644: posts big blind $0.02
Tobito95: sits out 
Dorex2007: posts small & big blinds $0.03
*** HOLE CARDS ***
Dealt to Dorex2007 [As 2h]
Vadimur1962: folds 
mih-mihGOL24: calls $0.02
deso16: calls $0.02
loyola2211: folds 
Dorex2007: checks 
pho13enix: folds 
Virus2k4p: calls $0.01
google_8644: raises $0.06 to $0.08
mih-mihGOL24: raises $1.61 to $1.69 and is all-in
deso16: calls $0.42 and is all-in
Dorex2007: folds 
Virus2k4p: folds 
google_8644: calls $0.11 and is all-in
Uncalled bet ($1.25) returned to mih-mihGOL24
*** FLOP *** [Tc 5c Qd]
*** TURN *** [Tc 5c Qd] [8c]
*** RIVER *** [Tc 5c Qd 8c] [8h]
*** SHOW DOWN ***
mih-mihGOL24: shows [Kc Ks] (two pair, Kings and Eights)
deso16: shows [Js 9h] (a straight, Eight to Queen)
deso16 collected $0.48 from side pot
google_8644: shows [Th Ac] (two pair, Tens and Eights)
deso16 collected $0.60 from main pot
*** SUMMARY ***
Total pot $1.12 Main pot $0.60. Side pot $0.48. | Rake $0.04 
Board [Tc 5c Qd 8c 8h]
Seat 1: mih-mihGOL24 showed [Kc Ks] and lost with two pair, Kings and Eights
Seat 3: deso16 showed [Js 9h] and won ($1.08) with a straight, Eight to Queen
Seat 4: loyola2211 folded before Flop (didn't bet)
Seat 5: Dorex2007 folded before Flop (didn't bet)
Seat 6: pho13enix (button) folded before Flop (didn't bet)
Seat 7: Virus2k4p (small blind) folded before Flop
Seat 8: google_8644 (big blind) showed [Th Ac] and lost with two pair, Tens and Eights
Seat 9: Vadimur1962 folded before Flop (didn't bet)



PokerStars Hand #234429404825:  Hold'em No Limit ($0.01/$0.02 USD) - 2022/02/27 10:32:36 PT [2022/02/27 13:32:36 ET]
Table 'Columbia II' 9-max Seat #7 is the button
Seat 1: mih-mihGOL24 ($1.25 in chips) 
Seat 3: deso16 ($1.08 in chips) 
Seat 4: loyola2211 ($2.14 in chips) 
Seat 5: Dorex2007 ($2 in chips) 
Seat 6: pho13enix ($1.85 in chips) 
Seat 7: Virus2k4p ($3.48 in chips) 
Seat 9: Vadimur1962 ($0.83 in chips) 
Vadimur1962: posts small blind $0.01
mih-mihGOL24: posts big blind $0.02
Tobito95: sits out 
*** HOLE CARDS ***
Dealt to Dorex2007 [Jh Ah]
deso16 has timed out
deso16: folds 
loyola2211: folds 
Dorex2007: raises $0.04 to $0.06
pho13enix: folds 
Virus2k4p: calls $0.06
Vadimur1962: folds 
mih-mihGOL24: calls $0.04
*** FLOP *** [2c 9s 9d]
mih-mihGOL24: checks 
Dorex2007: bets $0.18
Virus2k4p: folds 
mih-mihGOL24: folds 
Uncalled bet ($0.18) returned to Dorex2007
Dorex2007 collected $0.18 from pot
Dorex2007: doesn't show hand 
*** SUMMARY ***
Total pot $0.19 | Rake $0.01 
Board [2c 9s 9d]
Seat 1: mih-mihGOL24 (big blind) folded on the Flop
Seat 3: deso16 folded before Flop (didn't bet)
Seat 4: loyola2211 folded before Flop (didn't bet)
Seat 5: Dorex2007 collected ($0.18)
Seat 6: pho13enix folded before Flop (didn't bet)
Seat 7: Virus2k4p (button) folded on the Flop
Seat 9: Vadimur1962 (small blind) folded before Flop



PokerStars Hand #234429436862:  Hold'em No Limit ($0.01/$0.02 USD) - 2022/02/27 10:33:32 PT [2022/02/27 13:33:32 ET]
Table 'Columbia II' 9-max Seat #9 is the button
Seat 1: mih-mihGOL24 ($1.19 in chips) 
Seat 2: Tobito95 ($2 in chips) 
Seat 3: deso16 ($1.08 in chips) 
Seat 4: loyola2211 ($2.14 in chips) 
Seat 5: Dorex2007 ($2.12 in chips) 
Seat 6: pho13enix ($1.85 in chips) 
Seat 7: Virus2k4p ($3.42 in chips) 
Seat 8: google_8644 ($0.80 in chips) 
Seat 9: Vadimur1962 ($0.82 in chips) 
mih-mihGOL24: posts small blind $0.01
Tobito95: posts big blind $0.02
google_8644: posts small blind $0.01
*** HOLE CARDS ***
Dealt to Dorex2007 [Qd Qc]
deso16: raises $0.02 to $0.04
loyola2211: folds 
Dorex2007: raises $0.10 to $0.14
pho13enix: folds 
Virus2k4p: calls $0.14
google_8644: folds 
Vadimur1962: folds 
mih-mihGOL24: folds 
Tobito95: folds 
deso16: raises $0.94 to $1.08 and is all-in
Dorex2007: calls $0.94
Virus2k4p: folds 
*** FLOP *** [2h 2d 9h]
*** TURN *** [2h 2d 9h] [Qh]
*** RIVER *** [2h 2d 9h Qh] [Qs]
*** SHOW DOWN ***
deso16: shows [Ks Ah] (two pair, Queens and Deuces)
Dorex2007: shows [Qd Qc] (four of a kind, Queens)
Dorex2007 cashed out the hand for $1.28 | Cash Out Fee $0.01
*** SUMMARY ***
Total pot $2.34 | Rake $0.08 
Board [2h 2d 9h Qh Qs]
Seat 1: mih-mihGOL24 (small blind) folded before Flop
Seat 2: Tobito95 (big blind) folded before Flop
Seat 3: deso16 showed [Ks Ah] and lost with two pair, Queens and Deuces
Seat 4: loyola2211 folded before Flop (didn't bet)
Seat 5: Dorex2007 showed [Qd Qc] and won ($2.26) with four of a kind, Queens (pot not awarded as player cashed out)
Seat 6: pho13enix folded before Flop (didn't bet)
Seat 7: Virus2k4p folded before Flop
Seat 8: google_8644 folded before Flop (didn't bet)
Seat 9: Vadimur1962 (button) folded before Flop (didn't bet)



PokerStars Hand #234429468330:  Hold'em No Limit ($0.01/$0.02 USD) - 2022/02/27 10:34:27 PT [2022/02/27 13:34:27 ET]
Table 'Columbia II' 9-max Seat #1 is the button
Seat 1: mih-mihGOL24 ($1.18 in chips) 
Seat 2: Tobito95 ($2 in chips) 
Seat 4: loyola2211 ($2.14 in chips) 
Seat 5: Dorex2007 ($2.32 in chips) 
Seat 6: pho13enix ($1.85 in chips) 
Seat 7: Virus2k4p ($3.28 in chips) 
Seat 8: google_8644 ($0.79 in chips) 
Seat 9: Vadimur1962 ($0.82 in chips) 
Tobito95: posts small blind $0.01
loyola2211: posts big blind $0.02
*** HOLE CARDS ***
Dealt to Dorex2007 [3c Qh]
Dorex2007: folds 
pho13enix: folds 
deso16 leaves the table
bondo74rus joins the table at seat #3 
Virus2k4p has timed out
Virus2k4p: folds 
google_8644: raises $0.04 to $0.06
Vadimur1962: folds 
mih-mihGOL24: folds 
Tobito95: folds 
loyola2211: folds 
Uncalled bet ($0.04) returned to google_8644
google_8644 collected $0.05 from pot
google_8644: doesn't show hand 
*** SUMMARY ***
Total pot $0.05 | Rake $0 
Seat 1: mih-mihGOL24 (button) folded before Flop (didn't bet)
Seat 2: Tobito95 (small blind) folded before Flop
Seat 4: loyola2211 (big blind) folded before Flop
Seat 5: Dorex2007 folded before Flop (didn't bet)
Seat 6: pho13enix folded before Flop (didn't bet)
Seat 7: Virus2k4p folded before Flop (didn't bet)
Seat 8: google_8644 collected ($0.05)
Seat 9: Vadimur1962 folded before Flop (didn't bet)



PokerStars Hand #234429486235:  Hold'em No Limit ($0.01/$0.02 USD) - 2022/02/27 10:34:59 PT [2022/02/27 13:34:59 ET]
Table 'Columbia II' 9-max Seat #2 is the button
Seat 1: mih-mihGOL24 ($1.18 in chips) 
Seat 2: Tobito95 ($2 in chips) 
Seat 4: loyola2211 ($2.12 in chips) 
Seat 5: Dorex2007 ($2.32 in chips) 
Seat 6: pho13enix ($1.85 in chips) 
Seat 7: Virus2k4p ($3.28 in chips) 
Seat 8: google_8644 ($0.82 in chips) 
Seat 9: Vadimur1962 ($0.82 in chips) 
loyola2211: posts small blind $0.01
Dorex2007: posts big blind $0.02
*** HOLE CARDS ***
Dealt to Dorex2007 [Js 9d]
pho13enix: folds 
Virus2k4p: folds 
google_8644: folds 
Vadimur1962: raises $0.02 to $0.04
mih-mihGOL24: folds 
Tobito95: folds 
loyola2211: folds 
Dorex2007: folds 
Uncalled bet ($0.02) returned to Vadimur1962
Vadimur1962 collected $0.05 from pot
Vadimur1962: doesn't show hand 
*** SUMMARY ***
Total pot $0.05 | Rake $0 
Seat 1: mih-mihGOL24 folded before Flop (didn't bet)
Seat 2: Tobito95 (button) folded before Flop (didn't bet)
Seat 4: loyola2211 (small blind) folded before Flop
Seat 5: Dorex2007 (big blind) folded before Flop
Seat 6: pho13enix folded before Flop (didn't bet)
Seat 7: Virus2k4p folded before Flop (didn't bet)
Seat 8: google_8644 folded before Flop (didn't bet)
Seat 9: Vadimur1962 collected ($0.05)



PokerStars Hand #234429501930:  Hold'em No Limit ($0.01/$0.02 USD) - 2022/02/27 10:35:26 PT [2022/02/27 13:35:26 ET]
Table 'Columbia II' 9-max Seat #4 is the button
Seat 1: mih-mihGOL24 ($1.18 in chips) 
Seat 2: Tobito95 ($2 in chips) 
Seat 4: loyola2211 ($2.11 in chips) 
Seat 5: Dorex2007 ($2.30 in chips) 
Seat 6: pho13enix ($1.85 in chips) 
Seat 7: Virus2k4p ($3.28 in chips) 
Seat 8: google_8644 ($0.82 in chips) 
Seat 9: Vadimur1962 ($0.85 in chips) 
Dorex2007: posts small blind $0.01
pho13enix: posts big blind $0.02
bondo74rus: sits out 
*** HOLE CARDS ***
Dealt to Dorex2007 [3c Th]
Virus2k4p: folds 
google_8644: folds 
Vadimur1962: folds 
mih-mihGOL24: folds 
Tobito95: folds 
loyola2211: folds 
Dorex2007: folds 
Uncalled bet ($0.01) returned to pho13enix
pho13enix collected $0.02 from pot
pho13enix: doesn't show hand 
*** SUMMARY ***
Total pot $0.02 | Rake $0 
Seat 1: mih-mihGOL24 folded before Flop (didn't bet)
Seat 2: Tobito95 folded before Flop (didn't bet)
Seat 4: loyola2211 (button) folded before Flop (didn't bet)
Seat 5: Dorex2007 (small blind) folded before Flop
Seat 6: pho13enix (big blind) collected ($0.02)
Seat 7: Virus2k4p folded before Flop (didn't bet)
Seat 8: google_8644 folded before Flop (didn't bet)
Seat 9: Vadimur1962 folded before Flop (didn't bet)



PokerStars Hand #234429509972:  Hold'em No Limit ($0.01/$0.02 USD) - 2022/02/27 10:35:40 PT [2022/02/27 13:35:40 ET]
Table 'Columbia II' 9-max Seat #5 is the button
Seat 1: mih-mihGOL24 ($1.18 in chips) 
Seat 2: Tobito95 ($2 in chips) 
Seat 4: loyola2211 ($2.11 in chips) 
Seat 5: Dorex2007 ($2.29 in chips) 
Seat 6: pho13enix ($1.86 in chips) 
Seat 7: Virus2k4p ($3.28 in chips) 
Seat 8: google_8644 ($0.82 in chips) 
Seat 9: Vadimur1962 ($0.85 in chips) 
pho13enix: posts small blind $0.01
Virus2k4p: posts big blind $0.02
bondo74rus: sits out 
*** HOLE CARDS ***
Dealt to Dorex2007 [8d Ad]
google_8644: folds 
Vadimur1962: folds 
mih-mihGOL24: raises $0.04 to $0.06
Tobito95: folds 
loyola2211: folds 
Dorex2007: folds 
pho13enix: raises $0.12 to $0.18
Virus2k4p: folds 
mih-mihGOL24: calls $0.12
*** FLOP *** [8s Kc 6d]
pho13enix: bets $0.20
mih-mihGOL24: folds 
Uncalled bet ($0.20) returned to pho13enix
pho13enix collected $0.37 from pot
pho13enix: doesn't show hand 
*** SUMMARY ***
Total pot $0.38 | Rake $0.01 
Board [8s Kc 6d]
Seat 1: mih-mihGOL24 folded on the Flop
Seat 2: Tobito95 folded before Flop (didn't bet)
Seat 4: loyola2211 folded before Flop (didn't bet)
Seat 5: Dorex2007 (button) folded before Flop (didn't bet)
Seat 6: pho13enix (small blind) collected ($0.37)
Seat 7: Virus2k4p (big blind) folded before Flop
Seat 8: google_8644 folded before Flop (didn't bet)
Seat 9: Vadimur1962 folded before Flop (didn't bet)



PokerStars Hand #234429539162:  Hold'em No Limit ($0.01/$0.02 USD) - 2022/02/27 10:36:32 PT [2022/02/27 13:36:32 ET]
Table 'Columbia II' 9-max Seat #6 is the button
Seat 1: mih-mihGOL24 ($1 in chips) 
Seat 2: Tobito95 ($2 in chips) 
Seat 4: loyola2211 ($2.11 in chips) 
Seat 5: Dorex2007 ($2.29 in chips) 
Seat 6: pho13enix ($2.05 in chips) 
Seat 7: Virus2k4p ($3.26 in chips) 
Seat 8: google_8644 ($0.82 in chips) 
Seat 9: Vadimur1962 ($0.85 in chips) 
Virus2k4p: posts small blind $0.01
google_8644: posts big blind $0.02
bondo74rus: sits out 
*** HOLE CARDS ***
Dealt to Dorex2007 [Ks Td]
Vadimur1962: folds 
mih-mihGOL24: folds 
Tobito95: calls $0.02
loyola2211: folds 
Dorex2007: calls $0.02
pho13enix: folds 
Virus2k4p: raises $0.08 to $0.10
google_8644: folds 
Tobito95: folds 
Dorex2007: folds 
Uncalled bet ($0.08) returned to Virus2k4p
Virus2k4p collected $0.08 from pot
Virus2k4p: doesn't show hand 
*** SUMMARY ***
Total pot $0.08 | Rake $0 
Seat 1: mih-mihGOL24 folded before Flop (didn't bet)
Seat 2: Tobito95 folded before Flop
Seat 4: loyola2211 folded before Flop (didn't bet)
Seat 5: Dorex2007 folded before Flop
Seat 6: pho13enix (button) folded before Flop (didn't bet)
Seat 7: Virus2k4p (small blind) collected ($0.08)
Seat 8: google_8644 (big blind) folded before Flop
Seat 9: Vadimur1962 folded before Flop (didn't bet)



PokerStars Hand #234429555187:  Hold'em No Limit ($0.01/$0.02 USD) - 2022/02/27 10:37:00 PT [2022/02/27 13:37:00 ET]
Table 'Columbia II' 9-max Seat #7 is the button
Seat 1: mih-mihGOL24 ($1 in chips) 
Seat 2: Tobito95 ($2 in chips) 
Seat 4: loyola2211 ($2.11 in chips) 
Seat 5: Dorex2007 ($2.27 in chips) 
Seat 6: pho13enix ($2.05 in chips) 
Seat 7: Virus2k4p ($3.32 in chips) 
Seat 8: google_8644 ($0.80 in chips) 
Seat 9: Vadimur1962 ($0.85 in chips) 
google_8644: posts small blind $0.01
Vadimur1962: posts big blind $0.02
bondo74rus: sits out 
*** HOLE CARDS ***
Dealt to Dorex2007 [Td 2c]
mih-mihGOL24: folds 
Tobito95: calls $0.02
loyola2211: folds 
Dorex2007: folds 
pho13enix: folds 
Virus2k4p: raises $0.04 to $0.06
google_8644: calls $0.05
Vadimur1962: folds 
Tobito95: calls $0.04
*** FLOP *** [7h 5c 9d]
google_8644: checks 
Tobito95: checks 
Virus2k4p: bets $0.13
google_8644: folds 
Tobito95: folds 
Uncalled bet ($0.13) returned to Virus2k4p
Virus2k4p collected $0.19 from pot
Virus2k4p: doesn't show hand 
*** SUMMARY ***
Total pot $0.20 | Rake $0.01 
Board [7h 5c 9d]
Seat 1: mih-mihGOL24 folded before Flop (didn't bet)
Seat 2: Tobito95 folded on the Flop
Seat 4: loyola2211 folded before Flop (didn't bet)
Seat 5: Dorex2007 folded before Flop (didn't bet)
Seat 6: pho13enix folded before Flop (didn't bet)
Seat 7: Virus2k4p (button) collected ($0.19)
Seat 8: google_8644 (small blind) folded on the Flop
Seat 9: Vadimur1962 (big blind) folded before Flop



PokerStars Hand #234429592039:  Hold'em No Limit ($0.01/$0.02 USD) - 2022/02/27 10:38:02 PT [2022/02/27 13:38:02 ET]
Table 'Columbia II' 9-max Seat #8 is the button
Seat 1: mih-mihGOL24 ($1 in chips) 
Seat 2: Tobito95 ($2 in chips) 
Seat 4: loyola2211 ($2.11 in chips) 
Seat 5: Dorex2007 ($2.27 in chips) 
Seat 6: pho13enix ($2.05 in chips) 
Seat 7: Virus2k4p ($3.45 in chips) 
Seat 8: google_8644 ($0.74 in chips) 
Seat 9: Vadimur1962 ($0.83 in chips) 
Vadimur1962: posts small blind $0.01
mih-mihGOL24: posts big blind $0.02
bondo74rus: sits out 
*** HOLE CARDS ***
Dealt to Dorex2007 [3s Th]
Tobito95: folds 
loyola2211: raises $0.04 to $0.06
Dorex2007: folds 
pho13enix: folds 
Virus2k4p: folds 
google_8644: folds 
Vadimur1962: calls $0.05
mih-mihGOL24: folds 
*** FLOP *** [Tc Jh 6s]
Vadimur1962: checks 
loyola2211: checks 
*** TURN *** [Tc Jh 6s] [Js]
Vadimur1962: checks 
loyola2211: bets $0.07
Vadimur1962: folds 
Uncalled bet ($0.07) returned to loyola2211
loyola2211 collected $0.14 from pot
loyola2211: doesn't show hand 
*** SUMMARY ***
Total pot $0.14 | Rake $0 
Board [Tc Jh 6s Js]
Seat 1: mih-mihGOL24 (big blind) folded before Flop
Seat 2: Tobito95 folded before Flop (didn't bet)
Seat 4: loyola2211 collected ($0.14)
Seat 5: Dorex2007 folded before Flop (didn't bet)
Seat 6: pho13enix folded before Flop (didn't bet)
Seat 7: Virus2k4p folded before Flop (didn't bet)
Seat 8: google_8644 (button) folded before Flop (didn't bet)
Seat 9: Vadimur1962 (small blind) folded on the Turn



PokerStars Hand #234429619093:  Hold'em No Limit ($0.01/$0.02 USD) - 2022/02/27 10:38:49 PT [2022/02/27 13:38:49 ET]
Table 'Columbia II' 9-max Seat #9 is the button
Seat 1: mih-mihGOL24 ($0.98 in chips) 
Seat 2: Tobito95 ($2 in chips) 
Seat 4: loyola2211 ($2.19 in chips) 
Seat 5: Dorex2007 ($2.27 in chips) 
Seat 6: pho13enix ($2.05 in chips) 
Seat 7: Virus2k4p ($3.45 in chips) 
Seat 8: google_8644 ($0.74 in chips) 
Seat 9: Vadimur1962 ($0.77 in chips) 
mih-mihGOL24: posts small blind $0.01
Tobito95: posts big blind $0.02
bondo74rus: sits out 
*** HOLE CARDS ***
Dealt to Dorex2007 [Ad Qs]
loyola2211: folds 
Dorex2007: raises $0.02 to $0.04
pho13enix: folds 
Virus2k4p: folds 
google_8644: folds 
Vadimur1962: calls $0.04
mih-mihGOL24: folds 
Tobito95: calls $0.02
*** FLOP *** [As 6c Kc]
Tobito95: checks 
Dorex2007: bets $0.13
Vadimur1962: raises $0.13 to $0.26
Tobito95: folds 
Dorex2007: calls $0.13
*** TURN *** [As 6c Kc] [Qd]
Dorex2007: bets $1.97 and is all-in
Vadimur1962: calls $0.47 and is all-in
Uncalled bet ($1.50) returned to Dorex2007
*** RIVER *** [As 6c Kc Qd] [2h]
*** SHOW DOWN ***
Dorex2007: shows [Ad Qs] (two pair, Aces and Queens)
Vadimur1962: shows [Ac Ks] (two pair, Aces and Kings)
Vadimur1962 collected $1.53 from pot
*** SUMMARY ***
Total pot $1.59 | Rake $0.06 
Board [As 6c Kc Qd 2h]
Seat 1: mih-mihGOL24 (small blind) folded before Flop
Seat 2: Tobito95 (big blind) folded on the Flop
Seat 4: loyola2211 folded before Flop (didn't bet)
Seat 5: Dorex2007 showed [Ad Qs] and lost with two pair, Aces and Queens
Seat 6: pho13enix folded before Flop (didn't bet)
Seat 7: Virus2k4p folded before Flop (didn't bet)
Seat 8: google_8644 folded before Flop (didn't bet)
Seat 9: Vadimur1962 (button) showed [Ac Ks] and won ($1.53) with two pair, Aces and Kings



PokerStars Hand #234429656381:  Hold'em No Limit ($0.01/$0.02 USD) - 2022/02/27 10:39:55 PT [2022/02/27 13:39:55 ET]
Table 'Columbia II' 9-max Seat #1 is the button
Seat 1: mih-mihGOL24 ($0.97 in chips) 
Seat 2: Tobito95 ($2 in chips) 
Seat 3: bondo74rus ($2 in chips) 
Seat 4: loyola2211 ($2.19 in chips) 
Seat 5: Dorex2007 ($2 in chips) 
Seat 6: pho13enix ($2.05 in chips) 
Seat 7: Virus2k4p ($3.45 in chips) 
Seat 9: Vadimur1962 ($1.53 in chips) 
Tobito95: posts small blind $0.01
bondo74rus: posts big blind $0.02
*** HOLE CARDS ***
Dealt to Dorex2007 [Jh Qs]
loyola2211: raises $0.02 to $0.04
Dorex2007: folds 
pho13enix: folds 
Virus2k4p: raises $0.02 to $0.06
Vadimur1962: calls $0.06
mih-mihGOL24: folds 
Tobito95: folds 
bondo74rus: folds 
loyola2211: calls $0.02
*** FLOP *** [Kc 2d Jd]
loyola2211: bets $0.02
Virus2k4p: calls $0.02
Vadimur1962: calls $0.02
*** TURN *** [Kc 2d Jd] [4s]
loyola2211: bets $0.06
Virus2k4p: calls $0.06
Vadimur1962: calls $0.06
*** RIVER *** [Kc 2d Jd 4s] [Td]
loyola2211: bets $0.10
Virus2k4p: calls $0.10
Vadimur1962: folds 
*** SHOW DOWN ***
loyola2211: shows [Js Th] (two pair, Jacks and Tens)
Virus2k4p: mucks hand 
loyola2211 collected $0.63 from pot
*** SUMMARY ***
Total pot $0.65 | Rake $0.02 
Board [Kc 2d Jd 4s Td]
Seat 1: mih-mihGOL24 (button) folded before Flop (didn't bet)
Seat 2: Tobito95 (small blind) folded before Flop
Seat 3: bondo74rus (big blind) folded before Flop
Seat 4: loyola2211 showed [Js Th] and won ($0.63) with two pair, Jacks and Tens
Seat 5: Dorex2007 folded before Flop (didn't bet)
Seat 6: pho13enix folded before Flop (didn't bet)
Seat 7: Virus2k4p mucked [4c Jc]
Seat 9: Vadimur1962 folded on the River



PokerStars Hand #234429689641:  Hold'em No Limit ($0.01/$0.02 USD) - 2022/02/27 10:40:53 PT [2022/02/27 13:40:53 ET]
Table 'Columbia II' 9-max Seat #2 is the button
Seat 1: mih-mihGOL24 ($0.97 in chips) 
Seat 2: Tobito95 ($2 in chips) 
Seat 3: bondo74rus ($2 in chips) 
Seat 4: loyola2211 ($2.58 in chips) 
Seat 5: Dorex2007 ($2 in chips) 
Seat 7: Virus2k4p ($3.21 in chips) 
Seat 9: Vadimur1962 ($1.39 in chips) 
bondo74rus: posts small blind $0.01
loyola2211: posts big blind $0.02
*** HOLE CARDS ***
Dealt to Dorex2007 [4d 8s]
Dorex2007: folds 
Virus2k4p: folds 
Vadimur1962: raises $0.02 to $0.04
mih-mihGOL24: folds 
Tobito95: folds 
bondo74rus: folds 
loyola2211: folds 
Uncalled bet ($0.02) returned to Vadimur1962
Vadimur1962 collected $0.05 from pot
Vadimur1962: doesn't show hand 
*** SUMMARY ***
Total pot $0.05 | Rake $0 
Seat 1: mih-mihGOL24 folded before Flop (didn't bet)
Seat 2: Tobito95 (button) folded before Flop (didn't bet)
Seat 3: bondo74rus (small blind) folded before Flop
Seat 4: loyola2211 (big blind) folded before Flop
Seat 5: Dorex2007 folded before Flop (didn't bet)
Seat 7: Virus2k4p folded before Flop (didn't bet)
Seat 9: Vadimur1962 collected ($0.05)



PokerStars Hand #234429927339:  Hold'em No Limit ($0.01/$0.02 USD) - 2022/02/27 10:47:23 PT [2022/02/27 13:47:23 ET]
Table 'Columbia II' 9-max Seat #6 is the button
Seat 1: mih-mihGOL24 ($0.85 in chips) 
Seat 2: Tobito95 ($2.05 in chips) 
Seat 3: bondo74rus ($2.07 in chips) 
Seat 4: loyola2211 ($2.71 in chips) 
Seat 5: Dorex2007 ($2 in chips) 
Seat 6: pho13enix ($2.06 in chips) 
Seat 7: Virus2k4p ($3.22 in chips) 
Seat 9: Vadimur1962 ($1.35 in chips) 
Virus2k4p: posts small blind $0.01
Vadimur1962: posts big blind $0.02
Dorex2007: posts small & big blinds $0.03
*** HOLE CARDS ***
Dealt to Dorex2007 [Kc 3s]
mih-mihGOL24: folds 
Tobito95: folds 
bondo74rus: folds 
loyola2211: folds 
Dorex2007: checks 
pho13enix: folds 
Virus2k4p: raises $0.04 to $0.06
Vadimur1962: folds 
Dorex2007: folds 
Uncalled bet ($0.04) returned to Virus2k4p
Virus2k4p collected $0.07 from pot
Virus2k4p: doesn't show hand 
*** SUMMARY ***
Total pot $0.07 | Rake $0 
Seat 1: mih-mihGOL24 folded before Flop (didn't bet)
Seat 2: Tobito95 folded before Flop (didn't bet)
Seat 3: bondo74rus folded before Flop (didn't bet)
Seat 4: loyola2211 folded before Flop (didn't bet)
Seat 5: Dorex2007 folded before Flop (didn't bet)
Seat 6: pho13enix (button) folded before Flop (didn't bet)
Seat 7: Virus2k4p (small blind) collected ($0.07)
Seat 9: Vadimur1962 (big blind) folded before Flop



PokerStars Hand #234429943846:  Hold'em No Limit ($0.01/$0.02 USD) - 2022/02/27 10:47:52 PT [2022/02/27 13:47:52 ET]
Table 'Columbia II' 9-max Seat #7 is the button
Seat 1: mih-mihGOL24 ($0.85 in chips) 
Seat 2: Tobito95 ($2.05 in chips) 
Seat 3: bondo74rus ($2.07 in chips) 
Seat 4: loyola2211 ($2.71 in chips) 
Seat 5: Dorex2007 ($2 in chips) 
Seat 6: pho13enix ($2.06 in chips) 
Seat 7: Virus2k4p ($3.27 in chips) 
Seat 9: Vadimur1962 ($1.33 in chips) 
Vadimur1962: posts small blind $0.01
mih-mihGOL24: posts big blind $0.02
*** HOLE CARDS ***
Dealt to Dorex2007 [Ac Kc]
Tobito95: calls $0.02
bondo74rus: folds 
loyola2211: folds 
Dorex2007: raises $0.10 to $0.12
pho13enix: calls $0.12
Virus2k4p: folds 
Vadimur1962: folds 
mih-mihGOL24: folds 
Tobito95: folds 
*** FLOP *** [8s 4h Td]
Dorex2007: bets $0.28
pho13enix: folds 
Uncalled bet ($0.28) returned to Dorex2007
Dorex2007 collected $0.28 from pot
Dorex2007: doesn't show hand 
*** SUMMARY ***
Total pot $0.29 | Rake $0.01 
Board [8s 4h Td]
Seat 1: mih-mihGOL24 (big blind) folded before Flop
Seat 2: Tobito95 folded before Flop
Seat 3: bondo74rus folded before Flop (didn't bet)
Seat 4: loyola2211 folded before Flop (didn't bet)
Seat 5: Dorex2007 collected ($0.28)
Seat 6: pho13enix folded on the Flop
Seat 7: Virus2k4p (button) folded before Flop (didn't bet)
Seat 9: Vadimur1962 (small blind) folded before Flop



PokerStars Hand #234429970604:  Hold'em No Limit ($0.01/$0.02 USD) - 2022/02/27 10:48:39 PT [2022/02/27 13:48:39 ET]
Table 'Columbia II' 9-max Seat #9 is the button
Seat 1: mih-mihGOL24 ($0.83 in chips) 
Seat 2: Tobito95 ($2.03 in chips) 
Seat 3: bondo74rus ($2.07 in chips) 
Seat 4: loyola2211 ($2.71 in chips) 
Seat 5: Dorex2007 ($2.16 in chips) 
Seat 6: pho13enix ($1.94 in chips) 
Seat 7: Virus2k4p ($3.27 in chips) 
Seat 9: Vadimur1962 ($1.32 in chips) 
mih-mihGOL24: posts small blind $0.01
Tobito95: posts big blind $0.02
*** HOLE CARDS ***
Dealt to Dorex2007 [Ks 5h]
bondo74rus: folds 
loyola2211: folds 
Dorex2007: folds 
pho13enix: raises $0.04 to $0.06
Virus2k4p: folds 
Vadimur1962: folds 
mih-mihGOL24: folds 
Tobito95: calls $0.04
*** FLOP *** [7c Td 2h]
Tobito95: bets $0.07
pho13enix: folds 
Uncalled bet ($0.07) returned to Tobito95
Tobito95 collected $0.13 from pot
Tobito95: doesn't show hand 
*** SUMMARY ***
Total pot $0.13 | Rake $0 
Board [7c Td 2h]
Seat 1: mih-mihGOL24 (small blind) folded before Flop
Seat 2: Tobito95 (big blind) collected ($0.13)
Seat 3: bondo74rus folded before Flop (didn't bet)
Seat 4: loyola2211 folded before Flop (didn't bet)
Seat 5: Dorex2007 folded before Flop (didn't bet)
Seat 6: pho13enix folded on the Flop
Seat 7: Virus2k4p folded before Flop (didn't bet)
Seat 9: Vadimur1962 (button) folded before Flop (didn't bet)



PokerStars Hand #234429992787:  Hold'em No Limit ($0.01/$0.02 USD) - 2022/02/27 10:49:18 PT [2022/02/27 13:49:18 ET]
Table 'Columbia II' 9-max Seat #1 is the button
Seat 1: mih-mihGOL24 ($0.82 in chips) 
Seat 2: Tobito95 ($2.10 in chips) 
Seat 3: bondo74rus ($2.07 in chips) 
Seat 4: loyola2211 ($2.71 in chips) 
Seat 5: Dorex2007 ($2.16 in chips) 
Seat 6: pho13enix ($1.88 in chips) 
Seat 7: Virus2k4p ($3.27 in chips) 
Seat 9: Vadimur1962 ($1.32 in chips) 
Tobito95: posts small blind $0.01
bondo74rus: posts big blind $0.02
*** HOLE CARDS ***
Dealt to Dorex2007 [Ts 2s]
loyola2211: folds 
Dorex2007: folds 
pho13enix: folds 
Virus2k4p: raises $0.04 to $0.06
Vadimur1962: folds 
mih-mihGOL24: folds 
Tobito95: calls $0.05
bondo74rus: folds 
*** FLOP *** [9h 2c 9s]
Tobito95: bets $0.07
Virus2k4p: calls $0.07
*** TURN *** [9h 2c 9s] [9c]
Tobito95: bets $0.14
Virus2k4p: calls $0.14
*** RIVER *** [9h 2c 9s 9c] [Qd]
Tobito95: checks 
Virus2k4p: checks 
*** SHOW DOWN ***
Tobito95: shows [Ac Ks] (three of a kind, Nines)
Virus2k4p: shows [3c 3s] (a full house, Nines full of Threes)
Virus2k4p collected $0.54 from pot
*** SUMMARY ***
Total pot $0.56 | Rake $0.02 
Board [9h 2c 9s 9c Qd]
Seat 1: mih-mihGOL24 (button) folded before Flop (didn't bet)
Seat 2: Tobito95 (small blind) showed [Ac Ks] and lost with three of a kind, Nines
Seat 3: bondo74rus (big blind) folded before Flop
Seat 4: loyola2211 folded before Flop (didn't bet)
Seat 5: Dorex2007 folded before Flop (didn't bet)
Seat 6: pho13enix folded before Flop (didn't bet)
Seat 7: Virus2k4p showed [3c 3s] and won ($0.54) with a full house, Nines full of Threes
Seat 9: Vadimur1962 folded before Flop (didn't bet)



PokerStars Hand #234430015553:  Hold'em No Limit ($0.01/$0.02 USD) - 2022/02/27 10:49:59 PT [2022/02/27 13:49:59 ET]
Table 'Columbia II' 9-max Seat #2 is the button
Seat 1: mih-mihGOL24 ($0.82 in chips) 
Seat 2: Tobito95 ($2 in chips) 
Seat 3: bondo74rus ($2.05 in chips) 
Seat 4: loyola2211 ($2.71 in chips) 
Seat 5: Dorex2007 ($2.16 in chips) 
Seat 6: pho13enix ($1.88 in chips) 
Seat 9: Vadimur1962 ($1.32 in chips) 
bondo74rus: posts small blind $0.01
loyola2211: posts big blind $0.02
*** HOLE CARDS ***
Dealt to Dorex2007 [Td 2s]
Dorex2007: folds 
pho13enix: folds 
Vadimur1962: folds 
Virus2k4p leaves the table
mih-mihGOL24: folds 
Tobito95: raises $0.04 to $0.06
bondo74rus: folds 
loyola2211: calls $0.04
*** FLOP *** [2c Qh 4d]
loyola2211: checks 
Tobito95: checks 
*** TURN *** [2c Qh 4d] [Kh]
loyola2211: checks 
Tobito95: bets $0.07
loyola2211: folds 
Uncalled bet ($0.07) returned to Tobito95
Tobito95 collected $0.13 from pot
Tobito95: doesn't show hand 
*** SUMMARY ***
Total pot $0.13 | Rake $0 
Board [2c Qh 4d Kh]
Seat 1: mih-mihGOL24 folded before Flop (didn't bet)
Seat 2: Tobito95 (button) collected ($0.13)
Seat 3: bondo74rus (small blind) folded before Flop
Seat 4: loyola2211 (big blind) folded on the Turn
Seat 5: Dorex2007 folded before Flop (didn't bet)
Seat 6: pho13enix folded before Flop (didn't bet)
Seat 9: Vadimur1962 folded before Flop (didn't bet)



PokerStars Hand #234430040852:  Hold'em No Limit ($0.01/$0.02 USD) - 2022/02/27 10:50:44 PT [2022/02/27 13:50:44 ET]
Table 'Columbia II' 9-max Seat #3 is the button
Seat 1: mih-mihGOL24 ($0.82 in chips) 
Seat 2: Tobito95 ($2.07 in chips) 
Seat 3: bondo74rus ($2.04 in chips) 
Seat 4: loyola2211 ($2.65 in chips) 
Seat 5: Dorex2007 ($2.16 in chips) 
Seat 6: pho13enix ($1.88 in chips) 
Seat 9: Vadimur1962 ($1.32 in chips) 
loyola2211: posts small blind $0.01
Dorex2007: posts big blind $0.02
*** HOLE CARDS ***
Dealt to Dorex2007 [6h Ks]
pho13enix: folds 
Vadimur1962: folds 
mih-mihGOL24: calls $0.02
Tobito95: folds 
nikkaras911 joins the table at seat #7 
bondo74rus: folds 
loyola2211: calls $0.01
Dorex2007: checks 
*** FLOP *** [Tc Qh 3s]
loyola2211: checks 
Dorex2007: checks 
mih-mihGOL24: checks 
*** TURN *** [Tc Qh 3s] [2h]
loyola2211: checks 
Dorex2007: checks 
mih-mihGOL24: checks 
*** RIVER *** [Tc Qh 3s 2h] [5s]
loyola2211: checks 
Dorex2007: checks 
mih-mihGOL24: checks 
*** SHOW DOWN ***
loyola2211: shows [Ac 7c] (high card Ace)
Dorex2007: mucks hand 
mih-mihGOL24: shows [Jc Td] (a pair of Tens)
mih-mihGOL24 collected $0.06 from pot
*** SUMMARY ***
Total pot $0.06 | Rake $0 
Board [Tc Qh 3s 2h 5s]
Seat 1: mih-mihGOL24 showed [Jc Td] and won ($0.06) with a pair of Tens
Seat 2: Tobito95 folded before Flop (didn't bet)
Seat 3: bondo74rus (button) folded before Flop (didn't bet)
Seat 4: loyola2211 (small blind) showed [Ac 7c] and lost with high card Ace
Seat 5: Dorex2007 (big blind) mucked [6h Ks]
Seat 6: pho13enix folded before Flop (didn't bet)
Seat 9: Vadimur1962 folded before Flop (didn't bet)



PokerStars Hand #234430085711:  Hold'em No Limit ($0.01/$0.02 USD) - 2022/02/27 10:52:04 PT [2022/02/27 13:52:04 ET]
Table 'Columbia II' 9-max Seat #5 is the button
Seat 1: mih-mihGOL24 ($0.86 in chips) 
Seat 2: Tobito95 ($2.07 in chips) 
Seat 3: bondo74rus ($2.04 in chips) 
Seat 5: Dorex2007 ($2.14 in chips) 
Seat 6: pho13enix ($1.88 in chips) 
Seat 7: nikkaras911 ($0.99 in chips) 
Seat 9: Vadimur1962 ($1.32 in chips) 
pho13enix: posts small blind $0.01
nikkaras911: posts big blind $0.02
*** HOLE CARDS ***
Dealt to Dorex2007 [7h Jc]
google_8644 is disconnected 
Vadimur1962: folds 
mih-mihGOL24: folds 
Tobito95: folds 
bondo74rus: folds 
Dorex2007: folds 
pho13enix: folds 
Uncalled bet ($0.01) returned to nikkaras911
nikkaras911 collected $0.02 from pot
nikkaras911: doesn't show hand 
*** SUMMARY ***
Total pot $0.02 | Rake $0 
Seat 1: mih-mihGOL24 folded before Flop (didn't bet)
Seat 2: Tobito95 folded before Flop (didn't bet)
Seat 3: bondo74rus folded before Flop (didn't bet)
Seat 5: Dorex2007 (button) folded before Flop (didn't bet)
Seat 6: pho13enix (small blind) folded before Flop
Seat 7: nikkaras911 (big blind) collected ($0.02)
Seat 9: Vadimur1962 folded before Flop (didn't bet)



PokerStars Hand #234430094410:  Hold'em No Limit ($0.01/$0.02 USD) - 2022/02/27 10:52:19 PT [2022/02/27 13:52:19 ET]
Table 'Columbia II' 9-max Seat #6 is the button
Seat 1: mih-mihGOL24 ($0.86 in chips) 
Seat 2: Tobito95 ($2.07 in chips) 
Seat 3: bondo74rus ($2.04 in chips) 
Seat 5: Dorex2007 ($2.14 in chips) 
Seat 6: pho13enix ($1.87 in chips) 
Seat 7: nikkaras911 ($1 in chips) 
Seat 9: Vadimur1962 ($1.32 in chips) 
nikkaras911: posts small blind $0.01
Vadimur1962: posts big blind $0.02
*** HOLE CARDS ***
Dealt to Dorex2007 [Qh 9c]
mih-mihGOL24: calls $0.02
Tobito95: folds 
bondo74rus: raises $0.06 to $0.08
Dorex2007: folds 
pho13enix: folds 
nikkaras911: raises $0.12 to $0.20
lirik player joins the table at seat #4 
Vadimur1962: folds 
mih-mihGOL24: folds 
bondo74rus: folds 
Uncalled bet ($0.12) returned to nikkaras911
nikkaras911 collected $0.20 from pot
nikkaras911: doesn't show hand 
*** SUMMARY ***
Total pot $0.20 | Rake $0 
Seat 1: mih-mihGOL24 folded before Flop
Seat 2: Tobito95 folded before Flop (didn't bet)
Seat 3: bondo74rus folded before Flop
Seat 5: Dorex2007 folded before Flop (didn't bet)
Seat 6: pho13enix (button) folded before Flop (didn't bet)
Seat 7: nikkaras911 (small blind) collected ($0.20)
Seat 9: Vadimur1962 (big blind) folded before Flop



PokerStars Hand #234430110468:  Hold'em No Limit ($0.01/$0.02 USD) - 2022/02/27 10:52:48 PT [2022/02/27 13:52:48 ET]
Table 'Columbia II' 9-max Seat #7 is the button
Seat 1: mih-mihGOL24 ($0.84 in chips) 
Seat 2: Tobito95 ($2.07 in chips) 
Seat 3: bondo74rus ($2 in chips) 
Seat 5: Dorex2007 ($2.14 in chips) 
Seat 6: pho13enix ($1.87 in chips) 
Seat 7: nikkaras911 ($1.12 in chips) 
Seat 9: Vadimur1962 ($1.30 in chips) 
Vadimur1962: posts small blind $0.01
mih-mihGOL24: posts big blind $0.02
lirik player: sits out 
*** HOLE CARDS ***
Dealt to Dorex2007 [9s Qh]
Tobito95: calls $0.02
bondo74rus: folds 
Dorex2007: folds 
pho13enix: folds 
nikkaras911: raises $0.07 to $0.09
Vadimur1962: folds 
mih-mihGOL24: folds 
Tobito95: calls $0.07
*** FLOP *** [2s Js 6c]
Tobito95: checks 
nikkaras911: bets $0.10
Tobito95: calls $0.10
*** TURN *** [2s Js 6c] [Jd]
Tobito95: checks 
nikkaras911: bets $0.20
Tobito95: calls $0.20
*** RIVER *** [2s Js 6c Jd] [Qs]
Tobito95: checks 
nikkaras911: checks 
*** SHOW DOWN ***
Tobito95: shows [7d 7s] (two pair, Jacks and Sevens)
nikkaras911: mucks hand 
Tobito95 collected $0.77 from pot
*** SUMMARY ***
Total pot $0.81 | Rake $0.04 
Board [2s Js 6c Jd Qs]
Seat 1: mih-mihGOL24 (big blind) folded before Flop
Seat 2: Tobito95 showed [7d 7s] and won ($0.77) with two pair, Jacks and Sevens
Seat 3: bondo74rus folded before Flop (didn't bet)
Seat 5: Dorex2007 folded before Flop (didn't bet)
Seat 6: pho13enix folded before Flop (didn't bet)
Seat 7: nikkaras911 (button) mucked [6h Ac]
Seat 9: Vadimur1962 (small blind) folded before Flop



PokerStars Hand #234430139261:  Hold'em No Limit ($0.01/$0.02 USD) - 2022/02/27 10:53:39 PT [2022/02/27 13:53:39 ET]
Table 'Columbia II' 9-max Seat #9 is the button
Seat 1: mih-mihGOL24 ($0.82 in chips) 
Seat 2: Tobito95 ($2.45 in chips) 
Seat 3: bondo74rus ($2 in chips) 
Seat 5: Dorex2007 ($2.14 in chips) 
Seat 6: pho13enix ($1.87 in chips) 
Seat 7: nikkaras911 ($0.73 in chips) 
Seat 9: Vadimur1962 ($1.29 in chips) 
mih-mihGOL24: posts small blind $0.01
Tobito95: posts big blind $0.02
lirik player: sits out 
*** HOLE CARDS ***
Dealt to Dorex2007 [9h Td]
bondo74rus: folds 
Dorex2007: folds 
pho13enix: folds 
nikkaras911: folds 
Vadimur1962: folds 
mih-mihGOL24: calls $0.01
Tobito95: checks 
*** FLOP *** [6c Js Ts]
mih-mihGOL24: checks 
Tobito95: checks 
*** TURN *** [6c Js Ts] [Ad]
mih-mihGOL24: checks 
Tobito95: checks 
*** RIVER *** [6c Js Ts Ad] [6h]
mih-mihGOL24: bets $0.02
Tobito95: folds 
Uncalled bet ($0.02) returned to mih-mihGOL24
mih-mihGOL24 collected $0.04 from pot
mih-mihGOL24: doesn't show hand 
*** SUMMARY ***
Total pot $0.04 | Rake $0 
Board [6c Js Ts Ad 6h]
Seat 1: mih-mihGOL24 (small blind) collected ($0.04)
Seat 2: Tobito95 (big blind) folded on the River
Seat 3: bondo74rus folded before Flop (didn't bet)
Seat 5: Dorex2007 folded before Flop (didn't bet)
Seat 6: pho13enix folded before Flop (didn't bet)
Seat 7: nikkaras911 folded before Flop (didn't bet)
Seat 9: Vadimur1962 (button) folded before Flop (didn't bet)



PokerStars Hand #234430164788:  Hold'em No Limit ($0.01/$0.02 USD) - 2022/02/27 10:54:25 PT [2022/02/27 13:54:25 ET]
Table 'Columbia II' 9-max Seat #1 is the button
Seat 1: mih-mihGOL24 ($0.84 in chips) 
Seat 2: Tobito95 ($2.43 in chips) 
Seat 3: bondo74rus ($2 in chips) 
Seat 5: Dorex2007 ($2.14 in chips) 
Seat 6: pho13enix ($1.87 in chips) 
Seat 7: nikkaras911 ($0.73 in chips) 
Seat 9: Vadimur1962 ($1.29 in chips) 
Tobito95: posts small blind $0.01
bondo74rus: posts big blind $0.02
lirik player: sits out 
*** HOLE CARDS ***
Dealt to Dorex2007 [Ac 4c]
Dorex2007: folds 
pho13enix: folds 
nikkaras911: folds 
Vadimur1962: raises $0.02 to $0.04
mih-mihGOL24: folds 
Tobito95: calls $0.03
bondo74rus: folds 
*** FLOP *** [Qh Td 4s]
Tobito95: bets $0.05
Vadimur1962: calls $0.05
*** TURN *** [Qh Td 4s] [Qs]
Tobito95: bets $0.10
Vadimur1962: folds 
Uncalled bet ($0.10) returned to Tobito95
Tobito95 collected $0.19 from pot
Tobito95: doesn't show hand 
*** SUMMARY ***
Total pot $0.20 | Rake $0.01 
Board [Qh Td 4s Qs]
Seat 1: mih-mihGOL24 (button) folded before Flop (didn't bet)
Seat 2: Tobito95 (small blind) collected ($0.19)
Seat 3: bondo74rus (big blind) folded before Flop
Seat 5: Dorex2007 folded before Flop (didn't bet)
Seat 6: pho13enix folded before Flop (didn't bet)
Seat 7: nikkaras911 folded before Flop (didn't bet)
Seat 9: Vadimur1962 folded on the Turn



PokerStars Hand #234430189399:  Hold'em No Limit ($0.01/$0.02 USD) - 2022/02/27 10:55:10 PT [2022/02/27 13:55:10 ET]
Table 'Columbia II' 9-max Seat #2 is the button
Seat 1: mih-mihGOL24 ($0.84 in chips) 
Seat 2: Tobito95 ($2.53 in chips) 
Seat 3: bondo74rus ($2 in chips) 
Seat 4: lirik player ($2 in chips) 
Seat 5: Dorex2007 ($2.14 in chips) 
Seat 6: pho13enix ($1.87 in chips) 
Seat 7: nikkaras911 ($0.73 in chips) 
Seat 9: Vadimur1962 ($1.20 in chips) 
bondo74rus: posts small blind $0.01
lirik player: posts big blind $0.02
*** HOLE CARDS ***
Dealt to Dorex2007 [2c Jc]
Dorex2007: folds 
pho13enix: folds 
nikkaras911: folds 
Vadimur1962: folds 
mih-mihGOL24: folds 
Tobito95: raises $0.04 to $0.06
bondo74rus: folds 
lirik player: folds 
Uncalled bet ($0.04) returned to Tobito95
Tobito95 collected $0.05 from pot
Tobito95: doesn't show hand 
*** SUMMARY ***
Total pot $0.05 | Rake $0 
Seat 1: mih-mihGOL24 folded before Flop (didn't bet)
Seat 2: Tobito95 (button) collected ($0.05)
Seat 3: bondo74rus (small blind) folded before Flop
Seat 4: lirik player (big blind) folded before Flop
Seat 5: Dorex2007 folded before Flop (didn't bet)
Seat 6: pho13enix folded before Flop (didn't bet)
Seat 7: nikkaras911 folded before Flop (didn't bet)
Seat 9: Vadimur1962 folded before Flop (didn't bet)



PokerStars Hand #234430197269:  Hold'em No Limit ($0.01/$0.02 USD) - 2022/02/27 10:55:30 PT [2022/02/27 13:55:30 ET]
Table 'Columbia II' 9-max Seat #4 is the button
Seat 1: mih-mihGOL24 ($0.84 in chips) 
Seat 2: Tobito95 ($2.56 in chips) 
Seat 4: lirik player ($2 in chips) 
Seat 5: Dorex2007 ($2.14 in chips) 
Seat 6: pho13enix ($1.87 in chips) 
Seat 7: nikkaras911 ($0.73 in chips) 
Seat 9: Vadimur1962 ($1.20 in chips) 
Dorex2007: posts small blind $0.01
pho13enix: posts big blind $0.02
*** HOLE CARDS ***
Dealt to Dorex2007 [Jc 9d]
nikkaras911: folds 
Vadimur1962 has timed out
Vadimur1962: folds 
mih-mihGOL24: folds 
Tobito95: folds 
lirik player: raises $0.04 to $0.06
Dorex2007: folds 
pho13enix: folds 
Uncalled bet ($0.04) returned to lirik player
lirik player collected $0.05 from pot
lirik player: doesn't show hand 
*** SUMMARY ***
Total pot $0.05 | Rake $0 
Seat 1: mih-mihGOL24 folded before Flop (didn't bet)
Seat 2: Tobito95 folded before Flop (didn't bet)
Seat 4: lirik player (button) collected ($0.05)
Seat 5: Dorex2007 (small blind) folded before Flop
Seat 6: pho13enix (big blind) folded before Flop
Seat 7: nikkaras911 folded before Flop (didn't bet)
Seat 9: Vadimur1962 folded before Flop (didn't bet)



PokerStars Hand #234430207930:  Hold'em No Limit ($0.01/$0.02 USD) - 2022/02/27 10:56:02 PT [2022/02/27 13:56:02 ET]
Table 'Columbia II' 9-max Seat #5 is the button
Seat 1: mih-mihGOL24 ($0.84 in chips) 
Seat 2: Tobito95 ($2.56 in chips) 
Seat 4: lirik player ($2.03 in chips) 
Seat 5: Dorex2007 ($2.13 in chips) 
Seat 6: pho13enix ($1.85 in chips) 
Seat 7: nikkaras911 ($0.73 in chips) 
Seat 9: Vadimur1962 ($1.20 in chips) 
pho13enix: posts small blind $0.01
nikkaras911: posts big blind $0.02
*** HOLE CARDS ***
Dealt to Dorex2007 [9s 6c]
Vadimur1962: folds 
mih-mihGOL24: calls $0.02
Tobito95: folds 
lirik player: folds 
Dorex2007: folds 
pho13enix: folds 
nikkaras911: checks 
*** FLOP *** [4s Qh Kd]
nikkaras911: bets $0.02
mih-mihGOL24: calls $0.02
*** TURN *** [4s Qh Kd] [7c]
nikkaras911: checks 
mih-mihGOL24: checks 
*** RIVER *** [4s Qh Kd 7c] [As]
nikkaras911: bets $0.06
mih-mihGOL24: raises $0.21 to $0.27
nikkaras911: raises $0.42 to $0.69 and is all-in
mih-mihGOL24: calls $0.42
*** SHOW DOWN ***
nikkaras911: shows [Td Js] (a straight, Ten to Ace)
mih-mihGOL24: shows [Jc Tc] (a straight, Ten to Ace)
nikkaras911 collected $0.71 from pot
mih-mihGOL24 collected $0.71 from pot
*** SUMMARY ***
Total pot $1.47 | Rake $0.05 
Board [4s Qh Kd 7c As]
Seat 1: mih-mihGOL24 showed [Jc Tc] and won ($0.71) with a straight, Ten to Ace
Seat 2: Tobito95 folded before Flop (didn't bet)
Seat 4: lirik player folded before Flop (didn't bet)
Seat 5: Dorex2007 (button) folded before Flop (didn't bet)
Seat 6: pho13enix (small blind) folded before Flop
Seat 7: nikkaras911 (big blind) showed [Td Js] and won ($0.71) with a straight, Ten to Ace
Seat 9: Vadimur1962 folded before Flop (didn't bet)



PokerStars Hand #234430225338:  Hold'em No Limit ($0.01/$0.02 USD) - 2022/02/27 10:56:53 PT [2022/02/27 13:56:53 ET]
Table 'Columbia II' 9-max Seat #6 is the button
Seat 1: mih-mihGOL24 ($0.82 in chips) 
Seat 2: Tobito95 ($2.56 in chips) 
Seat 4: lirik player ($2.03 in chips) 
Seat 5: Dorex2007 ($2.13 in chips) 
Seat 6: pho13enix ($1.84 in chips) 
Seat 7: nikkaras911 ($0.71 in chips) 
Seat 9: Vadimur1962 ($1.20 in chips) 
nikkaras911: posts small blind $0.01
Vadimur1962: posts big blind $0.02
*** HOLE CARDS ***
Dealt to Dorex2007 [Jc 9s]
mih-mihGOL24: folds 
Tobito95: folds 
lirik player: raises $0.04 to $0.06
Dorex2007: folds 
pho13enix: folds 
nikkaras911: calls $0.05
Vadimur1962: calls $0.04
*** FLOP *** [Ad 7h 2s]
nikkaras911: checks 
Vadimur1962: checks 
lirik player: checks 
*** TURN *** [Ad 7h 2s] [3c]
nikkaras911: checks 
Vadimur1962: bets $0.04
lirik player: calls $0.04
nikkaras911: folds 
*** RIVER *** [Ad 7h 2s 3c] [4d]
Vadimur1962: bets $0.06
lirik player: calls $0.06
*** SHOW DOWN ***
Vadimur1962: shows [5s Ah] (a straight, Ace to Five)
lirik player: mucks hand 
Vadimur1962 collected $0.37 from pot
google_8644 leaves the table
*** SUMMARY ***
Total pot $0.38 | Rake $0.01 
Board [Ad 7h 2s 3c 4d]
Seat 1: mih-mihGOL24 folded before Flop (didn't bet)
Seat 2: Tobito95 folded before Flop (didn't bet)
Seat 4: lirik player mucked [As 6s]
Seat 5: Dorex2007 folded before Flop (didn't bet)
Seat 6: pho13enix (button) folded before Flop (didn't bet)
Seat 7: nikkaras911 (small blind) folded on the Turn
Seat 9: Vadimur1962 (big blind) showed [5s Ah] and won ($0.37) with a straight, Ace to Five



PokerStars Hand #234430243179:  Hold'em No Limit ($0.01/$0.02 USD) - 2022/02/27 10:57:44 PT [2022/02/27 13:57:44 ET]
Table 'Columbia II' 9-max Seat #7 is the button
Seat 1: mih-mihGOL24 ($0.82 in chips) 
Seat 2: Tobito95 ($2.56 in chips) 
Seat 4: lirik player ($2 in chips) 
Seat 5: Dorex2007 ($2.13 in chips) 
Seat 6: pho13enix ($1.84 in chips) 
Seat 7: nikkaras911 ($0.65 in chips) 
Seat 9: Vadimur1962 ($1.41 in chips) 
Vadimur1962: posts small blind $0.01
mih-mihGOL24: posts big blind $0.02
*** HOLE CARDS ***
Dealt to Dorex2007 [5s Ks]
Tobito95: folds 
lirik player: folds 
Dorex2007: folds 
pho13enix: folds 
nikkaras911: raises $0.04 to $0.06
Vadimur1962: calls $0.05
mih-mihGOL24: raises $0.76 to $0.82 and is all-in
nikkaras911: folds 
Arn0Nyn joins the table at seat #8 
Vadimur1962: folds 
Uncalled bet ($0.76) returned to mih-mihGOL24
mih-mihGOL24 collected $0.18 from pot
*** SUMMARY ***
Total pot $0.18 | Rake $0 
Seat 1: mih-mihGOL24 (big blind) collected ($0.18)
Seat 2: Tobito95 folded before Flop (didn't bet)
Seat 4: lirik player folded before Flop (didn't bet)
Seat 5: Dorex2007 folded before Flop (didn't bet)
Seat 6: pho13enix folded before Flop (didn't bet)
Seat 7: nikkaras911 (button) folded before Flop
Seat 9: Vadimur1962 (small blind) folded before Flop



PokerStars Hand #234430252860:  Hold'em No Limit ($0.01/$0.02 USD) - 2022/02/27 10:58:12 PT [2022/02/27 13:58:12 ET]
Table 'Columbia II' 9-max Seat #9 is the button
Seat 1: mih-mihGOL24 ($0.94 in chips) 
Seat 2: Tobito95 ($2.56 in chips) 
Seat 4: lirik player ($2 in chips) 
Seat 5: Dorex2007 ($2.13 in chips) 
Seat 6: pho13enix ($1.84 in chips) 
Seat 7: nikkaras911 ($0.59 in chips) 
Seat 9: Vadimur1962 ($1.35 in chips) 
mih-mihGOL24: posts small blind $0.01
Tobito95: posts big blind $0.02
Arn0Nyn: sits out 
*** HOLE CARDS ***
Dealt to Dorex2007 [Qd 5d]
lirik player: folds 
Dorex2007: folds 
pho13enix: folds 
nikkaras911: raises $0.57 to $0.59 and is all-in
Vadimur1962: folds 
mih-mihGOL24: folds 
Tobito95: folds 
Uncalled bet ($0.57) returned to nikkaras911
nikkaras911 collected $0.05 from pot
nikkaras911: doesn't show hand 
*** SUMMARY ***
Total pot $0.05 | Rake $0 
Seat 1: mih-mihGOL24 (small blind) folded before Flop
Seat 2: Tobito95 (big blind) folded before Flop
Seat 4: lirik player folded before Flop (didn't bet)
Seat 5: Dorex2007 folded before Flop (didn't bet)
Seat 6: pho13enix folded before Flop (didn't bet)
Seat 7: nikkaras911 collected ($0.05)
Seat 9: Vadimur1962 (button) folded before Flop (didn't bet)



PokerStars Hand #234430259480:  Hold'em No Limit ($0.01/$0.02 USD) - 2022/02/27 10:58:31 PT [2022/02/27 13:58:31 ET]
Table 'Columbia II' 9-max Seat #1 is the button
Seat 1: mih-mihGOL24 ($0.93 in chips) 
Seat 2: Tobito95 ($2.54 in chips) 
Seat 4: lirik player ($2 in chips) 
Seat 5: Dorex2007 ($2.13 in chips) 
Seat 6: pho13enix ($1.84 in chips) 
Seat 7: nikkaras911 ($0.62 in chips) 
Seat 9: Vadimur1962 ($1.35 in chips) 
Tobito95: posts small blind $0.01
lirik player: posts big blind $0.02
Arn0Nyn: sits out 
*** HOLE CARDS ***
Dealt to Dorex2007 [4c Js]
Dorex2007: folds 
pho13enix: calls $0.02
nikkaras911: folds 
Vadimur1962: folds 
mih-mihGOL24: folds 
Tobito95: raises $0.04 to $0.06
lirik player: folds 
pho13enix: calls $0.04
*** FLOP *** [Tc 3s Th]
Tobito95: bets $0.10
pho13enix: folds 
Uncalled bet ($0.10) returned to Tobito95
Tobito95 collected $0.14 from pot
Tobito95: doesn't show hand 
*** SUMMARY ***
Total pot $0.14 | Rake $0 
Board [Tc 3s Th]
Seat 1: mih-mihGOL24 (button) folded before Flop (didn't bet)
Seat 2: Tobito95 (small blind) collected ($0.14)
Seat 4: lirik player (big blind) folded before Flop
Seat 5: Dorex2007 folded before Flop (didn't bet)
Seat 6: pho13enix folded on the Flop
Seat 7: nikkaras911 folded before Flop (didn't bet)
Seat 9: Vadimur1962 folded before Flop (didn't bet)



PokerStars Hand #234430271433:  Hold'em No Limit ($0.01/$0.02 USD) - 2022/02/27 10:59:06 PT [2022/02/27 13:59:06 ET]
Table 'Columbia II' 9-max Seat #2 is the button
Seat 1: mih-mihGOL24 ($0.93 in chips) 
Seat 2: Tobito95 ($2.62 in chips) 
Seat 4: lirik player ($2 in chips) 
Seat 5: Dorex2007 ($2.13 in chips) 
Seat 6: pho13enix ($1.78 in chips) 
Seat 7: nikkaras911 ($0.62 in chips) 
Seat 9: Vadimur1962 ($1.35 in chips) 
lirik player: posts small blind $0.01
Dorex2007: posts big blind $0.02
Arn0Nyn: sits out 
*** HOLE CARDS ***
Dealt to Dorex2007 [6c As]
pho13enix: folds 
nikkaras911: raises $0.60 to $0.62 and is all-in
Vadimur1962: folds 
mih-mihGOL24: folds 
Tobito95: folds 
lirik player: folds 
Dorex2007: folds 
Uncalled bet ($0.60) returned to nikkaras911
nikkaras911 collected $0.05 from pot
nikkaras911: doesn't show hand 
*** SUMMARY ***
Total pot $0.05 | Rake $0 
Seat 1: mih-mihGOL24 folded before Flop (didn't bet)
Seat 2: Tobito95 (button) folded before Flop (didn't bet)
Seat 4: lirik player (small blind) folded before Flop
Seat 5: Dorex2007 (big blind) folded before Flop
Seat 6: pho13enix folded before Flop (didn't bet)
Seat 7: nikkaras911 collected ($0.05)
Seat 9: Vadimur1962 folded before Flop (didn't bet)



PokerStars Hand #234430279250:  Hold'em No Limit ($0.01/$0.02 USD) - 2022/02/27 10:59:28 PT [2022/02/27 13:59:28 ET]
Table 'Columbia II' 9-max Seat #4 is the button
Seat 1: mih-mihGOL24 ($0.93 in chips) 
Seat 2: Tobito95 ($2.62 in chips) 
Seat 4: lirik player ($2 in chips) 
Seat 5: Dorex2007 ($2.11 in chips) 
Seat 6: pho13enix ($1.78 in chips) 
Seat 7: nikkaras911 ($0.65 in chips) 
Seat 9: Vadimur1962 ($1.35 in chips) 
Dorex2007: posts small blind $0.01
pho13enix: posts big blind $0.02
Arn0Nyn: sits out 
*** HOLE CARDS ***
Dealt to Dorex2007 [Ks 6s]
nikkaras911: folds 
Vadimur1962: folds 
mih-mihGOL24 has timed out
mih-mihGOL24: folds 
Tobito95: folds 
lirik player: folds 
Dorex2007: folds 
Uncalled bet ($0.01) returned to pho13enix
pho13enix collected $0.02 from pot
pho13enix: doesn't show hand 
*** SUMMARY ***
Total pot $0.02 | Rake $0 
Seat 1: mih-mihGOL24 folded before Flop (didn't bet)
Seat 2: Tobito95 folded before Flop (didn't bet)
Seat 4: lirik player (button) folded before Flop (didn't bet)
Seat 5: Dorex2007 (small blind) folded before Flop
Seat 6: pho13enix (big blind) collected ($0.02)
Seat 7: nikkaras911 folded before Flop (didn't bet)
Seat 9: Vadimur1962 folded before Flop (didn't bet)



PokerStars Hand #234430285488:  Hold'em No Limit ($0.01/$0.02 USD) - 2022/02/27 10:59:46 PT [2022/02/27 13:59:46 ET]
Table 'Columbia II' 9-max Seat #5 is the button
Seat 2: Tobito95 ($2.62 in chips) 
Seat 4: lirik player ($2 in chips) 
Seat 5: Dorex2007 ($2.10 in chips) 
Seat 6: pho13enix ($1.79 in chips) 
Seat 7: nikkaras911 ($0.65 in chips) 
Seat 9: Vadimur1962 ($1.35 in chips) 
pho13enix: posts small blind $0.01
nikkaras911: posts big blind $0.02
Arn0Nyn: sits out 
*** HOLE CARDS ***
Dealt to Dorex2007 [Ad 5h]
Vadimur1962: folds 
Tobito95: folds 
lirik player: folds 
Dorex2007: folds 
pho13enix: folds 
Uncalled bet ($0.01) returned to nikkaras911
nikkaras911 collected $0.02 from pot
nikkaras911: doesn't show hand 
*** SUMMARY ***
Total pot $0.02 | Rake $0 
Seat 2: Tobito95 folded before Flop (didn't bet)
Seat 4: lirik player folded before Flop (didn't bet)
Seat 5: Dorex2007 (button) folded before Flop (didn't bet)
Seat 6: pho13enix (small blind) folded before Flop
Seat 7: nikkaras911 (big blind) collected ($0.02)
Seat 9: Vadimur1962 folded before Flop (didn't bet)



PokerStars Hand #234430293395:  Hold'em No Limit ($0.01/$0.02 USD) - 2022/02/27 11:00:07 PT [2022/02/27 14:00:07 ET]
Table 'Columbia II' 9-max Seat #6 is the button
Seat 2: Tobito95 ($2.62 in chips) 
Seat 4: lirik player ($2 in chips) 
Seat 5: Dorex2007 ($2.10 in chips) 
Seat 6: pho13enix ($1.78 in chips) 
Seat 7: nikkaras911 ($0.66 in chips) 
Seat 8: Arn0Nyn ($2 in chips) 
Seat 9: Vadimur1962 ($1.35 in chips) 
nikkaras911: posts small blind $0.01
Arn0Nyn: posts big blind $0.02
*** HOLE CARDS ***
Dealt to Dorex2007 [6d Th]
Vadimur1962: folds 
Tobito95: folds 
lirik player: raises $0.04 to $0.06
Dorex2007: folds 
pho13enix: folds 
nikkaras911: folds 
Arn0Nyn: folds 
Uncalled bet ($0.04) returned to lirik player
lirik player collected $0.05 from pot
lirik player: doesn't show hand 
*** SUMMARY ***
Total pot $0.05 | Rake $0 
Seat 2: Tobito95 folded before Flop (didn't bet)
Seat 4: lirik player collected ($0.05)
Seat 5: Dorex2007 folded before Flop (didn't bet)
Seat 6: pho13enix (button) folded before Flop (didn't bet)
Seat 7: nikkaras911 (small blind) folded before Flop
Seat 8: Arn0Nyn (big blind) folded before Flop
Seat 9: Vadimur1962 folded before Flop (didn't bet)



PokerStars Hand #234430302298:  Hold'em No Limit ($0.01/$0.02 USD) - 2022/02/27 11:00:31 PT [2022/02/27 14:00:31 ET]
Table 'Columbia II' 9-max Seat #7 is the button
Seat 1: mih-mihGOL24 ($0.93 in chips) 
Seat 2: Tobito95 ($2.62 in chips) 
Seat 4: lirik player ($2.03 in chips) 
Seat 5: Dorex2007 ($2.10 in chips) 
Seat 6: pho13enix ($1.78 in chips) 
Seat 7: nikkaras911 ($0.65 in chips) 
Seat 8: Arn0Nyn ($1.98 in chips) 
Seat 9: Vadimur1962 ($1.35 in chips) 
Arn0Nyn: posts small blind $0.01
Vadimur1962: posts big blind $0.02
*** HOLE CARDS ***
Dealt to Dorex2007 [9h Js]
mih-mihGOL24: folds 
Tobito95: calls $0.02
lirik player: folds 
Dorex2007: folds 
pho13enix: folds 
nikkaras911: calls $0.02
Arn0Nyn: folds 
Vadimur1962: checks 
*** FLOP *** [7d 9s As]
Vadimur1962: checks 
Tobito95: checks 
nikkaras911: checks 
*** TURN *** [7d 9s As] [8s]
Vadimur1962: checks 
Tobito95: checks 
nikkaras911: checks 
*** RIVER *** [7d 9s As 8s] [Qh]
Vadimur1962: checks 
Tobito95: checks 
nikkaras911: checks 
*** SHOW DOWN ***
Vadimur1962: shows [9d Jd] (a pair of Nines)
Tobito95: mucks hand 
nikkaras911: mucks hand 
Vadimur1962 collected $0.07 from pot
*** SUMMARY ***
Total pot $0.07 | Rake $0 
Board [7d 9s As 8s Qh]
Seat 1: mih-mihGOL24 folded before Flop (didn't bet)
Seat 2: Tobito95 mucked [6h 6d]
Seat 4: lirik player folded before Flop (didn't bet)
Seat 5: Dorex2007 folded before Flop (didn't bet)
Seat 6: pho13enix folded before Flop (didn't bet)
Seat 7: nikkaras911 (button) mucked [2d 2c]
Seat 8: Arn0Nyn (small blind) folded before Flop
Seat 9: Vadimur1962 (big blind) showed [9d Jd] and won ($0.07) with a pair of Nines



PokerStars Hand #234430319814:  Hold'em No Limit ($0.01/$0.02 USD) - 2022/02/27 11:01:14 PT [2022/02/27 14:01:14 ET]
Table 'Columbia II' 9-max Seat #8 is the button
Seat 1: mih-mihGOL24 ($0.93 in chips) 
Seat 2: Tobito95 ($2.60 in chips) 
Seat 4: lirik player ($2.03 in chips) 
Seat 5: Dorex2007 ($2.10 in chips) 
Seat 6: pho13enix ($1.78 in chips) 
Seat 7: nikkaras911 ($0.63 in chips) 
Seat 8: Arn0Nyn ($1.97 in chips) 
Seat 9: Vadimur1962 ($1.40 in chips) 
Vadimur1962: posts small blind $0.01
mih-mihGOL24: posts big blind $0.02
*** HOLE CARDS ***
Dealt to Dorex2007 [As 3s]
Tobito95: folds 
lirik player: folds 
Dorex2007: folds 
pho13enix: raises $0.04 to $0.06
nikkaras911: calls $0.06
Arn0Nyn: folds 
Vadimur1962: folds 
mih-mihGOL24: folds 
*** FLOP *** [Jd Jh 6c]
pho13enix: checks 
nikkaras911: checks 
*** TURN *** [Jd Jh 6c] [Ad]
pho13enix: checks 
nikkaras911: bets $0.07
pho13enix: folds 
Uncalled bet ($0.07) returned to nikkaras911
nikkaras911 collected $0.14 from pot
nikkaras911: doesn't show hand 
*** SUMMARY ***
Total pot $0.15 | Rake $0.01 
Board [Jd Jh 6c Ad]
Seat 1: mih-mihGOL24 (big blind) folded before Flop
Seat 2: Tobito95 folded before Flop (didn't bet)
Seat 4: lirik player folded before Flop (didn't bet)
Seat 5: Dorex2007 folded before Flop (didn't bet)
Seat 6: pho13enix folded on the Turn
Seat 7: nikkaras911 collected ($0.14)
Seat 8: Arn0Nyn (button) folded before Flop (didn't bet)
Seat 9: Vadimur1962 (small blind) folded before Flop



PokerStars Hand #234430814101:  Hold'em No Limit ($0.01/$0.02 USD) - 2022/02/27 11:15:21 PT [2022/02/27 14:15:21 ET]
Table 'Columbia II' 9-max Seat #6 is the button
Seat 1: mih-mihGOL24 ($0.80 in chips) 
Seat 2: Tobito95 ($2.77 in chips) 
Seat 3: bondo74rus ($2 in chips) 
Seat 4: lirik player ($2 in chips) 
Seat 5: Dorex2007 ($2.10 in chips) 
Seat 6: pho13enix ($1.91 in chips) 
Seat 7: coopermanjo ($2.21 in chips) 
Seat 8: SaMuRaI1616 ($2 in chips) 
Seat 9: Vadimur1962 ($1.37 in chips) 
coopermanjo: posts small blind $0.01
SaMuRaI1616: posts big blind $0.02
Dorex2007: posts small & big blinds $0.03
*** HOLE CARDS ***
Dealt to Dorex2007 [Ah 2c]
Vadimur1962: folds 
mih-mihGOL24: folds 
Tobito95: folds 
bondo74rus: folds 
lirik player: folds 
Dorex2007: checks 
pho13enix: folds 
coopermanjo: folds 
SaMuRaI1616: checks 
*** FLOP *** [Jh 5c 9s]
SaMuRaI1616: bets $0.03
Dorex2007: folds 
Uncalled bet ($0.03) returned to SaMuRaI1616
SaMuRaI1616 collected $0.06 from pot
SaMuRaI1616: doesn't show hand 
*** SUMMARY ***
Total pot $0.06 | Rake $0 
Board [Jh 5c 9s]
Seat 1: mih-mihGOL24 folded before Flop (didn't bet)
Seat 2: Tobito95 folded before Flop (didn't bet)
Seat 3: bondo74rus folded before Flop (didn't bet)
Seat 4: lirik player folded before Flop (didn't bet)
Seat 5: Dorex2007 folded on the Flop (didn't bet)
Seat 6: pho13enix (button) folded before Flop (didn't bet)
Seat 7: coopermanjo (small blind) folded before Flop
Seat 8: SaMuRaI1616 (big blind) collected ($0.06)
Seat 9: Vadimur1962 folded before Flop (didn't bet)



PokerStars Hand #234430834112:  Hold'em No Limit ($0.01/$0.02 USD) - 2022/02/27 11:15:57 PT [2022/02/27 14:15:57 ET]
Table 'Columbia II' 9-max Seat #7 is the button
Seat 1: mih-mihGOL24 ($0.80 in chips) 
Seat 2: Tobito95 ($2.77 in chips) 
Seat 3: bondo74rus ($2 in chips) 
Seat 4: lirik player ($2 in chips) 
Seat 5: Dorex2007 ($2.07 in chips) 
Seat 6: pho13enix ($1.91 in chips) 
Seat 7: coopermanjo ($2.20 in chips) 
Seat 8: SaMuRaI1616 ($2.04 in chips) 
Seat 9: Vadimur1962 ($1.37 in chips) 
SaMuRaI1616: posts small blind $0.01
Vadimur1962: posts big blind $0.02
*** HOLE CARDS ***
Dealt to Dorex2007 [6d 8d]
mih-mihGOL24: folds 
Tobito95: folds 
bondo74rus: folds 
lirik player: folds 
Dorex2007: folds 
pho13enix: folds 
coopermanjo: folds 
SaMuRaI1616: folds 
Uncalled bet ($0.01) returned to Vadimur1962
Vadimur1962 collected $0.02 from pot
Vadimur1962: doesn't show hand 
*** SUMMARY ***
Total pot $0.02 | Rake $0 
Seat 1: mih-mihGOL24 folded before Flop (didn't bet)
Seat 2: Tobito95 folded before Flop (didn't bet)
Seat 3: bondo74rus folded before Flop (didn't bet)
Seat 4: lirik player folded before Flop (didn't bet)
Seat 5: Dorex2007 folded before Flop (didn't bet)
Seat 6: pho13enix folded before Flop (didn't bet)
Seat 7: coopermanjo (button) folded before Flop (didn't bet)
Seat 8: SaMuRaI1616 (small blind) folded before Flop
Seat 9: Vadimur1962 (big blind) collected ($0.02)



PokerStars Hand #234430842494:  Hold'em No Limit ($0.01/$0.02 USD) - 2022/02/27 11:16:11 PT [2022/02/27 14:16:11 ET]
Table 'Columbia II' 9-max Seat #8 is the button
Seat 1: mih-mihGOL24 ($0.80 in chips) 
Seat 2: Tobito95 ($2.77 in chips) 
Seat 3: bondo74rus ($2 in chips) 
Seat 4: lirik player ($2 in chips) 
Seat 5: Dorex2007 ($2.07 in chips) 
Seat 6: pho13enix ($1.91 in chips) 
Seat 7: coopermanjo ($2.20 in chips) 
Seat 8: SaMuRaI1616 ($2.03 in chips) 
Seat 9: Vadimur1962 ($1.38 in chips) 
Vadimur1962: posts small blind $0.01
mih-mihGOL24: posts big blind $0.02
*** HOLE CARDS ***
Dealt to Dorex2007 [Js 5h]
Tobito95: folds 
bondo74rus: folds 
lirik player: folds 
Dorex2007: folds 
pho13enix: folds 
coopermanjo: raises $0.03 to $0.05
SaMuRaI1616: folds 
Vadimur1962: folds 
mih-mihGOL24: folds 
Uncalled bet ($0.03) returned to coopermanjo
coopermanjo collected $0.05 from pot
coopermanjo: doesn't show hand 
*** SUMMARY ***
Total pot $0.05 | Rake $0 
Seat 1: mih-mihGOL24 (big blind) folded before Flop
Seat 2: Tobito95 folded before Flop (didn't bet)
Seat 3: bondo74rus folded before Flop (didn't bet)
Seat 4: lirik player folded before Flop (didn't bet)
Seat 5: Dorex2007 folded before Flop (didn't bet)
Seat 6: pho13enix folded before Flop (didn't bet)
Seat 7: coopermanjo collected ($0.05)
Seat 8: SaMuRaI1616 (button) folded before Flop (didn't bet)
Seat 9: Vadimur1962 (small blind) folded before Flop



PokerStars Hand #234430853814:  Hold'em No Limit ($0.01/$0.02 USD) - 2022/02/27 11:16:30 PT [2022/02/27 14:16:30 ET]
Table 'Columbia II' 9-max Seat #9 is the button
Seat 1: mih-mihGOL24 ($0.80 in chips) 
Seat 2: Tobito95 ($2.77 in chips) 
Seat 3: bondo74rus ($2 in chips) 
Seat 4: lirik player ($2 in chips) 
Seat 5: Dorex2007 ($2.07 in chips) 
Seat 6: pho13enix ($1.91 in chips) 
Seat 7: coopermanjo ($2.23 in chips) 
Seat 8: SaMuRaI1616 ($2.03 in chips) 
Seat 9: Vadimur1962 ($1.37 in chips) 
mih-mihGOL24: posts small blind $0.01
Tobito95: posts big blind $0.02
*** HOLE CARDS ***
Dealt to Dorex2007 [7h Ts]
bondo74rus: folds 
lirik player: folds 
Dorex2007: folds 
pho13enix: folds 
coopermanjo: folds 
SaMuRaI1616: raises $0.04 to $0.06
Vadimur1962: folds 
mih-mihGOL24: folds 
Tobito95: folds 
Uncalled bet ($0.04) returned to SaMuRaI1616
SaMuRaI1616 collected $0.05 from pot
SaMuRaI1616: doesn't show hand 
*** SUMMARY ***
Total pot $0.05 | Rake $0 
Seat 1: mih-mihGOL24 (small blind) folded before Flop
Seat 2: Tobito95 (big blind) folded before Flop
Seat 3: bondo74rus folded before Flop (didn't bet)
Seat 4: lirik player folded before Flop (didn't bet)
Seat 5: Dorex2007 folded before Flop (didn't bet)
Seat 6: pho13enix folded before Flop (didn't bet)
Seat 7: coopermanjo folded before Flop (didn't bet)
Seat 8: SaMuRaI1616 collected ($0.05)
Seat 9: Vadimur1962 (button) folded before Flop (didn't bet)



PokerStars Hand #234430873299:  Hold'em No Limit ($0.01/$0.02 USD) - 2022/02/27 11:16:54 PT [2022/02/27 14:16:54 ET]
Table 'Columbia II' 9-max Seat #1 is the button
Seat 1: mih-mihGOL24 ($0.80 in chips) 
Seat 2: Tobito95 ($2.75 in chips) 
Seat 3: bondo74rus ($2 in chips) 
Seat 4: lirik player ($2 in chips) 
Seat 5: Dorex2007 ($2.07 in chips) 
Seat 6: pho13enix ($1.91 in chips) 
Seat 7: coopermanjo ($2.23 in chips) 
Seat 8: SaMuRaI1616 ($2.06 in chips) 
Seat 9: Vadimur1962 ($1.37 in chips) 
Tobito95: posts small blind $0.01
bondo74rus: posts big blind $0.02
*** HOLE CARDS ***
Dealt to Dorex2007 [Ah 8c]
lirik player: folds 
Dorex2007: folds 
pho13enix: calls $0.02
coopermanjo: raises $0.04 to $0.06
SaMuRaI1616: folds 
Vadimur1962: folds 
mih-mihGOL24: folds 
Tobito95: folds 
bondo74rus: folds 
pho13enix: calls $0.04
*** FLOP *** [Qc 4c 8d]
pho13enix: checks 
coopermanjo: checks 
*** TURN *** [Qc 4c 8d] [2s]
pho13enix: checks 
coopermanjo: checks 
*** RIVER *** [Qc 4c 8d 2s] [Ad]
pho13enix: checks 
coopermanjo: bets $0.11
pho13enix: folds 
Uncalled bet ($0.11) returned to coopermanjo
coopermanjo collected $0.14 from pot
coopermanjo: doesn't show hand 
*** SUMMARY ***
Total pot $0.15 | Rake $0.01 
Board [Qc 4c 8d 2s Ad]
Seat 1: mih-mihGOL24 (button) folded before Flop (didn't bet)
Seat 2: Tobito95 (small blind) folded before Flop
Seat 3: bondo74rus (big blind) folded before Flop
Seat 4: lirik player folded before Flop (didn't bet)
Seat 5: Dorex2007 folded before Flop (didn't bet)
Seat 6: pho13enix folded on the River
Seat 7: coopermanjo collected ($0.14)
Seat 8: SaMuRaI1616 folded before Flop (didn't bet)
Seat 9: Vadimur1962 folded before Flop (didn't bet)



PokerStars Hand #234430899753:  Hold'em No Limit ($0.01/$0.02 USD) - 2022/02/27 11:17:39 PT [2022/02/27 14:17:39 ET]
Table 'Columbia II' 9-max Seat #2 is the button
Seat 1: mih-mihGOL24 ($0.80 in chips) 
Seat 2: Tobito95 ($2.74 in chips) 
Seat 3: bondo74rus ($2 in chips) 
Seat 4: lirik player ($2 in chips) 
Seat 5: Dorex2007 ($2.07 in chips) 
Seat 6: pho13enix ($1.85 in chips) 
Seat 7: coopermanjo ($2.31 in chips) 
Seat 8: SaMuRaI1616 ($2.06 in chips) 
Seat 9: Vadimur1962 ($1.37 in chips) 
bondo74rus: posts small blind $0.01
lirik player: posts big blind $0.02
*** HOLE CARDS ***
Dealt to Dorex2007 [4s 9c]
Dorex2007: folds 
pho13enix: folds 
coopermanjo: folds 
SaMuRaI1616: folds 
Vadimur1962: folds 
mih-mihGOL24: folds 
Tobito95: raises $0.04 to $0.06
bondo74rus: folds 
lirik player: calls $0.04
*** FLOP *** [Ks 9s 5h]
lirik player: checks 
Tobito95: checks 
*** TURN *** [Ks 9s 5h] [Ad]
lirik player: checks 
Tobito95: bets $0.07
lirik player: calls $0.07
*** RIVER *** [Ks 9s 5h Ad] [5c]
lirik player: checks 
Tobito95: bets $0.13
lirik player: calls $0.13
*** SHOW DOWN ***
Tobito95: shows [2h Jd] (a pair of Fives)
lirik player: shows [2d Ac] (two pair, Aces and Fives)
lirik player collected $0.51 from pot
*** SUMMARY ***
Total pot $0.53 | Rake $0.02 
Board [Ks 9s 5h Ad 5c]
Seat 1: mih-mihGOL24 folded before Flop (didn't bet)
Seat 2: Tobito95 (button) showed [2h Jd] and lost with a pair of Fives
Seat 3: bondo74rus (small blind) folded before Flop
Seat 4: lirik player (big blind) showed [2d Ac] and won ($0.51) with two pair, Aces and Fives
Seat 5: Dorex2007 folded before Flop (didn't bet)
Seat 6: pho13enix folded before Flop (didn't bet)
Seat 7: coopermanjo folded before Flop (didn't bet)
Seat 8: SaMuRaI1616 folded before Flop (didn't bet)
Seat 9: Vadimur1962 folded before Flop (didn't bet)



PokerStars Hand #234430935674:  Hold'em No Limit ($0.01/$0.02 USD) - 2022/02/27 11:18:42 PT [2022/02/27 14:18:42 ET]
Table 'Columbia II' 9-max Seat #3 is the button
Seat 1: mih-mihGOL24 ($0.80 in chips) 
Seat 2: Tobito95 ($2.48 in chips) 
Seat 3: bondo74rus ($2 in chips) 
Seat 4: lirik player ($2.25 in chips) 
Seat 5: Dorex2007 ($2.07 in chips) 
Seat 6: pho13enix ($1.85 in chips) 
Seat 7: coopermanjo ($2.31 in chips) 
Seat 8: SaMuRaI1616 ($2.06 in chips) 
Seat 9: Vadimur1962 ($1.37 in chips) 
lirik player: posts small blind $0.01
Dorex2007: posts big blind $0.02
*** HOLE CARDS ***
Dealt to Dorex2007 [Qd 5c]
pho13enix: folds 
coopermanjo: folds 
SaMuRaI1616: folds 
Vadimur1962: folds 
mih-mihGOL24: folds 
Tobito95: folds 
bondo74rus: raises $0.02 to $0.04
lirik player: raises $0.10 to $0.14
Dorex2007: folds 
bondo74rus: folds 
Uncalled bet ($0.10) returned to lirik player
lirik player collected $0.10 from pot
lirik player: doesn't show hand 
*** SUMMARY ***
Total pot $0.10 | Rake $0 
Seat 1: mih-mihGOL24 folded before Flop (didn't bet)
Seat 2: Tobito95 folded before Flop (didn't bet)
Seat 3: bondo74rus (button) folded before Flop
Seat 4: lirik player (small blind) collected ($0.10)
Seat 5: Dorex2007 (big blind) folded before Flop
Seat 6: pho13enix folded before Flop (didn't bet)
Seat 7: coopermanjo folded before Flop (didn't bet)
Seat 8: SaMuRaI1616 folded before Flop (didn't bet)
Seat 9: Vadimur1962 folded before Flop (didn't bet)



PokerStars Hand #234430954962:  Hold'em No Limit ($0.01/$0.02 USD) - 2022/02/27 11:19:14 PT [2022/02/27 14:19:14 ET]
Table 'Columbia II' 9-max Seat #4 is the button
Seat 1: mih-mihGOL24 ($0.80 in chips) 
Seat 2: Tobito95 ($2.48 in chips) 
Seat 3: bondo74rus ($2 in chips) 
Seat 4: lirik player ($2.31 in chips) 
Seat 5: Dorex2007 ($2.05 in chips) 
Seat 6: pho13enix ($1.85 in chips) 
Seat 7: coopermanjo ($2.31 in chips) 
Seat 8: SaMuRaI1616 ($2.06 in chips) 
Seat 9: Vadimur1962 ($1.37 in chips) 
Dorex2007: posts small blind $0.01
pho13enix: posts big blind $0.02
*** HOLE CARDS ***
Dealt to Dorex2007 [Ah 4h]
coopermanjo: folds 
SaMuRaI1616: folds 
Vadimur1962: folds 
mih-mihGOL24: folds 
Tobito95: raises $0.04 to $0.06
bondo74rus: calls $0.06
lirik player: folds 
Dorex2007: folds 
pho13enix: calls $0.04
*** FLOP *** [6h 7d 8h]
pho13enix: bets $0.10
Tobito95: calls $0.10
bondo74rus: folds 
*** TURN *** [6h 7d 8h] [5s]
pho13enix: bets $0.32
Tobito95: calls $0.32
*** RIVER *** [6h 7d 8h 5s] [Ad]
pho13enix: bets $1.37 and is all-in
Tobito95: folds 
Uncalled bet ($1.37) returned to pho13enix
pho13enix collected $0.99 from pot
pho13enix: doesn't show hand 
*** SUMMARY ***
Total pot $1.03 | Rake $0.04 
Board [6h 7d 8h 5s Ad]
Seat 1: mih-mihGOL24 folded before Flop (didn't bet)
Seat 2: Tobito95 folded on the River
Seat 3: bondo74rus folded on the Flop
Seat 4: lirik player (button) folded before Flop (didn't bet)
Seat 5: Dorex2007 (small blind) folded before Flop
Seat 6: pho13enix (big blind) collected ($0.99)
Seat 7: coopermanjo folded before Flop (didn't bet)
Seat 8: SaMuRaI1616 folded before Flop (didn't bet)
Seat 9: Vadimur1962 folded before Flop (didn't bet)



PokerStars Hand #234431019185:  Hold'em No Limit ($0.01/$0.02 USD) - 2022/02/27 11:21:05 PT [2022/02/27 14:21:05 ET]
Table 'Columbia II' 9-max Seat #5 is the button
Seat 1: mih-mihGOL24 ($0.80 in chips) 
Seat 2: Tobito95 ($2 in chips) 
Seat 3: bondo74rus ($2 in chips) 
Seat 4: lirik player ($2.31 in chips) 
Seat 5: Dorex2007 ($2.04 in chips) 
Seat 6: pho13enix ($2.36 in chips) 
Seat 7: coopermanjo ($2.31 in chips) 
Seat 8: SaMuRaI1616 ($2.06 in chips) 
Seat 9: Vadimur1962 ($1.37 in chips) 
pho13enix: posts small blind $0.01
coopermanjo: posts big blind $0.02
*** HOLE CARDS ***
Dealt to Dorex2007 [Jd 8s]
SaMuRaI1616: raises $0.04 to $0.06
Vadimur1962: folds 
mih-mihGOL24: folds 
Tobito95: folds 
bondo74rus: folds 
lirik player: calls $0.06
Dorex2007: folds 
pho13enix: calls $0.05
coopermanjo: calls $0.04
*** FLOP *** [7d 6d Jc]
pho13enix: checks 
coopermanjo: bets $0.13
SaMuRaI1616: calls $0.13
lirik player: folds 
pho13enix: folds 
*** TURN *** [7d 6d Jc] [Qh]
coopermanjo: checks 
SaMuRaI1616: bets $0.30
coopermanjo: folds 
Uncalled bet ($0.30) returned to SaMuRaI1616
SaMuRaI1616 collected $0.48 from pot
SaMuRaI1616: doesn't show hand 
*** SUMMARY ***
Total pot $0.50 | Rake $0.02 
Board [7d 6d Jc Qh]
Seat 1: mih-mihGOL24 folded before Flop (didn't bet)
Seat 2: Tobito95 folded before Flop (didn't bet)
Seat 3: bondo74rus folded before Flop (didn't bet)
Seat 4: lirik player folded on the Flop
Seat 5: Dorex2007 (button) folded before Flop (didn't bet)
Seat 6: pho13enix (small blind) folded on the Flop
Seat 7: coopermanjo (big blind) folded on the Turn
Seat 8: SaMuRaI1616 collected ($0.48)
Seat 9: Vadimur1962 folded before Flop (didn't bet)



PokerStars Hand #234431055818:  Hold'em No Limit ($0.01/$0.02 USD) - 2022/02/27 11:22:08 PT [2022/02/27 14:22:08 ET]
Table 'Columbia II' 9-max Seat #6 is the button
Seat 1: mih-mihGOL24 ($0.80 in chips) 
Seat 2: Tobito95 ($2 in chips) 
Seat 3: bondo74rus ($2 in chips) 
Seat 4: lirik player ($2.25 in chips) 
Seat 5: Dorex2007 ($2.04 in chips) 
Seat 6: pho13enix ($2.30 in chips) 
Seat 7: coopermanjo ($2.12 in chips) 
Seat 8: SaMuRaI1616 ($2.35 in chips) 
Seat 9: Vadimur1962 ($1.37 in chips) 
coopermanjo: posts small blind $0.01
SaMuRaI1616: posts big blind $0.02
*** HOLE CARDS ***
Dealt to Dorex2007 [3h Jc]
Vadimur1962: folds 
mih-mihGOL24: folds 
Tobito95: calls $0.02
bondo74rus: folds 
lirik player: calls $0.02
Dorex2007: folds 
pho13enix: calls $0.02
coopermanjo: folds 
SaMuRaI1616: checks 
*** FLOP *** [2c 4c 4d]
SaMuRaI1616: checks 
Tobito95: bets $0.05
lirik player: calls $0.05
pho13enix: calls $0.05
SaMuRaI1616: folds 
*** TURN *** [2c 4c 4d] [4s]
Tobito95: bets $0.12
lirik player: folds 
pho13enix: calls $0.12
*** RIVER *** [2c 4c 4d 4s] [Qd]
Tobito95: bets $0.23
pho13enix: folds 
Uncalled bet ($0.23) returned to Tobito95
Tobito95 collected $0.46 from pot
Tobito95: doesn't show hand 
*** SUMMARY ***
Total pot $0.48 | Rake $0.02 
Board [2c 4c 4d 4s Qd]
Seat 1: mih-mihGOL24 folded before Flop (didn't bet)
Seat 2: Tobito95 collected ($0.46)
Seat 3: bondo74rus folded before Flop (didn't bet)
Seat 4: lirik player folded on the Turn
Seat 5: Dorex2007 folded before Flop (didn't bet)
Seat 6: pho13enix (button) folded on the River
Seat 7: coopermanjo (small blind) folded before Flop
Seat 8: SaMuRaI1616 (big blind) folded on the Flop
Seat 9: Vadimur1962 folded before Flop (didn't bet)



PokerStars Hand #234431089672:  Hold'em No Limit ($0.01/$0.02 USD) - 2022/02/27 11:23:07 PT [2022/02/27 14:23:07 ET]
Table 'Columbia II' 9-max Seat #7 is the button
Seat 1: mih-mihGOL24 ($0.80 in chips) 
Seat 2: Tobito95 ($2.27 in chips) 
Seat 3: bondo74rus ($2 in chips) 
Seat 4: lirik player ($2.18 in chips) 
Seat 5: Dorex2007 ($2.04 in chips) 
Seat 6: pho13enix ($2.11 in chips) 
Seat 7: coopermanjo ($2.11 in chips) 
Seat 8: SaMuRaI1616 ($2.33 in chips) 
Seat 9: Vadimur1962 ($1.37 in chips) 
SaMuRaI1616: posts small blind $0.01
Vadimur1962: posts big blind $0.02
*** HOLE CARDS ***
Dealt to Dorex2007 [3c Jd]
mih-mihGOL24: folds 
Tobito95: calls $0.02
bondo74rus: folds 
lirik player: calls $0.02
Dorex2007: folds 
pho13enix: folds 
coopermanjo: folds 
SaMuRaI1616: folds 
Vadimur1962: checks 
*** FLOP *** [6c 8d 9s]
Vadimur1962: checks 
Tobito95: checks 
lirik player: bets $0.05
Vadimur1962: folds 
Tobito95: calls $0.05
*** TURN *** [6c 8d 9s] [Kh]
Tobito95: checks 
lirik player: bets $0.08
Tobito95: calls $0.08
*** RIVER *** [6c 8d 9s Kh] [9c]
Tobito95: checks 
lirik player: checks 
*** SHOW DOWN ***
Tobito95: shows [Qc Ad] (a pair of Nines)
lirik player: shows [Ah 6s] (two pair, Nines and Sixes)
lirik player collected $0.32 from pot
*** SUMMARY ***
Total pot $0.33 | Rake $0.01 
Board [6c 8d 9s Kh 9c]
Seat 1: mih-mihGOL24 folded before Flop (didn't bet)
Seat 2: Tobito95 showed [Qc Ad] and lost with a pair of Nines
Seat 3: bondo74rus folded before Flop (didn't bet)
Seat 4: lirik player showed [Ah 6s] and won ($0.32) with two pair, Nines and Sixes
Seat 5: Dorex2007 folded before Flop (didn't bet)
Seat 6: pho13enix folded before Flop (didn't bet)
Seat 7: coopermanjo (button) folded before Flop (didn't bet)
Seat 8: SaMuRaI1616 (small blind) folded before Flop
Seat 9: Vadimur1962 (big blind) folded on the Flop



PokerStars Hand #234431137602:  Hold'em No Limit ($0.01/$0.02 USD) - 2022/02/27 11:24:29 PT [2022/02/27 14:24:29 ET]
Table 'Columbia II' 9-max Seat #8 is the button
Seat 1: mih-mihGOL24 ($0.80 in chips) 
Seat 2: Tobito95 ($2.12 in chips) 
Seat 3: bondo74rus ($2 in chips) 
Seat 4: lirik player ($2.35 in chips) 
Seat 5: Dorex2007 ($2.04 in chips) 
Seat 6: pho13enix ($2.11 in chips) 
Seat 7: coopermanjo ($2.11 in chips) 
Seat 8: SaMuRaI1616 ($2.32 in chips) 
Seat 9: Vadimur1962 ($1.35 in chips) 
Vadimur1962: posts small blind $0.01
mih-mihGOL24: posts big blind $0.02
*** HOLE CARDS ***
Dealt to Dorex2007 [9s Th]
Tobito95 has timed out
Tobito95: folds 
bondo74rus: folds 
lirik player: folds 
Dorex2007: folds 
pho13enix: folds 
coopermanjo: folds 
SaMuRaI1616: folds 
Vadimur1962: calls $0.01
mih-mihGOL24: checks 
*** FLOP *** [8s 6h 4c]
Vadimur1962: bets $0.02
mih-mihGOL24: folds 
Uncalled bet ($0.02) returned to Vadimur1962
Vadimur1962 collected $0.04 from pot
Vadimur1962: doesn't show hand 
*** SUMMARY ***
Total pot $0.04 | Rake $0 
Board [8s 6h 4c]
Seat 1: mih-mihGOL24 (big blind) folded on the Flop
Seat 2: Tobito95 folded before Flop (didn't bet)
Seat 3: bondo74rus folded before Flop (didn't bet)
Seat 4: lirik player folded before Flop (didn't bet)
Seat 5: Dorex2007 folded before Flop (didn't bet)
Seat 6: pho13enix folded before Flop (didn't bet)
Seat 7: coopermanjo folded before Flop (didn't bet)
Seat 8: SaMuRaI1616 (button) folded before Flop (didn't bet)
Seat 9: Vadimur1962 (small blind) collected ($0.04)



PokerStars Hand #234431159120:  Hold'em No Limit ($0.01/$0.02 USD) - 2022/02/27 11:25:07 PT [2022/02/27 14:25:07 ET]
Table 'Columbia II' 9-max Seat #9 is the button
Seat 1: mih-mihGOL24 ($0.80 in chips) 
Seat 2: Tobito95 ($2.12 in chips) 
Seat 3: bondo74rus ($2 in chips) 
Seat 4: lirik player ($2.35 in chips) 
Seat 5: Dorex2007 ($2.04 in chips) 
Seat 6: pho13enix ($2.11 in chips) 
Seat 7: coopermanjo ($2.11 in chips) 
Seat 8: SaMuRaI1616 ($2.32 in chips) 
Seat 9: Vadimur1962 ($1.37 in chips) 
mih-mihGOL24: posts small blind $0.01
Tobito95: posts big blind $0.02
*** HOLE CARDS ***
Dealt to Dorex2007 [Jh Qd]
bondo74rus: folds 
lirik player: folds 
Dorex2007: folds 
pho13enix: folds 
coopermanjo: folds 
SaMuRaI1616: folds 
Vadimur1962: raises $0.04 to $0.06
mih-mihGOL24: folds 
Tobito95: folds 
Uncalled bet ($0.04) returned to Vadimur1962
Vadimur1962 collected $0.05 from pot
Vadimur1962: doesn't show hand 
*** SUMMARY ***
Total pot $0.05 | Rake $0 
Seat 1: mih-mihGOL24 (small blind) folded before Flop
Seat 2: Tobito95 (big blind) folded before Flop
Seat 3: bondo74rus folded before Flop (didn't bet)
Seat 4: lirik player folded before Flop (didn't bet)
Seat 5: Dorex2007 folded before Flop (didn't bet)
Seat 6: pho13enix folded before Flop (didn't bet)
Seat 7: coopermanjo folded before Flop (didn't bet)
Seat 8: SaMuRaI1616 folded before Flop (didn't bet)
Seat 9: Vadimur1962 (button) collected ($0.05)



PokerStars Hand #234431311754:  Hold'em No Limit ($0.01/$0.02 USD) - 2022/02/27 11:29:24 PT [2022/02/27 14:29:24 ET]
Table 'Columbia II' 9-max Seat #7 is the button
Seat 1: mih-mihGOL24 ($0.95 in chips) 
Seat 2: Tobito95 ($2 in chips) 
Seat 3: bondo74rus ($2 in chips) 
Seat 4: lirik player ($2.35 in chips) 
Seat 5: Dorex2007 ($2.04 in chips) 
Seat 6: pho13enix ($2.08 in chips) 
Seat 7: coopermanjo ($2.43 in chips) 
Seat 8: SaMuRaI1616 ($2.11 in chips) 
Seat 9: Vadimur1962 ($1.40 in chips) 
SaMuRaI1616: posts small blind $0.01
Vadimur1962: posts big blind $0.02
Dorex2007: posts small & big blinds $0.03
*** HOLE CARDS ***
Dealt to Dorex2007 [Ks 8h]
mih-mihGOL24: folds 
Tobito95: calls $0.02
bondo74rus: folds 
lirik player: folds 
Dorex2007: checks 
pho13enix: calls $0.02
coopermanjo: folds 
SaMuRaI1616: calls $0.01
Vadimur1962: checks 
*** FLOP *** [7c 3d 3c]
SaMuRaI1616: bets $0.05
Vadimur1962: raises $0.09 to $0.14
Tobito95: calls $0.14
Dorex2007: folds 
pho13enix: folds 
SaMuRaI1616: calls $0.09
*** TURN *** [7c 3d 3c] [Qh]
SaMuRaI1616: checks 
Vadimur1962: bets $0.30
Tobito95: calls $0.30
SaMuRaI1616: folds 
*** RIVER *** [7c 3d 3c Qh] [5s]
Vadimur1962: checks 
Tobito95: bets $1.54 and is all-in
Vadimur1962: calls $0.94 and is all-in
Uncalled bet ($0.60) returned to Tobito95
*** SHOW DOWN ***
Tobito95: shows [7h 7s] (a full house, Sevens full of Threes)
Vadimur1962: shows [3h Ah] (three of a kind, Threes)
Tobito95 collected $2.87 from pot
*** SUMMARY ***
Total pot $3.01 | Rake $0.14 
Board [7c 3d 3c Qh 5s]
Seat 1: mih-mihGOL24 folded before Flop (didn't bet)
Seat 2: Tobito95 showed [7h 7s] and won ($2.87) with a full house, Sevens full of Threes
Seat 3: bondo74rus folded before Flop (didn't bet)
Seat 4: lirik player folded before Flop (didn't bet)
Seat 5: Dorex2007 folded on the Flop (didn't bet)
Seat 6: pho13enix folded on the Flop
Seat 7: coopermanjo (button) folded before Flop (didn't bet)
Seat 8: SaMuRaI1616 (small blind) folded on the Turn
Seat 9: Vadimur1962 (big blind) showed [3h Ah] and lost with three of a kind, Threes



PokerStars Hand #234431385867:  Hold'em No Limit ($0.01/$0.02 USD) - 2022/02/27 11:31:31 PT [2022/02/27 14:31:31 ET]
Table 'Columbia II' 9-max Seat #8 is the button
Seat 1: mih-mihGOL24 ($0.95 in chips) 
Seat 2: Tobito95 ($3.47 in chips) 
Seat 3: bondo74rus ($2 in chips) 
Seat 4: lirik player ($2.35 in chips) 
Seat 5: Dorex2007 ($2.01 in chips) 
Seat 6: pho13enix ($2.06 in chips) 
Seat 8: SaMuRaI1616 ($1.95 in chips) 
mih-mihGOL24: posts small blind $0.01
Tobito95: posts big blind $0.02
*** HOLE CARDS ***
Dealt to Dorex2007 [2d 8h]
bondo74rus: folds 
Vadimur1962 leaves the table
lirik player: folds 
Dorex2007: folds 
pho13enix: calls $0.02
SaMuRaI1616: raises $0.06 to $0.08
mih-mihGOL24: folds 
Tobito95: folds 
pho13enix: calls $0.06
*** FLOP *** [Kh 5d Js]
coopermanjo leaves the table
pho13enix: checks 
SaMuRaI1616: bets $0.07
pho13enix: folds 
Uncalled bet ($0.07) returned to SaMuRaI1616
SaMuRaI1616 collected $0.18 from pot
SaMuRaI1616: doesn't show hand 
*** SUMMARY ***
Total pot $0.19 | Rake $0.01 
Board [Kh 5d Js]
Seat 1: mih-mihGOL24 (small blind) folded before Flop
Seat 2: Tobito95 (big blind) folded before Flop
Seat 3: bondo74rus folded before Flop (didn't bet)
Seat 4: lirik player folded before Flop (didn't bet)
Seat 5: Dorex2007 folded before Flop (didn't bet)
Seat 6: pho13enix folded on the Flop
Seat 8: SaMuRaI1616 (button) collected ($0.18)



PokerStars Hand #234431409488:  Hold'em No Limit ($0.01/$0.02 USD) - 2022/02/27 11:32:12 PT [2022/02/27 14:32:12 ET]
Table 'Columbia II' 9-max Seat #1 is the button
Seat 1: mih-mihGOL24 ($0.94 in chips) 
Seat 2: Tobito95 ($3.45 in chips) 
Seat 3: bondo74rus ($2 in chips) 
Seat 4: lirik player ($2.35 in chips) 
Seat 5: Dorex2007 ($2.01 in chips) 
Seat 6: pho13enix ($1.98 in chips) 
Seat 8: SaMuRaI1616 ($2.05 in chips) 
Tobito95: posts small blind $0.01
bondo74rus: posts big blind $0.02
*** HOLE CARDS ***
Dealt to Dorex2007 [Jd 8d]
lirik player: raises $0.05 to $0.07
Dorex2007: folds 
pho13enix: folds 
SaMuRaI1616: folds 
mih-mihGOL24: folds 
Tobito95: folds 
bondo74rus: calls $0.05
*** FLOP *** [Ah 5c 4s]
SaMuRaI1616 leaves the table
bondo74rus: checks 
lirik player: checks 
*** TURN *** [Ah 5c 4s] [Qc]
bondo74rus: checks 
lirik player: bets $0.11
bondo74rus: folds 
Uncalled bet ($0.11) returned to lirik player
lirik player collected $0.14 from pot
lirik player: doesn't show hand 
*** SUMMARY ***
Total pot $0.15 | Rake $0.01 
Board [Ah 5c 4s Qc]
Seat 1: mih-mihGOL24 (button) folded before Flop (didn't bet)
Seat 2: Tobito95 (small blind) folded before Flop
Seat 3: bondo74rus (big blind) folded on the Turn
Seat 4: lirik player collected ($0.14)
Seat 5: Dorex2007 folded before Flop (didn't bet)
Seat 6: pho13enix folded before Flop (didn't bet)
Seat 8: SaMuRaI1616 folded before Flop (didn't bet)



PokerStars Hand #234431439022:  Hold'em No Limit ($0.01/$0.02 USD) - 2022/02/27 11:33:02 PT [2022/02/27 14:33:02 ET]
Table 'Columbia II' 9-max Seat #2 is the button
Seat 1: mih-mihGOL24 ($0.94 in chips) 
Seat 2: Tobito95 ($3.44 in chips) 
Seat 3: bondo74rus ($2 in chips) 
Seat 4: lirik player ($2.42 in chips) 
Seat 5: Dorex2007 ($2.01 in chips) 
Seat 6: pho13enix ($1.98 in chips) 
bondo74rus: posts small blind $0.01
lirik player: posts big blind $0.02
*** HOLE CARDS ***
Dealt to Dorex2007 [Qs 3c]
Dorex2007: folds 
pho13enix: folds 
mih-mihGOL24: folds 
alidean107 joins the table at seat #8 
Tobito95: raises $0.04 to $0.06
bondo74rus: folds 
lirik player: folds 
Uncalled bet ($0.04) returned to Tobito95
Tobito95 collected $0.05 from pot
Tobito95: doesn't show hand 
*** SUMMARY ***
Total pot $0.05 | Rake $0 
Seat 1: mih-mihGOL24 folded before Flop (didn't bet)
Seat 2: Tobito95 (button) collected ($0.05)
Seat 3: bondo74rus (small blind) folded before Flop
Seat 4: lirik player (big blind) folded before Flop
Seat 5: Dorex2007 folded before Flop (didn't bet)
Seat 6: pho13enix folded before Flop (didn't bet)



PokerStars Hand #234431450938:  Hold'em No Limit ($0.01/$0.02 USD) - 2022/02/27 11:33:23 PT [2022/02/27 14:33:23 ET]
Table 'Columbia II' 9-max Seat #3 is the button
Seat 1: mih-mihGOL24 ($0.94 in chips) 
Seat 2: Tobito95 ($3.47 in chips) 
Seat 3: bondo74rus ($2 in chips) 
Seat 4: lirik player ($2.40 in chips) 
Seat 5: Dorex2007 ($2.01 in chips) 
Seat 6: pho13enix ($1.98 in chips) 
Seat 8: alidean107 ($1.60 in chips) 
lirik player: posts small blind $0.01
Dorex2007: posts big blind $0.02
alidean107: posts big blind $0.02
*** HOLE CARDS ***
Dealt to Dorex2007 [7s Jh]
pho13enix: folds 
alidean107: checks 
mih-mihGOL24: folds 
Tobito95: folds 
bondo74rus: folds 
lirik player: raises $0.06 to $0.08
Dorex2007: folds 
alidean107: calls $0.06
*** FLOP *** [8d 2d 5s]
lirik player: bets $0.09
alidean107: folds 
Uncalled bet ($0.09) returned to lirik player
lirik player collected $0.17 from pot
lirik player: doesn't show hand 
*** SUMMARY ***
Total pot $0.18 | Rake $0.01 
Board [8d 2d 5s]
Seat 1: mih-mihGOL24 folded before Flop (didn't bet)
Seat 2: Tobito95 folded before Flop (didn't bet)
Seat 3: bondo74rus (button) folded before Flop (didn't bet)
Seat 4: lirik player (small blind) collected ($0.17)
Seat 5: Dorex2007 (big blind) folded before Flop
Seat 6: pho13enix folded before Flop (didn't bet)
Seat 8: alidean107 folded on the Flop



PokerStars Hand #234431476399:  Hold'em No Limit ($0.01/$0.02 USD) - 2022/02/27 11:34:06 PT [2022/02/27 14:34:06 ET]
Table 'Columbia II' 9-max Seat #4 is the button
Seat 1: mih-mihGOL24 ($0.94 in chips) 
Seat 2: Tobito95 ($3.47 in chips) 
Seat 3: bondo74rus ($2 in chips) 
Seat 4: lirik player ($2.49 in chips) 
Seat 5: Dorex2007 ($2 in chips) 
Seat 6: pho13enix ($1.98 in chips) 
Seat 8: alidean107 ($1.52 in chips) 
Dorex2007: posts small blind $0.01
pho13enix: posts big blind $0.02
*** HOLE CARDS ***
Dealt to Dorex2007 [Kc Ks]
alidean107: calls $0.02
mih-mihGOL24: folds 
Tobito95: folds 
bondo74rus: folds 
lirik player: folds 
Dorex2007: raises $0.06 to $0.08
pho13enix: folds 
Kid_Polton joins the table at seat #9 
alidean107: calls $0.06
*** FLOP *** [7s 3h 6c]
Dorex2007: bets $0.20
alidean107: calls $0.20
*** TURN *** [7s 3h 6c] [Kd]
Dorex2007: bets $0.18
maub4 joins the table at seat #7 
alidean107: calls $0.18
*** RIVER *** [7s 3h 6c Kd] [Qc]
Dorex2007: bets $0.61
alidean107: folds 
Uncalled bet ($0.61) returned to Dorex2007
Dorex2007 collected $0.91 from pot
Dorex2007: doesn't show hand 
*** SUMMARY ***
Total pot $0.94 | Rake $0.03 
Board [7s 3h 6c Kd Qc]
Seat 1: mih-mihGOL24 folded before Flop (didn't bet)
Seat 2: Tobito95 folded before Flop (didn't bet)
Seat 3: bondo74rus folded before Flop (didn't bet)
Seat 4: lirik player (button) folded before Flop (didn't bet)
Seat 5: Dorex2007 (small blind) collected ($0.91)
Seat 6: pho13enix (big blind) folded before Flop
Seat 8: alidean107 folded on the River



PokerStars Hand #234431521133:  Hold'em No Limit ($0.01/$0.02 USD) - 2022/02/27 11:35:23 PT [2022/02/27 14:35:23 ET]
Table 'Columbia II' 9-max Seat #5 is the button
Seat 1: mih-mihGOL24 ($0.94 in chips) 
Seat 2: Tobito95 ($3.47 in chips) 
Seat 3: bondo74rus ($2 in chips) 
Seat 4: lirik player ($2.49 in chips) 
Seat 5: Dorex2007 ($2.45 in chips) 
Seat 6: pho13enix ($1.96 in chips) 
Seat 7: maub4 ($2 in chips) 
Seat 8: alidean107 ($1.06 in chips) 
pho13enix: posts small blind $0.01
maub4: posts big blind $0.02
Kid_Polton: sits out 
*** HOLE CARDS ***
Dealt to Dorex2007 [Qd Tc]
alidean107: folds 
mih-mihGOL24: calls $0.02
Tobito95: folds 
bondo74rus: folds 
lirik player: calls $0.02
Dorex2007: folds 
pho13enix: folds 
maub4: checks 
*** FLOP *** [Kh 9h 2c]
maub4: checks 
mih-mihGOL24: checks 
lirik player: checks 
*** TURN *** [Kh 9h 2c] [7d]
maub4: bets $0.62
mih-mihGOL24: folds 
lirik player: folds 
Uncalled bet ($0.62) returned to maub4
maub4 collected $0.07 from pot
maub4: doesn't show hand 
*** SUMMARY ***
Total pot $0.07 | Rake $0 
Board [Kh 9h 2c 7d]
Seat 1: mih-mihGOL24 folded on the Turn
Seat 2: Tobito95 folded before Flop (didn't bet)
Seat 3: bondo74rus folded before Flop (didn't bet)
Seat 4: lirik player folded on the Turn
Seat 5: Dorex2007 (button) folded before Flop (didn't bet)
Seat 6: pho13enix (small blind) folded before Flop
Seat 7: maub4 (big blind) collected ($0.07)
Seat 8: alidean107 folded before Flop (didn't bet)



PokerStars Hand #234431563004:  Hold'em No Limit ($0.01/$0.02 USD) - 2022/02/27 11:36:34 PT [2022/02/27 14:36:34 ET]
Table 'Columbia II' 9-max Seat #6 is the button
Seat 1: mih-mihGOL24 ($0.92 in chips) 
Seat 2: Tobito95 ($3.47 in chips) 
Seat 3: bondo74rus ($2 in chips) 
Seat 4: lirik player ($2.47 in chips) 
Seat 5: Dorex2007 ($2.45 in chips) 
Seat 6: pho13enix ($1.95 in chips) 
Seat 7: maub4 ($2.05 in chips) 
Seat 8: alidean107 ($1.06 in chips) 
maub4: posts small blind $0.01
alidean107: posts big blind $0.02
Kid_Polton: sits out 
*** HOLE CARDS ***
Dealt to Dorex2007 [9d 2d]
mih-mihGOL24: folds 
Tobito95: folds 
bondo74rus: folds 
lirik player: raises $0.04 to $0.06
Dorex2007: folds 
pho13enix: folds 
maub4: raises $1.99 to $2.05 and is all-in
alidean107: folds 
lirik player: calls $1.99
*** FLOP *** [2h 4c Qc]
*** TURN *** [2h 4c Qc] [Ad]
*** RIVER *** [2h 4c Qc Ad] [3c]
*** SHOW DOWN ***
maub4: shows [Td Qd] (a pair of Queens)
lirik player: shows [6c Ac] (a flush, Ace high)
lirik player collected $3.98 from pot
*** SUMMARY ***
Total pot $4.12 | Rake $0.14 
Board [2h 4c Qc Ad 3c]
Seat 1: mih-mihGOL24 folded before Flop (didn't bet)
Seat 2: Tobito95 folded before Flop (didn't bet)
Seat 3: bondo74rus folded before Flop (didn't bet)
Seat 4: lirik player showed [6c Ac] and won ($3.98) with a flush, Ace high
Seat 5: Dorex2007 folded before Flop (didn't bet)
Seat 6: pho13enix (button) folded before Flop (didn't bet)
Seat 7: maub4 (small blind) showed [Td Qd] and lost with a pair of Queens
Seat 8: alidean107 (big blind) folded before Flop



PokerStars Hand #234431583231:  Hold'em No Limit ($0.01/$0.02 USD) - 2022/02/27 11:37:08 PT [2022/02/27 14:37:08 ET]
Table 'Columbia II' 9-max Seat #8 is the button
Seat 1: mih-mihGOL24 ($0.92 in chips) 
Seat 2: Tobito95 ($3.47 in chips) 
Seat 3: bondo74rus ($2 in chips) 
Seat 4: lirik player ($4.40 in chips) 
Seat 5: Dorex2007 ($2.45 in chips) 
Seat 6: pho13enix ($1.95 in chips) 
Seat 8: alidean107 ($1.04 in chips) 
mih-mihGOL24: posts small blind $0.01
Tobito95: posts big blind $0.02
*** HOLE CARDS ***
Dealt to Dorex2007 [9s 9h]
bondo74rus: folds 
lirik player: folds 
Dorex2007: raises $0.04 to $0.06
pho13enix: folds 
alidean107: folds 
maub4 leaves the table
mih-mihGOL24: folds 
Tobito95: calls $0.04
*** FLOP *** [4d 4s 5d]
Tobito95: checks 
Dorex2007: bets $0.13
4JC2 joins the table at seat #7 
Tobito95: folds 
Uncalled bet ($0.13) returned to Dorex2007
Dorex2007 collected $0.13 from pot
Dorex2007: doesn't show hand 
*** SUMMARY ***
Total pot $0.13 | Rake $0 
Board [4d 4s 5d]
Seat 1: mih-mihGOL24 (small blind) folded before Flop
Seat 2: Tobito95 (big blind) folded on the Flop
Seat 3: bondo74rus folded before Flop (didn't bet)
Seat 4: lirik player folded before Flop (didn't bet)
Seat 5: Dorex2007 collected ($0.13)
Seat 6: pho13enix folded before Flop (didn't bet)
Seat 8: alidean107 (button) folded before Flop (didn't bet)



PokerStars Hand #234431597028:  Hold'em No Limit ($0.01/$0.02 USD) - 2022/02/27 11:37:32 PT [2022/02/27 14:37:32 ET]
Table 'Columbia II' 9-max Seat #1 is the button
Seat 1: mih-mihGOL24 ($0.91 in chips) 
Seat 2: Tobito95 ($3.41 in chips) 
Seat 3: bondo74rus ($2 in chips) 
Seat 4: lirik player ($4.40 in chips) 
Seat 5: Dorex2007 ($2.52 in chips) 
Seat 6: pho13enix ($1.95 in chips) 
Seat 8: alidean107 ($1.04 in chips) 
Tobito95: posts small blind $0.01
bondo74rus: posts big blind $0.02
4JC2: sits out 
Kid_Polton: sits out 
*** HOLE CARDS ***
Dealt to Dorex2007 [Qc 6c]
lirik player: folds 
Dorex2007: folds 
pho13enix: folds 
alidean107: folds 
mih-mihGOL24: folds 
Tobito95: folds 
Uncalled bet ($0.01) returned to bondo74rus
alidean107 leaves the table
bondo74rus collected $0.02 from pot
bondo74rus: doesn't show hand 
*** SUMMARY ***
Total pot $0.02 | Rake $0 
Seat 1: mih-mihGOL24 (button) folded before Flop (didn't bet)
Seat 2: Tobito95 (small blind) folded before Flop
Seat 3: bondo74rus (big blind) collected ($0.02)
Seat 4: lirik player folded before Flop (didn't bet)
Seat 5: Dorex2007 folded before Flop (didn't bet)
Seat 6: pho13enix folded before Flop (didn't bet)
Seat 8: alidean107 folded before Flop (didn't bet)



PokerStars Hand #234431604388:  Hold'em No Limit ($0.01/$0.02 USD) - 2022/02/27 11:37:44 PT [2022/02/27 14:37:44 ET]
Table 'Columbia II' 9-max Seat #2 is the button
Seat 1: mih-mihGOL24 ($0.91 in chips) 
Seat 2: Tobito95 ($3.40 in chips) 
Seat 3: bondo74rus ($2.01 in chips) 
Seat 4: lirik player ($4.40 in chips) 
Seat 5: Dorex2007 ($2.52 in chips) 
Seat 6: pho13enix ($1.95 in chips) 
Seat 7: 4JC2 ($1.60 in chips) 
bondo74rus: posts small blind $0.01
lirik player: posts big blind $0.02
4JC2: posts big blind $0.02
Kid_Polton: sits out 
*** HOLE CARDS ***
Dealt to Dorex2007 [4s 7c]
Dorex2007: folds 
pho13enix: folds 
Aleeeeena joins the table at seat #8 
4JC2: checks 
mih-mihGOL24: folds 
Tobito95: folds 
bondo74rus: calls $0.01
lirik player: checks 
*** FLOP *** [Qd Qh Th]
bondo74rus: checks 
lirik player: checks 
4JC2: bets $0.06
bondo74rus: folds 
lirik player: folds 
Uncalled bet ($0.06) returned to 4JC2
4JC2 collected $0.06 from pot
4JC2: doesn't show hand 
*** SUMMARY ***
Total pot $0.06 | Rake $0 
Board [Qd Qh Th]
Seat 1: mih-mihGOL24 folded before Flop (didn't bet)
Seat 2: Tobito95 (button) folded before Flop (didn't bet)
Seat 3: bondo74rus (small blind) folded on the Flop
Seat 4: lirik player (big blind) folded on the Flop
Seat 5: Dorex2007 folded before Flop (didn't bet)
Seat 6: pho13enix folded before Flop (didn't bet)
Seat 7: 4JC2 collected ($0.06)



PokerStars Hand #234431621871:  Hold'em No Limit ($0.01/$0.02 USD) - 2022/02/27 11:38:14 PT [2022/02/27 14:38:14 ET]
Table 'Columbia II' 9-max Seat #3 is the button
Seat 1: mih-mihGOL24 ($0.91 in chips) 
Seat 2: Tobito95 ($3.40 in chips) 
Seat 3: bondo74rus ($2 in chips) 
Seat 4: lirik player ($4.38 in chips) 
Seat 5: Dorex2007 ($2.52 in chips) 
Seat 6: pho13enix ($1.95 in chips) 
Seat 7: 4JC2 ($1.64 in chips) 
lirik player: posts small blind $0.01
Dorex2007: posts big blind $0.02
Aleeeeena: sits out 
Kid_Polton: sits out 
*** HOLE CARDS ***
Dealt to Dorex2007 [2h 8s]
pho13enix: folds 
4JC2: calls $0.02
mih-mihGOL24: folds 
Tobito95: calls $0.02
bondo74rus: folds 
lirik player: folds 
Dorex2007: checks 
*** FLOP *** [Td 5s 3s]
Dorex2007: checks 
4JC2: bets $0.16
Tobito95: folds 
Dorex2007: folds 
Uncalled bet ($0.16) returned to 4JC2
4JC2 collected $0.07 from pot
4JC2: doesn't show hand 
*** SUMMARY ***
Total pot $0.07 | Rake $0 
Board [Td 5s 3s]
Seat 1: mih-mihGOL24 folded before Flop (didn't bet)
Seat 2: Tobito95 folded on the Flop
Seat 3: bondo74rus (button) folded before Flop (didn't bet)
Seat 4: lirik player (small blind) folded before Flop
Seat 5: Dorex2007 (big blind) folded on the Flop
Seat 6: pho13enix folded before Flop (didn't bet)
Seat 7: 4JC2 collected ($0.07)



PokerStars Hand #234431637753:  Hold'em No Limit ($0.01/$0.02 USD) - 2022/02/27 11:38:41 PT [2022/02/27 14:38:41 ET]
Table 'Columbia II' 9-max Seat #4 is the button
Seat 1: mih-mihGOL24 ($0.91 in chips) 
Seat 2: Tobito95 ($3.38 in chips) 
Seat 3: bondo74rus ($2 in chips) 
Seat 4: lirik player ($4.37 in chips) 
Seat 5: Dorex2007 ($2.50 in chips) 
Seat 6: pho13enix ($1.95 in chips) 
Seat 7: 4JC2 ($1.69 in chips) 
Dorex2007: posts small blind $0.01
pho13enix: posts big blind $0.02
Aleeeeena: sits out 
Kid_Polton: sits out 
*** HOLE CARDS ***
Dealt to Dorex2007 [3h Ks]
4JC2: calls $0.02
mih-mihGOL24: raises $0.89 to $0.91 and is all-in
Tobito95: folds 
bondo74rus: raises $1.09 to $2 and is all-in
lirik player: folds 
Dorex2007: folds 
pho13enix: folds 
4JC2: folds 
Uncalled bet ($1.09) returned to bondo74rus
*** FLOP *** [4c Td 6d]
*** TURN *** [4c Td 6d] [Qd]
*** RIVER *** [4c Td 6d Qd] [As]
*** SHOW DOWN ***
mih-mihGOL24: shows [Qs Qc] (three of a kind, Queens)
bondo74rus: shows [9c 9s] (a pair of Nines)
mih-mihGOL24 collected $1.80 from pot
*** SUMMARY ***
Total pot $1.87 | Rake $0.07 
Board [4c Td 6d Qd As]
Seat 1: mih-mihGOL24 showed [Qs Qc] and won ($1.80) with three of a kind, Queens
Seat 2: Tobito95 folded before Flop (didn't bet)
Seat 3: bondo74rus showed [9c 9s] and lost with a pair of Nines
Seat 4: lirik player (button) folded before Flop (didn't bet)
Seat 5: Dorex2007 (small blind) folded before Flop
Seat 6: pho13enix (big blind) folded before Flop
Seat 7: 4JC2 folded before Flop



PokerStars Hand #234431653665:  Hold'em No Limit ($0.01/$0.02 USD) - 2022/02/27 11:39:08 PT [2022/02/27 14:39:08 ET]
Table 'Columbia II' 9-max Seat #5 is the button
Seat 1: mih-mihGOL24 ($1.80 in chips) 
Seat 2: Tobito95 ($3.38 in chips) 
Seat 3: bondo74rus ($2 in chips) 
Seat 4: lirik player ($4.37 in chips) 
Seat 5: Dorex2007 ($2.49 in chips) 
Seat 6: pho13enix ($1.93 in chips) 
Seat 7: 4JC2 ($1.67 in chips) 
pho13enix: posts small blind $0.01
4JC2: posts big blind $0.02
Aleeeeena: sits out 
Kid_Polton: sits out 
*** HOLE CARDS ***
Dealt to Dorex2007 [Kd 7h]
mih-mihGOL24: folds 
Tobito95: folds 
bondo74rus: raises $0.02 to $0.04
lirik player: folds 
Dorex2007: folds 
pho13enix: calls $0.03
4JC2: calls $0.02
*** FLOP *** [Jd 4s 8s]
pho13enix: checks 
4JC2: bets $0.22
bondo74rus: folds 
pho13enix: folds 
Uncalled bet ($0.22) returned to 4JC2
4JC2 collected $0.12 from pot
4JC2: doesn't show hand 
*** SUMMARY ***
Total pot $0.12 | Rake $0 
Board [Jd 4s 8s]
Seat 1: mih-mihGOL24 folded before Flop (didn't bet)
Seat 2: Tobito95 folded before Flop (didn't bet)
Seat 3: bondo74rus folded on the Flop
Seat 4: lirik player folded before Flop (didn't bet)
Seat 5: Dorex2007 (button) folded before Flop (didn't bet)
Seat 6: pho13enix (small blind) folded on the Flop
Seat 7: 4JC2 (big blind) collected ($0.12)



PokerStars Hand #234431673055:  Hold'em No Limit ($0.01/$0.02 USD) - 2022/02/27 11:39:39 PT [2022/02/27 14:39:39 ET]
Table 'Columbia II' 9-max Seat #6 is the button
Seat 1: mih-mihGOL24 ($1.80 in chips) 
Seat 2: Tobito95 ($3.38 in chips) 
Seat 3: bondo74rus ($2 in chips) 
Seat 4: lirik player ($4.37 in chips) 
Seat 5: Dorex2007 ($2.49 in chips) 
Seat 6: pho13enix ($1.89 in chips) 
Seat 7: 4JC2 ($1.75 in chips) 
Seat 8: Aleeeeena ($2 in chips) 
4JC2: posts small blind $0.01
Aleeeeena: posts big blind $0.02
Kid_Polton: sits out 
*** HOLE CARDS ***
Dealt to Dorex2007 [6s 3s]
mih-mihGOL24: folds 
Tobito95: calls $0.02
bondo74rus: folds 
lirik player: folds 
Dorex2007: folds 
pho13enix: folds 
4JC2: calls $0.01
Aleeeeena: checks 
*** FLOP *** [8s Tc Qh]
4JC2: checks 
Aleeeeena: checks 
Tobito95: bets $0.03
4JC2: folds 
Aleeeeena: folds 
Uncalled bet ($0.03) returned to Tobito95
Tobito95 collected $0.06 from pot
Tobito95: doesn't show hand 
*** SUMMARY ***
Total pot $0.06 | Rake $0 
Board [8s Tc Qh]
Seat 1: mih-mihGOL24 folded before Flop (didn't bet)
Seat 2: Tobito95 collected ($0.06)
Seat 3: bondo74rus folded before Flop (didn't bet)
Seat 4: lirik player folded before Flop (didn't bet)
Seat 5: Dorex2007 folded before Flop (didn't bet)
Seat 6: pho13enix (button) folded before Flop (didn't bet)
Seat 7: 4JC2 (small blind) folded on the Flop
Seat 8: Aleeeeena (big blind) folded on the Flop



PokerStars Hand #234431696085:  Hold'em No Limit ($0.01/$0.02 USD) - 2022/02/27 11:40:18 PT [2022/02/27 14:40:18 ET]
Table 'Columbia II' 9-max Seat #7 is the button
Seat 1: mih-mihGOL24 ($1.80 in chips) 
Seat 2: Tobito95 ($3.42 in chips) 
Seat 3: bondo74rus ($2 in chips) 
Seat 4: lirik player ($4.37 in chips) 
Seat 5: Dorex2007 ($2.49 in chips) 
Seat 6: pho13enix ($1.89 in chips) 
Seat 7: 4JC2 ($1.73 in chips) 
Seat 8: Aleeeeena ($1.98 in chips) 
Seat 9: Kid_Polton ($2 in chips) 
Aleeeeena: posts small blind $0.01
Kid_Polton: posts big blind $0.02
*** HOLE CARDS ***
Dealt to Dorex2007 [Qc 3c]
mih-mihGOL24: folds 
Tobito95: calls $0.02
bondo74rus: folds 
lirik player: folds 
Dorex2007: folds 
pho13enix: folds 
4JC2: raises $0.04 to $0.06
Aleeeeena: folds 
Kid_Polton: folds 
Tobito95: calls $0.04
*** FLOP *** [Ac Td Qs]
Tobito95: bets $0.07
4JC2: calls $0.07
*** TURN *** [Ac Td Qs] [9d]
Tobito95: checks 
4JC2: bets $0.20
Tobito95: calls $0.20
*** RIVER *** [Ac Td Qs 9d] [Kc]
Tobito95: checks 
4JC2: checks 
*** SHOW DOWN ***
Tobito95: shows [Ad 2d] (a pair of Aces)
4JC2: shows [Th As] (two pair, Aces and Tens)
4JC2 collected $0.67 from pot
*** SUMMARY ***
Total pot $0.69 | Rake $0.02 
Board [Ac Td Qs 9d Kc]
Seat 1: mih-mihGOL24 folded before Flop (didn't bet)
Seat 2: Tobito95 showed [Ad 2d] and lost with a pair of Aces
Seat 3: bondo74rus folded before Flop (didn't bet)
Seat 4: lirik player folded before Flop (didn't bet)
Seat 5: Dorex2007 folded before Flop (didn't bet)
Seat 6: pho13enix folded before Flop (didn't bet)
Seat 7: 4JC2 (button) showed [Th As] and won ($0.67) with two pair, Aces and Tens
Seat 8: Aleeeeena (small blind) folded before Flop
Seat 9: Kid_Polton (big blind) folded before Flop



PokerStars Hand #234431745412:  Hold'em No Limit ($0.01/$0.02 USD) - 2022/02/27 11:41:41 PT [2022/02/27 14:41:41 ET]
Table 'Columbia II' 9-max Seat #8 is the button
Seat 2: Tobito95 ($3.09 in chips) 
Seat 3: bondo74rus ($2 in chips) 
Seat 4: lirik player ($4.37 in chips) 
Seat 5: Dorex2007 ($2.49 in chips) 
Seat 6: pho13enix ($1.89 in chips) 
Seat 7: 4JC2 ($2.07 in chips) 
Seat 8: Aleeeeena ($1.97 in chips) 
Seat 9: Kid_Polton ($2 in chips) 
Kid_Polton: posts small blind $0.01
mih-mihGOL24: is sitting out 
Tobito95: posts big blind $0.02
*** HOLE CARDS ***
Dealt to Dorex2007 [Jd 6h]
mih-mihGOL24 leaves the table
bondo74rus: raises $0.04 to $0.06
lirik player: folds 
Dorex2007: folds 
pho13enix: folds 
4JC2: folds 
Aleeeeena: folds 
Kid_Polton: folds 
Tobito95: calls $0.04
*** FLOP *** [Td 6s 3c]
Tobito95: bets $0.07
bondo74rus: calls $0.07
*** TURN *** [Td 6s 3c] [Ad]
Tobito95: bets $0.13
bondo74rus: calls $0.13
*** RIVER *** [Td 6s 3c Ad] [Ks]
Tobito95: checks 
bondo74rus: bets $0.36
Jefstical joins the table at seat #1 
Tobito95: folds 
Uncalled bet ($0.36) returned to bondo74rus
bondo74rus collected $0.51 from pot
bondo74rus: doesn't show hand 
*** SUMMARY ***
Total pot $0.53 | Rake $0.02 
Board [Td 6s 3c Ad Ks]
Seat 2: Tobito95 (big blind) folded on the River
Seat 3: bondo74rus collected ($0.51)
Seat 4: lirik player folded before Flop (didn't bet)
Seat 5: Dorex2007 folded before Flop (didn't bet)
Seat 6: pho13enix folded before Flop (didn't bet)
Seat 7: 4JC2 folded before Flop (didn't bet)
Seat 8: Aleeeeena (button) folded before Flop (didn't bet)
Seat 9: Kid_Polton (small blind) folded before Flop



PokerStars Hand #234431775559:  Hold'em No Limit ($0.01/$0.02 USD) - 2022/02/27 11:42:32 PT [2022/02/27 14:42:32 ET]
Table 'Columbia II' 9-max Seat #9 is the button
Seat 2: Tobito95 ($2.83 in chips) 
Seat 4: lirik player ($4.37 in chips) 
Seat 5: Dorex2007 ($2.49 in chips) 
Seat 6: pho13enix ($1.89 in chips) 
Seat 7: 4JC2 ($2.07 in chips) 
Seat 8: Aleeeeena ($1.97 in chips) 
Seat 9: Kid_Polton ($2 in chips) 
Tobito95: posts small blind $0.01
bondo74rus: is sitting out 
lirik player: posts big blind $0.02
*** HOLE CARDS ***
Dealt to Dorex2007 [Jc 3s]
bondo74rus leaves the table
Dorex2007: folds 
pho13enix: folds 
4JC2: calls $0.02
Aleeeeena: folds 
ARD3777 joins the table at seat #3 
Kid_Polton: folds 
Tobito95: folds 
lirik player: checks 
*** FLOP *** [5d Ah 3h]
lirik player: bets $0.02
4JC2: raises $0.06 to $0.08
lirik player: folds 
Uncalled bet ($0.06) returned to 4JC2
4JC2 collected $0.09 from pot
4JC2: doesn't show hand 
*** SUMMARY ***
Total pot $0.09 | Rake $0 
Board [5d Ah 3h]
Seat 2: Tobito95 (small blind) folded before Flop
Seat 4: lirik player (big blind) folded on the Flop
Seat 5: Dorex2007 folded before Flop (didn't bet)
Seat 6: pho13enix folded before Flop (didn't bet)
Seat 7: 4JC2 collected ($0.09)
Seat 8: Aleeeeena folded before Flop (didn't bet)
Seat 9: Kid_Polton (button) folded before Flop (didn't bet)



PokerStars Hand #234431801831:  Hold'em No Limit ($0.01/$0.02 USD) - 2022/02/27 11:43:17 PT [2022/02/27 14:43:17 ET]
Table 'Columbia II' 9-max Seat #2 is the button
Seat 1: Jefstical ($2 in chips) 
Seat 2: Tobito95 ($2.82 in chips) 
Seat 4: lirik player ($4.33 in chips) 
Seat 5: Dorex2007 ($2.49 in chips) 
Seat 6: pho13enix ($1.89 in chips) 
Seat 7: 4JC2 ($2.12 in chips) 
Seat 8: Aleeeeena ($1.97 in chips) 
Seat 9: Kid_Polton ($2 in chips) 
lirik player: posts small blind $0.01
Dorex2007: posts big blind $0.02
Jefstical: posts big blind $0.02
*** HOLE CARDS ***
Dealt to Dorex2007 [5h 3c]
pho13enix: folds 
4JC2: calls $0.02
Aleeeeena: folds 
Kid_Polton: folds 
Jefstical: checks 
Tobito95: folds 
lirik player: folds 
Dorex2007: checks 
*** FLOP *** [Kh 6s Jc]
Dorex2007: checks 
4JC2: checks 
Jefstical: bets $0.03
Dorex2007: folds 
4JC2: calls $0.03
*** TURN *** [Kh 6s Jc] [Qh]
4JC2: checks 
Jefstical: checks 
*** RIVER *** [Kh 6s Jc Qh] [3h]
4JC2: bets $0.20
Jefstical: calls $0.20
*** SHOW DOWN ***
4JC2: shows [Ad Ts] (a straight, Ten to Ace)
Jefstical: mucks hand 
4JC2 collected $0.51 from pot
*** SUMMARY ***
Total pot $0.53 | Rake $0.02 
Board [Kh 6s Jc Qh 3h]
Seat 1: Jefstical mucked [5c Qd]
Seat 2: Tobito95 (button) folded before Flop (didn't bet)
Seat 4: lirik player (small blind) folded before Flop
Seat 5: Dorex2007 (big blind) folded on the Flop
Seat 6: pho13enix folded before Flop (didn't bet)
Seat 7: 4JC2 showed [Ad Ts] and won ($0.51) with a straight, Ten to Ace
Seat 8: Aleeeeena folded before Flop (didn't bet)
Seat 9: Kid_Polton folded before Flop (didn't bet)



PokerStars Hand #234431844550:  Hold'em No Limit ($0.01/$0.02 USD) - 2022/02/27 11:44:12 PT [2022/02/27 14:44:12 ET]
Table 'Columbia II' 9-max Seat #4 is the button
Seat 1: Jefstical ($1.75 in chips) 
Seat 2: Tobito95 ($2.82 in chips) 
Seat 4: lirik player ($4.32 in chips) 
Seat 5: Dorex2007 ($2.47 in chips) 
Seat 6: pho13enix ($1.89 in chips) 
Seat 7: 4JC2 ($2.38 in chips) 
Seat 8: Aleeeeena ($1.97 in chips) 
Seat 9: Kid_Polton ($2 in chips) 
Dorex2007: posts small blind $0.01
pho13enix: posts big blind $0.02
ARD3777: sits out 
*** HOLE CARDS ***
Dealt to Dorex2007 [Kc 7s]
4JC2: calls $0.02
Aleeeeena: raises $0.04 to $0.06
Kid_Polton: folds 
Jefstical: folds 
Tobito95: folds 
lirik player: folds 
Dorex2007: folds 
pho13enix: folds 
4JC2: calls $0.04
*** FLOP *** [7c Ts 7d]
4JC2: checks 
Aleeeeena: bets $0.07
4JC2: folds 
Uncalled bet ($0.07) returned to Aleeeeena
Aleeeeena collected $0.14 from pot
*** SUMMARY ***
Total pot $0.15 | Rake $0.01 
Board [7c Ts 7d]
Seat 1: Jefstical folded before Flop (didn't bet)
Seat 2: Tobito95 folded before Flop (didn't bet)
Seat 4: lirik player (button) folded before Flop (didn't bet)
Seat 5: Dorex2007 (small blind) folded before Flop
Seat 6: pho13enix (big blind) folded before Flop
Seat 7: 4JC2 folded on the Flop
Seat 8: Aleeeeena collected ($0.14)
Seat 9: Kid_Polton folded before Flop (didn't bet)



PokerStars Hand #234431863884:  Hold'em No Limit ($0.01/$0.02 USD) - 2022/02/27 11:44:45 PT [2022/02/27 14:44:45 ET]
Table 'Columbia II' 9-max Seat #5 is the button
Seat 1: Jefstical ($1.75 in chips) 
Seat 2: Tobito95 ($2.82 in chips) 
Seat 4: lirik player ($4.32 in chips) 
Seat 5: Dorex2007 ($2.46 in chips) 
Seat 6: pho13enix ($1.87 in chips) 
Seat 7: 4JC2 ($2.32 in chips) 
Seat 8: Aleeeeena ($2.05 in chips) 
Seat 9: Kid_Polton ($2 in chips) 
pho13enix: posts small blind $0.01
4JC2: posts big blind $0.02
ARD3777: sits out 
*** HOLE CARDS ***
Dealt to Dorex2007 [2s 9d]
Aleeeeena: folds 
Kid_Polton: folds 
Jefstical: folds 
Tobito95: calls $0.02
lirik player: calls $0.02
Dorex2007: folds 
pho13enix: folds 
4JC2: checks 
*** FLOP *** [7h Kd 2d]
4JC2: checks 
Tobito95: checks 
lirik player: checks 
*** TURN *** [7h Kd 2d] [5d]
4JC2: checks 
Tobito95: checks 
lirik player: checks 
*** RIVER *** [7h Kd 2d 5d] [Kh]
4JC2: checks 
Tobito95: checks 
lirik player: checks 
*** SHOW DOWN ***
4JC2: shows [Qs 3s] (a pair of Kings)
Tobito95: shows [Qd Th] (a pair of Kings - Queen+Ten kicker)
lirik player: shows [As 4h] (a pair of Kings - Ace kicker)
lirik player collected $0.07 from pot
*** SUMMARY ***
Total pot $0.07 | Rake $0 
Board [7h Kd 2d 5d Kh]
Seat 1: Jefstical folded before Flop (didn't bet)
Seat 2: Tobito95 showed [Qd Th] and lost with a pair of Kings
Seat 4: lirik player showed [As 4h] and won ($0.07) with a pair of Kings
Seat 5: Dorex2007 (button) folded before Flop (didn't bet)
Seat 6: pho13enix (small blind) folded before Flop
Seat 7: 4JC2 (big blind) showed [Qs 3s] and lost with a pair of Kings
Seat 8: Aleeeeena folded before Flop (didn't bet)
Seat 9: Kid_Polton folded before Flop (didn't bet)



PokerStars Hand #234431908089:  Hold'em No Limit ($0.01/$0.02 USD) - 2022/02/27 11:45:54 PT [2022/02/27 14:45:54 ET]
Table 'Columbia II' 9-max Seat #6 is the button
Seat 1: Jefstical ($1.75 in chips) 
Seat 2: Tobito95 ($2.80 in chips) 
Seat 4: lirik player ($4.37 in chips) 
Seat 5: Dorex2007 ($2.46 in chips) 
Seat 6: pho13enix ($1.86 in chips) 
Seat 7: 4JC2 ($2.30 in chips) 
Seat 8: Aleeeeena ($2.05 in chips) 
Seat 9: Kid_Polton ($2 in chips) 
4JC2: posts small blind $0.01
Aleeeeena: posts big blind $0.02
ARD3777: sits out 
*** HOLE CARDS ***
Dealt to Dorex2007 [8d 9s]
Kid_Polton: folds 
Jefstical: folds 
Tobito95: folds 
lirik player: raises $0.04 to $0.06
Dorex2007: folds 
pho13enix: folds 
4JC2: calls $0.05
Aleeeeena: folds 
*** FLOP *** [7h 7s Qc]
4JC2: bets $0.10
lirik player: calls $0.10
*** TURN *** [7h 7s Qc] [3s]
4JC2: bets $0.10
lirik player: calls $0.10
*** RIVER *** [7h 7s Qc 3s] [9c]
4JC2: bets $0.20
lirik player: folds 
Uncalled bet ($0.20) returned to 4JC2
4JC2 collected $0.52 from pot
4JC2: doesn't show hand 
*** SUMMARY ***
Total pot $0.54 | Rake $0.02 
Board [7h 7s Qc 3s 9c]
Seat 1: Jefstical folded before Flop (didn't bet)
Seat 2: Tobito95 folded before Flop (didn't bet)
Seat 4: lirik player folded on the River
Seat 5: Dorex2007 folded before Flop (didn't bet)
Seat 6: pho13enix (button) folded before Flop (didn't bet)
Seat 7: 4JC2 (small blind) collected ($0.52)
Seat 8: Aleeeeena (big blind) folded before Flop
Seat 9: Kid_Polton folded before Flop (didn't bet)



PokerStars Hand #234431954972:  Hold'em No Limit ($0.01/$0.02 USD) - 2022/02/27 11:47:15 PT [2022/02/27 14:47:15 ET]
Table 'Columbia II' 9-max Seat #7 is the button
Seat 1: Jefstical ($1.75 in chips) 
Seat 2: Tobito95 ($2.80 in chips) 
Seat 4: lirik player ($4.11 in chips) 
Seat 5: Dorex2007 ($2.46 in chips) 
Seat 6: pho13enix ($1.86 in chips) 
Seat 7: 4JC2 ($2.56 in chips) 
Seat 8: Aleeeeena ($2.03 in chips) 
Seat 9: Kid_Polton ($2 in chips) 
Aleeeeena: posts small blind $0.01
Kid_Polton: posts big blind $0.02
ARD3777: sits out 
*** HOLE CARDS ***
Dealt to Dorex2007 [Qc Th]
Jefstical: raises $0.04 to $0.06
Tobito95: folds 
lirik player: calls $0.06
Dorex2007: folds 
pho13enix: folds 
4JC2: calls $0.06
Aleeeeena: folds 
Kid_Polton: folds 
*** FLOP *** [5c 4d 7s]
Jefstical: checks 
lirik player: checks 
4JC2: checks 
*** TURN *** [5c 4d 7s] [4c]
Jefstical: checks 
lirik player: checks 
4JC2: bets $0.10
Jefstical: folds 
lirik player: folds 
Uncalled bet ($0.10) returned to 4JC2
4JC2 collected $0.20 from pot
4JC2: doesn't show hand 
*** SUMMARY ***
Total pot $0.21 | Rake $0.01 
Board [5c 4d 7s 4c]
Seat 1: Jefstical folded on the Turn
Seat 2: Tobito95 folded before Flop (didn't bet)
Seat 4: lirik player folded on the Turn
Seat 5: Dorex2007 folded before Flop (didn't bet)
Seat 6: pho13enix folded before Flop (didn't bet)
Seat 7: 4JC2 (button) collected ($0.20)
Seat 8: Aleeeeena (small blind) folded before Flop
Seat 9: Kid_Polton (big blind) folded before Flop



PokerStars Hand #234431991342:  Hold'em No Limit ($0.01/$0.02 USD) - 2022/02/27 11:48:17 PT [2022/02/27 14:48:17 ET]
Table 'Columbia II' 9-max Seat #8 is the button
Seat 1: Jefstical ($1.69 in chips) 
Seat 2: Tobito95 ($2.80 in chips) 
Seat 4: lirik player ($4.05 in chips) 
Seat 5: Dorex2007 ($2.46 in chips) 
Seat 6: pho13enix ($1.86 in chips) 
Seat 7: 4JC2 ($2.70 in chips) 
Seat 8: Aleeeeena ($2.02 in chips) 
Seat 9: Kid_Polton ($2 in chips) 
Kid_Polton: posts small blind $0.01
Jefstical: posts big blind $0.02
ARD3777: sits out 
*** HOLE CARDS ***
Dealt to Dorex2007 [6d 9c]
Tobito95: calls $0.02
lirik player: folds 
Dorex2007: folds 
pho13enix: calls $0.02
4JC2: calls $0.02
Aleeeeena: folds 
Kid_Polton: folds 
Jefstical: checks 
*** FLOP *** [8d 6h Ks]
Jefstical: checks 
Tobito95: checks 
pho13enix: checks 
4JC2: checks 
*** TURN *** [8d 6h Ks] [Tc]
Jefstical: checks 
Tobito95: checks 
pho13enix: checks 
4JC2: checks 
*** RIVER *** [8d 6h Ks Tc] [Kh]
Jefstical: checks 
Tobito95: checks 
pho13enix: checks 
4JC2: checks 
*** SHOW DOWN ***
Jefstical: shows [2d 7d] (a pair of Kings)
Tobito95: shows [Ts Jc] (two pair, Kings and Tens)
pho13enix: mucks hand 
4JC2: mucks hand 
Tobito95 collected $0.09 from pot
*** SUMMARY ***
Total pot $0.09 | Rake $0 
Board [8d 6h Ks Tc Kh]
Seat 1: Jefstical (big blind) showed [2d 7d] and lost with a pair of Kings
Seat 2: Tobito95 showed [Ts Jc] and won ($0.09) with two pair, Kings and Tens
Seat 4: lirik player folded before Flop (didn't bet)
Seat 5: Dorex2007 folded before Flop (didn't bet)
Seat 6: pho13enix mucked [5d 4d]
Seat 7: 4JC2 mucked [Qc 5s]
Seat 8: Aleeeeena (button) folded before Flop (didn't bet)
Seat 9: Kid_Polton (small blind) folded before Flop



PokerStars Hand #234432029537:  Hold'em No Limit ($0.01/$0.02 USD) - 2022/02/27 11:49:22 PT [2022/02/27 14:49:22 ET]
Table 'Columbia II' 9-max Seat #9 is the button
Seat 1: Jefstical ($1.67 in chips) 
Seat 2: Tobito95 ($2.87 in chips) 
Seat 4: lirik player ($4.05 in chips) 
Seat 5: Dorex2007 ($2.46 in chips) 
Seat 6: pho13enix ($1.84 in chips) 
Seat 7: 4JC2 ($2.68 in chips) 
Seat 8: Aleeeeena ($2.02 in chips) 
Seat 9: Kid_Polton ($2 in chips) 
Jefstical: posts small blind $0.01
Tobito95: posts big blind $0.02
ARD3777: sits out 
*** HOLE CARDS ***
Dealt to Dorex2007 [5h 8d]
lirik player: folds 
Dorex2007: folds 
pho13enix: raises $0.04 to $0.06
4JC2: calls $0.06
Aleeeeena: folds 
Kid_Polton: folds 
Jefstical: folds 
Tobito95: folds 
*** FLOP *** [4d Ks 9h]
pho13enix: bets $0.08
4JC2: folds 
Uncalled bet ($0.08) returned to pho13enix
pho13enix collected $0.14 from pot
pho13enix: doesn't show hand 
*** SUMMARY ***
Total pot $0.15 | Rake $0.01 
Board [4d Ks 9h]
Seat 1: Jefstical (small blind) folded before Flop
Seat 2: Tobito95 (big blind) folded before Flop
Seat 4: lirik player folded before Flop (didn't bet)
Seat 5: Dorex2007 folded before Flop (didn't bet)
Seat 6: pho13enix collected ($0.14)
Seat 7: 4JC2 folded on the Flop
Seat 8: Aleeeeena folded before Flop (didn't bet)
Seat 9: Kid_Polton (button) folded before Flop (didn't bet)



PokerStars Hand #234432047477:  Hold'em No Limit ($0.01/$0.02 USD) - 2022/02/27 11:49:52 PT [2022/02/27 14:49:52 ET]
Table 'Columbia II' 9-max Seat #1 is the button
Seat 1: Jefstical ($1.66 in chips) 
Seat 2: Tobito95 ($2.85 in chips) 
Seat 3: ARD3777 ($0.80 in chips) 
Seat 4: lirik player ($4.05 in chips) 
Seat 5: Dorex2007 ($2.46 in chips) 
Seat 6: pho13enix ($1.92 in chips) 
Seat 7: 4JC2 ($2.62 in chips) 
Seat 8: Aleeeeena ($2.02 in chips) 
Seat 9: Kid_Polton ($2 in chips) 
Tobito95: posts small blind $0.01
ARD3777: posts big blind $0.02
*** HOLE CARDS ***
Dealt to Dorex2007 [4d Td]
lirik player: folds 
Dorex2007: folds 
pho13enix: folds 
4JC2: calls $0.02
Aleeeeena: folds 
Kid_Polton: folds 
Jefstical: folds 
Tobito95: folds 
ARD3777: checks 
*** FLOP *** [Jc Ac Ad]
ARD3777: checks 
4JC2: checks 
*** TURN *** [Jc Ac Ad] [Kd]
ARD3777: checks 
4JC2: checks 
*** RIVER *** [Jc Ac Ad Kd] [Kh]
ARD3777: checks 
4JC2: bets $0.10
ARD3777: folds 
Uncalled bet ($0.10) returned to 4JC2
4JC2 collected $0.05 from pot
4JC2: doesn't show hand 
*** SUMMARY ***
Total pot $0.05 | Rake $0 
Board [Jc Ac Ad Kd Kh]
Seat 1: Jefstical (button) folded before Flop (didn't bet)
Seat 2: Tobito95 (small blind) folded before Flop
Seat 3: ARD3777 (big blind) folded on the River
Seat 4: lirik player folded before Flop (didn't bet)
Seat 5: Dorex2007 folded before Flop (didn't bet)
Seat 6: pho13enix folded before Flop (didn't bet)
Seat 7: 4JC2 collected ($0.05)
Seat 8: Aleeeeena folded before Flop (didn't bet)
Seat 9: Kid_Polton folded before Flop (didn't bet)



PokerStars Hand #234432066218:  Hold'em No Limit ($0.01/$0.02 USD) - 2022/02/27 11:50:24 PT [2022/02/27 14:50:24 ET]
Table 'Columbia II' 9-max Seat #2 is the button
Seat 1: Jefstical ($1.66 in chips) 
Seat 2: Tobito95 ($2.84 in chips) 
Seat 3: ARD3777 ($0.78 in chips) 
Seat 4: lirik player ($4.05 in chips) 
Seat 5: Dorex2007 ($2.46 in chips) 
Seat 6: pho13enix ($1.92 in chips) 
Seat 7: 4JC2 ($2.65 in chips) 
Seat 8: Aleeeeena ($2.02 in chips) 
Seat 9: Kid_Polton ($2 in chips) 
ARD3777: posts small blind $0.01
lirik player: posts big blind $0.02
*** HOLE CARDS ***
Dealt to Dorex2007 [5s Kh]
Dorex2007: folds 
pho13enix: folds 
4JC2: calls $0.02
Aleeeeena: folds 
Kid_Polton: folds 
Jefstical: folds 
Tobito95: folds 
ARD3777: folds 
lirik player: checks 
*** FLOP *** [3c 4c 7d]
lirik player: checks 
4JC2: bets $0.10
lirik player: folds 
Uncalled bet ($0.10) returned to 4JC2
4JC2 collected $0.05 from pot
4JC2: doesn't show hand 
*** SUMMARY ***
Total pot $0.05 | Rake $0 
Board [3c 4c 7d]
Seat 1: Jefstical folded before Flop (didn't bet)
Seat 2: Tobito95 (button) folded before Flop (didn't bet)
Seat 3: ARD3777 (small blind) folded before Flop
Seat 4: lirik player (big blind) folded on the Flop
Seat 5: Dorex2007 folded before Flop (didn't bet)
Seat 6: pho13enix folded before Flop (didn't bet)
Seat 7: 4JC2 collected ($0.05)
Seat 8: Aleeeeena folded before Flop (didn't bet)
Seat 9: Kid_Polton folded before Flop (didn't bet)



PokerStars Hand #234432097237:  Hold'em No Limit ($0.01/$0.02 USD) - 2022/02/27 11:51:17 PT [2022/02/27 14:51:17 ET]
Table 'Columbia II' 9-max Seat #3 is the button
Seat 1: Jefstical ($1.66 in chips) 
Seat 2: Tobito95 ($2.84 in chips) 
Seat 3: ARD3777 ($0.77 in chips) 
Seat 4: lirik player ($4.03 in chips) 
Seat 5: Dorex2007 ($2.46 in chips) 
Seat 6: pho13enix ($1.92 in chips) 
Seat 7: 4JC2 ($2.68 in chips) 
Seat 8: Aleeeeena ($2.02 in chips) 
Seat 9: Kid_Polton ($2 in chips) 
lirik player: posts small blind $0.01
Dorex2007: posts big blind $0.02
*** HOLE CARDS ***
Dealt to Dorex2007 [Qs 3d]
pho13enix: folds 
4JC2: calls $0.02
Aleeeeena: folds 
Kid_Polton: folds 
Jefstical: folds 
Tobito95: folds 
ARD3777: folds 
lirik player: folds 
Dorex2007: checks 
*** FLOP *** [Ac 6d Ks]
Dorex2007: checks 
4JC2: checks 
*** TURN *** [Ac 6d Ks] [4s]
Dorex2007: checks 
4JC2: bets $0.06
Dorex2007: folds 
Uncalled bet ($0.06) returned to 4JC2
4JC2 collected $0.05 from pot
4JC2: doesn't show hand 
*** SUMMARY ***
Total pot $0.05 | Rake $0 
Board [Ac 6d Ks 4s]
Seat 1: Jefstical folded before Flop (didn't bet)
Seat 2: Tobito95 folded before Flop (didn't bet)
Seat 3: ARD3777 (button) folded before Flop (didn't bet)
Seat 4: lirik player (small blind) folded before Flop
Seat 5: Dorex2007 (big blind) folded on the Turn
Seat 6: pho13enix folded before Flop (didn't bet)
Seat 7: 4JC2 collected ($0.05)
Seat 8: Aleeeeena folded before Flop (didn't bet)
Seat 9: Kid_Polton folded before Flop (didn't bet)



PokerStars Hand #234432116937:  Hold'em No Limit ($0.01/$0.02 USD) - 2022/02/27 11:51:50 PT [2022/02/27 14:51:50 ET]
Table 'Columbia II' 9-max Seat #4 is the button
Seat 1: Jefstical ($1.66 in chips) 
Seat 2: Tobito95 ($2.84 in chips) 
Seat 3: ARD3777 ($0.77 in chips) 
Seat 4: lirik player ($4.02 in chips) 
Seat 5: Dorex2007 ($2.44 in chips) 
Seat 6: pho13enix ($1.92 in chips) 
Seat 7: 4JC2 ($2.71 in chips) 
Seat 8: Aleeeeena ($2.02 in chips) 
Seat 9: Kid_Polton ($2 in chips) 
Dorex2007: posts small blind $0.01
pho13enix: posts big blind $0.02
*** HOLE CARDS ***
Dealt to Dorex2007 [Ts 5c]
4JC2: calls $0.02
Aleeeeena: folds 
Kid_Polton: folds 
Jefstical: folds 
Tobito95: folds 
ARD3777: folds 
lirik player: folds 
Dorex2007: folds 
pho13enix: checks 
*** FLOP *** [Ad 7s 7h]
pho13enix: bets $0.04
4JC2: calls $0.04
*** TURN *** [Ad 7s 7h] [6d]
pho13enix: bets $0.12
4JC2: folds 
Uncalled bet ($0.12) returned to pho13enix
pho13enix collected $0.13 from pot
pho13enix: doesn't show hand 
*** SUMMARY ***
Total pot $0.13 | Rake $0 
Board [Ad 7s 7h 6d]
Seat 1: Jefstical folded before Flop (didn't bet)
Seat 2: Tobito95 folded before Flop (didn't bet)
Seat 3: ARD3777 folded before Flop (didn't bet)
Seat 4: lirik player (button) folded before Flop (didn't bet)
Seat 5: Dorex2007 (small blind) folded before Flop
Seat 6: pho13enix (big blind) collected ($0.13)
Seat 7: 4JC2 folded on the Turn
Seat 8: Aleeeeena folded before Flop (didn't bet)
Seat 9: Kid_Polton folded before Flop (didn't bet)



PokerStars Hand #234432140777:  Hold'em No Limit ($0.01/$0.02 USD) - 2022/02/27 11:52:31 PT [2022/02/27 14:52:31 ET]
Table 'Columbia II' 9-max Seat #5 is the button
Seat 1: Jefstical ($1.66 in chips) 
Seat 2: Tobito95 ($2.84 in chips) 
Seat 3: ARD3777 ($0.77 in chips) 
Seat 4: lirik player ($4.02 in chips) 
Seat 5: Dorex2007 ($2.43 in chips) 
Seat 6: pho13enix ($1.99 in chips) 
Seat 7: 4JC2 ($2.65 in chips) 
Seat 8: Aleeeeena ($2.02 in chips) 
Seat 9: Kid_Polton ($2 in chips) 
pho13enix: posts small blind $0.01
4JC2: posts big blind $0.02
*** HOLE CARDS ***
Dealt to Dorex2007 [Jh 2s]
Aleeeeena: folds 
Kid_Polton: raises $0.04 to $0.06
Jefstical: folds 
Tobito95: folds 
ARD3777: folds 
lirik player: folds 
Dorex2007: folds 
pho13enix: folds 
4JC2: folds 
Uncalled bet ($0.04) returned to Kid_Polton
Kid_Polton collected $0.05 from pot
Kid_Polton: doesn't show hand 
*** SUMMARY ***
Total pot $0.05 | Rake $0 
Seat 1: Jefstical folded before Flop (didn't bet)
Seat 2: Tobito95 folded before Flop (didn't bet)
Seat 3: ARD3777 folded before Flop (didn't bet)
Seat 4: lirik player folded before Flop (didn't bet)
Seat 5: Dorex2007 (button) folded before Flop (didn't bet)
Seat 6: pho13enix (small blind) folded before Flop
Seat 7: 4JC2 (big blind) folded before Flop
Seat 8: Aleeeeena folded before Flop (didn't bet)
Seat 9: Kid_Polton collected ($0.05)



PokerStars Hand #234432163680:  Hold'em No Limit ($0.01/$0.02 USD) - 2022/02/27 11:53:09 PT [2022/02/27 14:53:09 ET]
Table 'Columbia II' 9-max Seat #6 is the button
Seat 1: Jefstical ($1.66 in chips) 
Seat 2: Tobito95 ($2.84 in chips) 
Seat 3: ARD3777 ($0.77 in chips) 
Seat 4: lirik player ($4.02 in chips) 
Seat 5: Dorex2007 ($2.43 in chips) 
Seat 6: pho13enix ($1.98 in chips) 
Seat 7: 4JC2 ($2.63 in chips) 
Seat 8: Aleeeeena ($2.02 in chips) 
Seat 9: Kid_Polton ($2.03 in chips) 
4JC2: posts small blind $0.01
Aleeeeena: posts big blind $0.02
*** HOLE CARDS ***
Dealt to Dorex2007 [Ts 5c]
Kid_Polton: folds 
Jefstical: folds 
Tobito95: folds 
ARD3777: folds 
lirik player: folds 
Dorex2007: folds 
pho13enix: folds 
4JC2: calls $0.01
Aleeeeena: checks 
*** FLOP *** [Ks Js 3c]
4JC2: bets $0.04
Aleeeeena: folds 
Uncalled bet ($0.04) returned to 4JC2
4JC2 collected $0.04 from pot
4JC2: doesn't show hand 
*** SUMMARY ***
Total pot $0.04 | Rake $0 
Board [Ks Js 3c]
Seat 1: Jefstical folded before Flop (didn't bet)
Seat 2: Tobito95 folded before Flop (didn't bet)
Seat 3: ARD3777 folded before Flop (didn't bet)
Seat 4: lirik player folded before Flop (didn't bet)
Seat 5: Dorex2007 folded before Flop (didn't bet)
Seat 6: pho13enix (button) folded before Flop (didn't bet)
Seat 7: 4JC2 (small blind) collected ($0.04)
Seat 8: Aleeeeena (big blind) folded on the Flop
Seat 9: Kid_Polton folded before Flop (didn't bet)



PokerStars Hand #234432180688:  Hold'em No Limit ($0.01/$0.02 USD) - 2022/02/27 11:53:39 PT [2022/02/27 14:53:39 ET]
Table 'Columbia II' 9-max Seat #7 is the button
Seat 1: Jefstical ($1.66 in chips) 
Seat 2: Tobito95 ($2.84 in chips) 
Seat 3: ARD3777 ($0.77 in chips) 
Seat 4: lirik player ($4.02 in chips) 
Seat 5: Dorex2007 ($2.43 in chips) 
Seat 6: pho13enix ($1.98 in chips) 
Seat 7: 4JC2 ($2.65 in chips) 
Seat 8: Aleeeeena ($2 in chips) 
Seat 9: Kid_Polton ($2.03 in chips) 
Aleeeeena: posts small blind $0.01
Kid_Polton: posts big blind $0.02
*** HOLE CARDS ***
Dealt to Dorex2007 [4h 2h]
Jefstical: folds 
Tobito95: calls $0.02
ARD3777: folds 
lirik player: calls $0.02
Dorex2007: folds 
pho13enix: folds 
4JC2: calls $0.02
Aleeeeena: folds 
Kid_Polton: checks 
*** FLOP *** [3d 6d 7d]
Kid_Polton: checks 
Tobito95: checks 
lirik player: checks 
4JC2: bets $0.14
Kid_Polton: folds 
Tobito95: calls $0.14
lirik player: calls $0.14
*** TURN *** [3d 6d 7d] [4d]
Tobito95: checks 
lirik player: checks 
4JC2: bets $0.12
Tobito95: calls $0.12
lirik player: folds 
*** RIVER *** [3d 6d 7d 4d] [Js]
lirik player leaves the table
Tobito95: checks 
4JC2: checks 
*** SHOW DOWN ***
Tobito95: shows [Jh Kd] (a flush, King high)
4JC2: mucks hand 
Tobito95 collected $0.71 from pot
*** SUMMARY ***
Total pot $0.75 | Rake $0.04 
Board [3d 6d 7d 4d Js]
Seat 1: Jefstical folded before Flop (didn't bet)
Seat 2: Tobito95 showed [Jh Kd] and won ($0.71) with a flush, King high
Seat 3: ARD3777 folded before Flop (didn't bet)
Seat 4: lirik player folded on the Turn
Seat 5: Dorex2007 folded before Flop (didn't bet)
Seat 6: pho13enix folded before Flop (didn't bet)
Seat 7: 4JC2 (button) mucked [Kh 6h]
Seat 8: Aleeeeena (small blind) folded before Flop
Seat 9: Kid_Polton (big blind) folded on the Flop



PokerStars Hand #234432258555:  Hold'em No Limit ($0.01/$0.02 USD) - 2022/02/27 11:55:55 PT [2022/02/27 14:55:55 ET]
Table 'Columbia II' 9-max Seat #8 is the button
Seat 1: Jefstical ($1.66 in chips) 
Seat 2: Tobito95 ($3.27 in chips) 
Seat 3: ARD3777 ($0.77 in chips) 
Seat 5: Dorex2007 ($2.43 in chips) 
Seat 6: pho13enix ($1.98 in chips) 
Seat 7: 4JC2 ($2.37 in chips) 
Seat 8: Aleeeeena ($1.99 in chips) 
Jefstical: posts small blind $0.01
Tobito95: posts big blind $0.02
*** HOLE CARDS ***
Dealt to Dorex2007 [Qc Kc]
mrjapa1000 joins the table at seat #4 
ARD3777: folds 
Dorex2007: raises $0.04 to $0.06
pho13enix: folds 
4JC2: calls $0.06
Aleeeeena: folds 
Jefstical: folds 
Tobito95: folds 
*** FLOP *** [Js 3s Ah]
Dorex2007: bets $0.09
4JC2: calls $0.09
*** TURN *** [Js 3s Ah] [2d]
Dorex2007: checks 
4JC2: checks 
*** RIVER *** [Js 3s Ah 2d] [2h]
Dorex2007: bets $0.16
4JC2: raises $0.24 to $0.40
Dorex2007: folds 
Uncalled bet ($0.24) returned to 4JC2
4JC2 collected $0.63 from pot
4JC2: doesn't show hand 
*** SUMMARY ***
Total pot $0.65 | Rake $0.02 
Board [Js 3s Ah 2d 2h]
Seat 1: Jefstical (small blind) folded before Flop
Seat 2: Tobito95 (big blind) folded before Flop
Seat 3: ARD3777 folded before Flop (didn't bet)
Seat 5: Dorex2007 folded on the River
Seat 6: pho13enix folded before Flop (didn't bet)
Seat 7: 4JC2 collected ($0.63)
Seat 8: Aleeeeena (button) folded before Flop (didn't bet)



PokerStars Hand #234432271698:  Hold'em No Limit ($0.01/$0.02 USD) - 2022/02/27 11:56:32 PT [2022/02/27 14:56:32 ET]
Table 'Columbia II' 9-max Seat #1 is the button
Seat 1: Jefstical ($1.65 in chips) 
Seat 2: Tobito95 ($3.25 in chips) 
Seat 3: ARD3777 ($0.77 in chips) 
Seat 4: mrjapa1000 ($2 in chips) 
Seat 5: Dorex2007 ($2.12 in chips) 
Seat 6: pho13enix ($1.98 in chips) 
Seat 7: 4JC2 ($2.69 in chips) 
Seat 8: Aleeeeena ($1.99 in chips) 
Tobito95: posts small blind $0.01
ARD3777: posts big blind $0.02
mrjapa1000: posts big blind $0.02
*** HOLE CARDS ***
Dealt to Dorex2007 [4s 2c]
mrjapa1000: checks 
Dorex2007: folds 
pho13enix: calls $0.02
4JC2: calls $0.02
Aleeeeena: folds 
Jefstical: raises $0.11 to $0.13
Tobito95: folds 
ARD3777: folds 
mrjapa1000: folds 
pho13enix: folds 
4JC2: folds 
Uncalled bet ($0.11) returned to Jefstical
Jefstical collected $0.11 from pot
Jefstical: doesn't show hand 
*** SUMMARY ***
Total pot $0.11 | Rake $0 
Seat 1: Jefstical (button) collected ($0.11)
Seat 2: Tobito95 (small blind) folded before Flop
Seat 3: ARD3777 (big blind) folded before Flop
Seat 4: mrjapa1000 folded before Flop (didn't bet)
Seat 5: Dorex2007 folded before Flop (didn't bet)
Seat 6: pho13enix folded before Flop
Seat 7: 4JC2 folded before Flop
Seat 8: Aleeeeena folded before Flop (didn't bet)



PokerStars Hand #234432284155:  Hold'em No Limit ($0.01/$0.02 USD) - 2022/02/27 11:57:07 PT [2022/02/27 14:57:07 ET]
Table 'Columbia II' 9-max Seat #2 is the button
Seat 1: Jefstical ($1.74 in chips) 
Seat 2: Tobito95 ($3.24 in chips) 
Seat 3: ARD3777 ($0.75 in chips) 
Seat 4: mrjapa1000 ($1.98 in chips) 
Seat 5: Dorex2007 ($2.12 in chips) 
Seat 6: pho13enix ($1.96 in chips) 
Seat 7: 4JC2 ($2.67 in chips) 
Seat 8: Aleeeeena ($1.99 in chips) 
ARD3777: posts small blind $0.01
mrjapa1000: posts big blind $0.02
*** HOLE CARDS ***
Dealt to Dorex2007 [Js Th]
Dorex2007: folds 
pho13enix: folds 
4JC2: calls $0.02
Aleeeeena: calls $0.02
Jefstical: folds 
Tobito95: folds 
ARD3777: calls $0.01
mrjapa1000: raises $0.06 to $0.08
4JC2: calls $0.06
Aleeeeena: calls $0.06
ARD3777: calls $0.06
*** FLOP *** [9c Qs Qd]
ARD3777: checks 
mrjapa1000: checks 
4JC2: bets $0.20
Aleeeeena: calls $0.20
ARD3777: folds 
mrjapa1000: folds 
*** TURN *** [9c Qs Qd] [5c]
4JC2: checks 
Aleeeeena: bets $0.35
4JC2: folds 
Uncalled bet ($0.35) returned to Aleeeeena
Aleeeeena collected $0.69 from pot
*** SUMMARY ***
Total pot $0.72 | Rake $0.03 
Board [9c Qs Qd 5c]
Seat 1: Jefstical folded before Flop (didn't bet)
Seat 2: Tobito95 (button) folded before Flop (didn't bet)
Seat 3: ARD3777 (small blind) folded on the Flop
Seat 4: mrjapa1000 (big blind) folded on the Flop
Seat 5: Dorex2007 folded before Flop (didn't bet)
Seat 6: pho13enix folded before Flop (didn't bet)
Seat 7: 4JC2 folded on the Turn
Seat 8: Aleeeeena collected ($0.69)



PokerStars Hand #234432311027:  Hold'em No Limit ($0.01/$0.02 USD) - 2022/02/27 11:58:20 PT [2022/02/27 14:58:20 ET]
Table 'Columbia II' 9-max Seat #3 is the button
Seat 1: Jefstical ($1.74 in chips) 
Seat 2: Tobito95 ($3.24 in chips) 
Seat 3: ARD3777 ($0.67 in chips) 
Seat 4: mrjapa1000 ($1.90 in chips) 
Seat 5: Dorex2007 ($2.12 in chips) 
Seat 6: pho13enix ($1.96 in chips) 
Seat 7: 4JC2 ($2.39 in chips) 
Seat 8: Aleeeeena ($2.40 in chips) 
mrjapa1000: posts small blind $0.01
Dorex2007: posts big blind $0.02
*** HOLE CARDS ***
Dealt to Dorex2007 [7c 6c]
pho13enix: folds 
4JC2: folds 
Aleeeeena: folds 
Jefstical: folds 
Tobito95: raises $0.04 to $0.06
ARD3777: folds 
mrjapa1000: folds 
Dorex2007: folds 
Uncalled bet ($0.04) returned to Tobito95
Tobito95 collected $0.05 from pot
Tobito95: doesn't show hand 
*** SUMMARY ***
Total pot $0.05 | Rake $0 
Seat 1: Jefstical folded before Flop (didn't bet)
Seat 2: Tobito95 collected ($0.05)
Seat 3: ARD3777 (button) folded before Flop (didn't bet)
Seat 4: mrjapa1000 (small blind) folded before Flop
Seat 5: Dorex2007 (big blind) folded before Flop
Seat 6: pho13enix folded before Flop (didn't bet)
Seat 7: 4JC2 folded before Flop (didn't bet)
Seat 8: Aleeeeena folded before Flop (didn't bet)



PokerStars Hand #234432318555:  Hold'em No Limit ($0.01/$0.02 USD) - 2022/02/27 11:58:41 PT [2022/02/27 14:58:41 ET]
Table 'Columbia II' 9-max Seat #4 is the button
Seat 1: Jefstical ($1.74 in chips) 
Seat 2: Tobito95 ($3.27 in chips) 
Seat 3: ARD3777 ($0.67 in chips) 
Seat 4: mrjapa1000 ($1.89 in chips) 
Seat 5: Dorex2007 ($2.10 in chips) 
Seat 6: pho13enix ($1.96 in chips) 
Seat 7: 4JC2 ($2.39 in chips) 
Seat 8: Aleeeeena ($2.40 in chips) 
Dorex2007: posts small blind $0.01
pho13enix: posts big blind $0.02
*** HOLE CARDS ***
Dealt to Dorex2007 [6h 8h]
4JC2: folds 
Aleeeeena: folds 
Jefstical: raises $0.04 to $0.06
Tobito95: folds 
ARD3777: calls $0.06
mrjapa1000: folds 
Dorex2007: folds 
pho13enix: folds 
*** FLOP *** [4d 7h Ac]
Jefstical: bets $0.07
ARD3777: folds 
Uncalled bet ($0.07) returned to Jefstical
Jefstical collected $0.14 from pot
Jefstical: doesn't show hand 
*** SUMMARY ***
Total pot $0.15 | Rake $0.01 
Board [4d 7h Ac]
Seat 1: Jefstical collected ($0.14)
Seat 2: Tobito95 folded before Flop (didn't bet)
Seat 3: ARD3777 folded on the Flop
Seat 4: mrjapa1000 (button) folded before Flop (didn't bet)
Seat 5: Dorex2007 (small blind) folded before Flop
Seat 6: pho13enix (big blind) folded before Flop
Seat 7: 4JC2 folded before Flop (didn't bet)
Seat 8: Aleeeeena folded before Flop (didn't bet)



PokerStars Hand #234432345013:  Hold'em No Limit ($0.01/$0.02 USD) - 2022/02/27 11:59:29 PT [2022/02/27 14:59:29 ET]
Table 'Columbia II' 9-max Seat #5 is the button
Seat 1: Jefstical ($1.82 in chips) 
Seat 2: Tobito95 ($3.27 in chips) 
Seat 3: ARD3777 ($0.61 in chips) 
Seat 4: mrjapa1000 ($1.89 in chips) 
Seat 5: Dorex2007 ($2.09 in chips) 
Seat 6: pho13enix ($1.94 in chips) 
Seat 7: 4JC2 ($2.39 in chips) 
Seat 8: Aleeeeena ($2.40 in chips) 
pho13enix: posts small blind $0.01
4JC2: posts big blind $0.02
*** HOLE CARDS ***
Dealt to Dorex2007 [Qc Jh]
Aleeeeena: folds 
Aleeeeena leaves the table
Jefstical: raises $0.04 to $0.06
Tobito95: folds 
ARD3777: folds 
mrjapa1000: folds 
Dorex2007: folds 
pho13enix: calls $0.05
4JC2: folds 
*** FLOP *** [Ac 3h 6d]
pho13enix: bets $0.07
Jefstical: folds 
Uncalled bet ($0.07) returned to pho13enix
pho13enix collected $0.14 from pot
pho13enix: doesn't show hand 
*** SUMMARY ***
Total pot $0.14 | Rake $0 
Board [Ac 3h 6d]
Seat 1: Jefstical folded on the Flop
Seat 2: Tobito95 folded before Flop (didn't bet)
Seat 3: ARD3777 folded before Flop (didn't bet)
Seat 4: mrjapa1000 folded before Flop (didn't bet)
Seat 5: Dorex2007 (button) folded before Flop (didn't bet)
Seat 6: pho13enix (small blind) collected ($0.14)
Seat 7: 4JC2 (big blind) folded before Flop
Seat 8: Aleeeeena folded before Flop (didn't bet)



PokerStars Hand #234432358874:  Hold'em No Limit ($0.01/$0.02 USD) - 2022/02/27 12:00:06 PT [2022/02/27 15:00:06 ET]
Table 'Columbia II' 9-max Seat #6 is the button
Seat 1: Jefstical ($1.76 in chips) 
Seat 2: Tobito95 ($3.27 in chips) 
Seat 3: ARD3777 ($0.61 in chips) 
Seat 4: mrjapa1000 ($1.89 in chips) 
Seat 5: Dorex2007 ($2.09 in chips) 
Seat 6: pho13enix ($2.02 in chips) 
Seat 7: 4JC2 ($2.37 in chips) 
4JC2: posts small blind $0.01
Jefstical: posts big blind $0.02
*** HOLE CARDS ***
Dealt to Dorex2007 [4s 8c]
Tobito95: raises $0.04 to $0.06
ARD3777: folds 
mrjapa1000: raises $0.04 to $0.10
Dorex2007: folds 
pho13enix: folds 
4JC2: folds 
Jefstical: folds 
Tobito95: calls $0.04
*** FLOP *** [2s 7c 8s]
Tobito95: checks 
mrjapa1000: bets $0.07
Tobito95: calls $0.07
*** TURN *** [2s 7c 8s] [Kd]
Lampranna joins the table at seat #8 
Tobito95: bets $0.22
mrjapa1000: folds 
Uncalled bet ($0.22) returned to Tobito95
Tobito95 collected $0.36 from pot
Tobito95: doesn't show hand 
*** SUMMARY ***
Total pot $0.37 | Rake $0.01 
Board [2s 7c 8s Kd]
Seat 1: Jefstical (big blind) folded before Flop
Seat 2: Tobito95 collected ($0.36)
Seat 3: ARD3777 folded before Flop (didn't bet)
Seat 4: mrjapa1000 folded on the Turn
Seat 5: Dorex2007 folded before Flop (didn't bet)
Seat 6: pho13enix (button) folded before Flop (didn't bet)
Seat 7: 4JC2 (small blind) folded before Flop



PokerStars Hand #234432381626:  Hold'em No Limit ($0.01/$0.02 USD) - 2022/02/27 12:01:01 PT [2022/02/27 15:01:01 ET]
Table 'Columbia II' 9-max Seat #7 is the button
Seat 1: Jefstical ($1.74 in chips) 
Seat 2: Tobito95 ($3.46 in chips) 
Seat 3: ARD3777 ($0.61 in chips) 
Seat 4: mrjapa1000 ($1.72 in chips) 
Seat 5: Dorex2007 ($2.09 in chips) 
Seat 6: pho13enix ($2.02 in chips) 
Seat 7: 4JC2 ($2.36 in chips) 
Jefstical: posts small blind $0.01
Tobito95: posts big blind $0.02
*** HOLE CARDS ***
Dealt to Dorex2007 [8h Tc]
ARD3777: folds 
mrjapa1000: folds 
Dorex2007: folds 
pho13enix: calls $0.02
4JC2: calls $0.02
Jefstical: calls $0.01
Tobito95: checks 
*** FLOP *** [8s 7h Kd]
Jefstical: checks 
Tobito95: checks 
pho13enix: checks 
4JC2: checks 
*** TURN *** [8s 7h Kd] [3d]
Jefstical: checks 
Tobito95: checks 
pho13enix: checks 
4JC2: bets $0.08
Jefstical: folds 
Tobito95: folds 
pho13enix: folds 
Uncalled bet ($0.08) returned to 4JC2
4JC2 collected $0.08 from pot
4JC2: doesn't show hand 
*** SUMMARY ***
Total pot $0.08 | Rake $0 
Board [8s 7h Kd 3d]
Seat 1: Jefstical (small blind) folded on the Turn
Seat 2: Tobito95 (big blind) folded on the Turn
Seat 3: ARD3777 folded before Flop (didn't bet)
Seat 4: mrjapa1000 folded before Flop (didn't bet)
Seat 5: Dorex2007 folded before Flop (didn't bet)
Seat 6: pho13enix folded on the Turn
Seat 7: 4JC2 (button) collected ($0.08)



PokerStars Hand #234432410067:  Hold'em No Limit ($0.01/$0.02 USD) - 2022/02/27 12:02:01 PT [2022/02/27 15:02:01 ET]
Table 'Columbia II' 9-max Seat #1 is the button
Seat 1: Jefstical ($1.72 in chips) 
Seat 2: Tobito95 ($3.44 in chips) 
Seat 3: ARD3777 ($0.61 in chips) 
Seat 4: mrjapa1000 ($1.72 in chips) 
Seat 5: Dorex2007 ($2.09 in chips) 
Seat 6: pho13enix ($2 in chips) 
Seat 7: 4JC2 ($2.42 in chips) 
Tobito95: posts small blind $0.01
ARD3777: posts big blind $0.02
Lampranna: sits out 
Kid_Polton: sits out 
*** HOLE CARDS ***
Dealt to Dorex2007 [Tc 2h]
mrjapa1000: folds 
Dorex2007: folds 
pho13enix: folds 
4JC2: calls $0.02
Jefstical: folds 
Tobito95: folds 
ARD3777: checks 
*** FLOP *** [8h 7c Kh]
ARD3777: checks 
4JC2: checks 
*** TURN *** [8h 7c Kh] [2c]
ARD3777: checks 
4JC2: checks 
*** RIVER *** [8h 7c Kh 2c] [3s]
ARD3777: checks 
4JC2: bets $0.10
ARD3777: folds 
Uncalled bet ($0.10) returned to 4JC2
4JC2 collected $0.05 from pot
4JC2: doesn't show hand 
*** SUMMARY ***
Total pot $0.05 | Rake $0 
Board [8h 7c Kh 2c 3s]
Seat 1: Jefstical (button) folded before Flop (didn't bet)
Seat 2: Tobito95 (small blind) folded before Flop
Seat 3: ARD3777 (big blind) folded on the River
Seat 4: mrjapa1000 folded before Flop (didn't bet)
Seat 5: Dorex2007 folded before Flop (didn't bet)
Seat 6: pho13enix folded before Flop (didn't bet)
Seat 7: 4JC2 collected ($0.05)



PokerStars Hand #234432427412:  Hold'em No Limit ($0.01/$0.02 USD) - 2022/02/27 12:02:33 PT [2022/02/27 15:02:33 ET]
Table 'Columbia II' 9-max Seat #2 is the button
Seat 1: Jefstical ($1.72 in chips) 
Seat 2: Tobito95 ($3.43 in chips) 
Seat 4: mrjapa1000 ($1.72 in chips) 
Seat 5: Dorex2007 ($2.09 in chips) 
Seat 6: pho13enix ($2 in chips) 
Seat 7: 4JC2 ($2.45 in chips) 
Seat 8: Lampranna ($1.60 in chips) 
mrjapa1000: posts small blind $0.01
Dorex2007: posts big blind $0.02
Lampranna: posts big blind $0.02
Kid_Polton: sits out 
*** HOLE CARDS ***
Dealt to Dorex2007 [Js 7s]
pho13enix: folds 
4JC2: calls $0.02
Lampranna: checks 
Jefstical: raises $0.09 to $0.11
Tobito95: folds 
mrjapa1000: folds 
Dorex2007: folds 
4JC2: calls $0.09
Lampranna: folds 
*** FLOP *** [8s 7h Ts]
4JC2: checks 
Jefstical: bets $0.17
4JC2: calls $0.17
*** TURN *** [8s 7h Ts] [Qh]
4JC2: checks 
Jefstical: bets $0.31
4JC2: calls $0.31
*** RIVER *** [8s 7h Ts Qh] [6s]
4JC2: bets $1.16
Jefstical: folds 
Uncalled bet ($1.16) returned to 4JC2
4JC2 collected $1.19 from pot
4JC2: doesn't show hand 
*** SUMMARY ***
Total pot $1.23 | Rake $0.04 
Board [8s 7h Ts Qh 6s]
Seat 1: Jefstical folded on the River
Seat 2: Tobito95 (button) folded before Flop (didn't bet)
Seat 4: mrjapa1000 (small blind) folded before Flop
Seat 5: Dorex2007 (big blind) folded before Flop
Seat 6: pho13enix folded before Flop (didn't bet)
Seat 7: 4JC2 collected ($1.19)
Seat 8: Lampranna folded before Flop (didn't bet)



PokerStars Hand #234432472690:  Hold'em No Limit ($0.01/$0.02 USD) - 2022/02/27 12:03:48 PT [2022/02/27 15:03:48 ET]
Table 'Columbia II' 9-max Seat #4 is the button
Seat 1: Jefstical ($1.13 in chips) 
Seat 2: Tobito95 ($3.43 in chips) 
Seat 4: mrjapa1000 ($1.71 in chips) 
Seat 5: Dorex2007 ($2.07 in chips) 
Seat 6: pho13enix ($2 in chips) 
Seat 7: 4JC2 ($3.05 in chips) 
Seat 8: Lampranna ($1.58 in chips) 
Dorex2007: posts small blind $0.01
pho13enix: posts big blind $0.02
Kid_Polton: sits out 
*** HOLE CARDS ***
Dealt to Dorex2007 [5d 7s]
4JC2: calls $0.02
Lampranna: calls $0.02
Jefstical: folds 
Tobito95: folds 
mrjapa1000: folds 
Dorex2007: folds 
pho13enix: raises $0.08 to $0.10
4JC2: folds 
Lampranna: calls $0.08
*** FLOP *** [4s 8c 8s]
pho13enix: checks 
Lampranna: bets $0.11
pho13enix: calls $0.11
*** TURN *** [4s 8c 8s] [2s]
pho13enix: bets $0.22
Lampranna: calls $0.22
*** RIVER *** [4s 8c 8s 2s] [Jc]
pho13enix: checks 
Lampranna: bets $0.43
pho13enix: calls $0.43
*** SHOW DOWN ***
Lampranna: shows [4c 4d] (a full house, Fours full of Eights)
pho13enix: mucks hand 
Lampranna collected $1.69 from pot
*** SUMMARY ***
Total pot $1.75 | Rake $0.06 
Board [4s 8c 8s 2s Jc]
Seat 1: Jefstical folded before Flop (didn't bet)
Seat 2: Tobito95 folded before Flop (didn't bet)
Seat 4: mrjapa1000 (button) folded before Flop (didn't bet)
Seat 5: Dorex2007 (small blind) folded before Flop
Seat 6: pho13enix (big blind) mucked [As Qc]
Seat 7: 4JC2 folded before Flop
Seat 8: Lampranna showed [4c 4d] and won ($1.69) with a full house, Fours full of Eights



PokerStars Hand #234432749146:  Hold'em No Limit ($0.01/$0.02 USD) - 2022/02/27 12:11:09 PT [2022/02/27 15:11:09 ET]
Table 'Columbia II' 9-max Seat #6 is the button
Seat 1: Jefstical ($1.13 in chips) 
Seat 2: Tobito95 ($3.51 in chips) 
Seat 4: mrjapa1000 ($1.63 in chips) 
Seat 5: Dorex2007 ($2.06 in chips) 
Seat 6: pho13enix ($1.67 in chips) 
Seat 7: 4JC2 ($2.57 in chips) 
Seat 8: Lampranna ($2.32 in chips) 
Seat 9: Kid_Polton ($2 in chips) 
4JC2: posts small blind $0.01
Lampranna: posts big blind $0.02
Dorex2007: posts small & big blinds $0.03
*** HOLE CARDS ***
Dealt to Dorex2007 [Kh 7h]
Kid_Polton: folds 
Jefstical: folds 
Tobito95: calls $0.02
mrjapa1000 has timed out
mrjapa1000: folds 
Dorex2007: checks 
pho13enix: folds 
4JC2: calls $0.01
Lampranna: checks 
*** FLOP *** [Jd Tc 9d]
4JC2: checks 
Lampranna: checks 
Tobito95: checks 
Dorex2007: checks 
*** TURN *** [Jd Tc 9d] [5h]
4JC2: bets $0.10
Lampranna: folds 
Tobito95: folds 
Dorex2007: folds 
Uncalled bet ($0.10) returned to 4JC2
4JC2 collected $0.09 from pot
4JC2: doesn't show hand 
*** SUMMARY ***
Total pot $0.09 | Rake $0 
Board [Jd Tc 9d 5h]
Seat 1: Jefstical folded before Flop (didn't bet)
Seat 2: Tobito95 folded on the Turn
Seat 4: mrjapa1000 folded before Flop (didn't bet)
Seat 5: Dorex2007 folded on the Turn (didn't bet)
Seat 6: pho13enix (button) folded before Flop (didn't bet)
Seat 7: 4JC2 (small blind) collected ($0.09)
Seat 8: Lampranna (big blind) folded on the Turn
Seat 9: Kid_Polton folded before Flop (didn't bet)



PokerStars Hand #234432790571:  Hold'em No Limit ($0.01/$0.02 USD) - 2022/02/27 12:12:15 PT [2022/02/27 15:12:15 ET]
Table 'Columbia II' 9-max Seat #7 is the button
Seat 1: Jefstical ($1.13 in chips) 
Seat 2: Tobito95 ($3.49 in chips) 
Seat 4: mrjapa1000 ($1.63 in chips) 
Seat 5: Dorex2007 ($2.03 in chips) 
Seat 6: pho13enix ($1.67 in chips) 
Seat 7: 4JC2 ($2.64 in chips) 
Seat 8: Lampranna ($2.30 in chips) 
Seat 9: Kid_Polton ($2 in chips) 
Lampranna: posts small blind $0.01
Kid_Polton: posts big blind $0.02
*** HOLE CARDS ***
Dealt to Dorex2007 [Jc Kc]
Jefstical: folds 
Tobito95: calls $0.02
mrjapa1000: folds 
Dorex2007: calls $0.02
pho13enix: folds 
4JC2: calls $0.02
Lampranna: folds 
Kid_Polton: checks 
*** FLOP *** [Ah Jh Ts]
Kid_Polton: checks 
Tobito95: checks 
Dorex2007: checks 
4JC2: checks 
*** TURN *** [Ah Jh Ts] [Jd]
Kid_Polton: checks 
Tobito95: checks 
Dorex2007: bets $0.09
4JC2: calls $0.09
Kid_Polton: folds 
Tobito95: folds 
*** RIVER *** [Ah Jh Ts Jd] [5d]
Dorex2007: bets $0.26
4JC2: folds 
Uncalled bet ($0.26) returned to Dorex2007
Dorex2007 collected $0.26 from pot
Dorex2007: doesn't show hand 
*** SUMMARY ***
Total pot $0.27 | Rake $0.01 
Board [Ah Jh Ts Jd 5d]
Seat 1: Jefstical folded before Flop (didn't bet)
Seat 2: Tobito95 folded on the Turn
Seat 4: mrjapa1000 folded before Flop (didn't bet)
Seat 5: Dorex2007 collected ($0.26)
Seat 6: pho13enix folded before Flop (didn't bet)
Seat 7: 4JC2 (button) folded on the River
Seat 8: Lampranna (small blind) folded before Flop
Seat 9: Kid_Polton (big blind) folded on the Turn



PokerStars Hand #234432837226:  Hold'em No Limit ($0.01/$0.02 USD) - 2022/02/27 12:13:28 PT [2022/02/27 15:13:28 ET]
Table 'Columbia II' 9-max Seat #8 is the button
Seat 1: Jefstical ($1.13 in chips) 
Seat 2: Tobito95 ($3.47 in chips) 
Seat 4: mrjapa1000 ($1.63 in chips) 
Seat 5: Dorex2007 ($2.18 in chips) 
Seat 6: pho13enix ($1.67 in chips) 
Seat 7: 4JC2 ($2.53 in chips) 
Seat 8: Lampranna ($2.29 in chips) 
Seat 9: Kid_Polton ($2 in chips) 
Kid_Polton: posts small blind $0.01
Jefstical: posts big blind $0.02
*** HOLE CARDS ***
Dealt to Dorex2007 [5s 9c]
Tobito95: calls $0.02
mrjapa1000: folds 
Dorex2007: folds 
pho13enix: folds 
4JC2: calls $0.02
Lampranna: folds 
Kid_Polton: folds 
Jefstical: checks 
*** FLOP *** [Qs Ts As]
Jefstical: checks 
Tobito95: bets $0.04
4JC2: folds 
ARD3777 leaves the table
Jefstical: folds 
Uncalled bet ($0.04) returned to Tobito95
Tobito95 collected $0.07 from pot
Tobito95: doesn't show hand 
*** SUMMARY ***
Total pot $0.07 | Rake $0 
Board [Qs Ts As]
Seat 1: Jefstical (big blind) folded on the Flop
Seat 2: Tobito95 collected ($0.07)
Seat 4: mrjapa1000 folded before Flop (didn't bet)
Seat 5: Dorex2007 folded before Flop (didn't bet)
Seat 6: pho13enix folded before Flop (didn't bet)
Seat 7: 4JC2 folded on the Flop
Seat 8: Lampranna (button) folded before Flop (didn't bet)
Seat 9: Kid_Polton (small blind) folded before Flop



PokerStars Hand #234432869041:  Hold'em No Limit ($0.01/$0.02 USD) - 2022/02/27 12:14:18 PT [2022/02/27 15:14:18 ET]
Table 'Columbia II' 9-max Seat #9 is the button
Seat 1: Jefstical ($1.11 in chips) 
Seat 2: Tobito95 ($3.52 in chips) 
Seat 4: mrjapa1000 ($1.63 in chips) 
Seat 5: Dorex2007 ($2.18 in chips) 
Seat 6: pho13enix ($1.67 in chips) 
Seat 7: 4JC2 ($2.51 in chips) 
Seat 8: Lampranna ($2.29 in chips) 
Seat 9: Kid_Polton ($2 in chips) 
Jefstical: posts small blind $0.01
Tobito95: posts big blind $0.02
*** HOLE CARDS ***
Dealt to Dorex2007 [Kc Kh]
mrjapa1000: folds 
Dorex2007: raises $0.02 to $0.04
pho13enix: folds 
4JC2: calls $0.04
Lampranna: calls $0.04
Kid_Polton: folds 
Jefstical: folds 
Tobito95: folds 
*** FLOP *** [Td Qc 3c]
Dorex2007: bets $0.14
4JC2: folds 
Lampranna: calls $0.14
*** TURN *** [Td Qc 3c] [6s]
Dorex2007: bets $0.21
Lampranna: calls $0.21
*** RIVER *** [Td Qc 3c 6s] [Ac]
Dorex2007: bets $0.41
Lampranna: calls $0.41
*** SHOW DOWN ***
Dorex2007: shows [Kc Kh] (a pair of Kings)
Lampranna: shows [Ad Jh] (a pair of Aces)
Lampranna collected $1.61 from pot
*** SUMMARY ***
Total pot $1.67 | Rake $0.06 
Board [Td Qc 3c 6s Ac]
Seat 1: Jefstical (small blind) folded before Flop
Seat 2: Tobito95 (big blind) folded before Flop
Seat 4: mrjapa1000 folded before Flop (didn't bet)
Seat 5: Dorex2007 showed [Kc Kh] and lost with a pair of Kings
Seat 6: pho13enix folded before Flop (didn't bet)
Seat 7: 4JC2 folded on the Flop
Seat 8: Lampranna showed [Ad Jh] and won ($1.61) with a pair of Aces
Seat 9: Kid_Polton (button) folded before Flop (didn't bet)



PokerStars Hand #234432911993:  Hold'em No Limit ($0.01/$0.02 USD) - 2022/02/27 12:15:26 PT [2022/02/27 15:15:26 ET]
Table 'Columbia II' 9-max Seat #1 is the button
Seat 1: Jefstical ($1.10 in chips) 
Seat 2: Tobito95 ($3.50 in chips) 
Seat 4: mrjapa1000 ($1.63 in chips) 
Seat 5: Dorex2007 ($2 in chips) 
Seat 6: pho13enix ($1.67 in chips) 
Seat 7: 4JC2 ($2.47 in chips) 
Seat 8: Lampranna ($3.10 in chips) 
Seat 9: Kid_Polton ($2 in chips) 
Tobito95: posts small blind $0.01
mrjapa1000: posts big blind $0.02
*** HOLE CARDS ***
Dealt to Dorex2007 [7h 4c]
Dorex2007: folds 
pho13enix: folds 
4JC2: calls $0.02
Lampranna: calls $0.02
Kid_Polton: folds 
Jefstical: folds 
Tobito95: folds 
mrjapa1000: checks 
*** FLOP *** [6s 3c 3h]
mrjapa1000: checks 
4JC2: checks 
Lampranna: bets $0.04
mrjapa1000: folds 
4JC2: raises $0.10 to $0.14
Lampranna: calls $0.10
*** TURN *** [6s 3c 3h] [Qd]
4JC2: bets $0.20
Lampranna: folds 
Uncalled bet ($0.20) returned to 4JC2
4JC2 collected $0.34 from pot
4JC2: doesn't show hand 
*** SUMMARY ***
Total pot $0.35 | Rake $0.01 
Board [6s 3c 3h Qd]
Seat 1: Jefstical (button) folded before Flop (didn't bet)
Seat 2: Tobito95 (small blind) folded before Flop
Seat 4: mrjapa1000 (big blind) folded on the Flop
Seat 5: Dorex2007 folded before Flop (didn't bet)
Seat 6: pho13enix folded before Flop (didn't bet)
Seat 7: 4JC2 collected ($0.34)
Seat 8: Lampranna folded on the Turn
Seat 9: Kid_Polton folded before Flop (didn't bet)



PokerStars Hand #234432957941:  Hold'em No Limit ($0.01/$0.02 USD) - 2022/02/27 12:16:32 PT [2022/02/27 15:16:32 ET]
Table 'Columbia II' 9-max Seat #2 is the button
Seat 1: Jefstical ($1.10 in chips) 
Seat 2: Tobito95 ($3.49 in chips) 
Seat 4: mrjapa1000 ($1.61 in chips) 
Seat 5: Dorex2007 ($2 in chips) 
Seat 6: pho13enix ($1.67 in chips) 
Seat 7: 4JC2 ($2.65 in chips) 
Seat 8: Lampranna ($2.94 in chips) 
Seat 9: Kid_Polton ($2 in chips) 
mrjapa1000: posts small blind $0.01
Dorex2007: posts big blind $0.02
*** HOLE CARDS ***
Dealt to Dorex2007 [5h 2c]
pho13enix: folds 
4JC2: folds 
Lampranna: folds 
Kid_Polton: folds 
Jefstical: raises $0.04 to $0.06
Tobito95: folds 
mrjapa1000: folds 
Dorex2007: folds 
Uncalled bet ($0.04) returned to Jefstical
Jefstical collected $0.05 from pot
Jefstical: doesn't show hand 
*** SUMMARY ***
Total pot $0.05 | Rake $0 
Seat 1: Jefstical collected ($0.05)
Seat 2: Tobito95 (button) folded before Flop (didn't bet)
Seat 4: mrjapa1000 (small blind) folded before Flop
Seat 5: Dorex2007 (big blind) folded before Flop
Seat 6: pho13enix folded before Flop (didn't bet)
Seat 7: 4JC2 folded before Flop (didn't bet)
Seat 8: Lampranna folded before Flop (didn't bet)
Seat 9: Kid_Polton folded before Flop (didn't bet)



PokerStars Hand #234432970752:  Hold'em No Limit ($0.01/$0.02 USD) - 2022/02/27 12:16:52 PT [2022/02/27 15:16:52 ET]
Table 'Columbia II' 9-max Seat #4 is the button
Seat 1: Jefstical ($1.13 in chips) 
Seat 2: Tobito95 ($3.49 in chips) 
Seat 4: mrjapa1000 ($1.60 in chips) 
Seat 5: Dorex2007 ($2 in chips) 
Seat 6: pho13enix ($1.67 in chips) 
Seat 7: 4JC2 ($2.65 in chips) 
Seat 8: Lampranna ($2.94 in chips) 
Seat 9: Kid_Polton ($2 in chips) 
Dorex2007: posts small blind $0.01
pho13enix: posts big blind $0.02
*** HOLE CARDS ***
Dealt to Dorex2007 [7d Ac]
4JC2 has timed out
4JC2: folds 
Lampranna: folds 
Kid_Polton: folds 
Jefstical: raises $0.04 to $0.06
Tobito95: folds 
mrjapa1000: folds 
Dorex2007: folds 
pho13enix: folds 
Uncalled bet ($0.04) returned to Jefstical
Jefstical collected $0.05 from pot
Jefstical: doesn't show hand 
*** SUMMARY ***
Total pot $0.05 | Rake $0 
Seat 1: Jefstical collected ($0.05)
Seat 2: Tobito95 folded before Flop (didn't bet)
Seat 4: mrjapa1000 (button) folded before Flop (didn't bet)
Seat 5: Dorex2007 (small blind) folded before Flop
Seat 6: pho13enix (big blind) folded before Flop
Seat 7: 4JC2 folded before Flop (didn't bet)
Seat 8: Lampranna folded before Flop (didn't bet)
Seat 9: Kid_Polton folded before Flop (didn't bet)



PokerStars Hand #234432985150:  Hold'em No Limit ($0.01/$0.02 USD) - 2022/02/27 12:17:14 PT [2022/02/27 15:17:14 ET]
Table 'Columbia II' 9-max Seat #5 is the button
Seat 1: Jefstical ($1.16 in chips) 
Seat 2: Tobito95 ($3.49 in chips) 
Seat 4: mrjapa1000 ($1.60 in chips) 
Seat 5: Dorex2007 ($2 in chips) 
Seat 6: pho13enix ($1.65 in chips) 
Seat 7: 4JC2 ($2.65 in chips) 
Seat 8: Lampranna ($2.94 in chips) 
Seat 9: Kid_Polton ($2 in chips) 
pho13enix: posts small blind $0.01
4JC2: posts big blind $0.02
*** HOLE CARDS ***
Dealt to Dorex2007 [Qh 3d]
Lampranna: raises $0.04 to $0.06
Kid_Polton: folds 
Jefstical: folds 
Tobito95: folds 
mrjapa1000: raises $0.04 to $0.10
Dorex2007: folds 
pho13enix: folds 
4JC2: folds 
Lampranna: calls $0.04
*** FLOP *** [4h 3h 9h]
Lampranna: checks 
mrjapa1000: bets $0.13
Lampranna: calls $0.13
*** TURN *** [4h 3h 9h] [7d]
Lampranna: checks 
mrjapa1000: checks 
*** RIVER *** [4h 3h 9h 7d] [Qc]
EternalPhoenix joins the table at seat #3 
Lampranna: bets $0.34
mrjapa1000: raises $1.03 to $1.37 and is all-in
Lampranna: folds 
Uncalled bet ($1.03) returned to mrjapa1000
mrjapa1000 collected $1.13 from pot
mrjapa1000: doesn't show hand 
*** SUMMARY ***
Total pot $1.17 | Rake $0.04 
Board [4h 3h 9h 7d Qc]
Seat 1: Jefstical folded before Flop (didn't bet)
Seat 2: Tobito95 folded before Flop (didn't bet)
Seat 4: mrjapa1000 collected ($1.13)
Seat 5: Dorex2007 (button) folded before Flop (didn't bet)
Seat 6: pho13enix (small blind) folded before Flop
Seat 7: 4JC2 (big blind) folded before Flop
Seat 8: Lampranna folded on the River
Seat 9: Kid_Polton folded before Flop (didn't bet)



PokerStars Hand #234433031717:  Hold'em No Limit ($0.01/$0.02 USD) - 2022/02/27 12:18:19 PT [2022/02/27 15:18:19 ET]
Table 'Columbia II' 9-max Seat #6 is the button
Seat 2: Tobito95 ($3.49 in chips) 
Seat 4: mrjapa1000 ($2.16 in chips) 
Seat 5: Dorex2007 ($2 in chips) 
Seat 6: pho13enix ($1.64 in chips) 
Seat 7: 4JC2 ($2.63 in chips) 
4JC2: posts small blind $0.01
Lampranna: is sitting out 
Kid_Polton: is sitting out 
Kid_Polton leaves the table
Jefstical: is sitting out 
Tobito95: posts big blind $0.02
EternalPhoenix: sits out 
*** HOLE CARDS ***
Dealt to Dorex2007 [6d 5d]
mrjapa1000: folds 
Dorex2007: folds 
Jefstical leaves the table
Lampranna leaves the table
pho13enix: folds 
4JC2: calls $0.01
Tobito95: checks 
*** FLOP *** [Kd Tc As]
4JC2: checks 
Tobito95: checks 
*** TURN *** [Kd Tc As] [Ac]
4JC2: bets $0.04
Tobito95: folds 
Uncalled bet ($0.04) returned to 4JC2
4JC2 collected $0.04 from pot
4JC2: doesn't show hand 
*** SUMMARY ***
Total pot $0.04 | Rake $0 
Board [Kd Tc As Ac]
Seat 2: Tobito95 (big blind) folded on the Turn
Seat 4: mrjapa1000 folded before Flop (didn't bet)
Seat 5: Dorex2007 folded before Flop (didn't bet)
Seat 6: pho13enix (button) folded before Flop (didn't bet)
Seat 7: 4JC2 (small blind) collected ($0.04)



PokerStars Hand #234433055634:  Hold'em No Limit ($0.01/$0.02 USD) - 2022/02/27 12:18:57 PT [2022/02/27 15:18:57 ET]
Table 'Columbia II' 9-max Seat #7 is the button
Seat 2: Tobito95 ($3.47 in chips) 
Seat 3: EternalPhoenix ($2 in chips) 
Seat 4: mrjapa1000 ($2.16 in chips) 
Seat 5: Dorex2007 ($2 in chips) 
Seat 6: pho13enix ($1.64 in chips) 
Seat 7: 4JC2 ($2.65 in chips) 
Tobito95: posts small blind $0.01
EternalPhoenix: posts big blind $0.02
*** HOLE CARDS ***
Dealt to Dorex2007 [Qd Jd]
mrjapa1000: folds 
Dorex2007: raises $0.04 to $0.06
pho13enix: folds 
4JC2: calls $0.06
Tobito95: folds 
EternalPhoenix: raises $0.14 to $0.20
Dorex2007: folds 
4JC2: calls $0.14
*** FLOP *** [Ts 8h Ks]
ewgeny318 joins the table at seat #1 
EternalPhoenix: bets $0.30
4JC2: calls $0.30
*** TURN *** [Ts 8h Ks] [6h]
EternalPhoenix: bets $0.49
4JC2: calls $0.49
*** RIVER *** [Ts 8h Ks 6h] [As]
EternalPhoenix: bets $0.90
4JC2: calls $0.90
*** SHOW DOWN ***
EternalPhoenix: shows [Kh 6d] (two pair, Kings and Sixes)
4JC2: mucks hand 
EternalPhoenix collected $3.72 from pot
*** SUMMARY ***
Total pot $3.85 | Rake $0.13 
Board [Ts 8h Ks 6h As]
Seat 2: Tobito95 (small blind) folded before Flop
Seat 3: EternalPhoenix (big blind) showed [Kh 6d] and won ($3.72) with two pair, Kings and Sixes
Seat 4: mrjapa1000 folded before Flop (didn't bet)
Seat 5: Dorex2007 folded before Flop
Seat 6: pho13enix folded before Flop (didn't bet)
Seat 7: 4JC2 (button) mucked [Ah Js]



PokerStars Hand #234433088219:  Hold'em No Limit ($0.01/$0.02 USD) - 2022/02/27 12:19:49 PT [2022/02/27 15:19:49 ET]
Table 'Columbia II' 9-max Seat #2 is the button
Seat 2: Tobito95 ($3.46 in chips) 
Seat 3: EternalPhoenix ($3.83 in chips) 
Seat 4: mrjapa1000 ($2.16 in chips) 
Seat 5: Dorex2007 ($2 in chips) 
Seat 6: pho13enix ($1.64 in chips) 
Seat 7: 4JC2 ($0.76 in chips) 
EternalPhoenix: posts small blind $0.01
mrjapa1000: posts big blind $0.02
ewgeny318: sits out 
*** HOLE CARDS ***
Dealt to Dorex2007 [2c Qs]
Dorex2007: folds 
pho13enix: folds 
4JC2: folds 
Tobito95: raises $0.04 to $0.06
EternalPhoenix: raises $0.04 to $0.10
mrjapa1000: folds 
Tobito95: calls $0.04
*** FLOP *** [6c Ad 5h]
EternalPhoenix: bets $0.12
Tobito95: calls $0.12
*** TURN *** [6c Ad 5h] [Jc]
EternalPhoenix: bets $0.26
Tobito95: folds 
Uncalled bet ($0.26) returned to EternalPhoenix
EternalPhoenix collected $0.44 from pot
*** SUMMARY ***
Total pot $0.46 | Rake $0.02 
Board [6c Ad 5h Jc]
Seat 2: Tobito95 (button) folded on the Turn
Seat 3: EternalPhoenix (small blind) collected ($0.44)
Seat 4: mrjapa1000 (big blind) folded before Flop
Seat 5: Dorex2007 folded before Flop (didn't bet)
Seat 6: pho13enix folded before Flop (didn't bet)
Seat 7: 4JC2 folded before Flop (didn't bet)



PokerStars Hand #234433126648:  Hold'em No Limit ($0.01/$0.02 USD) - 2022/02/27 12:20:50 PT [2022/02/27 15:20:50 ET]
Table 'Columbia II' 9-max Seat #3 is the button
Seat 1: ewgeny318 ($2 in chips) 
Seat 2: Tobito95 ($3.24 in chips) 
Seat 3: EternalPhoenix ($4.05 in chips) 
Seat 4: mrjapa1000 ($2.14 in chips) 
Seat 5: Dorex2007 ($2 in chips) 
Seat 6: pho13enix ($1.64 in chips) 
Seat 7: 4JC2 ($0.76 in chips) 
mrjapa1000: posts small blind $0.01
Dorex2007: posts big blind $0.02
ewgeny318: posts big blind $0.02
*** HOLE CARDS ***
Dealt to Dorex2007 [5h Qc]
pho13enix: folds 
4JC2: folds 
ewgeny318: checks 
Tobito95: folds 
EternalPhoenix: raises $0.02 to $0.04
mrjapa1000: folds 
Dorex2007: folds 
ewgeny318: calls $0.02
*** FLOP *** [Td 3c Ah]
ewgeny318: bets $0.04
EternalPhoenix: folds 
Uncalled bet ($0.04) returned to ewgeny318
ewgeny318 collected $0.11 from pot
ewgeny318: doesn't show hand 
*** SUMMARY ***
Total pot $0.11 | Rake $0 
Board [Td 3c Ah]
Seat 1: ewgeny318 collected ($0.11)
Seat 2: Tobito95 folded before Flop (didn't bet)
Seat 3: EternalPhoenix (button) folded on the Flop
Seat 4: mrjapa1000 (small blind) folded before Flop
Seat 5: Dorex2007 (big blind) folded before Flop
Seat 6: pho13enix folded before Flop (didn't bet)
Seat 7: 4JC2 folded before Flop (didn't bet)



PokerStars Hand #234433161456:  Hold'em No Limit ($0.01/$0.02 USD) - 2022/02/27 12:21:44 PT [2022/02/27 15:21:44 ET]
Table 'Columbia II' 9-max Seat #4 is the button
Seat 1: ewgeny318 ($2.07 in chips) 
Seat 2: Tobito95 ($3.24 in chips) 
Seat 3: EternalPhoenix ($4.01 in chips) 
Seat 4: mrjapa1000 ($2.13 in chips) 
Seat 5: Dorex2007 ($2 in chips) 
Seat 6: pho13enix ($1.64 in chips) 
Seat 7: 4JC2 ($0.76 in chips) 
Dorex2007: posts small blind $0.01
pho13enix: posts big blind $0.02
*** HOLE CARDS ***
Dealt to Dorex2007 [9c 6h]
4JC2: calls $0.02
ewgeny318: folds 
Tobito95: folds 
EternalPhoenix: folds 
EternalPhoenix leaves the table
mrjapa1000: folds 
Dorex2007: folds 
pho13enix: raises $0.04 to $0.06
4JC2: calls $0.04
*** FLOP *** [Ks 4d 2h]
pho13enix: bets $0.08
4JC2: calls $0.08
*** TURN *** [Ks 4d 2h] [9d]
pho13enix: checks 
4JC2: checks 
*** RIVER *** [Ks 4d 2h 9d] [3s]
pho13enix: checks 
4JC2: checks 
*** SHOW DOWN ***
pho13enix: shows [Tc Td] (a pair of Tens)
4JC2: mucks hand 
pho13enix collected $0.28 from pot
*** SUMMARY ***
Total pot $0.29 | Rake $0.01 
Board [Ks 4d 2h 9d 3s]
Seat 1: ewgeny318 folded before Flop (didn't bet)
Seat 2: Tobito95 folded before Flop (didn't bet)
Seat 3: EternalPhoenix folded before Flop (didn't bet)
Seat 4: mrjapa1000 (button) folded before Flop (didn't bet)
Seat 5: Dorex2007 (small blind) folded before Flop
Seat 6: pho13enix (big blind) showed [Tc Td] and won ($0.28) with a pair of Tens
Seat 7: 4JC2 mucked [Ad 3c]



PokerStars Hand #234433188958:  Hold'em No Limit ($0.01/$0.02 USD) - 2022/02/27 12:22:28 PT [2022/02/27 15:22:28 ET]
Table 'Columbia II' 9-max Seat #5 is the button
Seat 1: ewgeny318 ($2.07 in chips) 
Seat 2: Tobito95 ($3.24 in chips) 
Seat 4: mrjapa1000 ($2.13 in chips) 
Seat 5: Dorex2007 ($2 in chips) 
Seat 6: pho13enix ($1.78 in chips) 
Seat 7: 4JC2 ($0.62 in chips) 
pho13enix: posts small blind $0.01
4JC2: posts big blind $0.02
*** HOLE CARDS ***
Dealt to Dorex2007 [Qs 7c]
ewgeny318: folds 
Tobito95: folds 
mrjapa1000: folds 
Dorex2007: folds 
pho13enix: folds 
Uncalled bet ($0.01) returned to 4JC2
4JC2 collected $0.02 from pot
4JC2: doesn't show hand 
*** SUMMARY ***
Total pot $0.02 | Rake $0 
Seat 1: ewgeny318 folded before Flop (didn't bet)
Seat 2: Tobito95 folded before Flop (didn't bet)
Seat 4: mrjapa1000 folded before Flop (didn't bet)
Seat 5: Dorex2007 (button) folded before Flop (didn't bet)
Seat 6: pho13enix (small blind) folded before Flop
Seat 7: 4JC2 (big blind) collected ($0.02)



PokerStars Hand #234433195232:  Hold'em No Limit ($0.01/$0.02 USD) - 2022/02/27 12:22:38 PT [2022/02/27 15:22:38 ET]
Table 'Columbia II' 9-max Seat #6 is the button
Seat 1: ewgeny318 ($2.07 in chips) 
Seat 2: Tobito95 ($3.24 in chips) 
Seat 4: mrjapa1000 ($2.13 in chips) 
Seat 5: Dorex2007 ($2 in chips) 
Seat 6: pho13enix ($1.77 in chips) 
Seat 7: 4JC2 ($0.63 in chips) 
4JC2: posts small blind $0.01
ewgeny318: posts big blind $0.02
*** HOLE CARDS ***
Dealt to Dorex2007 [Qs 3h]
Tobito95: folds 
1B@dFrog joins the table at seat #3 
BenJJones joins the table at seat #8 
mrjapa1000: folds 
Dorex2007: folds 
pho13enix: folds 
4JC2: folds 
Uncalled bet ($0.01) returned to ewgeny318
ewgeny318 collected $0.02 from pot
ewgeny318: doesn't show hand 
franpalermo14 joins the table at seat #9 
*** SUMMARY ***
Total pot $0.02 | Rake $0 
Seat 1: ewgeny318 (big blind) collected ($0.02)
Seat 2: Tobito95 folded before Flop (didn't bet)
Seat 4: mrjapa1000 folded before Flop (didn't bet)
Seat 5: Dorex2007 folded before Flop (didn't bet)
Seat 6: pho13enix (button) folded before Flop (didn't bet)
Seat 7: 4JC2 (small blind) folded before Flop



PokerStars Hand #234433205541:  Hold'em No Limit ($0.01/$0.02 USD) - 2022/02/27 12:22:55 PT [2022/02/27 15:22:55 ET]
Table 'Columbia II' 9-max Seat #7 is the button
Seat 1: ewgeny318 ($2.08 in chips) 
Seat 2: Tobito95 ($3.24 in chips) 
Seat 4: mrjapa1000 ($2.13 in chips) 
Seat 5: Dorex2007 ($2 in chips) 
Seat 6: pho13enix ($1.77 in chips) 
Seat 7: 4JC2 ($0.62 in chips) 
ewgeny318: posts small blind $0.01
Tobito95: posts big blind $0.02
1B@dFrog: sits out 
*** HOLE CARDS ***
Dealt to Dorex2007 [2d 2h]
mrjapa1000: folds 
Dorex2007: calls $0.02
pho13enix: raises $0.04 to $0.06
4JC2: folds 
ewgeny318: calls $0.05
BenJJones leaves the table
Tobito95: folds 
Dorex2007: calls $0.04
*** FLOP *** [Qs Ad 3d]
ewgeny318: checks 
Roman.Leo75 joins the table at seat #8 
Dorex2007: checks 
pho13enix: bets $0.12
ewgeny318: folds 
Dorex2007: folds 
Uncalled bet ($0.12) returned to pho13enix
pho13enix collected $0.19 from pot
pho13enix: doesn't show hand 
*** SUMMARY ***
Total pot $0.20 | Rake $0.01 
Board [Qs Ad 3d]
Seat 1: ewgeny318 (small blind) folded on the Flop
Seat 2: Tobito95 (big blind) folded before Flop
Seat 4: mrjapa1000 folded before Flop (didn't bet)
Seat 5: Dorex2007 folded on the Flop
Seat 6: pho13enix collected ($0.19)
Seat 7: 4JC2 (button) folded before Flop (didn't bet)



PokerStars Hand #234433235663:  Hold'em No Limit ($0.01/$0.02 USD) - 2022/02/27 12:23:43 PT [2022/02/27 15:23:43 ET]
Table 'Columbia II' 9-max Seat #1 is the button
Seat 1: ewgeny318 ($2.02 in chips) 
Seat 2: Tobito95 ($3.22 in chips) 
Seat 3: 1B@dFrog ($1.60 in chips) 
Seat 4: mrjapa1000 ($2.13 in chips) 
Seat 5: Dorex2007 ($2 in chips) 
Seat 6: pho13enix ($1.90 in chips) 
Seat 7: 4JC2 ($0.62 in chips) 
Tobito95: posts small blind $0.01
1B@dFrog: posts big blind $0.02
Roman.Leo75 has timed out
Roman.Leo75: is sitting out 
franpalermo14: sits out 
*** HOLE CARDS ***
Dealt to Dorex2007 [Ts As]
mrjapa1000: folds 
Dorex2007: raises $0.02 to $0.04
Roman.Leo75 is disconnected 
pho13enix: folds 
4JC2: folds 
ewgeny318: folds 
Tobito95: folds 
1B@dFrog: folds 
Uncalled bet ($0.02) returned to Dorex2007
Dorex2007 collected $0.05 from pot
Dorex2007: doesn't show hand 
*** SUMMARY ***
Total pot $0.05 | Rake $0 
Seat 1: ewgeny318 (button) folded before Flop (didn't bet)
Seat 2: Tobito95 (small blind) folded before Flop
Seat 3: 1B@dFrog (big blind) folded before Flop
Seat 4: mrjapa1000 folded before Flop (didn't bet)
Seat 5: Dorex2007 collected ($0.05)
Seat 6: pho13enix folded before Flop (didn't bet)
Seat 7: 4JC2 folded before Flop (didn't bet)



PokerStars Hand #234433253843:  Hold'em No Limit ($0.01/$0.02 USD) - 2022/02/27 12:24:12 PT [2022/02/27 15:24:12 ET]
Table 'Columbia II' 9-max Seat #2 is the button
Seat 1: ewgeny318 ($2.02 in chips) 
Seat 2: Tobito95 ($3.21 in chips) 
Seat 3: 1B@dFrog ($1.58 in chips) 
Seat 4: mrjapa1000 ($2.13 in chips) 
Seat 5: Dorex2007 ($2.03 in chips) 
Seat 6: pho13enix ($1.90 in chips) 
Seat 7: 4JC2 ($0.62 in chips) 
1B@dFrog: posts small blind $0.01
mrjapa1000: posts big blind $0.02
franpalermo14: sits out 
*** HOLE CARDS ***
Dealt to Dorex2007 [Kc 8s]
Dorex2007: folds 
pho13enix: folds 
4JC2: raises $0.04 to $0.06
ewgeny318: folds 
Tobito95: folds 
1B@dFrog: calls $0.05
mrjapa1000: folds 
*** FLOP *** [Ts 3d 2s]
1B@dFrog: checks 
4JC2: bets $0.10
1B@dFrog: calls $0.10
*** TURN *** [Ts 3d 2s] [6h]
1B@dFrog: checks 
4JC2: checks 
*** RIVER *** [Ts 3d 2s 6h] [9s]
1B@dFrog: checks 
4JC2: checks 
*** SHOW DOWN ***
1B@dFrog: shows [2c Ac] (a pair of Deuces)
4JC2: mucks hand 
1B@dFrog collected $0.33 from pot
*** SUMMARY ***
Total pot $0.34 | Rake $0.01 
Board [Ts 3d 2s 6h 9s]
Seat 1: ewgeny318 folded before Flop (didn't bet)
Seat 2: Tobito95 (button) folded before Flop (didn't bet)
Seat 3: 1B@dFrog (small blind) showed [2c Ac] and won ($0.33) with a pair of Deuces
Seat 4: mrjapa1000 (big blind) folded before Flop
Seat 5: Dorex2007 folded before Flop (didn't bet)
Seat 6: pho13enix folded before Flop (didn't bet)
Seat 7: 4JC2 mucked [Qc Kh]



PokerStars Hand #234433276046:  Hold'em No Limit ($0.01/$0.02 USD) - 2022/02/27 12:24:47 PT [2022/02/27 15:24:47 ET]
Table 'Columbia II' 9-max Seat #3 is the button
Seat 1: ewgeny318 ($2.02 in chips) 
Seat 2: Tobito95 ($3.21 in chips) 
Seat 3: 1B@dFrog ($1.75 in chips) 
Seat 4: mrjapa1000 ($2.11 in chips) 
Seat 5: Dorex2007 ($2.03 in chips) 
Seat 6: pho13enix ($1.90 in chips) 
Seat 7: 4JC2 ($0.46 in chips) 
mrjapa1000: posts small blind $0.01
Dorex2007: posts big blind $0.02
franpalermo14: sits out 
*** HOLE CARDS ***
Dealt to Dorex2007 [8s Ts]
pho13enix: raises $0.04 to $0.06
4JC2: folds 
ewgeny318: folds 
Tobito95: folds 
1B@dFrog: calls $0.06
mrjapa1000: folds 
Dorex2007: folds 
*** FLOP *** [Td 9h As]
pho13enix: bets $0.08
1B@dFrog: calls $0.08
*** TURN *** [Td 9h As] [9c]
pho13enix: bets $0.16
1B@dFrog: calls $0.16
*** RIVER *** [Td 9h As 9c] [3c]
pho13enix: checks 
1B@dFrog: checks 
*** SHOW DOWN ***
pho13enix: shows [Qc Ac] (two pair, Aces and Nines)
1B@dFrog: mucks hand 
pho13enix collected $0.61 from pot
*** SUMMARY ***
Total pot $0.63 | Rake $0.02 
Board [Td 9h As 9c 3c]
Seat 1: ewgeny318 folded before Flop (didn't bet)
Seat 2: Tobito95 folded before Flop (didn't bet)
Seat 3: 1B@dFrog (button) mucked [3d Ad]
Seat 4: mrjapa1000 (small blind) folded before Flop
Seat 5: Dorex2007 (big blind) folded before Flop
Seat 6: pho13enix showed [Qc Ac] and won ($0.61) with two pair, Aces and Nines
Seat 7: 4JC2 folded before Flop (didn't bet)



PokerStars Hand #234433300726:  Hold'em No Limit ($0.01/$0.02 USD) - 2022/02/27 12:25:26 PT [2022/02/27 15:25:26 ET]
Table 'Columbia II' 9-max Seat #4 is the button
Seat 1: ewgeny318 ($2.02 in chips) 
Seat 2: Tobito95 ($3.21 in chips) 
Seat 3: 1B@dFrog ($1.45 in chips) 
Seat 4: mrjapa1000 ($2.10 in chips) 
Seat 5: Dorex2007 ($2.01 in chips) 
Seat 6: pho13enix ($2.21 in chips) 
Seat 7: 4JC2 ($0.46 in chips) 
Dorex2007: posts small blind $0.01
pho13enix: posts big blind $0.02
Roman.Leo75: sits out 
franpalermo14: sits out 
*** HOLE CARDS ***
Dealt to Dorex2007 [Jc 2h]
4JC2: calls $0.02
ewgeny318: folds 
Tobito95: folds 
1B@dFrog: calls $0.02
mrjapa1000: folds 
Dorex2007: folds 
pho13enix: checks 
*** FLOP *** [7c Ks 5c]
pho13enix: checks 
4JC2: bets $0.08
1B@dFrog: folds 
pho13enix: folds 
Uncalled bet ($0.08) returned to 4JC2
4JC2 collected $0.07 from pot
4JC2: doesn't show hand 
*** SUMMARY ***
Total pot $0.07 | Rake $0 
Board [7c Ks 5c]
Seat 1: ewgeny318 folded before Flop (didn't bet)
Seat 2: Tobito95 folded before Flop (didn't bet)
Seat 3: 1B@dFrog folded on the Flop
Seat 4: mrjapa1000 (button) folded before Flop (didn't bet)
Seat 5: Dorex2007 (small blind) folded before Flop
Seat 6: pho13enix (big blind) folded on the Flop
Seat 7: 4JC2 collected ($0.07)



PokerStars Hand #234433322798:  Hold'em No Limit ($0.01/$0.02 USD) - 2022/02/27 12:26:01 PT [2022/02/27 15:26:01 ET]
Table 'Columbia II' 9-max Seat #5 is the button
Seat 1: ewgeny318 ($2.02 in chips) 
Seat 2: Tobito95 ($3.21 in chips) 
Seat 3: 1B@dFrog ($1.43 in chips) 
Seat 4: mrjapa1000 ($2.10 in chips) 
Seat 5: Dorex2007 ($2 in chips) 
Seat 6: pho13enix ($2.19 in chips) 
Seat 7: 4JC2 ($0.51 in chips) 
pho13enix: posts small blind $0.01
4JC2: posts big blind $0.02
Roman.Leo75: sits out 
franpalermo14: sits out 
*** HOLE CARDS ***
Dealt to Dorex2007 [9c 9h]
ewgeny318: folds 
Tobito95: folds 
1B@dFrog: folds 
mrjapa1000: folds 
Dorex2007: raises $0.04 to $0.06
pho13enix: calls $0.05
4JC2: calls $0.04
*** FLOP *** [3s Ah Kc]
pho13enix: bets $0.09
4JC2: folds 
Dorex2007: folds 
Uncalled bet ($0.09) returned to pho13enix
pho13enix collected $0.17 from pot
pho13enix: doesn't show hand 
*** SUMMARY ***
Total pot $0.18 | Rake $0.01 
Board [3s Ah Kc]
Seat 1: ewgeny318 folded before Flop (didn't bet)
Seat 2: Tobito95 folded before Flop (didn't bet)
Seat 3: 1B@dFrog folded before Flop (didn't bet)
Seat 4: mrjapa1000 folded before Flop (didn't bet)
Seat 5: Dorex2007 (button) folded on the Flop
Seat 6: pho13enix (small blind) collected ($0.17)
Seat 7: 4JC2 (big blind) folded on the Flop



