PokerStars Hand #238319742820:  Hold'em No Limit ($0.02/$0.05 USD) - 2022/08/30 16:47:59 PT [2022/08/30 19:47:59 ET]
Table 'Praxidike' 9-max Seat #7 is the button
Seat 1: sos fric ($3.90 in chips) 
Seat 2: DenOneM$ ($6.58 in chips) 
Seat 3: koolin ij ($5.58 in chips) 
Seat 4: shtshot250 ($3.17 in chips) 
Seat 5: ZAURBEKK2013 ($6.69 in chips) 
Seat 6: Dorex2007 ($5 in chips) 
Seat 7: WeNaSo_07 ($5.66 in chips) 
Seat 8: mr_brandy19 ($11.10 in chips) 
Seat 9: montreal555 ($4.91 in chips) 
mr_brandy19: posts small blind $0.02
montreal555: posts big blind $0.05
Dorex2007: posts big blind $0.05
*** HOLE CARDS ***
Dealt to Dorex2007 [6h 2c]
sos fric: folds 
DenOneM$: folds 
sos fric leaves the table
koolin ij: folds 
shtshot250: folds 
ZAURBEKK2013: folds 
Dorex2007: checks 
WeNaSo_07: folds 
mr_brandy19: folds 
montreal555: checks 
*** FLOP *** [Kd 7c Td]
P4INxBL4NC joins the table at seat #1 
montreal555: checks 
Dorex2007: checks 
*** TURN *** [Kd 7c Td] [Jh]
montreal555: bets $0.10
Dorex2007: folds 
Uncalled bet ($0.10) returned to montreal555
montreal555 collected $0.12 from pot
*** SUMMARY ***
Total pot $0.12 | Rake $0 
Board [Kd 7c Td Jh]
Seat 1: sos fric folded before Flop (didn't bet)
Seat 2: DenOneM$ folded before Flop (didn't bet)
Seat 3: koolin ij folded before Flop (didn't bet)
Seat 4: shtshot250 folded before Flop (didn't bet)
Seat 5: ZAURBEKK2013 folded before Flop (didn't bet)
Seat 6: Dorex2007 folded on the Turn (didn't bet)
Seat 7: WeNaSo_07 (button) folded before Flop (didn't bet)
Seat 8: mr_brandy19 (small blind) folded before Flop
Seat 9: montreal555 (big blind) collected ($0.12)



PokerStars Hand #238319754695:  Hold'em No Limit ($0.02/$0.05 USD) - 2022/08/30 16:48:47 PT [2022/08/30 19:48:47 ET]
Table 'Praxidike' 9-max Seat #8 is the button
Seat 1: P4INxBL4NC ($4 in chips) 
Seat 2: DenOneM$ ($6.58 in chips) 
Seat 3: koolin ij ($5.58 in chips) 
Seat 4: shtshot250 ($3.17 in chips) 
Seat 5: ZAURBEKK2013 ($6.69 in chips) 
Seat 6: Dorex2007 ($5 in chips) 
Seat 7: WeNaSo_07 ($5.66 in chips) 
Seat 8: mr_brandy19 ($11.08 in chips) 
Seat 9: montreal555 ($4.98 in chips) 
montreal555: posts small blind $0.02
P4INxBL4NC: posts big blind $0.05
*** HOLE CARDS ***
Dealt to Dorex2007 [As Ks]
DenOneM$: folds 
koolin ij: raises $0.05 to $0.10
shtshot250: calls $0.10
ZAURBEKK2013: folds 
Dorex2007: raises $0.10 to $0.20
WeNaSo_07: folds 
mr_brandy19: calls $0.20
montreal555: folds 
P4INxBL4NC: calls $0.15
koolin ij: calls $0.10
shtshot250: calls $0.10
*** FLOP *** [Ad Qd Tc]
P4INxBL4NC: checks 
koolin ij: checks 
shtshot250: bets $0.50
Dorex2007: calls $0.50
mr_brandy19: calls $0.50
P4INxBL4NC: folds 
koolin ij: calls $0.50
*** TURN *** [Ad Qd Tc] [6h]
koolin ij: checks 
shtshot250: bets $2.47 and is all-in
Dorex2007: folds 
mr_brandy19: folds 
koolin ij: folds 
Uncalled bet ($2.47) returned to shtshot250
shtshot250 collected $2.89 from pot
shtshot250: doesn't show hand 
*** SUMMARY ***
Total pot $3.02 | Rake $0.13 
Board [Ad Qd Tc 6h]
Seat 1: P4INxBL4NC (big blind) folded on the Flop
Seat 2: DenOneM$ folded before Flop (didn't bet)
Seat 3: koolin ij folded on the Turn
Seat 4: shtshot250 collected ($2.89)
Seat 5: ZAURBEKK2013 folded before Flop (didn't bet)
Seat 6: Dorex2007 folded on the Turn
Seat 7: WeNaSo_07 folded before Flop (didn't bet)
Seat 8: mr_brandy19 (button) folded on the Turn
Seat 9: montreal555 (small blind) folded before Flop



PokerStars Hand #238319775842:  Hold'em No Limit ($0.02/$0.05 USD) - 2022/08/30 16:50:14 PT [2022/08/30 19:50:14 ET]
Table 'Praxidike' 9-max Seat #9 is the button
Seat 1: P4INxBL4NC ($3.80 in chips) 
Seat 2: DenOneM$ ($6.58 in chips) 
Seat 3: koolin ij ($4.88 in chips) 
Seat 4: shtshot250 ($5.36 in chips) 
Seat 5: ZAURBEKK2013 ($6.69 in chips) 
Seat 6: Dorex2007 ($5 in chips) 
Seat 7: WeNaSo_07 ($5.66 in chips) 
Seat 8: mr_brandy19 ($10.38 in chips) 
Seat 9: montreal555 ($4.96 in chips) 
P4INxBL4NC: posts small blind $0.02
DenOneM$: posts big blind $0.05
*** HOLE CARDS ***
Dealt to Dorex2007 [6c 2c]
koolin ij: folds 
shtshot250: folds 
ZAURBEKK2013: raises $0.10 to $0.15
Dorex2007: folds 
WeNaSo_07: folds 
mr_brandy19: folds 
montreal555: folds 
P4INxBL4NC: calls $0.13
DenOneM$: calls $0.10
*** FLOP *** [3h 8c 3s]
P4INxBL4NC: checks 
DenOneM$: checks 
ZAURBEKK2013: bets $0.26
P4INxBL4NC: calls $0.26
DenOneM$: folds 
*** TURN *** [3h 8c 3s] [Ah]
P4INxBL4NC: checks 
ZAURBEKK2013: bets $0.79
P4INxBL4NC: calls $0.79
*** RIVER *** [3h 8c 3s Ah] [5d]
P4INxBL4NC: checks 
ZAURBEKK2013: bets $3.29
P4INxBL4NC: folds 
Uncalled bet ($3.29) returned to ZAURBEKK2013
ZAURBEKK2013 collected $2.44 from pot
ZAURBEKK2013: doesn't show hand 
*** SUMMARY ***
Total pot $2.55 | Rake $0.11 
Board [3h 8c 3s Ah 5d]
Seat 1: P4INxBL4NC (small blind) folded on the River
Seat 2: DenOneM$ (big blind) folded on the Flop
Seat 3: koolin ij folded before Flop (didn't bet)
Seat 4: shtshot250 folded before Flop (didn't bet)
Seat 5: ZAURBEKK2013 collected ($2.44)
Seat 6: Dorex2007 folded before Flop (didn't bet)
Seat 7: WeNaSo_07 folded before Flop (didn't bet)
Seat 8: mr_brandy19 folded before Flop (didn't bet)
Seat 9: montreal555 (button) folded before Flop (didn't bet)



PokerStars Hand #238319795804:  Hold'em No Limit ($0.02/$0.05 USD) - 2022/08/30 16:51:35 PT [2022/08/30 19:51:35 ET]
Table 'Praxidike' 9-max Seat #1 is the button
Seat 1: P4INxBL4NC ($2.60 in chips) 
Seat 2: DenOneM$ ($6.43 in chips) 
Seat 3: koolin ij ($4.88 in chips) 
Seat 4: shtshot250 ($5.36 in chips) 
Seat 5: ZAURBEKK2013 ($7.93 in chips) 
Seat 6: Dorex2007 ($5 in chips) 
Seat 7: WeNaSo_07 ($5.66 in chips) 
Seat 8: mr_brandy19 ($10.38 in chips) 
Seat 9: montreal555 ($4.96 in chips) 
DenOneM$: posts small blind $0.02
koolin ij: posts big blind $0.05
*** HOLE CARDS ***
Dealt to Dorex2007 [8h 7c]
shtshot250: calls $0.05
ZAURBEKK2013: folds 
Dorex2007: folds 
WeNaSo_07: folds 
mr_brandy19: folds 
montreal555: folds 
P4INxBL4NC: calls $0.05
mr_brandy19 leaves the table
DenOneM$: calls $0.03
koolin ij: checks 
*** FLOP *** [Qh Kh 4c]
DenOneM$: checks 
koolin ij: checks 
shtshot250: checks 
P4INxBL4NC: bets $0.15
DenOneM$: folds 
koolin ij: folds 
shtshot250: folds 
Uncalled bet ($0.15) returned to P4INxBL4NC
P4INxBL4NC collected $0.19 from pot
*** SUMMARY ***
Total pot $0.20 | Rake $0.01 
Board [Qh Kh 4c]
Seat 1: P4INxBL4NC (button) collected ($0.19)
Seat 2: DenOneM$ (small blind) folded on the Flop
Seat 3: koolin ij (big blind) folded on the Flop
Seat 4: shtshot250 folded on the Flop
Seat 5: ZAURBEKK2013 folded before Flop (didn't bet)
Seat 6: Dorex2007 folded before Flop (didn't bet)
Seat 7: WeNaSo_07 folded before Flop (didn't bet)
Seat 8: mr_brandy19 folded before Flop (didn't bet)
Seat 9: montreal555 folded before Flop (didn't bet)



PokerStars Hand #238319809174:  Hold'em No Limit ($0.02/$0.05 USD) - 2022/08/30 16:52:29 PT [2022/08/30 19:52:29 ET]
Table 'Praxidike' 9-max Seat #2 is the button
Seat 1: P4INxBL4NC ($2.74 in chips) 
Seat 2: DenOneM$ ($6.38 in chips) 
Seat 3: koolin ij ($4.83 in chips) 
Seat 4: shtshot250 ($5.31 in chips) 
Seat 5: ZAURBEKK2013 ($7.93 in chips) 
Seat 6: Dorex2007 ($5 in chips) 
Seat 7: WeNaSo_07 ($5.66 in chips) 
Seat 9: montreal555 ($4.96 in chips) 
koolin ij: posts small blind $0.02
shtshot250: posts big blind $0.05
*** HOLE CARDS ***
Dealt to Dorex2007 [7d Qd]
ZAURBEKK2013: folds 
Dorex2007: folds 
WeNaSo_07: folds 
montreal555: folds 
P4INxBL4NC: calls $0.05
DenOneM$: folds 
koolin ij: calls $0.03
shtshot250: checks 
*** FLOP *** [9h 6s 4s]
koolin ij: checks 
shtshot250: checks 
P4INxBL4NC: checks 
*** TURN *** [9h 6s 4s] [4c]
koolin ij: bets $0.07
shtshot250: folds 
P4INxBL4NC: calls $0.07
*** RIVER *** [9h 6s 4s 4c] [Qc]
koolin ij: bets $0.14
P4INxBL4NC: folds 
Uncalled bet ($0.14) returned to koolin ij
koolin ij collected $0.28 from pot
koolin ij: doesn't show hand 
*** SUMMARY ***
Total pot $0.29 | Rake $0.01 
Board [9h 6s 4s 4c Qc]
Seat 1: P4INxBL4NC folded on the River
Seat 2: DenOneM$ (button) folded before Flop (didn't bet)
Seat 3: koolin ij (small blind) collected ($0.28)
Seat 4: shtshot250 (big blind) folded on the Turn
Seat 5: ZAURBEKK2013 folded before Flop (didn't bet)
Seat 6: Dorex2007 folded before Flop (didn't bet)
Seat 7: WeNaSo_07 folded before Flop (didn't bet)
Seat 9: montreal555 folded before Flop (didn't bet)



PokerStars Hand #238319823942:  Hold'em No Limit ($0.02/$0.05 USD) - 2022/08/30 16:53:30 PT [2022/08/30 19:53:30 ET]
Table 'Praxidike' 9-max Seat #3 is the button
Seat 1: P4INxBL4NC ($2.62 in chips) 
Seat 2: DenOneM$ ($6.38 in chips) 
Seat 3: koolin ij ($4.99 in chips) 
Seat 4: shtshot250 ($5.26 in chips) 
Seat 5: ZAURBEKK2013 ($7.93 in chips) 
Seat 6: Dorex2007 ($5 in chips) 
Seat 7: WeNaSo_07 ($5.66 in chips) 
Seat 9: montreal555 ($4.96 in chips) 
shtshot250: posts small blind $0.02
ZAURBEKK2013: posts big blind $0.05
*** HOLE CARDS ***
Dealt to Dorex2007 [4h 4s]
Dorex2007: folds 
WeNaSo_07: folds 
montreal555: folds 
P4INxBL4NC: raises $0.05 to $0.10
DenOneM$: folds 
koolin ij: folds 
shtshot250: folds 
ZAURBEKK2013: folds 
Uncalled bet ($0.05) returned to P4INxBL4NC
P4INxBL4NC collected $0.12 from pot
*** SUMMARY ***
Total pot $0.12 | Rake $0 
Seat 1: P4INxBL4NC collected ($0.12)
Seat 2: DenOneM$ folded before Flop (didn't bet)
Seat 3: koolin ij (button) folded before Flop (didn't bet)
Seat 4: shtshot250 (small blind) folded before Flop
Seat 5: ZAURBEKK2013 (big blind) folded before Flop
Seat 6: Dorex2007 folded before Flop (didn't bet)
Seat 7: WeNaSo_07 folded before Flop (didn't bet)
Seat 9: montreal555 folded before Flop (didn't bet)



PokerStars Hand #238319830777:  Hold'em No Limit ($0.02/$0.05 USD) - 2022/08/30 16:53:58 PT [2022/08/30 19:53:58 ET]
Table 'Praxidike' 9-max Seat #4 is the button
Seat 1: P4INxBL4NC ($2.69 in chips) 
Seat 2: DenOneM$ ($6.38 in chips) 
Seat 3: koolin ij ($4.99 in chips) 
Seat 4: shtshot250 ($5.24 in chips) 
Seat 5: ZAURBEKK2013 ($7.88 in chips) 
Seat 6: Dorex2007 ($5 in chips) 
Seat 7: WeNaSo_07 ($5.66 in chips) 
Seat 9: montreal555 ($4.96 in chips) 
ZAURBEKK2013: posts small blind $0.02
Dorex2007: posts big blind $0.05
*** HOLE CARDS ***
Dealt to Dorex2007 [4d 3d]
WeNaSo_07: folds 
montreal555: calls $0.05
P4INxBL4NC: calls $0.05
DenOneM$: folds 
koolin ij: folds 
shtshot250: raises $0.22 to $0.27
ZAURBEKK2013: calls $0.25
Dorex2007: folds 
montreal555: calls $0.22
P4INxBL4NC: folds 
*** FLOP *** [3s 2d Th]
ZAURBEKK2013: checks 
montreal555: checks 
shtshot250: bets $0.87
ZAURBEKK2013: folds 
montreal555: folds 
Uncalled bet ($0.87) returned to shtshot250
shtshot250 collected $0.87 from pot
shtshot250: doesn't show hand 
*** SUMMARY ***
Total pot $0.91 | Rake $0.04 
Board [3s 2d Th]
Seat 1: P4INxBL4NC folded before Flop
Seat 2: DenOneM$ folded before Flop (didn't bet)
Seat 3: koolin ij folded before Flop (didn't bet)
Seat 4: shtshot250 (button) collected ($0.87)
Seat 5: ZAURBEKK2013 (small blind) folded on the Flop
Seat 6: Dorex2007 (big blind) folded before Flop
Seat 7: WeNaSo_07 folded before Flop (didn't bet)
Seat 9: montreal555 folded on the Flop



PokerStars Hand #238319845799:  Hold'em No Limit ($0.02/$0.05 USD) - 2022/08/30 16:55:00 PT [2022/08/30 19:55:00 ET]
Table 'Praxidike' 9-max Seat #5 is the button
Seat 1: P4INxBL4NC ($2.64 in chips) 
Seat 2: DenOneM$ ($6.38 in chips) 
Seat 3: koolin ij ($4.99 in chips) 
Seat 5: ZAURBEKK2013 ($7.61 in chips) 
Seat 6: Dorex2007 ($5 in chips) 
Seat 7: WeNaSo_07 ($5.66 in chips) 
Seat 9: montreal555 ($4.69 in chips) 
Dorex2007: posts small blind $0.02
WeNaSo_07: posts big blind $0.05
*** HOLE CARDS ***
Dealt to Dorex2007 [6s Js]
montreal555: folds 
P4INxBL4NC: calls $0.05
DenOneM$: folds 
koolin ij: raises $0.17 to $0.22
ZAURBEKK2013: folds 
Dorex2007: folds 
WeNaSo_07: folds 
P4INxBL4NC: calls $0.17
*** FLOP *** [9d 6d 8h]
P4INxBL4NC: checks 
koolin ij: checks 
*** TURN *** [9d 6d 8h] [8d]
P4INxBL4NC: bets $0.15
koolin ij: raises $0.40 to $0.55
P4INxBL4NC: calls $0.40
*** RIVER *** [9d 6d 8h 8d] [6h]
P4INxBL4NC: bets $0.55
koolin ij: calls $0.55
*** SHOW DOWN ***
P4INxBL4NC: shows [7h Qc] (two pair, Eights and Sixes)
koolin ij: shows [2h Ad] (two pair, Eights and Sixes - Ace kicker)
koolin ij collected $2.60 from pot
*** SUMMARY ***
Total pot $2.71 | Rake $0.11 
Board [9d 6d 8h 8d 6h]
Seat 1: P4INxBL4NC showed [7h Qc] and lost with two pair, Eights and Sixes
Seat 2: DenOneM$ folded before Flop (didn't bet)
Seat 3: koolin ij showed [2h Ad] and won ($2.60) with two pair, Eights and Sixes
Seat 5: ZAURBEKK2013 (button) folded before Flop (didn't bet)
Seat 6: Dorex2007 (small blind) folded before Flop
Seat 7: WeNaSo_07 (big blind) folded before Flop
Seat 9: montreal555 folded before Flop (didn't bet)



PokerStars Hand #238319859090:  Hold'em No Limit ($0.02/$0.05 USD) - 2022/08/30 16:56:05 PT [2022/08/30 19:56:05 ET]
Table 'Praxidike' 9-max Seat #6 is the button
Seat 1: P4INxBL4NC ($1.32 in chips) 
Seat 2: DenOneM$ ($6.38 in chips) 
Seat 3: koolin ij ($6.27 in chips) 
Seat 5: ZAURBEKK2013 ($7.61 in chips) 
Seat 6: Dorex2007 ($5 in chips) 
Seat 7: WeNaSo_07 ($5.61 in chips) 
Seat 9: montreal555 ($4.69 in chips) 
WeNaSo_07: posts small blind $0.02
montreal555: posts big blind $0.05
*** HOLE CARDS ***
Dealt to Dorex2007 [2c 5d]
P4INxBL4NC: raises $0.05 to $0.10
DenOneM$: folds 
koolin ij: folds 
ZAURBEKK2013: folds 
Dorex2007: folds 
WeNaSo_07: folds 
montreal555: folds 
Uncalled bet ($0.05) returned to P4INxBL4NC
P4INxBL4NC collected $0.12 from pot
*** SUMMARY ***
Total pot $0.12 | Rake $0 
Seat 1: P4INxBL4NC collected ($0.12)
Seat 2: DenOneM$ folded before Flop (didn't bet)
Seat 3: koolin ij folded before Flop (didn't bet)
Seat 5: ZAURBEKK2013 folded before Flop (didn't bet)
Seat 6: Dorex2007 (button) folded before Flop (didn't bet)
Seat 7: WeNaSo_07 (small blind) folded before Flop
Seat 9: montreal555 (big blind) folded before Flop



PokerStars Hand #238319863212:  Hold'em No Limit ($0.02/$0.05 USD) - 2022/08/30 16:56:26 PT [2022/08/30 19:56:26 ET]
Table 'Praxidike' 9-max Seat #7 is the button
Seat 1: P4INxBL4NC ($1.39 in chips) 
Seat 2: DenOneM$ ($6.38 in chips) 
Seat 3: koolin ij ($6.27 in chips) 
Seat 5: ZAURBEKK2013 ($7.61 in chips) 
Seat 6: Dorex2007 ($5 in chips) 
Seat 7: WeNaSo_07 ($5.59 in chips) 
Seat 9: montreal555 ($4.64 in chips) 
montreal555: posts small blind $0.02
P4INxBL4NC: posts big blind $0.05
*** HOLE CARDS ***
Dealt to Dorex2007 [Ad 3d]
DenOneM$: folds 
DenOneM$ leaves the table
koolin ij has timed out
koolin ij: folds 
ZAURBEKK2013: raises $0.10 to $0.15
Dorex2007: folds 
WeNaSo_07: folds 
montreal555: folds 
P4INxBL4NC: calls $0.10
*** FLOP *** [9s 7d 7c]
P4INxBL4NC: checks 
ZAURBEKK2013: checks 
*** TURN *** [9s 7d 7c] [As]
P4INxBL4NC: bets $0.25
ZAURBEKK2013: folds 
Uncalled bet ($0.25) returned to P4INxBL4NC
P4INxBL4NC collected $0.31 from pot
*** SUMMARY ***
Total pot $0.32 | Rake $0.01 
Board [9s 7d 7c As]
Seat 1: P4INxBL4NC (big blind) collected ($0.31)
Seat 2: DenOneM$ folded before Flop (didn't bet)
Seat 3: koolin ij folded before Flop (didn't bet)
Seat 5: ZAURBEKK2013 folded on the Turn
Seat 6: Dorex2007 folded before Flop (didn't bet)
Seat 7: WeNaSo_07 (button) folded before Flop (didn't bet)
Seat 9: montreal555 (small blind) folded before Flop



PokerStars Hand #238319877144:  Hold'em No Limit ($0.02/$0.05 USD) - 2022/08/30 16:57:35 PT [2022/08/30 19:57:35 ET]
Table 'Praxidike' 9-max Seat #9 is the button
Seat 1: P4INxBL4NC ($1.55 in chips) 
Seat 3: koolin ij ($6.27 in chips) 
Seat 5: ZAURBEKK2013 ($7.46 in chips) 
Seat 6: Dorex2007 ($5 in chips) 
Seat 7: WeNaSo_07 ($5.59 in chips) 
Seat 9: montreal555 ($4.62 in chips) 
P4INxBL4NC: posts small blind $0.02
koolin ij: posts big blind $0.05
*** HOLE CARDS ***
Dealt to Dorex2007 [6c 5h]
ZAURBEKK2013: folds 
Dorex2007: folds 
WeNaSo_07: folds 
montreal555: calls $0.05
P4INxBL4NC: calls $0.03
koolin ij: raises $0.15 to $0.20
ZAURBEKK2013 leaves the table
montreal555: calls $0.15
P4INxBL4NC: folds 
*** FLOP *** [6s 7c 9h]
koolin ij: bets $0.21
montreal555: folds 
Uncalled bet ($0.21) returned to koolin ij
koolin ij collected $0.43 from pot
koolin ij: doesn't show hand 
*** SUMMARY ***
Total pot $0.45 | Rake $0.02 
Board [6s 7c 9h]
Seat 1: P4INxBL4NC (small blind) folded before Flop
Seat 3: koolin ij (big blind) collected ($0.43)
Seat 5: ZAURBEKK2013 folded before Flop (didn't bet)
Seat 6: Dorex2007 folded before Flop (didn't bet)
Seat 7: WeNaSo_07 folded before Flop (didn't bet)
Seat 9: montreal555 (button) folded on the Flop



PokerStars Hand #238319884438:  Hold'em No Limit ($0.02/$0.05 USD) - 2022/08/30 16:58:12 PT [2022/08/30 19:58:12 ET]
Table 'Praxidike' 9-max Seat #1 is the button
Seat 1: P4INxBL4NC ($1.50 in chips) 
Seat 3: koolin ij ($6.50 in chips) 
Seat 6: Dorex2007 ($5 in chips) 
Seat 7: WeNaSo_07 ($5.59 in chips) 
Seat 9: montreal555 ($4.42 in chips) 
koolin ij: posts small blind $0.02
Dorex2007: posts big blind $0.05
*** HOLE CARDS ***
Dealt to Dorex2007 [Ts 4h]
WeNaSo_07: folds 
montreal555: folds 
P4INxBL4NC: folds 
koolin ij: raises $0.10 to $0.15
Dorex2007: folds 
Uncalled bet ($0.10) returned to koolin ij
koolin ij collected $0.10 from pot
koolin ij: doesn't show hand 
*** SUMMARY ***
Total pot $0.10 | Rake $0 
Seat 1: P4INxBL4NC (button) folded before Flop (didn't bet)
Seat 3: koolin ij (small blind) collected ($0.10)
Seat 6: Dorex2007 (big blind) folded before Flop
Seat 7: WeNaSo_07 folded before Flop (didn't bet)
Seat 9: montreal555 folded before Flop (didn't bet)



PokerStars Hand #238319889387:  Hold'em No Limit ($0.02/$0.05 USD) - 2022/08/30 16:58:36 PT [2022/08/30 19:58:36 ET]
Table 'Praxidike' 9-max Seat #3 is the button
Seat 1: P4INxBL4NC ($1.50 in chips) 
Seat 3: koolin ij ($6.55 in chips) 
Seat 6: Dorex2007 ($5 in chips) 
Seat 7: WeNaSo_07 ($5.59 in chips) 
Seat 9: montreal555 ($4.42 in chips) 
Dorex2007: posts small blind $0.02
WeNaSo_07: posts big blind $0.05
*** HOLE CARDS ***
Dealt to Dorex2007 [2c 8d]
montreal555: calls $0.05
P4INxBL4NC: raises $0.10 to $0.15
koolin ij: calls $0.15
Dorex2007: folds 
WeNaSo_07: folds 
montreal555: calls $0.10
*** FLOP *** [3d 4c 7d]
montreal555: bets $0.05
P4INxBL4NC: calls $0.05
koolin ij: raises $0.33 to $0.38
montreal555: calls $0.33
P4INxBL4NC: folds 
*** TURN *** [3d 4c 7d] [5d]
montreal555: checks 
koolin ij: bets $1.27
montreal555: calls $1.27
*** RIVER *** [3d 4c 7d 5d] [4d]
montreal555: bets $2.62 and is all-in
koolin ij: folds 
Uncalled bet ($2.62) returned to montreal555
montreal555 collected $3.71 from pot
*** SUMMARY ***
Total pot $3.87 | Rake $0.16 
Board [3d 4c 7d 5d 4d]
Seat 1: P4INxBL4NC folded on the Flop
Seat 3: koolin ij (button) folded on the River
Seat 6: Dorex2007 (small blind) folded before Flop
Seat 7: WeNaSo_07 (big blind) folded before Flop
Seat 9: montreal555 collected ($3.71)



