PokerStars Hand #238652844398:  Hold'em No Limit ($0.02/$0.05 USD) - 2022/09/15 16:25:00 PT [2022/09/15 19:25:00 ET]
Table 'Thernoe II' 9-max Seat #3 is the button
Seat 1: garagepkr ($3.66 in chips) 
Seat 2: Mitch81 ($5.57 in chips) 
Seat 3: dvdhmstar ($9.96 in chips) 
Seat 4: klileru ($5.49 in chips) 
Seat 5: Dorex2007 ($5 in chips) 
Seat 7: Giovanaz171 ($1.01 in chips) 
Seat 8: _Stells666 ($5 in chips) 
Seat 9: KAAS467 ($5.11 in chips) 
klileru: posts small blind $0.02
Dorex2007: posts big blind $0.05
*** HOLE CARDS ***
Dealt to Dorex2007 [Js Qc]
Giovanaz171: folds 
_Stells666: folds 
KAAS467: folds 
garagepkr: folds 
Mitch81: folds 
dvdhmstar: folds 
klileru: folds 
Uncalled bet ($0.03) returned to Dorex2007
Dorex2007 collected $0.04 from pot
Dorex2007: doesn't show hand 
*** SUMMARY ***
Total pot $0.04 | Rake $0 
Seat 1: garagepkr folded before Flop (didn't bet)
Seat 2: Mitch81 folded before Flop (didn't bet)
Seat 3: dvdhmstar (button) folded before Flop (didn't bet)
Seat 4: klileru (small blind) folded before Flop
Seat 5: Dorex2007 (big blind) collected ($0.04)
Seat 7: Giovanaz171 folded before Flop (didn't bet)
Seat 8: _Stells666 folded before Flop (didn't bet)
Seat 9: KAAS467 folded before Flop (didn't bet)



PokerStars Hand #238652849257:  Hold'em No Limit ($0.02/$0.05 USD) - 2022/09/15 16:25:18 PT [2022/09/15 19:25:18 ET]
Table 'Thernoe II' 9-max Seat #4 is the button
Seat 1: garagepkr ($3.66 in chips) 
Seat 2: Mitch81 ($5.57 in chips) 
Seat 3: dvdhmstar ($9.96 in chips) 
Seat 4: klileru ($5.47 in chips) 
Seat 5: Dorex2007 ($5.02 in chips) 
Seat 7: Giovanaz171 ($1.01 in chips) 
Seat 8: _Stells666 ($5 in chips) 
Seat 9: KAAS467 ($5.11 in chips) 
Dorex2007: posts small blind $0.02
Giovanaz171: posts big blind $0.05
*** HOLE CARDS ***
Dealt to Dorex2007 [9h 5d]
_Stells666: folds 
KAAS467: folds 
garagepkr: folds 
Mitch81: folds 
dvdhmstar: folds 
klileru: raises $0.10 to $0.15
Dorex2007: folds 
Giovanaz171: folds 
Uncalled bet ($0.10) returned to klileru
klileru collected $0.12 from pot
klileru: doesn't show hand 
*** SUMMARY ***
Total pot $0.12 | Rake $0 
Seat 1: garagepkr folded before Flop (didn't bet)
Seat 2: Mitch81 folded before Flop (didn't bet)
Seat 3: dvdhmstar folded before Flop (didn't bet)
Seat 4: klileru (button) collected ($0.12)
Seat 5: Dorex2007 (small blind) folded before Flop
Seat 7: Giovanaz171 (big blind) folded before Flop
Seat 8: _Stells666 folded before Flop (didn't bet)
Seat 9: KAAS467 folded before Flop (didn't bet)



PokerStars Hand #238652856902:  Hold'em No Limit ($0.02/$0.05 USD) - 2022/09/15 16:25:46 PT [2022/09/15 19:25:46 ET]
Table 'Thernoe II' 9-max Seat #5 is the button
Seat 1: garagepkr ($3.66 in chips) 
Seat 2: Mitch81 ($5.57 in chips) 
Seat 3: dvdhmstar ($9.96 in chips) 
Seat 4: klileru ($5.54 in chips) 
Seat 5: Dorex2007 ($5 in chips) 
Seat 7: Giovanaz171 ($0.96 in chips) 
Seat 8: _Stells666 ($5 in chips) 
Seat 9: KAAS467 ($5.11 in chips) 
Giovanaz171: posts small blind $0.02
_Stells666: posts big blind $0.05
*** HOLE CARDS ***
Dealt to Dorex2007 [8h Js]
deividdjsp1987 joins the table at seat #6 
KAAS467: folds 
garagepkr: folds 
Mitch81: raises $0.10 to $0.15
dvdhmstar: folds 
klileru: folds 
Dorex2007: folds 
Giovanaz171: folds 
_Stells666: folds 
Uncalled bet ($0.10) returned to Mitch81
Mitch81 collected $0.12 from pot
*** SUMMARY ***
Total pot $0.12 | Rake $0 
Seat 1: garagepkr folded before Flop (didn't bet)
Seat 2: Mitch81 collected ($0.12)
Seat 3: dvdhmstar folded before Flop (didn't bet)
Seat 4: klileru folded before Flop (didn't bet)
Seat 5: Dorex2007 (button) folded before Flop (didn't bet)
Seat 7: Giovanaz171 (small blind) folded before Flop
Seat 8: _Stells666 (big blind) folded before Flop
Seat 9: KAAS467 folded before Flop (didn't bet)



PokerStars Hand #238652863720:  Hold'em No Limit ($0.02/$0.05 USD) - 2022/09/15 16:26:11 PT [2022/09/15 19:26:11 ET]
Table 'Thernoe II' 9-max Seat #7 is the button
Seat 1: garagepkr ($3.66 in chips) 
Seat 2: Mitch81 ($5.64 in chips) 
Seat 3: dvdhmstar ($9.96 in chips) 
Seat 4: klileru ($5.54 in chips) 
Seat 5: Dorex2007 ($5 in chips) 
Seat 7: Giovanaz171 ($0.94 in chips) 
Seat 8: _Stells666 ($5 in chips) 
Seat 9: KAAS467 ($5.11 in chips) 
_Stells666: posts small blind $0.02
KAAS467: posts big blind $0.05
deividdjsp1987: sits out 
*** HOLE CARDS ***
Dealt to Dorex2007 [5c 6s]
garagepkr has timed out
garagepkr: folds 
Mitch81: folds 
dvdhmstar: folds 
klileru: folds 
Dorex2007: folds 
Giovanaz171: calls $0.05
_Stells666: calls $0.03
KAAS467: checks 
*** FLOP *** [9s 9c 7c]
_Stells666: checks 
KAAS467: checks 
Giovanaz171: checks 
*** TURN *** [9s 9c 7c] [Jh]
_Stells666: checks 
KAAS467: checks 
Giovanaz171: checks 
*** RIVER *** [9s 9c 7c Jh] [9d]
_Stells666: checks 
KAAS467: checks 
Giovanaz171: checks 
*** SHOW DOWN ***
_Stells666: shows [Ah 8c] (three of a kind, Nines)
KAAS467: mucks hand 
Giovanaz171: mucks hand 
_Stells666 collected $0.14 from pot
*** SUMMARY ***
Total pot $0.15 | Rake $0.01 
Board [9s 9c 7c Jh 9d]
Seat 1: garagepkr folded before Flop (didn't bet)
Seat 2: Mitch81 folded before Flop (didn't bet)
Seat 3: dvdhmstar folded before Flop (didn't bet)
Seat 4: klileru folded before Flop (didn't bet)
Seat 5: Dorex2007 folded before Flop (didn't bet)
Seat 7: Giovanaz171 (button) mucked [2d Kd]
Seat 8: _Stells666 (small blind) showed [Ah 8c] and won ($0.14) with three of a kind, Nines
Seat 9: KAAS467 (big blind) mucked [Tc 3d]



PokerStars Hand #238652884065:  Hold'em No Limit ($0.02/$0.05 USD) - 2022/09/15 16:27:26 PT [2022/09/15 19:27:26 ET]
Table 'Thernoe II' 9-max Seat #8 is the button
Seat 1: garagepkr ($3.66 in chips) 
Seat 2: Mitch81 ($5.64 in chips) 
Seat 3: dvdhmstar ($9.96 in chips) 
Seat 4: klileru ($5.54 in chips) 
Seat 5: Dorex2007 ($5 in chips) 
Seat 6: deividdjsp1987 ($3 in chips) 
Seat 7: Giovanaz171 ($0.89 in chips) 
Seat 8: _Stells666 ($5.09 in chips) 
Seat 9: KAAS467 ($5.06 in chips) 
KAAS467: posts small blind $0.02
garagepkr: posts big blind $0.05
deividdjsp1987: posts big blind $0.05
*** HOLE CARDS ***
Dealt to Dorex2007 [4s Qs]
Mitch81: folds 
dvdhmstar: folds 
klileru: folds 
Dorex2007: folds 
deividdjsp1987: checks 
Giovanaz171: folds 
_Stells666: calls $0.05
KAAS467: calls $0.03
garagepkr: raises $0.20 to $0.25
deividdjsp1987: folds 
_Stells666: calls $0.20
KAAS467: calls $0.20
*** FLOP *** [Jd Ad 9h]
KAAS467: checks 
garagepkr: bets $0.38
_Stells666: calls $0.38
KAAS467: folds 
*** TURN *** [Jd Ad 9h] [Jc]
garagepkr: bets $0.05
_Stells666: calls $0.05
*** RIVER *** [Jd Ad 9h Jc] [7h]
garagepkr: bets $0.05
_Stells666: raises $0.91 to $0.96
garagepkr: folds 
Uncalled bet ($0.91) returned to _Stells666
_Stells666 collected $1.69 from pot
_Stells666: doesn't show hand 
*** SUMMARY ***
Total pot $1.76 | Rake $0.07 
Board [Jd Ad 9h Jc 7h]
Seat 1: garagepkr (big blind) folded on the River
Seat 2: Mitch81 folded before Flop (didn't bet)
Seat 3: dvdhmstar folded before Flop (didn't bet)
Seat 4: klileru folded before Flop (didn't bet)
Seat 5: Dorex2007 folded before Flop (didn't bet)
Seat 6: deividdjsp1987 folded before Flop (didn't bet)
Seat 7: Giovanaz171 folded before Flop (didn't bet)
Seat 8: _Stells666 (button) collected ($1.69)
Seat 9: KAAS467 (small blind) folded on the Flop



PokerStars Hand #238652907373:  Hold'em No Limit ($0.02/$0.05 USD) - 2022/09/15 16:28:52 PT [2022/09/15 19:28:52 ET]
Table 'Thernoe II' 9-max Seat #9 is the button
Seat 1: garagepkr ($2.93 in chips) 
Seat 2: Mitch81 ($5.64 in chips) 
Seat 3: dvdhmstar ($9.96 in chips) 
Seat 4: klileru ($5.54 in chips) 
Seat 5: Dorex2007 ($5 in chips) 
Seat 6: deividdjsp1987 ($2.95 in chips) 
Seat 7: Giovanaz171 ($0.89 in chips) 
Seat 8: _Stells666 ($6.05 in chips) 
Seat 9: KAAS467 ($4.81 in chips) 
garagepkr: posts small blind $0.02
Mitch81: posts big blind $0.05
*** HOLE CARDS ***
Dealt to Dorex2007 [4s 3h]
dvdhmstar has timed out
dvdhmstar: folds 
klileru: raises $0.10 to $0.15
Dorex2007: folds 
deividdjsp1987: folds 
Giovanaz171: folds 
_Stells666: folds 
KAAS467: folds 
garagepkr: calls $0.13
Mitch81: folds 
*** FLOP *** [5h Ad 4d]
garagepkr: checks 
klileru: bets $0.10
garagepkr: raises $0.10 to $0.20
klileru: calls $0.10
*** TURN *** [5h Ad 4d] [9d]
garagepkr: bets $0.45
klileru: calls $0.45
*** RIVER *** [5h Ad 4d 9d] [9h]
garagepkr: checks 
klileru: checks 
*** SHOW DOWN ***
garagepkr: shows [Ah 5c] (two pair, Aces and Nines)
klileru: mucks hand 
garagepkr collected $1.58 from pot
*** SUMMARY ***
Total pot $1.65 | Rake $0.07 
Board [5h Ad 4d 9d 9h]
Seat 1: garagepkr (small blind) showed [Ah 5c] and won ($1.58) with two pair, Aces and Nines
Seat 2: Mitch81 (big blind) folded before Flop
Seat 3: dvdhmstar folded before Flop (didn't bet)
Seat 4: klileru mucked [Qh Qd]
Seat 5: Dorex2007 folded before Flop (didn't bet)
Seat 6: deividdjsp1987 folded before Flop (didn't bet)
Seat 7: Giovanaz171 folded before Flop (didn't bet)
Seat 8: _Stells666 folded before Flop (didn't bet)
Seat 9: KAAS467 (button) folded before Flop (didn't bet)



PokerStars Hand #238652923869:  Hold'em No Limit ($0.02/$0.05 USD) - 2022/09/15 16:29:54 PT [2022/09/15 19:29:54 ET]
Table 'Thernoe II' 9-max Seat #1 is the button
Seat 1: garagepkr ($3.71 in chips) 
Seat 2: Mitch81 ($5.59 in chips) 
Seat 3: dvdhmstar ($9.96 in chips) 
Seat 4: klileru ($4.74 in chips) 
Seat 5: Dorex2007 ($5 in chips) 
Seat 6: deividdjsp1987 ($2.95 in chips) 
Seat 7: Giovanaz171 ($0.89 in chips) 
Seat 8: _Stells666 ($6.05 in chips) 
Seat 9: KAAS467 ($4.81 in chips) 
Mitch81: posts small blind $0.02
dvdhmstar: posts big blind $0.05
*** HOLE CARDS ***
Dealt to Dorex2007 [9d Tc]
klileru: raises $0.10 to $0.15
Dorex2007: folds 
deividdjsp1987: folds 
Giovanaz171: folds 
_Stells666: folds 
KAAS467: calls $0.15
garagepkr: calls $0.15
Mitch81: folds 
dvdhmstar: calls $0.10
*** FLOP *** [Kc Jd Ah]
dvdhmstar: checks 
klileru: bets $0.35
KAAS467: folds 
garagepkr: folds 
dvdhmstar: folds 
Uncalled bet ($0.35) returned to klileru
klileru collected $0.59 from pot
klileru: doesn't show hand 
*** SUMMARY ***
Total pot $0.62 | Rake $0.03 
Board [Kc Jd Ah]
Seat 1: garagepkr (button) folded on the Flop
Seat 2: Mitch81 (small blind) folded before Flop
Seat 3: dvdhmstar (big blind) folded on the Flop
Seat 4: klileru collected ($0.59)
Seat 5: Dorex2007 folded before Flop (didn't bet)
Seat 6: deividdjsp1987 folded before Flop (didn't bet)
Seat 7: Giovanaz171 folded before Flop (didn't bet)
Seat 8: _Stells666 folded before Flop (didn't bet)
Seat 9: KAAS467 folded on the Flop



PokerStars Hand #238652941463:  Hold'em No Limit ($0.02/$0.05 USD) - 2022/09/15 16:31:00 PT [2022/09/15 19:31:00 ET]
Table 'Thernoe II' 9-max Seat #2 is the button
Seat 1: garagepkr ($3.56 in chips) 
Seat 2: Mitch81 ($5.57 in chips) 
Seat 3: dvdhmstar ($9.81 in chips) 
Seat 4: klileru ($5.18 in chips) 
Seat 5: Dorex2007 ($5 in chips) 
Seat 6: deividdjsp1987 ($2.95 in chips) 
Seat 7: Giovanaz171 ($0.89 in chips) 
Seat 8: _Stells666 ($6.05 in chips) 
Seat 9: KAAS467 ($4.66 in chips) 
dvdhmstar: posts small blind $0.02
klileru: posts big blind $0.05
*** HOLE CARDS ***
Dealt to Dorex2007 [Ts Jc]
Dorex2007: folds 
deividdjsp1987: folds 
Giovanaz171: folds 
_Stells666: folds 
KAAS467: folds 
garagepkr: folds 
Mitch81: folds 
dvdhmstar: calls $0.03
klileru: raises $0.15 to $0.20
dvdhmstar: folds 
Uncalled bet ($0.15) returned to klileru
klileru collected $0.10 from pot
klileru: doesn't show hand 
*** SUMMARY ***
Total pot $0.10 | Rake $0 
Seat 1: garagepkr folded before Flop (didn't bet)
Seat 2: Mitch81 (button) folded before Flop (didn't bet)
Seat 3: dvdhmstar (small blind) folded before Flop
Seat 4: klileru (big blind) collected ($0.10)
Seat 5: Dorex2007 folded before Flop (didn't bet)
Seat 6: deividdjsp1987 folded before Flop (didn't bet)
Seat 7: Giovanaz171 folded before Flop (didn't bet)
Seat 8: _Stells666 folded before Flop (didn't bet)
Seat 9: KAAS467 folded before Flop (didn't bet)



PokerStars Hand #238652949864:  Hold'em No Limit ($0.02/$0.05 USD) - 2022/09/15 16:31:32 PT [2022/09/15 19:31:32 ET]
Table 'Thernoe II' 9-max Seat #3 is the button
Seat 1: garagepkr ($3.56 in chips) 
Seat 2: Mitch81 ($5.57 in chips) 
Seat 3: dvdhmstar ($9.76 in chips) 
Seat 4: klileru ($5.23 in chips) 
Seat 5: Dorex2007 ($5 in chips) 
Seat 6: deividdjsp1987 ($2.95 in chips) 
Seat 7: Giovanaz171 ($0.89 in chips) 
Seat 8: _Stells666 ($6.05 in chips) 
Seat 9: KAAS467 ($4.66 in chips) 
klileru: posts small blind $0.02
Dorex2007: posts big blind $0.05
*** HOLE CARDS ***
Dealt to Dorex2007 [8h 4h]
deividdjsp1987: raises $0.07 to $0.12
Giovanaz171: folds 
_Stells666: calls $0.12
KAAS467: folds 
garagepkr: folds 
Mitch81: folds 
Mitch81 leaves the table
dvdhmstar: folds 
klileru: folds 
Dorex2007: folds 
*** FLOP *** [Ah Ac 7h]
deividdjsp1987: bets $0.13
Troko50 joins the table at seat #2 
_Stells666: folds 
Uncalled bet ($0.13) returned to deividdjsp1987
deividdjsp1987 collected $0.30 from pot
*** SUMMARY ***
Total pot $0.31 | Rake $0.01 
Board [Ah Ac 7h]
Seat 1: garagepkr folded before Flop (didn't bet)
Seat 2: Mitch81 folded before Flop (didn't bet)
Seat 3: dvdhmstar (button) folded before Flop (didn't bet)
Seat 4: klileru (small blind) folded before Flop
Seat 5: Dorex2007 (big blind) folded before Flop
Seat 6: deividdjsp1987 collected ($0.30)
Seat 7: Giovanaz171 folded before Flop (didn't bet)
Seat 8: _Stells666 folded on the Flop
Seat 9: KAAS467 folded before Flop (didn't bet)



PokerStars Hand #238652962529:  Hold'em No Limit ($0.02/$0.05 USD) - 2022/09/15 16:32:19 PT [2022/09/15 19:32:19 ET]
Table 'Thernoe II' 9-max Seat #4 is the button
Seat 1: garagepkr ($3.56 in chips) 
Seat 3: dvdhmstar ($9.76 in chips) 
Seat 4: klileru ($5.21 in chips) 
Seat 5: Dorex2007 ($5 in chips) 
Seat 6: deividdjsp1987 ($3.13 in chips) 
Seat 7: Giovanaz171 ($0.89 in chips) 
Seat 8: _Stells666 ($5.93 in chips) 
Seat 9: KAAS467 ($4.66 in chips) 
Dorex2007: posts small blind $0.02
deividdjsp1987: posts big blind $0.05
Troko50: sits out 
*** HOLE CARDS ***
Dealt to Dorex2007 [3c 8c]
Giovanaz171: folds 
_Stells666: folds 
KAAS467: raises $0.10 to $0.15
garagepkr: folds 
dvdhmstar: folds 
klileru: calls $0.15
Dorex2007: folds 
deividdjsp1987: calls $0.10
*** FLOP *** [8d Th 7d]
deividdjsp1987: checks 
KAAS467: checks 
klileru: checks 
*** TURN *** [8d Th 7d] [4s]
deividdjsp1987: bets $0.18
KAAS467: folds 
klileru: calls $0.18
*** RIVER *** [8d Th 7d 4s] [Jd]
deividdjsp1987: bets $0.40
klileru: raises $0.65 to $1.05
deividdjsp1987: folds 
Uncalled bet ($0.65) returned to klileru
klileru collected $1.56 from pot
klileru: doesn't show hand 
*** SUMMARY ***
Total pot $1.63 | Rake $0.07 
Board [8d Th 7d 4s Jd]
Seat 1: garagepkr folded before Flop (didn't bet)
Seat 3: dvdhmstar folded before Flop (didn't bet)
Seat 4: klileru (button) collected ($1.56)
Seat 5: Dorex2007 (small blind) folded before Flop
Seat 6: deividdjsp1987 (big blind) folded on the River
Seat 7: Giovanaz171 folded before Flop (didn't bet)
Seat 8: _Stells666 folded before Flop (didn't bet)
Seat 9: KAAS467 folded on the Turn



PokerStars Hand #238652985240:  Hold'em No Limit ($0.02/$0.05 USD) - 2022/09/15 16:33:44 PT [2022/09/15 19:33:44 ET]
Table 'Thernoe II' 9-max Seat #5 is the button
Seat 1: garagepkr ($3.56 in chips) 
Seat 2: Troko50 ($5 in chips) 
Seat 3: dvdhmstar ($9.76 in chips) 
Seat 4: klileru ($6.04 in chips) 
Seat 5: Dorex2007 ($5 in chips) 
Seat 6: deividdjsp1987 ($2.40 in chips) 
Seat 7: Giovanaz171 ($0.89 in chips) 
Seat 8: _Stells666 ($5.93 in chips) 
Seat 9: KAAS467 ($4.51 in chips) 
deividdjsp1987: posts small blind $0.02
Giovanaz171: posts big blind $0.05
Troko50: posts big blind $0.05
*** HOLE CARDS ***
Dealt to Dorex2007 [5c Qd]
_Stells666: folds 
KAAS467: folds 
garagepkr: raises $0.05 to $0.10
Troko50: folds 
dvdhmstar: folds 
klileru: calls $0.10
Dorex2007: folds 
deividdjsp1987: folds 
Giovanaz171: folds 
*** FLOP *** [Ks 7s Kh]
garagepkr: checks 
klileru: bets $0.10
garagepkr: folds 
Uncalled bet ($0.10) returned to klileru
klileru collected $0.31 from pot
klileru: doesn't show hand 
*** SUMMARY ***
Total pot $0.32 | Rake $0.01 
Board [Ks 7s Kh]
Seat 1: garagepkr folded on the Flop
Seat 2: Troko50 folded before Flop (didn't bet)
Seat 3: dvdhmstar folded before Flop (didn't bet)
Seat 4: klileru collected ($0.31)
Seat 5: Dorex2007 (button) folded before Flop (didn't bet)
Seat 6: deividdjsp1987 (small blind) folded before Flop
Seat 7: Giovanaz171 (big blind) folded before Flop
Seat 8: _Stells666 folded before Flop (didn't bet)
Seat 9: KAAS467 folded before Flop (didn't bet)



PokerStars Hand #238652999363:  Hold'em No Limit ($0.02/$0.05 USD) - 2022/09/15 16:34:37 PT [2022/09/15 19:34:37 ET]
Table 'Thernoe II' 9-max Seat #6 is the button
Seat 1: garagepkr ($3.46 in chips) 
Seat 2: Troko50 ($4.95 in chips) 
Seat 3: dvdhmstar ($9.76 in chips) 
Seat 4: klileru ($6.25 in chips) 
Seat 5: Dorex2007 ($5 in chips) 
Seat 6: deividdjsp1987 ($2.38 in chips) 
Seat 7: Giovanaz171 ($0.84 in chips) 
Seat 8: _Stells666 ($5.93 in chips) 
Seat 9: KAAS467 ($4.51 in chips) 
Giovanaz171: posts small blind $0.02
_Stells666: posts big blind $0.05
*** HOLE CARDS ***
Dealt to Dorex2007 [7s Kc]
KAAS467: folds 
garagepkr: folds 
Troko50: folds 
dvdhmstar: folds 
klileru: folds 
Dorex2007: folds 
deividdjsp1987: raises $0.05 to $0.10
Giovanaz171: folds 
_Stells666: folds 
Uncalled bet ($0.05) returned to deividdjsp1987
deividdjsp1987 collected $0.12 from pot
*** SUMMARY ***
Total pot $0.12 | Rake $0 
Seat 1: garagepkr folded before Flop (didn't bet)
Seat 2: Troko50 folded before Flop (didn't bet)
Seat 3: dvdhmstar folded before Flop (didn't bet)
Seat 4: klileru folded before Flop (didn't bet)
Seat 5: Dorex2007 folded before Flop (didn't bet)
Seat 6: deividdjsp1987 (button) collected ($0.12)
Seat 7: Giovanaz171 (small blind) folded before Flop
Seat 8: _Stells666 (big blind) folded before Flop
Seat 9: KAAS467 folded before Flop (didn't bet)



PokerStars Hand #238653007240:  Hold'em No Limit ($0.02/$0.05 USD) - 2022/09/15 16:35:06 PT [2022/09/15 19:35:06 ET]
Table 'Thernoe II' 9-max Seat #7 is the button
Seat 1: garagepkr ($3.46 in chips) 
Seat 2: Troko50 ($4.95 in chips) 
Seat 3: dvdhmstar ($9.76 in chips) 
Seat 4: klileru ($6.25 in chips) 
Seat 5: Dorex2007 ($5 in chips) 
Seat 6: deividdjsp1987 ($2.45 in chips) 
Seat 7: Giovanaz171 ($0.82 in chips) 
Seat 8: _Stells666 ($5.88 in chips) 
Seat 9: KAAS467 ($4.51 in chips) 
_Stells666: posts small blind $0.02
KAAS467: posts big blind $0.05
*** HOLE CARDS ***
Dealt to Dorex2007 [8h Kd]
garagepkr has timed out
garagepkr: folds 
Troko50: folds 
dvdhmstar: raises $0.05 to $0.10
klileru: folds 
Dorex2007: folds 
deividdjsp1987: folds 
Giovanaz171: folds 
_Stells666: folds 
KAAS467: calls $0.05
*** FLOP *** [2d Ah Ad]
KAAS467: checks 
dvdhmstar: bets $0.10
KAAS467: folds 
Uncalled bet ($0.10) returned to dvdhmstar
dvdhmstar collected $0.21 from pot
dvdhmstar: doesn't show hand 
*** SUMMARY ***
Total pot $0.22 | Rake $0.01 
Board [2d Ah Ad]
Seat 1: garagepkr folded before Flop (didn't bet)
Seat 2: Troko50 folded before Flop (didn't bet)
Seat 3: dvdhmstar collected ($0.21)
Seat 4: klileru folded before Flop (didn't bet)
Seat 5: Dorex2007 folded before Flop (didn't bet)
Seat 6: deividdjsp1987 folded before Flop (didn't bet)
Seat 7: Giovanaz171 (button) folded before Flop (didn't bet)
Seat 8: _Stells666 (small blind) folded before Flop
Seat 9: KAAS467 (big blind) folded on the Flop



PokerStars Hand #238653016197:  Hold'em No Limit ($0.02/$0.05 USD) - 2022/09/15 16:35:40 PT [2022/09/15 19:35:40 ET]
Table 'Thernoe II' 9-max Seat #8 is the button
Seat 1: garagepkr ($3.46 in chips) 
Seat 2: Troko50 ($4.95 in chips) 
Seat 3: dvdhmstar ($9.87 in chips) 
Seat 4: klileru ($6.25 in chips) 
Seat 5: Dorex2007 ($5 in chips) 
Seat 6: deividdjsp1987 ($2.45 in chips) 
Seat 7: Giovanaz171 ($0.82 in chips) 
Seat 8: _Stells666 ($5.86 in chips) 
Seat 9: KAAS467 ($4.41 in chips) 
KAAS467: posts small blind $0.02
garagepkr: posts big blind $0.05
*** HOLE CARDS ***
Dealt to Dorex2007 [Jc 8h]
Troko50: folds 
dvdhmstar: folds 
klileru: folds 
Dorex2007: folds 
deividdjsp1987: raises $0.10 to $0.15
Giovanaz171: folds 
_Stells666: folds 
KAAS467: folds 
garagepkr: calls $0.10
*** FLOP *** [Ad Qh Th]
garagepkr: checks 
deividdjsp1987: bets $0.15
garagepkr: folds 
Uncalled bet ($0.15) returned to deividdjsp1987
deividdjsp1987 collected $0.31 from pot
*** SUMMARY ***
Total pot $0.32 | Rake $0.01 
Board [Ad Qh Th]
Seat 1: garagepkr (big blind) folded on the Flop
Seat 2: Troko50 folded before Flop (didn't bet)
Seat 3: dvdhmstar folded before Flop (didn't bet)
Seat 4: klileru folded before Flop (didn't bet)
Seat 5: Dorex2007 folded before Flop (didn't bet)
Seat 6: deividdjsp1987 collected ($0.31)
Seat 7: Giovanaz171 folded before Flop (didn't bet)
Seat 8: _Stells666 (button) folded before Flop (didn't bet)
Seat 9: KAAS467 (small blind) folded before Flop



PokerStars Hand #238653029440:  Hold'em No Limit ($0.02/$0.05 USD) - 2022/09/15 16:36:29 PT [2022/09/15 19:36:29 ET]
Table 'Thernoe II' 9-max Seat #9 is the button
Seat 1: garagepkr ($3.31 in chips) 
Seat 2: Troko50 ($4.95 in chips) 
Seat 3: dvdhmstar ($9.87 in chips) 
Seat 4: klileru ($6.25 in chips) 
Seat 5: Dorex2007 ($5 in chips) 
Seat 6: deividdjsp1987 ($2.61 in chips) 
Seat 7: Giovanaz171 ($0.82 in chips) 
Seat 8: _Stells666 ($5.86 in chips) 
Seat 9: KAAS467 ($4.39 in chips) 
garagepkr: posts small blind $0.02
Troko50: posts big blind $0.05
*** HOLE CARDS ***
Dealt to Dorex2007 [7d 5h]
dvdhmstar: raises $0.05 to $0.10
klileru: raises $0.15 to $0.25
Dorex2007: folds 
deividdjsp1987: folds 
Giovanaz171: folds 
_Stells666: folds 
KAAS467: folds 
garagepkr: calls $0.23
Troko50: folds 
dvdhmstar: calls $0.15
*** FLOP *** [9c 2d 7c]
garagepkr: checks 
dvdhmstar: checks 
klileru: bets $0.44
garagepkr: calls $0.44
dvdhmstar: folds 
*** TURN *** [9c 2d 7c] [6h]
garagepkr: checks 
klileru: bets $0.99
garagepkr: raises $0.99 to $1.98
klileru: raises $3.58 to $5.56 and is all-in
garagepkr: calls $0.64 and is all-in
Uncalled bet ($2.94) returned to klileru
*** RIVER *** [9c 2d 7c 6h] [Qd]
*** SHOW DOWN ***
garagepkr: shows [8d Td] (a straight, Six to Ten)
klileru: shows [7h 8h] (a pair of Sevens)
garagepkr collected $6.63 from pot
*** SUMMARY ***
Total pot $6.92 | Rake $0.29 
Board [9c 2d 7c 6h Qd]
Seat 1: garagepkr (small blind) showed [8d Td] and won ($6.63) with a straight, Six to Ten
Seat 2: Troko50 (big blind) folded before Flop
Seat 3: dvdhmstar folded on the Flop
Seat 4: klileru showed [7h 8h] and lost with a pair of Sevens
Seat 5: Dorex2007 folded before Flop (didn't bet)
Seat 6: deividdjsp1987 folded before Flop (didn't bet)
Seat 7: Giovanaz171 folded before Flop (didn't bet)
Seat 8: _Stells666 folded before Flop (didn't bet)
Seat 9: KAAS467 (button) folded before Flop (didn't bet)



PokerStars Hand #238653056448:  Hold'em No Limit ($0.02/$0.05 USD) - 2022/09/15 16:38:12 PT [2022/09/15 19:38:12 ET]
Table 'Thernoe II' 9-max Seat #1 is the button
Seat 1: garagepkr ($6.63 in chips) 
Seat 2: Troko50 ($4.90 in chips) 
Seat 3: dvdhmstar ($9.62 in chips) 
Seat 4: klileru ($2.94 in chips) 
Seat 5: Dorex2007 ($5 in chips) 
Seat 6: deividdjsp1987 ($2.61 in chips) 
Seat 7: Giovanaz171 ($0.82 in chips) 
Seat 8: _Stells666 ($5.86 in chips) 
Seat 9: KAAS467 ($4.39 in chips) 
Troko50: posts small blind $0.02
dvdhmstar: posts big blind $0.05
*** HOLE CARDS ***
Dealt to Dorex2007 [2s Js]
klileru: folds 
Dorex2007: folds 
deividdjsp1987: folds 
Giovanaz171: calls $0.05
_Stells666: raises $0.15 to $0.20
KAAS467: folds 
garagepkr: calls $0.20
Troko50: folds 
dvdhmstar: folds 
Giovanaz171: folds 
*** FLOP *** [Kd Ac 3h]
_Stells666: checks 
garagepkr: checks 
*** TURN *** [Kd Ac 3h] [5d]
_Stells666: bets $0.18
garagepkr: folds 
Uncalled bet ($0.18) returned to _Stells666
_Stells666 collected $0.50 from pot
_Stells666: doesn't show hand 
*** SUMMARY ***
Total pot $0.52 | Rake $0.02 
Board [Kd Ac 3h 5d]
Seat 1: garagepkr (button) folded on the Turn
Seat 2: Troko50 (small blind) folded before Flop
Seat 3: dvdhmstar (big blind) folded before Flop
Seat 4: klileru folded before Flop (didn't bet)
Seat 5: Dorex2007 folded before Flop (didn't bet)
Seat 6: deividdjsp1987 folded before Flop (didn't bet)
Seat 7: Giovanaz171 folded before Flop
Seat 8: _Stells666 collected ($0.50)
Seat 9: KAAS467 folded before Flop (didn't bet)



PokerStars Hand #238653076420:  Hold'em No Limit ($0.02/$0.05 USD) - 2022/09/15 16:39:28 PT [2022/09/15 19:39:28 ET]
Table 'Thernoe II' 9-max Seat #2 is the button
Seat 1: garagepkr ($6.43 in chips) 
Seat 2: Troko50 ($4.88 in chips) 
Seat 3: dvdhmstar ($9.57 in chips) 
Seat 4: klileru ($2.94 in chips) 
Seat 5: Dorex2007 ($5 in chips) 
Seat 6: deividdjsp1987 ($2.61 in chips) 
Seat 7: Giovanaz171 ($0.77 in chips) 
Seat 8: _Stells666 ($6.16 in chips) 
Seat 9: KAAS467 ($4.39 in chips) 
dvdhmstar: posts small blind $0.02
klileru: posts big blind $0.05
*** HOLE CARDS ***
Dealt to Dorex2007 [4c 2h]
Dorex2007: folds 
deividdjsp1987: folds 
Giovanaz171: folds 
_Stells666: folds 
KAAS467: raises $0.10 to $0.15
garagepkr: folds 
Troko50: folds 
dvdhmstar: folds 
klileru: calls $0.10
*** FLOP *** [Qh 3c Tc]
klileru: checks 
KAAS467: bets $0.15
klileru: calls $0.15
*** TURN *** [Qh 3c Tc] [2c]
klileru: checks 
KAAS467: checks 
*** RIVER *** [Qh 3c Tc 2c] [7h]
klileru: bets $0.35
KAAS467: folds 
Uncalled bet ($0.35) returned to klileru
klileru collected $0.59 from pot
klileru: doesn't show hand 
*** SUMMARY ***
Total pot $0.62 | Rake $0.03 
Board [Qh 3c Tc 2c 7h]
Seat 1: garagepkr folded before Flop (didn't bet)
Seat 2: Troko50 (button) folded before Flop (didn't bet)
Seat 3: dvdhmstar (small blind) folded before Flop
Seat 4: klileru (big blind) collected ($0.59)
Seat 5: Dorex2007 folded before Flop (didn't bet)
Seat 6: deividdjsp1987 folded before Flop (didn't bet)
Seat 7: Giovanaz171 folded before Flop (didn't bet)
Seat 8: _Stells666 folded before Flop (didn't bet)
Seat 9: KAAS467 folded on the River



PokerStars Hand #238653091008:  Hold'em No Limit ($0.02/$0.05 USD) - 2022/09/15 16:40:24 PT [2022/09/15 19:40:24 ET]
Table 'Thernoe II' 9-max Seat #3 is the button
Seat 1: garagepkr ($6.43 in chips) 
Seat 2: Troko50 ($4.88 in chips) 
Seat 3: dvdhmstar ($9.55 in chips) 
Seat 4: klileru ($3.23 in chips) 
Seat 5: Dorex2007 ($5 in chips) 
Seat 6: deividdjsp1987 ($2.61 in chips) 
Seat 7: Giovanaz171 ($0.77 in chips) 
Seat 8: _Stells666 ($6.16 in chips) 
Seat 9: KAAS467 ($4.09 in chips) 
klileru: posts small blind $0.02
Dorex2007: posts big blind $0.05
*** HOLE CARDS ***
Dealt to Dorex2007 [5h 2c]
deividdjsp1987: raises $0.05 to $0.10
Giovanaz171: folds 
_Stells666: folds 
KAAS467: folds 
garagepkr: folds 
Troko50: folds 
dvdhmstar: folds 
klileru: folds 
Dorex2007: folds 
Uncalled bet ($0.05) returned to deividdjsp1987
deividdjsp1987 collected $0.12 from pot
*** SUMMARY ***
Total pot $0.12 | Rake $0 
Seat 1: garagepkr folded before Flop (didn't bet)
Seat 2: Troko50 folded before Flop (didn't bet)
Seat 3: dvdhmstar (button) folded before Flop (didn't bet)
Seat 4: klileru (small blind) folded before Flop
Seat 5: Dorex2007 (big blind) folded before Flop
Seat 6: deividdjsp1987 collected ($0.12)
Seat 7: Giovanaz171 folded before Flop (didn't bet)
Seat 8: _Stells666 folded before Flop (didn't bet)
Seat 9: KAAS467 folded before Flop (didn't bet)



PokerStars Hand #238653096363:  Hold'em No Limit ($0.02/$0.05 USD) - 2022/09/15 16:40:44 PT [2022/09/15 19:40:44 ET]
Table 'Thernoe II' 9-max Seat #4 is the button
Seat 1: garagepkr ($6.43 in chips) 
Seat 2: Troko50 ($4.88 in chips) 
Seat 3: dvdhmstar ($9.55 in chips) 
Seat 4: klileru ($3.21 in chips) 
Seat 5: Dorex2007 ($5 in chips) 
Seat 6: deividdjsp1987 ($2.68 in chips) 
Seat 7: Giovanaz171 ($0.77 in chips) 
Seat 8: _Stells666 ($6.16 in chips) 
Seat 9: KAAS467 ($4.09 in chips) 
Dorex2007: posts small blind $0.02
deividdjsp1987: posts big blind $0.05
*** HOLE CARDS ***
Dealt to Dorex2007 [Kc Js]
Giovanaz171: folds 
_Stells666: folds 
KAAS467: folds 
garagepkr: raises $0.10 to $0.15
Troko50: folds 
dvdhmstar: folds 
klileru: calls $0.15
Dorex2007: calls $0.13
deividdjsp1987: folds 
*** FLOP *** [Th Jd 5s]
Dorex2007: bets $0.48
garagepkr: calls $0.48
klileru: folds 
*** TURN *** [Th Jd 5s] [4s]
Dorex2007: bets $0.70
garagepkr: folds 
Uncalled bet ($0.70) returned to Dorex2007
Dorex2007 collected $1.40 from pot
Dorex2007: doesn't show hand 
*** SUMMARY ***
Total pot $1.46 | Rake $0.06 
Board [Th Jd 5s 4s]
Seat 1: garagepkr folded on the Turn
Seat 2: Troko50 folded before Flop (didn't bet)
Seat 3: dvdhmstar folded before Flop (didn't bet)
Seat 4: klileru (button) folded on the Flop
Seat 5: Dorex2007 (small blind) collected ($1.40)
Seat 6: deividdjsp1987 (big blind) folded before Flop
Seat 7: Giovanaz171 folded before Flop (didn't bet)
Seat 8: _Stells666 folded before Flop (didn't bet)
Seat 9: KAAS467 folded before Flop (didn't bet)



PokerStars Hand #238653109083:  Hold'em No Limit ($0.02/$0.05 USD) - 2022/09/15 16:41:34 PT [2022/09/15 19:41:34 ET]
Table 'Thernoe II' 9-max Seat #5 is the button
Seat 1: garagepkr ($5.80 in chips) 
Seat 2: Troko50 ($4.88 in chips) 
Seat 3: dvdhmstar ($9.55 in chips) 
Seat 4: klileru ($3.06 in chips) 
Seat 5: Dorex2007 ($5.77 in chips) 
Seat 6: deividdjsp1987 ($2.63 in chips) 
Seat 7: Giovanaz171 ($0.77 in chips) 
Seat 8: _Stells666 ($6.16 in chips) 
Seat 9: KAAS467 ($4.09 in chips) 
deividdjsp1987: posts small blind $0.02
Giovanaz171: posts big blind $0.05
*** HOLE CARDS ***
Dealt to Dorex2007 [6s 9s]
_Stells666: folds 
KAAS467: folds 
garagepkr has timed out
garagepkr: folds 
Troko50: folds 
dvdhmstar: folds 
klileru: folds 
Dorex2007: folds 
deividdjsp1987: calls $0.03
Giovanaz171: checks 
*** FLOP *** [4d 3s 4c]
deividdjsp1987: checks 
Giovanaz171: bets $0.05
deividdjsp1987: calls $0.05
*** TURN *** [4d 3s 4c] [As]
deividdjsp1987: checks 
Giovanaz171: checks 
*** RIVER *** [4d 3s 4c As] [9c]
deividdjsp1987: bets $0.09
Giovanaz171: folds 
Uncalled bet ($0.09) returned to deividdjsp1987
deividdjsp1987 collected $0.19 from pot
*** SUMMARY ***
Total pot $0.20 | Rake $0.01 
Board [4d 3s 4c As 9c]
Seat 1: garagepkr folded before Flop (didn't bet)
Seat 2: Troko50 folded before Flop (didn't bet)
Seat 3: dvdhmstar folded before Flop (didn't bet)
Seat 4: klileru folded before Flop (didn't bet)
Seat 5: Dorex2007 (button) folded before Flop (didn't bet)
Seat 6: deividdjsp1987 (small blind) collected ($0.19)
Seat 7: Giovanaz171 (big blind) folded on the River
Seat 8: _Stells666 folded before Flop (didn't bet)
Seat 9: KAAS467 folded before Flop (didn't bet)



PokerStars Hand #238653121581:  Hold'em No Limit ($0.02/$0.05 USD) - 2022/09/15 16:42:23 PT [2022/09/15 19:42:23 ET]
Table 'Thernoe II' 9-max Seat #6 is the button
Seat 1: garagepkr ($5.80 in chips) 
Seat 2: Troko50 ($4.88 in chips) 
Seat 3: dvdhmstar ($9.55 in chips) 
Seat 4: klileru ($3.06 in chips) 
Seat 5: Dorex2007 ($5.77 in chips) 
Seat 6: deividdjsp1987 ($2.72 in chips) 
Seat 7: Giovanaz171 ($0.67 in chips) 
Seat 8: _Stells666 ($6.16 in chips) 
Seat 9: KAAS467 ($4.09 in chips) 
Giovanaz171: posts small blind $0.02
_Stells666: posts big blind $0.05
*** HOLE CARDS ***
Dealt to Dorex2007 [5s 9s]
KAAS467: folds 
garagepkr: folds 
Troko50: folds 
dvdhmstar: folds 
klileru: raises $0.10 to $0.15
Dorex2007: folds 
deividdjsp1987: folds 
Giovanaz171: calls $0.13
_Stells666: folds 
*** FLOP *** [Jc 7s 7h]
Giovanaz171: bets $0.52 and is all-in
klileru: folds 
Uncalled bet ($0.52) returned to Giovanaz171
Giovanaz171 collected $0.34 from pot
*** SUMMARY ***
Total pot $0.35 | Rake $0.01 
Board [Jc 7s 7h]
Seat 1: garagepkr folded before Flop (didn't bet)
Seat 2: Troko50 folded before Flop (didn't bet)
Seat 3: dvdhmstar folded before Flop (didn't bet)
Seat 4: klileru folded on the Flop
Seat 5: Dorex2007 folded before Flop (didn't bet)
Seat 6: deividdjsp1987 (button) folded before Flop (didn't bet)
Seat 7: Giovanaz171 (small blind) collected ($0.34)
Seat 8: _Stells666 (big blind) folded before Flop
Seat 9: KAAS467 folded before Flop (didn't bet)



PokerStars Hand #238653129778:  Hold'em No Limit ($0.02/$0.05 USD) - 2022/09/15 16:42:55 PT [2022/09/15 19:42:55 ET]
Table 'Thernoe II' 9-max Seat #7 is the button
Seat 1: garagepkr ($5.80 in chips) 
Seat 2: Troko50 ($4.88 in chips) 
Seat 3: dvdhmstar ($9.55 in chips) 
Seat 4: klileru ($2.91 in chips) 
Seat 5: Dorex2007 ($5.77 in chips) 
Seat 6: deividdjsp1987 ($2.72 in chips) 
Seat 7: Giovanaz171 ($0.86 in chips) 
Seat 8: _Stells666 ($6.11 in chips) 
Seat 9: KAAS467 ($4.09 in chips) 
_Stells666: posts small blind $0.02
KAAS467: posts big blind $0.05
*** HOLE CARDS ***
Dealt to Dorex2007 [3d 3s]
garagepkr: raises $0.15 to $0.20
Troko50: folds 
Troko50 leaves the table
dvdhmstar: folds 
klileru: folds 
Dorex2007: folds 
deividdjsp1987: folds 
Giovanaz171: folds 
sneakyasasin joins the table at seat #2 
_Stells666: calls $0.18
KAAS467: calls $0.15
*** FLOP *** [2d Jd 6s]
_Stells666: checks 
KAAS467: checks 
garagepkr: bets $0.40
_Stells666: folds 
KAAS467: folds 
Uncalled bet ($0.40) returned to garagepkr
garagepkr collected $0.58 from pot
*** SUMMARY ***
Total pot $0.60 | Rake $0.02 
Board [2d Jd 6s]
Seat 1: garagepkr collected ($0.58)
Seat 2: Troko50 folded before Flop (didn't bet)
Seat 3: dvdhmstar folded before Flop (didn't bet)
Seat 4: klileru folded before Flop (didn't bet)
Seat 5: Dorex2007 folded before Flop (didn't bet)
Seat 6: deividdjsp1987 folded before Flop (didn't bet)
Seat 7: Giovanaz171 (button) folded before Flop (didn't bet)
Seat 8: _Stells666 (small blind) folded on the Flop
Seat 9: KAAS467 (big blind) folded on the Flop



PokerStars Hand #238653144461:  Hold'em No Limit ($0.02/$0.05 USD) - 2022/09/15 16:43:53 PT [2022/09/15 19:43:53 ET]
Table 'Thernoe II' 9-max Seat #8 is the button
Seat 1: garagepkr ($6.18 in chips) 
Seat 2: sneakyasasin ($5 in chips) 
Seat 3: dvdhmstar ($9.55 in chips) 
Seat 4: klileru ($2.91 in chips) 
Seat 5: Dorex2007 ($5.77 in chips) 
Seat 6: deividdjsp1987 ($2.72 in chips) 
Seat 7: Giovanaz171 ($0.86 in chips) 
Seat 8: _Stells666 ($5.91 in chips) 
Seat 9: KAAS467 ($3.89 in chips) 
KAAS467: posts small blind $0.02
garagepkr: posts big blind $0.05
sneakyasasin: posts big blind $0.05
*** HOLE CARDS ***
Dealt to Dorex2007 [Ah 6s]
sneakyasasin: checks 
dvdhmstar: raises $0.05 to $0.10
klileru: folds 
Dorex2007: folds 
deividdjsp1987: folds 
Giovanaz171: folds 
_Stells666: folds 
KAAS467: raises $0.30 to $0.40
garagepkr: folds 
sneakyasasin: folds 
dvdhmstar: calls $0.30
*** FLOP *** [Tc 8d 7s]
KAAS467: bets $0.57
dvdhmstar: calls $0.57
*** TURN *** [Tc 8d 7s] [8h]
KAAS467: checks 
dvdhmstar: checks 
*** RIVER *** [Tc 8d 7s 8h] [Ad]
KAAS467: checks 
dvdhmstar: checks 
*** SHOW DOWN ***
KAAS467: shows [Qc Qd] (two pair, Queens and Eights)
dvdhmstar: mucks hand 
KAAS467 collected $1.96 from pot
*** SUMMARY ***
Total pot $2.04 | Rake $0.08 
Board [Tc 8d 7s 8h Ad]
Seat 1: garagepkr (big blind) folded before Flop
Seat 2: sneakyasasin folded before Flop (didn't bet)
Seat 3: dvdhmstar mucked [Ts Js]
Seat 4: klileru folded before Flop (didn't bet)
Seat 5: Dorex2007 folded before Flop (didn't bet)
Seat 6: deividdjsp1987 folded before Flop (didn't bet)
Seat 7: Giovanaz171 folded before Flop (didn't bet)
Seat 8: _Stells666 (button) folded before Flop (didn't bet)
Seat 9: KAAS467 (small blind) showed [Qc Qd] and won ($1.96) with two pair, Queens and Eights



PokerStars Hand #238653162342:  Hold'em No Limit ($0.02/$0.05 USD) - 2022/09/15 16:45:03 PT [2022/09/15 19:45:03 ET]
Table 'Thernoe II' 9-max Seat #9 is the button
Seat 1: garagepkr ($6.13 in chips) 
Seat 2: sneakyasasin ($4.95 in chips) 
Seat 3: dvdhmstar ($8.58 in chips) 
Seat 4: klileru ($2.91 in chips) 
Seat 5: Dorex2007 ($5.77 in chips) 
Seat 6: deividdjsp1987 ($2.72 in chips) 
Seat 7: Giovanaz171 ($0.86 in chips) 
Seat 8: _Stells666 ($5.91 in chips) 
Seat 9: KAAS467 ($4.88 in chips) 
garagepkr: posts small blind $0.02
sneakyasasin: posts big blind $0.05
*** HOLE CARDS ***
Dealt to Dorex2007 [Kd Tc]
dvdhmstar: folds 
klileru: folds 
Dorex2007: raises $0.10 to $0.15
deividdjsp1987: folds 
Giovanaz171: folds 
_Stells666: folds 
KAAS467: folds 
garagepkr: calls $0.13
sneakyasasin: calls $0.10
*** FLOP *** [As Ac Kh]
garagepkr: checks 
sneakyasasin: checks 
Dorex2007: checks 
*** TURN *** [As Ac Kh] [6s]
garagepkr: checks 
sneakyasasin: checks 
Dorex2007: checks 
*** RIVER *** [As Ac Kh 6s] [4h]
garagepkr: checks 
sneakyasasin: bets $0.21
Dorex2007: calls $0.21
garagepkr: folds 
*** SHOW DOWN ***
sneakyasasin: shows [6c 6d] (a full house, Sixes full of Aces)
Dorex2007: mucks hand 
sneakyasasin collected $0.83 from pot
*** SUMMARY ***
Total pot $0.87 | Rake $0.04 
Board [As Ac Kh 6s 4h]
Seat 1: garagepkr (small blind) folded on the River
Seat 2: sneakyasasin (big blind) showed [6c 6d] and won ($0.83) with a full house, Sixes full of Aces
Seat 3: dvdhmstar folded before Flop (didn't bet)
Seat 4: klileru folded before Flop (didn't bet)
Seat 5: Dorex2007 mucked [Kd Tc]
Seat 6: deividdjsp1987 folded before Flop (didn't bet)
Seat 7: Giovanaz171 folded before Flop (didn't bet)
Seat 8: _Stells666 folded before Flop (didn't bet)
Seat 9: KAAS467 (button) folded before Flop (didn't bet)



PokerStars Hand #238653186434:  Hold'em No Limit ($0.02/$0.05 USD) - 2022/09/15 16:46:40 PT [2022/09/15 19:46:40 ET]
Table 'Thernoe II' 9-max Seat #1 is the button
Seat 1: garagepkr ($5.98 in chips) 
Seat 2: sneakyasasin ($5.42 in chips) 
Seat 3: dvdhmstar ($8.58 in chips) 
Seat 4: klileru ($2.91 in chips) 
Seat 5: Dorex2007 ($5.41 in chips) 
Seat 6: deividdjsp1987 ($2.72 in chips) 
Seat 7: Giovanaz171 ($0.86 in chips) 
Seat 8: _Stells666 ($5.91 in chips) 
Seat 9: KAAS467 ($4.88 in chips) 
sneakyasasin: posts small blind $0.02
dvdhmstar: posts big blind $0.05
*** HOLE CARDS ***
Dealt to Dorex2007 [2d 9h]
klileru: folds 
Dorex2007: folds 
deividdjsp1987: folds 
Giovanaz171: folds 
_Stells666: folds 
KAAS467: folds 
garagepkr: raises $0.05 to $0.10
sneakyasasin: calls $0.08
dvdhmstar: calls $0.05
*** FLOP *** [2h Kc 7c]
sneakyasasin: checks 
dvdhmstar: bets $0.10
garagepkr: folds 
sneakyasasin: folds 
Uncalled bet ($0.10) returned to dvdhmstar
dvdhmstar collected $0.29 from pot
dvdhmstar: doesn't show hand 
*** SUMMARY ***
Total pot $0.30 | Rake $0.01 
Board [2h Kc 7c]
Seat 1: garagepkr (button) folded on the Flop
Seat 2: sneakyasasin (small blind) folded on the Flop
Seat 3: dvdhmstar (big blind) collected ($0.29)
Seat 4: klileru folded before Flop (didn't bet)
Seat 5: Dorex2007 folded before Flop (didn't bet)
Seat 6: deividdjsp1987 folded before Flop (didn't bet)
Seat 7: Giovanaz171 folded before Flop (didn't bet)
Seat 8: _Stells666 folded before Flop (didn't bet)
Seat 9: KAAS467 folded before Flop (didn't bet)



PokerStars Hand #238653199268:  Hold'em No Limit ($0.02/$0.05 USD) - 2022/09/15 16:47:31 PT [2022/09/15 19:47:31 ET]
Table 'Thernoe II' 9-max Seat #2 is the button
Seat 1: garagepkr ($5.88 in chips) 
Seat 2: sneakyasasin ($5.32 in chips) 
Seat 3: dvdhmstar ($8.77 in chips) 
Seat 4: klileru ($2.91 in chips) 
Seat 5: Dorex2007 ($5.41 in chips) 
Seat 6: deividdjsp1987 ($2.72 in chips) 
Seat 7: Giovanaz171 ($0.86 in chips) 
Seat 8: _Stells666 ($5.91 in chips) 
Seat 9: KAAS467 ($4.88 in chips) 
dvdhmstar: posts small blind $0.02
klileru: posts big blind $0.05
*** HOLE CARDS ***
Dealt to Dorex2007 [Kc Ac]
Dorex2007: raises $0.12 to $0.17
deividdjsp1987: folds 
Giovanaz171: folds 
_Stells666: folds 
KAAS467: folds 
garagepkr: calls $0.17
sneakyasasin: folds 
dvdhmstar: folds 
klileru: calls $0.12
*** FLOP *** [9s Td Ks]
klileru: checks 
Dorex2007: bets $0.25
garagepkr: calls $0.25
klileru: folds 
*** TURN *** [9s Td Ks] [Th]
Dorex2007: checks 
garagepkr: bets $0.55
Dorex2007: calls $0.55
*** RIVER *** [9s Td Ks Th] [8c]
Dorex2007: bets $1.02
garagepkr: raises $3.89 to $4.91 and is all-in
Dorex2007: folds 
Uncalled bet ($3.89) returned to garagepkr
garagepkr collected $4 from pot
*** SUMMARY ***
Total pot $4.17 | Rake $0.17 
Board [9s Td Ks Th 8c]
Seat 1: garagepkr collected ($4)
Seat 2: sneakyasasin (button) folded before Flop (didn't bet)
Seat 3: dvdhmstar (small blind) folded before Flop
Seat 4: klileru (big blind) folded on the Flop
Seat 5: Dorex2007 folded on the River
Seat 6: deividdjsp1987 folded before Flop (didn't bet)
Seat 7: Giovanaz171 folded before Flop (didn't bet)
Seat 8: _Stells666 folded before Flop (didn't bet)
Seat 9: KAAS467 folded before Flop (didn't bet)



PokerStars Hand #238653223353:  Hold'em No Limit ($0.02/$0.05 USD) - 2022/09/15 16:49:08 PT [2022/09/15 19:49:08 ET]
Table 'Thernoe II' 9-max Seat #3 is the button
Seat 1: garagepkr ($7.89 in chips) 
Seat 2: sneakyasasin ($5.32 in chips) 
Seat 3: dvdhmstar ($8.75 in chips) 
Seat 4: klileru ($2.74 in chips) 
Seat 5: Dorex2007 ($5 in chips) 
Seat 6: deividdjsp1987 ($2.72 in chips) 
Seat 7: Giovanaz171 ($0.86 in chips) 
Seat 8: _Stells666 ($5.91 in chips) 
Seat 9: KAAS467 ($4.88 in chips) 
klileru: posts small blind $0.02
Dorex2007: posts big blind $0.05
*** HOLE CARDS ***
Dealt to Dorex2007 [7d As]
deividdjsp1987: folds 
Giovanaz171: folds 
_Stells666: folds 
KAAS467: folds 
garagepkr: folds 
garagepkr leaves the table
sneakyasasin: folds 
dvdhmstar: raises $0.05 to $0.10
klileru: folds 
Dorex2007: folds 
Uncalled bet ($0.05) returned to dvdhmstar
dvdhmstar collected $0.12 from pot
dvdhmstar: doesn't show hand 
*** SUMMARY ***
Total pot $0.12 | Rake $0 
Seat 1: garagepkr folded before Flop (didn't bet)
Seat 2: sneakyasasin folded before Flop (didn't bet)
Seat 3: dvdhmstar (button) collected ($0.12)
Seat 4: klileru (small blind) folded before Flop
Seat 5: Dorex2007 (big blind) folded before Flop
Seat 6: deividdjsp1987 folded before Flop (didn't bet)
Seat 7: Giovanaz171 folded before Flop (didn't bet)
Seat 8: _Stells666 folded before Flop (didn't bet)
Seat 9: KAAS467 folded before Flop (didn't bet)



PokerStars Hand #238653231152:  Hold'em No Limit ($0.02/$0.05 USD) - 2022/09/15 16:49:40 PT [2022/09/15 19:49:40 ET]
Table 'Thernoe II' 9-max Seat #4 is the button
Seat 2: sneakyasasin ($5.32 in chips) 
Seat 3: dvdhmstar ($8.82 in chips) 
Seat 4: klileru ($2.72 in chips) 
Seat 5: Dorex2007 ($5 in chips) 
Seat 6: deividdjsp1987 ($2.72 in chips) 
Seat 7: Giovanaz171 ($0.86 in chips) 
Seat 8: _Stells666 ($5.91 in chips) 
Seat 9: KAAS467 ($4.88 in chips) 
Dorex2007: posts small blind $0.02
deividdjsp1987: posts big blind $0.05
*** HOLE CARDS ***
Dealt to Dorex2007 [2s Jh]
Giovanaz171: folds 
_Stells666 has timed out
_Stells666: folds 
KAAS467: folds 
sneakyasasin: folds 
dvdhmstar: folds 
klileru: raises $0.10 to $0.15
Dorex2007: folds 
deividdjsp1987: calls $0.10
*** FLOP *** [Jd 8d 6d]
deividdjsp1987: checks 
klileru: bets $0.15
deividdjsp1987: folds 
Uncalled bet ($0.15) returned to klileru
klileru collected $0.31 from pot
klileru: doesn't show hand 
*** SUMMARY ***
Total pot $0.32 | Rake $0.01 
Board [Jd 8d 6d]
Seat 2: sneakyasasin folded before Flop (didn't bet)
Seat 3: dvdhmstar folded before Flop (didn't bet)
Seat 4: klileru (button) collected ($0.31)
Seat 5: Dorex2007 (small blind) folded before Flop
Seat 6: deividdjsp1987 (big blind) folded on the Flop
Seat 7: Giovanaz171 folded before Flop (didn't bet)
Seat 8: _Stells666 folded before Flop (didn't bet)
Seat 9: KAAS467 folded before Flop (didn't bet)



PokerStars Hand #238653242005:  Hold'em No Limit ($0.02/$0.05 USD) - 2022/09/15 16:50:25 PT [2022/09/15 19:50:25 ET]
Table 'Thernoe II' 9-max Seat #5 is the button
Seat 2: sneakyasasin ($5.32 in chips) 
Seat 3: dvdhmstar ($8.82 in chips) 
Seat 4: klileru ($2.88 in chips) 
Seat 5: Dorex2007 ($5 in chips) 
Seat 6: deividdjsp1987 ($2.57 in chips) 
Seat 7: Giovanaz171 ($0.86 in chips) 
Seat 8: _Stells666 ($5.91 in chips) 
Seat 9: KAAS467 ($4.88 in chips) 
deividdjsp1987: posts small blind $0.02
Giovanaz171: posts big blind $0.05
*** HOLE CARDS ***
Dealt to Dorex2007 [7d Qs]
_Stells666: folds 
_Stells666 leaves the table
KAAS467: folds 
sneakyasasin: folds 
dvdhmstar: folds 
klileru: raises $0.10 to $0.15
Dorex2007: folds 
deividdjsp1987: calls $0.13
Giovanaz171: folds 
*** FLOP *** [9c 8d 2h]
deividdjsp1987: checks 
klileru: bets $0.20
sneakyasasin leaves the table
deividdjsp1987: folds 
Uncalled bet ($0.20) returned to klileru
klileru collected $0.34 from pot
klileru: doesn't show hand 
*** SUMMARY ***
Total pot $0.35 | Rake $0.01 
Board [9c 8d 2h]
Seat 2: sneakyasasin folded before Flop (didn't bet)
Seat 3: dvdhmstar folded before Flop (didn't bet)
Seat 4: klileru collected ($0.34)
Seat 5: Dorex2007 (button) folded before Flop (didn't bet)
Seat 6: deividdjsp1987 (small blind) folded on the Flop
Seat 7: Giovanaz171 (big blind) folded before Flop
Seat 8: _Stells666 folded before Flop (didn't bet)
Seat 9: KAAS467 folded before Flop (didn't bet)



PokerStars Hand #238653251215:  Hold'em No Limit ($0.02/$0.05 USD) - 2022/09/15 16:51:03 PT [2022/09/15 19:51:03 ET]
Table 'Thernoe II' 9-max Seat #6 is the button
Seat 3: dvdhmstar ($8.82 in chips) 
Seat 4: klileru ($3.07 in chips) 
Seat 5: Dorex2007 ($5 in chips) 
Seat 6: deividdjsp1987 ($2.42 in chips) 
Seat 7: Giovanaz171 ($0.81 in chips) 
Seat 9: KAAS467 ($4.88 in chips) 
Giovanaz171: posts small blind $0.02
KAAS467: posts big blind $0.05
*** HOLE CARDS ***
Dealt to Dorex2007 [Th Ad]
dvdhmstar: folds 
klileru: folds 
Dorex2007: raises $0.05 to $0.10
deividdjsp1987: folds 
Giovanaz171: folds 
KAAS467: raises $0.22 to $0.32
Dorex2007: folds 
Uncalled bet ($0.22) returned to KAAS467
KAAS467 collected $0.22 from pot
KAAS467: doesn't show hand 
*** SUMMARY ***
Total pot $0.22 | Rake $0 
Seat 3: dvdhmstar folded before Flop (didn't bet)
Seat 4: klileru folded before Flop (didn't bet)
Seat 5: Dorex2007 folded before Flop
Seat 6: deividdjsp1987 (button) folded before Flop (didn't bet)
Seat 7: Giovanaz171 (small blind) folded before Flop
Seat 9: KAAS467 (big blind) collected ($0.22)



PokerStars Hand #238653255619:  Hold'em No Limit ($0.02/$0.05 USD) - 2022/09/15 16:51:21 PT [2022/09/15 19:51:21 ET]
Table 'Thernoe II' 9-max Seat #7 is the button
Seat 3: dvdhmstar ($8.82 in chips) 
Seat 4: klileru ($3.07 in chips) 
Seat 5: Dorex2007 ($5 in chips) 
Seat 6: deividdjsp1987 ($2.42 in chips) 
Seat 7: Giovanaz171 ($0.79 in chips) 
Seat 9: KAAS467 ($5 in chips) 
KAAS467: posts small blind $0.02
dvdhmstar: posts big blind $0.05
*** HOLE CARDS ***
Dealt to Dorex2007 [Ts 9d]
klileru: folds 
Dorex2007: folds 
deividdjsp1987: folds 
Giovanaz171: calls $0.05
KAAS467: folds 
dvdhmstar: checks 
*** FLOP *** [3s Ad 7d]
dvdhmstar: checks 
Giovanaz171: checks 
*** TURN *** [3s Ad 7d] [6c]
dvdhmstar: checks 
Giovanaz171: checks 
*** RIVER *** [3s Ad 7d 6c] [5h]
dvdhmstar: checks 
Giovanaz171: checks 
*** SHOW DOWN ***
dvdhmstar: shows [Qh 8h] (high card Ace)
Giovanaz171: shows [Kh Qs] (high card Ace - King kicker)
Giovanaz171 collected $0.12 from pot
*** SUMMARY ***
Total pot $0.12 | Rake $0 
Board [3s Ad 7d 6c 5h]
Seat 3: dvdhmstar (big blind) showed [Qh 8h] and lost with high card Ace
Seat 4: klileru folded before Flop (didn't bet)
Seat 5: Dorex2007 folded before Flop (didn't bet)
Seat 6: deividdjsp1987 folded before Flop (didn't bet)
Seat 7: Giovanaz171 (button) showed [Kh Qs] and won ($0.12) with high card Ace
Seat 9: KAAS467 (small blind) folded before Flop



