PokerStars Hand #237188691165:  Hold'em No Limit ($0.01/$0.02 USD) - 2022/07/05 21:00:29 PT [2022/07/06 0:00:29 ET]
Table 'Vinifera II' 9-max Seat #2 is the button
Seat 1: Dorex2007 ($2.08 in chips) 
Seat 2: RxxTJ ($1.69 in chips) 
Seat 3: CestLavie95 ($3.05 in chips) 
Seat 4: SleepyShepherd ($2.55 in chips) 
Seat 5: Rldm96 ($2.85 in chips) 
Seat 6: BarryA113N ($5.79 in chips) 
Seat 7: pericocó ($0.71 in chips) 
Seat 8: RealKoi ($3.94 in chips) 
Seat 9: frosa9397 ($2.09 in chips) 
CestLavie95: posts small blind $0.01
SleepyShepherd: posts big blind $0.02
*** HOLE CARDS ***
Dealt to Dorex2007 [5s 4s]
Rldm96: calls $0.02
BarryA113N: folds 
pericocó: raises $0.08 to $0.10
RealKoi: calls $0.10
frosa9397: folds 
Dorex2007: folds 
RxxTJ: calls $0.10
CestLavie95: folds 
SleepyShepherd: folds 
Rldm96: folds 
*** FLOP *** [8s Jh 3h]
pericocó: checks 
RealKoi: checks 
RxxTJ: checks 
*** TURN *** [8s Jh 3h] [9c]
pericocó: bets $0.12
RealKoi: folds 
RxxTJ: calls $0.12
*** RIVER *** [8s Jh 3h 9c] [Js]
pericocó: bets $0.49 and is all-in
RxxTJ: folds 
Uncalled bet ($0.49) returned to pericocó
pericocó collected $0.57 from pot
*** SUMMARY ***
Total pot $0.59 | Rake $0.02 
Board [8s Jh 3h 9c Js]
Seat 1: Dorex2007 folded before Flop (didn't bet)
Seat 2: RxxTJ (button) folded on the River
Seat 3: CestLavie95 (small blind) folded before Flop
Seat 4: SleepyShepherd (big blind) folded before Flop
Seat 5: Rldm96 folded before Flop
Seat 6: BarryA113N folded before Flop (didn't bet)
Seat 7: pericocó collected ($0.57)
Seat 8: RealKoi folded on the Turn
Seat 9: frosa9397 folded before Flop (didn't bet)



PokerStars Hand #237188702481:  Hold'em No Limit ($0.01/$0.02 USD) - 2022/07/05 21:01:59 PT [2022/07/06 0:01:59 ET]
Table 'Vinifera II' 9-max Seat #3 is the button
Seat 1: Dorex2007 ($2.08 in chips) 
Seat 2: RxxTJ ($1.47 in chips) 
Seat 3: CestLavie95 ($3.04 in chips) 
Seat 4: SleepyShepherd ($2.53 in chips) 
Seat 5: Rldm96 ($2.83 in chips) 
Seat 6: BarryA113N ($5.79 in chips) 
Seat 7: pericocó ($1.06 in chips) 
Seat 8: RealKoi ($3.84 in chips) 
Seat 9: frosa9397 ($2.09 in chips) 
SleepyShepherd: posts small blind $0.01
Rldm96: posts big blind $0.02
*** HOLE CARDS ***
Dealt to Dorex2007 [Js 9s]
BarryA113N: folds 
pericocó: raises $0.02 to $0.04
RealKoi: calls $0.04
frosa9397: folds 
Dorex2007: calls $0.04
RxxTJ: folds 
CestLavie95: folds 
SleepyShepherd: calls $0.03
Rldm96: folds 
*** FLOP *** [9c 3s Jd]
SleepyShepherd: bets $0.08
pericocó: calls $0.08
RealKoi: calls $0.08
Dorex2007: raises $0.25 to $0.33
SleepyShepherd: folds 
pericocó: folds 
RealKoi: folds 
Uncalled bet ($0.25) returned to Dorex2007
Dorex2007 collected $0.48 from pot
*** SUMMARY ***
Total pot $0.50 | Rake $0.02 
Board [9c 3s Jd]
Seat 1: Dorex2007 collected ($0.48)
Seat 2: RxxTJ folded before Flop (didn't bet)
Seat 3: CestLavie95 (button) folded before Flop (didn't bet)
Seat 4: SleepyShepherd (small blind) folded on the Flop
Seat 5: Rldm96 (big blind) folded before Flop
Seat 6: BarryA113N folded before Flop (didn't bet)
Seat 7: pericocó folded on the Flop
Seat 8: RealKoi folded on the Flop
Seat 9: frosa9397 folded before Flop (didn't bet)



PokerStars Hand #237188717331:  Hold'em No Limit ($0.01/$0.02 USD) - 2022/07/05 21:03:19 PT [2022/07/06 0:03:19 ET]
Table 'Vinifera II' 9-max Seat #4 is the button
Seat 1: Dorex2007 ($2.44 in chips) 
Seat 2: RxxTJ ($1.47 in chips) 
Seat 3: CestLavie95 ($3.04 in chips) 
Seat 4: SleepyShepherd ($2.41 in chips) 
Seat 5: Rldm96 ($2.81 in chips) 
Seat 6: BarryA113N ($5.79 in chips) 
Seat 7: pericocó ($0.94 in chips) 
Seat 8: RealKoi ($3.72 in chips) 
Seat 9: frosa9397 ($2.09 in chips) 
Rldm96: posts small blind $0.01
BarryA113N: posts big blind $0.02
*** HOLE CARDS ***
Dealt to Dorex2007 [Js As]
pericocó: folds 
RealKoi: folds 
frosa9397: calls $0.02
Dorex2007: raises $0.04 to $0.06
RxxTJ: calls $0.06
CestLavie95: calls $0.06
SleepyShepherd: folds 
Rldm96: folds 
BarryA113N: calls $0.04
frosa9397: calls $0.04
*** FLOP *** [5c 9h 8h]
BarryA113N: checks 
frosa9397: checks 
Dorex2007: checks 
RxxTJ: checks 
CestLavie95: checks 
*** TURN *** [5c 9h 8h] [3h]
BarryA113N: bets $0.06
frosa9397: folds 
Dorex2007: folds 
RxxTJ: calls $0.06
CestLavie95: folds 
*** RIVER *** [5c 9h 8h 3h] [6h]
BarryA113N: checks 
RxxTJ: bets $0.41
BarryA113N: calls $0.41
*** SHOW DOWN ***
RxxTJ: shows [Qh Th] (a flush, Queen high)
BarryA113N: mucks hand 
RxxTJ collected $1.21 from pot
*** SUMMARY ***
Total pot $1.25 | Rake $0.04 
Board [5c 9h 8h 3h 6h]
Seat 1: Dorex2007 folded on the Turn
Seat 2: RxxTJ showed [Qh Th] and won ($1.21) with a flush, Queen high
Seat 3: CestLavie95 folded on the Turn
Seat 4: SleepyShepherd (button) folded before Flop (didn't bet)
Seat 5: Rldm96 (small blind) folded before Flop
Seat 6: BarryA113N (big blind) mucked [9d Ad]
Seat 7: pericocó folded before Flop (didn't bet)
Seat 8: RealKoi folded before Flop (didn't bet)
Seat 9: frosa9397 folded on the Turn



PokerStars Hand #237188733947:  Hold'em No Limit ($0.01/$0.02 USD) - 2022/07/05 21:05:28 PT [2022/07/06 0:05:28 ET]
Table 'Vinifera II' 9-max Seat #5 is the button
Seat 1: Dorex2007 ($2.38 in chips) 
Seat 2: RxxTJ ($2.15 in chips) 
Seat 3: CestLavie95 ($2.98 in chips) 
Seat 4: SleepyShepherd ($2.41 in chips) 
Seat 5: Rldm96 ($2.80 in chips) 
Seat 6: BarryA113N ($5.26 in chips) 
Seat 7: pericocó ($0.94 in chips) 
Seat 8: RealKoi ($3.72 in chips) 
Seat 9: frosa9397 ($2.03 in chips) 
BarryA113N: posts small blind $0.01
pericocó: posts big blind $0.02
*** HOLE CARDS ***
Dealt to Dorex2007 [Kc Jd]
RealKoi: folds 
frosa9397: folds 
Dorex2007: raises $0.06 to $0.08
RxxTJ: folds 
CestLavie95: calls $0.08
SleepyShepherd: folds 
Rldm96: folds 
BarryA113N: folds 
pericocó: folds 
*** FLOP *** [6h Ad Jh]
BarryA113N leaves the table
Dorex2007: bets $0.09
woody2185498 joins the table at seat #6 
CestLavie95: folds 
Uncalled bet ($0.09) returned to Dorex2007
Dorex2007 collected $0.18 from pot
*** SUMMARY ***
Total pot $0.19 | Rake $0.01 
Board [6h Ad Jh]
Seat 1: Dorex2007 collected ($0.18)
Seat 2: RxxTJ folded before Flop (didn't bet)
Seat 3: CestLavie95 folded on the Flop
Seat 4: SleepyShepherd folded before Flop (didn't bet)
Seat 5: Rldm96 (button) folded before Flop (didn't bet)
Seat 6: BarryA113N (small blind) folded before Flop
Seat 7: pericocó (big blind) folded before Flop
Seat 8: RealKoi folded before Flop (didn't bet)
Seat 9: frosa9397 folded before Flop (didn't bet)



PokerStars Hand #237188743000:  Hold'em No Limit ($0.01/$0.02 USD) - 2022/07/05 21:06:37 PT [2022/07/06 0:06:37 ET]
Table 'Vinifera II' 9-max Seat #7 is the button
Seat 1: Dorex2007 ($2.48 in chips) 
Seat 2: RxxTJ ($2.15 in chips) 
Seat 3: CestLavie95 ($2.90 in chips) 
Seat 4: SleepyShepherd ($2.41 in chips) 
Seat 5: Rldm96 ($2.80 in chips) 
Seat 7: pericocó ($2 in chips) 
Seat 8: RealKoi ($3.72 in chips) 
Seat 9: frosa9397 ($2.03 in chips) 
RealKoi: posts small blind $0.01
frosa9397: posts big blind $0.02
woody2185498: sits out 
*** HOLE CARDS ***
Dealt to Dorex2007 [9d As]
Dorex2007: folds 
RxxTJ: raises $0.04 to $0.06
CestLavie95: folds 
SleepyShepherd: folds 
Rldm96: folds 
pericocó: folds 
RealKoi: folds 
frosa9397: folds 
Uncalled bet ($0.04) returned to RxxTJ
RxxTJ collected $0.05 from pot
*** SUMMARY ***
Total pot $0.05 | Rake $0 
Seat 1: Dorex2007 folded before Flop (didn't bet)
Seat 2: RxxTJ collected ($0.05)
Seat 3: CestLavie95 folded before Flop (didn't bet)
Seat 4: SleepyShepherd folded before Flop (didn't bet)
Seat 5: Rldm96 folded before Flop (didn't bet)
Seat 7: pericocó (button) folded before Flop (didn't bet)
Seat 8: RealKoi (small blind) folded before Flop
Seat 9: frosa9397 (big blind) folded before Flop



PokerStars Hand #237188745791:  Hold'em No Limit ($0.01/$0.02 USD) - 2022/07/05 21:06:58 PT [2022/07/06 0:06:58 ET]
Table 'Vinifera II' 9-max Seat #8 is the button
Seat 1: Dorex2007 ($2.48 in chips) 
Seat 2: RxxTJ ($2.18 in chips) 
Seat 3: CestLavie95 ($2.90 in chips) 
Seat 4: SleepyShepherd ($2.41 in chips) 
Seat 5: Rldm96 ($2.80 in chips) 
Seat 7: pericocó ($2 in chips) 
Seat 8: RealKoi ($3.71 in chips) 
Seat 9: frosa9397 ($2.01 in chips) 
frosa9397: posts small blind $0.01
Dorex2007: posts big blind $0.02
woody2185498: sits out 
*** HOLE CARDS ***
Dealt to Dorex2007 [5s Kd]
RxxTJ: folds 
CestLavie95: folds 
SleepyShepherd: raises $0.04 to $0.06
Rldm96 has timed out
Rldm96: folds 
pericocó: calls $0.06
RealKoi: folds 
frosa9397: folds 
Dorex2007: folds 
*** FLOP *** [3s Qd 6s]
SleepyShepherd: bets $0.07
pericocó: folds 
Uncalled bet ($0.07) returned to SleepyShepherd
SleepyShepherd collected $0.14 from pot
*** SUMMARY ***
Total pot $0.15 | Rake $0.01 
Board [3s Qd 6s]
Seat 1: Dorex2007 (big blind) folded before Flop
Seat 2: RxxTJ folded before Flop (didn't bet)
Seat 3: CestLavie95 folded before Flop (didn't bet)
Seat 4: SleepyShepherd collected ($0.14)
Seat 5: Rldm96 folded before Flop (didn't bet)
Seat 7: pericocó folded on the Flop
Seat 8: RealKoi (button) folded before Flop (didn't bet)
Seat 9: frosa9397 (small blind) folded before Flop



PokerStars Hand #237188752188:  Hold'em No Limit ($0.01/$0.02 USD) - 2022/07/05 21:07:48 PT [2022/07/06 0:07:48 ET]
Table 'Vinifera II' 9-max Seat #9 is the button
Seat 1: Dorex2007 ($2.46 in chips) 
Seat 2: RxxTJ ($2.18 in chips) 
Seat 3: CestLavie95 ($2.90 in chips) 
Seat 4: SleepyShepherd ($2.49 in chips) 
Seat 5: Rldm96 ($2.80 in chips) 
Seat 7: pericocó ($1.94 in chips) 
Seat 8: RealKoi ($3.71 in chips) 
Seat 9: frosa9397 ($2 in chips) 
Dorex2007: posts small blind $0.01
RxxTJ: posts big blind $0.02
woody2185498: sits out 
*** HOLE CARDS ***
Dealt to Dorex2007 [Td As]
CestLavie95: folds 
SleepyShepherd: folds 
Rldm96: folds 
pericocó: folds 
RealKoi: calls $0.02
frosa9397: folds 
Dorex2007: calls $0.01
RxxTJ: checks 
*** FLOP *** [Ah 2h 7d]
Dorex2007: checks 
RxxTJ: checks 
RealKoi: bets $0.02
Dorex2007: raises $0.04 to $0.06
RxxTJ: folds 
RealKoi: calls $0.04
*** TURN *** [Ah 2h 7d] [Kd]
Dorex2007: bets $0.08
RealKoi: calls $0.08
*** RIVER *** [Ah 2h 7d Kd] [Kc]
Dorex2007: bets $0.12
RealKoi: raises $0.22 to $0.34
woody2185498 leaves the table
Dorex2007: calls $0.22
*** SHOW DOWN ***
RealKoi: shows [Ad Qd] (two pair, Aces and Kings)
Dorex2007: mucks hand 
RealKoi collected $0.98 from pot
*** SUMMARY ***
Total pot $1.02 | Rake $0.04 
Board [Ah 2h 7d Kd Kc]
Seat 1: Dorex2007 (small blind) mucked [Td As]
Seat 2: RxxTJ (big blind) folded on the Flop
Seat 3: CestLavie95 folded before Flop (didn't bet)
Seat 4: SleepyShepherd folded before Flop (didn't bet)
Seat 5: Rldm96 folded before Flop (didn't bet)
Seat 7: pericocó folded before Flop (didn't bet)
Seat 8: RealKoi showed [Ad Qd] and won ($0.98) with two pair, Aces and Kings
Seat 9: frosa9397 (button) folded before Flop (didn't bet)



PokerStars Hand #237188762398:  Hold'em No Limit ($0.01/$0.02 USD) - 2022/07/05 21:09:06 PT [2022/07/06 0:09:06 ET]
Table 'Vinifera II' 9-max Seat #1 is the button
Seat 1: Dorex2007 ($2 in chips) 
Seat 2: RxxTJ ($2.16 in chips) 
Seat 3: CestLavie95 ($2.90 in chips) 
Seat 4: SleepyShepherd ($2.49 in chips) 
Seat 5: Rldm96 ($2.80 in chips) 
Seat 7: pericocó ($1.94 in chips) 
Seat 8: RealKoi ($4.19 in chips) 
Seat 9: frosa9397 ($2 in chips) 
RxxTJ: posts small blind $0.01
CestLavie95: posts big blind $0.02
*** HOLE CARDS ***
Dealt to Dorex2007 [Jh 5s]
SleepyShepherd: raises $0.04 to $0.06
Rldm96: folds 
pericocó: folds 
RealKoi: calls $0.06
Gkalmpinos365 joins the table at seat #6 
frosa9397: calls $0.06
Dorex2007: folds 
RxxTJ: folds 
CestLavie95: folds 
*** FLOP *** [8s 2h Ts]
SleepyShepherd: bets $0.10
RealKoi: raises $0.10 to $0.20
frosa9397: calls $0.20
SleepyShepherd: calls $0.10
*** TURN *** [8s 2h Ts] [3d]
SleepyShepherd: bets $0.39
RealKoi: folds 
frosa9397: calls $0.39
*** RIVER *** [8s 2h Ts 3d] [6h]
SleepyShepherd: bets $1.53
frosa9397: folds 
Uncalled bet ($1.53) returned to SleepyShepherd
SleepyShepherd collected $1.53 from pot
*** SUMMARY ***
Total pot $1.59 | Rake $0.06 
Board [8s 2h Ts 3d 6h]
Seat 1: Dorex2007 (button) folded before Flop (didn't bet)
Seat 2: RxxTJ (small blind) folded before Flop
Seat 3: CestLavie95 (big blind) folded before Flop
Seat 4: SleepyShepherd collected ($1.53)
Seat 5: Rldm96 folded before Flop (didn't bet)
Seat 7: pericocó folded before Flop (didn't bet)
Seat 8: RealKoi folded on the Turn
Seat 9: frosa9397 folded on the River



PokerStars Hand #237188772311:  Hold'em No Limit ($0.01/$0.02 USD) - 2022/07/05 21:10:23 PT [2022/07/06 0:10:23 ET]
Table 'Vinifera II' 9-max Seat #2 is the button
Seat 1: Dorex2007 ($2 in chips) 
Seat 2: RxxTJ ($2.15 in chips) 
Seat 3: CestLavie95 ($2.88 in chips) 
Seat 4: SleepyShepherd ($3.37 in chips) 
Seat 5: Rldm96 ($2.80 in chips) 
Seat 7: pericocó ($1.94 in chips) 
Seat 8: RealKoi ($3.93 in chips) 
Seat 9: frosa9397 ($1.35 in chips) 
CestLavie95: posts small blind $0.01
SleepyShepherd: posts big blind $0.02
Gkalmpinos365: sits out 
*** HOLE CARDS ***
Dealt to Dorex2007 [5h 2d]
Rldm96: calls $0.02
pericocó: raises $0.08 to $0.10
RealKoi: folds 
frosa9397: folds 
Dorex2007: folds 
RxxTJ: calls $0.10
CestLavie95: folds 
SleepyShepherd: calls $0.08
Rldm96: calls $0.08
*** FLOP *** [4d 9c 7s]
SleepyShepherd: checks 
Rldm96: checks 
pericocó: bets $0.28
RxxTJ: folds 
SleepyShepherd: folds 
Rldm96: folds 
Uncalled bet ($0.28) returned to pericocó
pericocó collected $0.40 from pot
*** SUMMARY ***
Total pot $0.41 | Rake $0.01 
Board [4d 9c 7s]
Seat 1: Dorex2007 folded before Flop (didn't bet)
Seat 2: RxxTJ (button) folded on the Flop
Seat 3: CestLavie95 (small blind) folded before Flop
Seat 4: SleepyShepherd (big blind) folded on the Flop
Seat 5: Rldm96 folded on the Flop
Seat 7: pericocó collected ($0.40)
Seat 8: RealKoi folded before Flop (didn't bet)
Seat 9: frosa9397 folded before Flop (didn't bet)



PokerStars Hand #237188780218:  Hold'em No Limit ($0.01/$0.02 USD) - 2022/07/05 21:11:25 PT [2022/07/06 0:11:25 ET]
Table 'Vinifera II' 9-max Seat #3 is the button
Seat 1: Dorex2007 ($2 in chips) 
Seat 2: RxxTJ ($2.05 in chips) 
Seat 3: CestLavie95 ($2.87 in chips) 
Seat 4: SleepyShepherd ($3.27 in chips) 
Seat 6: Gkalmpinos365 ($0.80 in chips) 
Seat 7: pericocó ($2.24 in chips) 
Seat 8: RealKoi ($3.93 in chips) 
Seat 9: frosa9397 ($1.35 in chips) 
SleepyShepherd: posts small blind $0.01
Gkalmpinos365: posts big blind $0.02
*** HOLE CARDS ***
Dealt to Dorex2007 [5d 5h]
pericocó: raises $0.04 to $0.06
Rldm96 leaves the table
RealKoi: folds 
frosa9397: folds 
Dorex2007: calls $0.06
RxxTJ: folds 
CestLavie95: calls $0.06
SleepyShepherd: folds 
Gkalmpinos365: folds 
*** FLOP *** [3s Ad 8h]
pericocó: checks 
Dorex2007: checks 
CestLavie95: checks 
*** TURN *** [3s Ad 8h] [3d]
frosa9397 is disconnected 
pericocó: bets $0.08
Dorex2007: folds 
CestLavie95: raises $0.14 to $0.22
pericocó: folds 
Uncalled bet ($0.14) returned to CestLavie95
CestLavie95 collected $0.36 from pot
*** SUMMARY ***
Total pot $0.37 | Rake $0.01 
Board [3s Ad 8h 3d]
Seat 1: Dorex2007 folded on the Turn
Seat 2: RxxTJ folded before Flop (didn't bet)
Seat 3: CestLavie95 (button) collected ($0.36)
Seat 4: SleepyShepherd (small blind) folded before Flop
Seat 6: Gkalmpinos365 (big blind) folded before Flop
Seat 7: pericocó folded on the Turn
Seat 8: RealKoi folded before Flop (didn't bet)
Seat 9: frosa9397 folded before Flop (didn't bet)



PokerStars Hand #237188788735:  Hold'em No Limit ($0.01/$0.02 USD) - 2022/07/05 21:12:31 PT [2022/07/06 0:12:31 ET]
Table 'Vinifera II' 9-max Seat #4 is the button
Seat 1: Dorex2007 ($2 in chips) 
Seat 2: RxxTJ ($2.05 in chips) 
Seat 3: CestLavie95 ($3.09 in chips) 
Seat 4: SleepyShepherd ($3.26 in chips) 
Seat 6: Gkalmpinos365 ($0.78 in chips) 
Seat 7: pericocó ($2.10 in chips) 
Seat 8: RealKoi ($3.93 in chips) 
Seat 9: frosa9397 ($1.35 in chips) 
Gkalmpinos365: posts small blind $0.01
pericocó: posts big blind $0.02
*** HOLE CARDS ***
Dealt to Dorex2007 [5c Ts]
oreniDiM joins the table at seat #5 
RealKoi: folds 
frosa9397 has timed out while disconnected
frosa9397: folds 
Dorex2007: folds 
RxxTJ: folds 
CestLavie95: raises $0.04 to $0.06
RxxTJ leaves the table
SleepyShepherd: folds 
Gkalmpinos365: folds 
pericocó: calls $0.04
*** FLOP *** [5d Kc 3s]
Tweedy620 joins the table at seat #2 
pericocó: checks 
CestLavie95: bets $0.06
pericocó: folds 
Uncalled bet ($0.06) returned to CestLavie95
CestLavie95 collected $0.13 from pot
*** SUMMARY ***
Total pot $0.13 | Rake $0 
Board [5d Kc 3s]
Seat 1: Dorex2007 folded before Flop (didn't bet)
Seat 2: RxxTJ folded before Flop (didn't bet)
Seat 3: CestLavie95 collected ($0.13)
Seat 4: SleepyShepherd (button) folded before Flop (didn't bet)
Seat 6: Gkalmpinos365 (small blind) folded before Flop
Seat 7: pericocó (big blind) folded on the Flop
Seat 8: RealKoi folded before Flop (didn't bet)
Seat 9: frosa9397 folded before Flop (didn't bet)



PokerStars Hand #237188796363:  Hold'em No Limit ($0.01/$0.02 USD) - 2022/07/05 21:13:30 PT [2022/07/06 0:13:30 ET]
Table 'Vinifera II' 9-max Seat #6 is the button
Seat 1: Dorex2007 ($2 in chips) 
Seat 3: CestLavie95 ($3.16 in chips) 
Seat 4: SleepyShepherd ($3.26 in chips) 
Seat 6: Gkalmpinos365 ($0.77 in chips) 
Seat 7: pericocó ($2.04 in chips) 
Seat 8: RealKoi ($3.93 in chips) 
pericocó: posts small blind $0.01
RealKoi: posts big blind $0.02
Tweedy620: sits out 
oreniDiM: sits out 
*** HOLE CARDS ***
Dealt to Dorex2007 [3c 4d]
Dorex2007: folds 
CestLavie95: folds 
SleepyShepherd: raises $0.02 to $0.04
Gkalmpinos365: calls $0.04
pericocó: calls $0.03
RealKoi: calls $0.02
*** FLOP *** [7d As 4s]
pericocó: checks 
RealKoi: bets $0.06
SleepyShepherd: calls $0.06
Gkalmpinos365: folds 
pericocó: raises $0.20 to $0.26
RealKoi: calls $0.20
SleepyShepherd: calls $0.20
*** TURN *** [7d As 4s] [Qc]
pericocó: bets $0.91
Gkalmpinos365 is disconnected 
RealKoi: folds 
SleepyShepherd: folds 
Uncalled bet ($0.91) returned to pericocó
pericocó collected $0.91 from pot
*** SUMMARY ***
Total pot $0.94 | Rake $0.03 
Board [7d As 4s Qc]
Seat 1: Dorex2007 folded before Flop (didn't bet)
Seat 3: CestLavie95 folded before Flop (didn't bet)
Seat 4: SleepyShepherd folded on the Turn
Seat 6: Gkalmpinos365 (button) folded on the Flop
Seat 7: pericocó (small blind) collected ($0.91)
Seat 8: RealKoi (big blind) folded on the Turn



PokerStars Hand #237188808457:  Hold'em No Limit ($0.01/$0.02 USD) - 2022/07/05 21:15:04 PT [2022/07/06 0:15:04 ET]
Table 'Vinifera II' 9-max Seat #7 is the button
Seat 1: Dorex2007 ($2 in chips) 
Seat 3: CestLavie95 ($3.16 in chips) 
Seat 4: SleepyShepherd ($2.96 in chips) 
Seat 6: Gkalmpinos365 ($0.73 in chips) 
Seat 7: pericocó ($2.65 in chips) 
Seat 8: RealKoi ($3.63 in chips) 
RealKoi: posts small blind $0.01
Dorex2007: posts big blind $0.02
Tweedy620: sits out 
oreniDiM: sits out 
*** HOLE CARDS ***
Dealt to Dorex2007 [6h 7h]
CestLavie95: folds 
SleepyShepherd: folds 
Gkalmpinos365 has timed out while disconnected
Gkalmpinos365: folds 
pericocó: calls $0.02
RealKoi: calls $0.01
Dorex2007: checks 
*** FLOP *** [Jh 6d 2d]
RealKoi: checks 
Dorex2007: checks 
pericocó: checks 
*** TURN *** [Jh 6d 2d] [6c]
RealKoi: checks 
Dorex2007: bets $0.06
pericocó: folds 
RealKoi: folds 
Uncalled bet ($0.06) returned to Dorex2007
Dorex2007 collected $0.06 from pot
*** SUMMARY ***
Total pot $0.06 | Rake $0 
Board [Jh 6d 2d 6c]
Seat 1: Dorex2007 (big blind) collected ($0.06)
Seat 3: CestLavie95 folded before Flop (didn't bet)
Seat 4: SleepyShepherd folded before Flop (didn't bet)
Seat 6: Gkalmpinos365 folded before Flop (didn't bet)
Seat 7: pericocó (button) folded on the Turn
Seat 8: RealKoi (small blind) folded on the Turn



PokerStars Hand #237188814084:  Hold'em No Limit ($0.01/$0.02 USD) - 2022/07/05 21:15:48 PT [2022/07/06 0:15:48 ET]
Table 'Vinifera II' 9-max Seat #8 is the button
Seat 1: Dorex2007 ($2.04 in chips) 
Seat 2: Tweedy620 ($2 in chips) 
Seat 3: CestLavie95 ($3.16 in chips) 
Seat 4: SleepyShepherd ($2.96 in chips) 
Seat 7: pericocó ($2.63 in chips) 
Seat 8: RealKoi ($3.61 in chips) 
Dorex2007: posts small blind $0.01
Tweedy620: posts big blind $0.02
oreniDiM: sits out 
*** HOLE CARDS ***
Dealt to Dorex2007 [Ad 5h]
CestLavie95: folds 
SleepyShepherd: folds 
pericocó: raises $0.02 to $0.04
RealKoi: folds 
Dorex2007: folds 
Tweedy620: folds 
Uncalled bet ($0.02) returned to pericocó
pericocó collected $0.05 from pot
*** SUMMARY ***
Total pot $0.05 | Rake $0 
Seat 1: Dorex2007 (small blind) folded before Flop
Seat 2: Tweedy620 (big blind) folded before Flop
Seat 3: CestLavie95 folded before Flop (didn't bet)
Seat 4: SleepyShepherd folded before Flop (didn't bet)
Seat 7: pericocó collected ($0.05)
Seat 8: RealKoi (button) folded before Flop (didn't bet)



PokerStars Hand #237188816442:  Hold'em No Limit ($0.01/$0.02 USD) - 2022/07/05 21:16:07 PT [2022/07/06 0:16:07 ET]
Table 'Vinifera II' 9-max Seat #1 is the button
Seat 1: Dorex2007 ($2.03 in chips) 
Seat 2: Tweedy620 ($1.98 in chips) 
Seat 3: CestLavie95 ($3.16 in chips) 
Seat 4: SleepyShepherd ($2.96 in chips) 
Seat 7: pericocó ($2.66 in chips) 
Seat 8: RealKoi ($3.61 in chips) 
Tweedy620: posts small blind $0.01
CestLavie95: posts big blind $0.02
oreniDiM: sits out 
*** HOLE CARDS ***
Dealt to Dorex2007 [Js Kh]
SleepyShepherd: raises $0.04 to $0.06
pericocó: calls $0.06
RealKoi: folds 
Dorex2007: calls $0.06
Tweedy620: folds 
CestLavie95: folds 
*** FLOP *** [6s Qd 7h]
SleepyShepherd: bets $0.10
pericocó: calls $0.10
Dorex2007: folds 
*** TURN *** [6s Qd 7h] [Th]
SleepyShepherd: bets $0.20
pericocó: raises $0.80 to $1
SleepyShepherd: raises $1.80 to $2.80 and is all-in
pericocó: calls $1.50 and is all-in
Uncalled bet ($0.30) returned to SleepyShepherd
*** RIVER *** [6s Qd 7h Th] [Ts]
*** SHOW DOWN ***
SleepyShepherd: shows [5s 5c] (two pair, Tens and Fives)
pericocó: shows [Qs Ac] (two pair, Queens and Tens)
pericocó collected $5.22 from pot
*** SUMMARY ***
Total pot $5.41 | Rake $0.19 
Board [6s Qd 7h Th Ts]
Seat 1: Dorex2007 (button) folded on the Flop
Seat 2: Tweedy620 (small blind) folded before Flop
Seat 3: CestLavie95 (big blind) folded before Flop
Seat 4: SleepyShepherd showed [5s 5c] and lost with two pair, Tens and Fives
Seat 7: pericocó showed [Qs Ac] and won ($5.22) with two pair, Queens and Tens
Seat 8: RealKoi folded before Flop (didn't bet)



PokerStars Hand #237188822061:  Hold'em No Limit ($0.01/$0.02 USD) - 2022/07/05 21:16:51 PT [2022/07/06 0:16:51 ET]
Table 'Vinifera II' 9-max Seat #2 is the button
Seat 1: Dorex2007 ($2 in chips) 
Seat 2: Tweedy620 ($1.97 in chips) 
Seat 3: CestLavie95 ($3.14 in chips) 
Seat 5: oreniDiM ($0.80 in chips) 
Seat 7: pericocó ($5.22 in chips) 
Seat 8: RealKoi ($3.61 in chips) 
CestLavie95: posts small blind $0.01
oreniDiM: posts big blind $0.02
*** HOLE CARDS ***
Dealt to Dorex2007 [6c 4h]
pericocó: folds 
SleepyShepherd joins the table at seat #4 
RealKoi: folds 
Dorex2007: folds 
Tweedy620: calls $0.02
CestLavie95: folds 
oreniDiM: checks 
*** FLOP *** [8c Kh Qs]
oreniDiM: checks 
SleepyShepherd leaves the table
Tweedy620: checks 
*** TURN *** [8c Kh Qs] [4d]
oreniDiM: checks 
Tweedy620: checks 
*** RIVER *** [8c Kh Qs 4d] [7h]
oreniDiM: checks 
Tweedy620: checks 
*** SHOW DOWN ***
oreniDiM: shows [Qh 3d] (a pair of Queens)
Tweedy620: shows [Qc Ts] (a pair of Queens - King+Ten kicker)
Tweedy620 collected $0.05 from pot
*** SUMMARY ***
Total pot $0.05 | Rake $0 
Board [8c Kh Qs 4d 7h]
Seat 1: Dorex2007 folded before Flop (didn't bet)
Seat 2: Tweedy620 (button) showed [Qc Ts] and won ($0.05) with a pair of Queens
Seat 3: CestLavie95 (small blind) folded before Flop
Seat 5: oreniDiM (big blind) showed [Qh 3d] and lost with a pair of Queens
Seat 7: pericocó folded before Flop (didn't bet)
Seat 8: RealKoi folded before Flop (didn't bet)



PokerStars Hand #237188826476:  Hold'em No Limit ($0.01/$0.02 USD) - 2022/07/05 21:17:25 PT [2022/07/06 0:17:25 ET]
Table 'Vinifera II' 9-max Seat #3 is the button
Seat 1: Dorex2007 ($2 in chips) 
Seat 2: Tweedy620 ($2 in chips) 
Seat 3: CestLavie95 ($3.13 in chips) 
Seat 5: oreniDiM ($0.78 in chips) 
Seat 7: pericocó ($5.22 in chips) 
Seat 8: RealKoi ($3.61 in chips) 
oreniDiM: posts small blind $0.01
pericocó: posts big blind $0.02
*** HOLE CARDS ***
Dealt to Dorex2007 [8c Ad]
An0nym0us840 joins the table at seat #4 
RealKoi: raises $0.02 to $0.04
Dorex2007: folds 
Tweedy620: folds 
CestLavie95: folds 
oreniDiM: folds 
pericocó: calls $0.02
*** FLOP *** [8h 2c 3d]
pericocó: checks 
RealKoi: checks 
*** TURN *** [8h 2c 3d] [7s]
pericocó: bets $0.02
RealKoi: calls $0.02
*** RIVER *** [8h 2c 3d 7s] [5h]
pericocó: checks 
RealKoi: bets $0.06
pericocó: folds 
Uncalled bet ($0.06) returned to RealKoi
RealKoi collected $0.13 from pot
*** SUMMARY ***
Total pot $0.13 | Rake $0 
Board [8h 2c 3d 7s 5h]
Seat 1: Dorex2007 folded before Flop (didn't bet)
Seat 2: Tweedy620 folded before Flop (didn't bet)
Seat 3: CestLavie95 (button) folded before Flop (didn't bet)
Seat 5: oreniDiM (small blind) folded before Flop
Seat 7: pericocó (big blind) folded on the River
Seat 8: RealKoi collected ($0.13)



PokerStars Hand #237188833935:  Hold'em No Limit ($0.01/$0.02 USD) - 2022/07/05 21:18:25 PT [2022/07/06 0:18:25 ET]
Table 'Vinifera II' 9-max Seat #5 is the button
Seat 1: Dorex2007 ($2 in chips) 
Seat 2: Tweedy620 ($2 in chips) 
Seat 3: CestLavie95 ($3.13 in chips) 
Seat 4: An0nym0us840 ($0.80 in chips) 
Seat 5: oreniDiM ($0.77 in chips) 
Seat 7: pericocó ($5.16 in chips) 
Seat 8: RealKoi ($3.68 in chips) 
pericocó: posts small blind $0.01
RealKoi: posts big blind $0.02
An0nym0us840: posts big blind $0.02
*** HOLE CARDS ***
Dealt to Dorex2007 [8d 7h]
Dorex2007: folds 
Tweedy620: folds 
CestLavie95: folds 
An0nym0us840: checks 
oreniDiM: folds 
pericocó: calls $0.01
RealKoi: checks 
*** FLOP *** [Th 9h 8h]
pericocó: checks 
RealKoi: bets $0.02
An0nym0us840: calls $0.02
pericocó: calls $0.02
*** TURN *** [Th 9h 8h] [Jc]
pericocó: checks 
RealKoi: bets $0.06
An0nym0us840: calls $0.06
pericocó: folds 
*** RIVER *** [Th 9h 8h Jc] [8s]
RealKoi: bets $0.11
An0nym0us840: raises $0.11 to $0.22
RealKoi: calls $0.11
*** SHOW DOWN ***
An0nym0us840: shows [8c Qh] (a straight, Eight to Queen)
RealKoi: shows [Qd Ks] (a straight, Nine to King)
RealKoi collected $0.66 from pot
*** SUMMARY ***
Total pot $0.68 | Rake $0.02 
Board [Th 9h 8h Jc 8s]
Seat 1: Dorex2007 folded before Flop (didn't bet)
Seat 2: Tweedy620 folded before Flop (didn't bet)
Seat 3: CestLavie95 folded before Flop (didn't bet)
Seat 4: An0nym0us840 showed [8c Qh] and lost with a straight, Eight to Queen
Seat 5: oreniDiM (button) folded before Flop (didn't bet)
Seat 7: pericocó (small blind) folded on the Turn
Seat 8: RealKoi (big blind) showed [Qd Ks] and won ($0.66) with a straight, Nine to King



PokerStars Hand #237188842803:  Hold'em No Limit ($0.01/$0.02 USD) - 2022/07/05 21:19:36 PT [2022/07/06 0:19:36 ET]
Table 'Vinifera II' 9-max Seat #7 is the button
Seat 1: Dorex2007 ($2 in chips) 
Seat 2: Tweedy620 ($2 in chips) 
Seat 3: CestLavie95 ($3.13 in chips) 
Seat 4: An0nym0us840 ($0.48 in chips) 
Seat 5: oreniDiM ($0.77 in chips) 
Seat 7: pericocó ($5.12 in chips) 
Seat 8: RealKoi ($4.02 in chips) 
RealKoi: posts small blind $0.01
Dorex2007: posts big blind $0.02
Gkalmpinos365: sits out 
*** HOLE CARDS ***
Dealt to Dorex2007 [Kc 8h]
Tweedy620: folds 
CestLavie95 has timed out
CestLavie95: folds 
An0nym0us840: folds 
oreniDiM: folds 
pericocó: folds 
RealKoi: calls $0.01
Dorex2007: checks 
*** FLOP *** [8d Qh Ah]
RealKoi: bets $0.02
Dorex2007: calls $0.02
*** TURN *** [8d Qh Ah] [5d]
RealKoi: bets $0.02
Dorex2007: calls $0.02
*** RIVER *** [8d Qh Ah 5d] [5c]
RealKoi: bets $0.02
Dorex2007: folds 
Uncalled bet ($0.02) returned to RealKoi
RealKoi collected $0.12 from pot
*** SUMMARY ***
Total pot $0.12 | Rake $0 
Board [8d Qh Ah 5d 5c]
Seat 1: Dorex2007 (big blind) folded on the River
Seat 2: Tweedy620 folded before Flop (didn't bet)
Seat 3: CestLavie95 folded before Flop (didn't bet)
Seat 4: An0nym0us840 folded before Flop (didn't bet)
Seat 5: oreniDiM folded before Flop (didn't bet)
Seat 7: pericocó (button) folded before Flop (didn't bet)
Seat 8: RealKoi (small blind) collected ($0.12)



PokerStars Hand #237188849577:  Hold'em No Limit ($0.01/$0.02 USD) - 2022/07/05 21:20:31 PT [2022/07/06 0:20:31 ET]
Table 'Vinifera II' 9-max Seat #8 is the button
Seat 1: Dorex2007 ($2 in chips) 
Seat 2: Tweedy620 ($2 in chips) 
Seat 3: CestLavie95 ($3.13 in chips) 
Seat 4: An0nym0us840 ($0.48 in chips) 
Seat 5: oreniDiM ($0.77 in chips) 
Seat 7: pericocó ($5.12 in chips) 
Seat 8: RealKoi ($4.08 in chips) 
Dorex2007: posts small blind $0.01
Tweedy620: posts big blind $0.02
Gkalmpinos365: sits out 
*** HOLE CARDS ***
Dealt to Dorex2007 [Js Ks]
CestLavie95: folds 
An0nym0us840 has timed out
An0nym0us840: folds 
oreniDiM: folds 
pericocó: folds 
RealKoi: calls $0.02
Dorex2007: raises $0.04 to $0.06
Tweedy620: folds 
RealKoi: calls $0.04
*** FLOP *** [Kh 7c 6d]
Dorex2007: bets $0.09
RealKoi: folds 
Uncalled bet ($0.09) returned to Dorex2007
Dorex2007 collected $0.14 from pot
*** SUMMARY ***
Total pot $0.14 | Rake $0 
Board [Kh 7c 6d]
Seat 1: Dorex2007 (small blind) collected ($0.14)
Seat 2: Tweedy620 (big blind) folded before Flop
Seat 3: CestLavie95 folded before Flop (didn't bet)
Seat 4: An0nym0us840 folded before Flop (didn't bet)
Seat 5: oreniDiM folded before Flop (didn't bet)
Seat 7: pericocó folded before Flop (didn't bet)
Seat 8: RealKoi (button) folded on the Flop



PokerStars Hand #237188856949:  Hold'em No Limit ($0.01/$0.02 USD) - 2022/07/05 21:21:31 PT [2022/07/06 0:21:31 ET]
Table 'Vinifera II' 9-max Seat #1 is the button
Seat 1: Dorex2007 ($2.08 in chips) 
Seat 2: Tweedy620 ($1.98 in chips) 
Seat 3: CestLavie95 ($3.13 in chips) 
Seat 4: An0nym0us840 ($0.48 in chips) 
Seat 5: oreniDiM ($0.77 in chips) 
Seat 7: pericocó ($5.12 in chips) 
Seat 8: RealKoi ($4.02 in chips) 
Tweedy620: posts small blind $0.01
CestLavie95: posts big blind $0.02
Gkalmpinos365: sits out 
*** HOLE CARDS ***
Dealt to Dorex2007 [Ts Qs]
An0nym0us840 has timed out
An0nym0us840: folds 
oreniDiM: folds 
pericocó: calls $0.02
RealKoi: folds 
Dorex2007: raises $0.06 to $0.08
Tweedy620: folds 
CestLavie95: folds 
pericocó: folds 
Uncalled bet ($0.06) returned to Dorex2007
Dorex2007 collected $0.07 from pot
*** SUMMARY ***
Total pot $0.07 | Rake $0 
Seat 1: Dorex2007 (button) collected ($0.07)
Seat 2: Tweedy620 (small blind) folded before Flop
Seat 3: CestLavie95 (big blind) folded before Flop
Seat 4: An0nym0us840 folded before Flop (didn't bet)
Seat 5: oreniDiM folded before Flop (didn't bet)
Seat 7: pericocó folded before Flop
Seat 8: RealKoi folded before Flop (didn't bet)



PokerStars Hand #237188861279:  Hold'em No Limit ($0.01/$0.02 USD) - 2022/07/05 21:22:06 PT [2022/07/06 0:22:06 ET]
Table 'Vinifera II' 9-max Seat #2 is the button
Seat 1: Dorex2007 ($2.13 in chips) 
Seat 2: Tweedy620 ($1.97 in chips) 
Seat 3: CestLavie95 ($3.11 in chips) 
Seat 4: An0nym0us840 ($0.48 in chips) 
Seat 5: oreniDiM ($0.77 in chips) 
Seat 7: pericocó ($5.10 in chips) 
Seat 8: RealKoi ($4.02 in chips) 
CestLavie95: posts small blind $0.01
An0nym0us840: posts big blind $0.02
Gkalmpinos365: sits out 
*** HOLE CARDS ***
Dealt to Dorex2007 [Ac 9c]
frosa9397 leaves the table
oreniDiM: folds 
pericocó: folds 
RealKoi has timed out
RealKoi: folds 
Dorex2007: calls $0.02
Tweedy620: folds 
CestLavie95: raises $0.02 to $0.04
An0nym0us840: folds 
RealKoi leaves the table
Dorex2007: calls $0.02
*** FLOP *** [Jd 3h 7h]
CestLavie95: checks 
Dorex2007: checks 
*** TURN *** [Jd 3h 7h] [Qd]
CestLavie95: bets $0.06
Dorex2007: folds 
Uncalled bet ($0.06) returned to CestLavie95
CestLavie95 collected $0.10 from pot
*** SUMMARY ***
Total pot $0.10 | Rake $0 
Board [Jd 3h 7h Qd]
Seat 1: Dorex2007 folded on the Turn
Seat 2: Tweedy620 (button) folded before Flop (didn't bet)
Seat 3: CestLavie95 (small blind) collected ($0.10)
Seat 4: An0nym0us840 (big blind) folded before Flop
Seat 5: oreniDiM folded before Flop (didn't bet)
Seat 7: pericocó folded before Flop (didn't bet)
Seat 8: RealKoi folded before Flop (didn't bet)



PokerStars Hand #237188868807:  Hold'em No Limit ($0.01/$0.02 USD) - 2022/07/05 21:23:06 PT [2022/07/06 0:23:06 ET]
Table 'Vinifera II' 9-max Seat #3 is the button
Seat 1: Dorex2007 ($2.09 in chips) 
Seat 2: Tweedy620 ($1.97 in chips) 
Seat 3: CestLavie95 ($3.17 in chips) 
Seat 4: An0nym0us840 ($0.46 in chips) 
Seat 5: oreniDiM ($0.77 in chips) 
Seat 7: pericocó ($5.10 in chips) 
An0nym0us840: posts small blind $0.01
oreniDiM: posts big blind $0.02
MaXiDe05 joins the table at seat #9 
Gkalmpinos365: sits out 
*** HOLE CARDS ***
Dealt to Dorex2007 [As 4d]
pericocó: folds 
Dorex2007: folds 
Tweedy620: calls $0.02
CestLavie95: calls $0.02
An0nym0us840: calls $0.01
oreniDiM: raises $0.02 to $0.04
Tweedy620: calls $0.02
CestLavie95: calls $0.02
An0nym0us840: folds 
*** FLOP *** [Ac 8d Tc]
oreniDiM: bets $0.06
Tweedy620: calls $0.06
CestLavie95: folds 
*** TURN *** [Ac 8d Tc] [6h]
oreniDiM: bets $0.14
Tweedy620: folds 
Uncalled bet ($0.14) returned to oreniDiM
oreniDiM collected $0.25 from pot
*** SUMMARY ***
Total pot $0.26 | Rake $0.01 
Board [Ac 8d Tc 6h]
Seat 1: Dorex2007 folded before Flop (didn't bet)
Seat 2: Tweedy620 folded on the Turn
Seat 3: CestLavie95 (button) folded on the Flop
Seat 4: An0nym0us840 (small blind) folded before Flop
Seat 5: oreniDiM (big blind) collected ($0.25)
Seat 7: pericocó folded before Flop (didn't bet)



PokerStars Hand #237188874176:  Hold'em No Limit ($0.01/$0.02 USD) - 2022/07/05 21:23:48 PT [2022/07/06 0:23:48 ET]
Table 'Vinifera II' 9-max Seat #4 is the button
Seat 1: Dorex2007 ($2.09 in chips) 
Seat 2: Tweedy620 ($1.87 in chips) 
Seat 3: CestLavie95 ($3.13 in chips) 
Seat 4: An0nym0us840 ($0.44 in chips) 
Seat 5: oreniDiM ($0.92 in chips) 
Seat 6: Gkalmpinos365 ($0.73 in chips) 
Seat 7: pericocó ($5.10 in chips) 
Seat 9: MaXiDe05 ($2 in chips) 
oreniDiM: posts small blind $0.01
Gkalmpinos365: posts big blind $0.02
MaXiDe05: posts big blind $0.02
*** HOLE CARDS ***
Dealt to Dorex2007 [8c 7s]
pericocó: folds 
MaXiDe05: checks 
Dorex2007: folds 
Tweedy620: calls $0.02
CestLavie95: folds 
An0nym0us840: folds 
An0nym0us840 leaves the table
oreniDiM: folds 
Gkalmpinos365: checks 
*** FLOP *** [5s 2h 9s]
Gkalmpinos365: checks 
MaXiDe05: checks 
pericocó leaves the table
Tweedy620: checks 
*** TURN *** [5s 2h 9s] [4h]
Gkalmpinos365: bets $0.02
MaXiDe05: calls $0.02
Tweedy620: calls $0.02
*** RIVER *** [5s 2h 9s 4h] [6h]
Gkalmpinos365: bets $0.69 and is all-in
MaXiDe05: folds 
Tweedy620: folds 
Uncalled bet ($0.69) returned to Gkalmpinos365
Gkalmpinos365 collected $0.13 from pot
*** SUMMARY ***
Total pot $0.13 | Rake $0 
Board [5s 2h 9s 4h 6h]
Seat 1: Dorex2007 folded before Flop (didn't bet)
Seat 2: Tweedy620 folded on the River
Seat 3: CestLavie95 folded before Flop (didn't bet)
Seat 4: An0nym0us840 (button) folded before Flop (didn't bet)
Seat 5: oreniDiM (small blind) folded before Flop
Seat 6: Gkalmpinos365 (big blind) collected ($0.13)
Seat 7: pericocó folded before Flop (didn't bet)
Seat 9: MaXiDe05 folded on the River



PokerStars Hand #237188881071:  Hold'em No Limit ($0.01/$0.02 USD) - 2022/07/05 21:24:44 PT [2022/07/06 0:24:44 ET]
Table 'Vinifera II' 9-max Seat #6 is the button
Seat 1: Dorex2007 ($2.09 in chips) 
Seat 2: Tweedy620 ($1.83 in chips) 
Seat 3: CestLavie95 ($3.13 in chips) 
Seat 6: Gkalmpinos365 ($0.82 in chips) 
Seat 9: MaXiDe05 ($1.96 in chips) 
MaXiDe05: posts small blind $0.01
Dorex2007: posts big blind $0.02
*** HOLE CARDS ***
Dealt to Dorex2007 [6h Ad]
Tweedy620: folds 
CestLavie95: folds 
Gkalmpinos365: raises $0.02 to $0.04
oreniDiM leaves the table
MaXiDe05: calls $0.03
Dorex2007: folds 
*** FLOP *** [Js 7s Jh]
MaXiDe05: bets $0.05
Gkalmpinos365: folds 
Uncalled bet ($0.05) returned to MaXiDe05
MaXiDe05 collected $0.10 from pot
*** SUMMARY ***
Total pot $0.10 | Rake $0 
Board [Js 7s Jh]
Seat 1: Dorex2007 (big blind) folded before Flop
Seat 2: Tweedy620 folded before Flop (didn't bet)
Seat 3: CestLavie95 folded before Flop (didn't bet)
Seat 6: Gkalmpinos365 (button) folded on the Flop
Seat 9: MaXiDe05 (small blind) collected ($0.10)



PokerStars Hand #237188885755:  Hold'em No Limit ($0.01/$0.02 USD) - 2022/07/05 21:25:21 PT [2022/07/06 0:25:21 ET]
Table 'Vinifera II' 9-max Seat #9 is the button
Seat 1: Dorex2007 ($2.07 in chips) 
Seat 2: Tweedy620 ($1.83 in chips) 
Seat 3: CestLavie95 ($3.13 in chips) 
Seat 6: Gkalmpinos365 ($0.78 in chips) 
Seat 9: MaXiDe05 ($2.02 in chips) 
Dorex2007: posts small blind $0.01
Tweedy620: posts big blind $0.02
*** HOLE CARDS ***
Dealt to Dorex2007 [8c Ah]
CestLavie95: raises $0.02 to $0.04
Gkalmpinos365: folds 
MaXiDe05: folds 
Dorex2007: calls $0.03
Tweedy620: folds 
*** FLOP *** [7s 2d 8h]
Dorex2007: bets $0.10
CestLavie95: raises $0.30 to $0.40
Dorex2007: folds 
Uncalled bet ($0.30) returned to CestLavie95
CestLavie95 collected $0.29 from pot
*** SUMMARY ***
Total pot $0.30 | Rake $0.01 
Board [7s 2d 8h]
Seat 1: Dorex2007 (small blind) folded on the Flop
Seat 2: Tweedy620 (big blind) folded before Flop
Seat 3: CestLavie95 collected ($0.29)
Seat 6: Gkalmpinos365 folded before Flop (didn't bet)
Seat 9: MaXiDe05 (button) folded before Flop (didn't bet)



