PokerStars Hand #237776297989:  Hold'em No Limit ($0.02/$0.05 USD) - 2022/08/03 19:47:13 PT [2022/08/03 22:47:13 ET]
Table 'Bootes' 9-max Seat #4 is the button
Seat 1: The_LegendQc ($5.30 in chips) 
Seat 2: Dorex2007 ($5 in chips) 
Seat 3: Yildirim87 ($5 in chips) 
Seat 4: Count Mole ($5.03 in chips) 
Seat 5: Ramkha ($5.30 in chips) 
Seat 6: meelis9 ($8.66 in chips) 
Seat 7: WeNaSo_07 ($5 in chips) 
Seat 8: Ruan metal ($9.51 in chips) 
Seat 9: Templar85 ($5 in chips) 
Ramkha: posts small blind $0.02
meelis9: posts big blind $0.05
Dorex2007: posts big blind $0.05
Yildirim87: posts big blind $0.05
*** HOLE CARDS ***
Dealt to Dorex2007 [2c 8h]
WeNaSo_07: folds 
Ruan metal: folds 
Templar85: folds 
The_LegendQc: folds 
Dorex2007: checks 
Yildirim87: checks 
Count Mole: folds 
Ramkha: folds 
meelis9: checks 
*** FLOP *** [Qd Ad Th]
meelis9: checks 
Dorex2007: checks 
Yildirim87: checks 
*** TURN *** [Qd Ad Th] [6s]
meelis9: checks 
Dorex2007: checks 
Yildirim87: bets $0.15
meelis9: folds 
Dorex2007: folds 
Uncalled bet ($0.15) returned to Yildirim87
Yildirim87 collected $0.16 from pot
Yildirim87: doesn't show hand 
*** SUMMARY ***
Total pot $0.17 | Rake $0.01 
Board [Qd Ad Th 6s]
Seat 1: The_LegendQc folded before Flop (didn't bet)
Seat 2: Dorex2007 folded on the Turn (didn't bet)
Seat 3: Yildirim87 collected ($0.16)
Seat 4: Count Mole (button) folded before Flop (didn't bet)
Seat 5: Ramkha (small blind) folded before Flop
Seat 6: meelis9 (big blind) folded on the Turn
Seat 7: WeNaSo_07 folded before Flop (didn't bet)
Seat 8: Ruan metal folded before Flop (didn't bet)
Seat 9: Templar85 folded before Flop (didn't bet)



PokerStars Hand #237776314480:  Hold'em No Limit ($0.02/$0.05 USD) - 2022/08/03 19:48:12 PT [2022/08/03 22:48:12 ET]
Table 'Bootes' 9-max Seat #5 is the button
Seat 1: The_LegendQc ($5.30 in chips) 
Seat 2: Dorex2007 ($5 in chips) 
Seat 3: Yildirim87 ($5.11 in chips) 
Seat 4: Count Mole ($5.03 in chips) 
Seat 5: Ramkha ($5.28 in chips) 
Seat 6: meelis9 ($8.61 in chips) 
Seat 7: WeNaSo_07 ($5 in chips) 
Seat 8: Ruan metal ($9.51 in chips) 
Seat 9: Templar85 ($5 in chips) 
meelis9: posts small blind $0.02
WeNaSo_07: posts big blind $0.05
*** HOLE CARDS ***
Dealt to Dorex2007 [Qd 8d]
Ruan metal: folds 
Templar85: folds 
The_LegendQc: folds 
Dorex2007: folds 
Yildirim87: folds 
Count Mole: folds 
Ramkha: folds 
meelis9: folds 
Uncalled bet ($0.03) returned to WeNaSo_07
WeNaSo_07 collected $0.04 from pot
WeNaSo_07: doesn't show hand 
*** SUMMARY ***
Total pot $0.04 | Rake $0 
Seat 1: The_LegendQc folded before Flop (didn't bet)
Seat 2: Dorex2007 folded before Flop (didn't bet)
Seat 3: Yildirim87 folded before Flop (didn't bet)
Seat 4: Count Mole folded before Flop (didn't bet)
Seat 5: Ramkha (button) folded before Flop (didn't bet)
Seat 6: meelis9 (small blind) folded before Flop
Seat 7: WeNaSo_07 (big blind) collected ($0.04)
Seat 8: Ruan metal folded before Flop (didn't bet)
Seat 9: Templar85 folded before Flop (didn't bet)



PokerStars Hand #237776316573:  Hold'em No Limit ($0.02/$0.05 USD) - 2022/08/03 19:48:25 PT [2022/08/03 22:48:25 ET]
Table 'Bootes' 9-max Seat #6 is the button
Seat 1: The_LegendQc ($5.30 in chips) 
Seat 2: Dorex2007 ($5 in chips) 
Seat 3: Yildirim87 ($5.11 in chips) 
Seat 4: Count Mole ($5.03 in chips) 
Seat 5: Ramkha ($5.28 in chips) 
Seat 6: meelis9 ($8.59 in chips) 
Seat 7: WeNaSo_07 ($5.02 in chips) 
Seat 8: Ruan metal ($9.51 in chips) 
Seat 9: Templar85 ($5 in chips) 
WeNaSo_07: posts small blind $0.02
Ruan metal: posts big blind $0.05
*** HOLE CARDS ***
Dealt to Dorex2007 [4h Qs]
Templar85: folds 
The_LegendQc: calls $0.05
Dorex2007: folds 
Yildirim87: calls $0.05
Count Mole: folds 
Ramkha: raises $0.30 to $0.35
meelis9: folds 
WeNaSo_07: folds 
Ruan metal: folds 
The_LegendQc: folds 
Yildirim87: calls $0.30
*** FLOP *** [Tc Jh 6d]
Yildirim87: checks 
Ramkha: bets $0.25
Yildirim87: folds 
Uncalled bet ($0.25) returned to Ramkha
Ramkha collected $0.79 from pot
Ramkha: doesn't show hand 
*** SUMMARY ***
Total pot $0.82 | Rake $0.03 
Board [Tc Jh 6d]
Seat 1: The_LegendQc folded before Flop
Seat 2: Dorex2007 folded before Flop (didn't bet)
Seat 3: Yildirim87 folded on the Flop
Seat 4: Count Mole folded before Flop (didn't bet)
Seat 5: Ramkha collected ($0.79)
Seat 6: meelis9 (button) folded before Flop (didn't bet)
Seat 7: WeNaSo_07 (small blind) folded before Flop
Seat 8: Ruan metal (big blind) folded before Flop
Seat 9: Templar85 folded before Flop (didn't bet)



PokerStars Hand #237776324602:  Hold'em No Limit ($0.02/$0.05 USD) - 2022/08/03 19:49:12 PT [2022/08/03 22:49:12 ET]
Table 'Bootes' 9-max Seat #7 is the button
Seat 1: The_LegendQc ($5.25 in chips) 
Seat 2: Dorex2007 ($5 in chips) 
Seat 3: Yildirim87 ($4.76 in chips) 
Seat 4: Count Mole ($5.03 in chips) 
Seat 5: Ramkha ($5.72 in chips) 
Seat 6: meelis9 ($8.59 in chips) 
Seat 7: WeNaSo_07 ($5 in chips) 
Seat 8: Ruan metal ($9.46 in chips) 
Ruan metal: posts small blind $0.02
Templar85: is sitting out 
The_LegendQc: posts big blind $0.05
*** HOLE CARDS ***
Dealt to Dorex2007 [2d Ah]
Dorex2007: folds 
Yildirim87: folds 
Count Mole: folds 
Templar85 leaves the table
Ramkha: raises $0.07 to $0.12
meelis9: folds 
WeNaSo_07: folds 
Ruan metal: folds 
The_LegendQc: folds 
Uncalled bet ($0.07) returned to Ramkha
Ramkha collected $0.12 from pot
Ramkha: doesn't show hand 
*** SUMMARY ***
Total pot $0.12 | Rake $0 
Seat 1: The_LegendQc (big blind) folded before Flop
Seat 2: Dorex2007 folded before Flop (didn't bet)
Seat 3: Yildirim87 folded before Flop (didn't bet)
Seat 4: Count Mole folded before Flop (didn't bet)
Seat 5: Ramkha collected ($0.12)
Seat 6: meelis9 folded before Flop (didn't bet)
Seat 7: WeNaSo_07 (button) folded before Flop (didn't bet)
Seat 8: Ruan metal (small blind) folded before Flop



PokerStars Hand #237776328379:  Hold'em No Limit ($0.02/$0.05 USD) - 2022/08/03 19:49:33 PT [2022/08/03 22:49:33 ET]
Table 'Bootes' 9-max Seat #8 is the button
Seat 1: The_LegendQc ($5.20 in chips) 
Seat 2: Dorex2007 ($5 in chips) 
Seat 3: Yildirim87 ($4.76 in chips) 
Seat 4: Count Mole ($5.03 in chips) 
Seat 5: Ramkha ($5.79 in chips) 
Seat 6: meelis9 ($8.59 in chips) 
Seat 7: WeNaSo_07 ($5 in chips) 
Seat 8: Ruan metal ($9.44 in chips) 
The_LegendQc: posts small blind $0.02
Dorex2007: posts big blind $0.05
*** HOLE CARDS ***
Dealt to Dorex2007 [3d Ad]
Yildirim87: folds 
Count Mole: folds 
Ramkha: folds 
meelis9: folds 
WeNaSo_07: raises $0.10 to $0.15
Ruan metal: folds 
Respect18783 joins the table at seat #9 
The_LegendQc: calls $0.13
Dorex2007: calls $0.10
*** FLOP *** [5h 2h 9s]
The_LegendQc: bets $0.25
Dorex2007: folds 
WeNaSo_07: calls $0.25
*** TURN *** [5h 2h 9s] [6s]
The_LegendQc: bets $0.50
WeNaSo_07: folds 
Uncalled bet ($0.50) returned to The_LegendQc
The_LegendQc collected $0.91 from pot
*** SUMMARY ***
Total pot $0.95 | Rake $0.04 
Board [5h 2h 9s 6s]
Seat 1: The_LegendQc (small blind) collected ($0.91)
Seat 2: Dorex2007 (big blind) folded on the Flop
Seat 3: Yildirim87 folded before Flop (didn't bet)
Seat 4: Count Mole folded before Flop (didn't bet)
Seat 5: Ramkha folded before Flop (didn't bet)
Seat 6: meelis9 folded before Flop (didn't bet)
Seat 7: WeNaSo_07 folded on the Turn
Seat 8: Ruan metal (button) folded before Flop (didn't bet)



PokerStars Hand #237776339661:  Hold'em No Limit ($0.02/$0.05 USD) - 2022/08/03 19:50:39 PT [2022/08/03 22:50:39 ET]
Table 'Bootes' 9-max Seat #1 is the button
Seat 1: The_LegendQc ($5.71 in chips) 
Seat 2: Dorex2007 ($5 in chips) 
Seat 3: Yildirim87 ($4.76 in chips) 
Seat 4: Count Mole ($5.03 in chips) 
Seat 5: Ramkha ($5.79 in chips) 
Seat 6: meelis9 ($8.59 in chips) 
Seat 7: WeNaSo_07 ($5 in chips) 
Seat 8: Ruan metal ($9.44 in chips) 
Seat 9: Respect18783 ($2 in chips) 
Dorex2007: posts small blind $0.02
Yildirim87: posts big blind $0.05
Respect18783: posts big blind $0.05
*** HOLE CARDS ***
Dealt to Dorex2007 [3c 3d]
Count Mole: folds 
Ramkha: folds 
meelis9: folds 
WeNaSo_07: folds 
Ruan metal: folds 
Respect18783: checks 
The_LegendQc: folds 
Dorex2007: calls $0.03
Yildirim87: checks 
*** FLOP *** [8d Kc Ad]
Dorex2007: checks 
Yildirim87: checks 
Respect18783: checks 
*** TURN *** [8d Kc Ad] [3s]
Dorex2007: checks 
Yildirim87: checks 
Respect18783: bets $0.05
Dorex2007: calls $0.05
Yildirim87: folds 
*** RIVER *** [8d Kc Ad 3s] [As]
Dorex2007: checks 
Respect18783: checks 
*** SHOW DOWN ***
Dorex2007: shows [3c 3d] (a full house, Threes full of Aces)
Respect18783: mucks hand 
Dorex2007 collected $0.24 from pot
*** SUMMARY ***
Total pot $0.25 | Rake $0.01 
Board [8d Kc Ad 3s As]
Seat 1: The_LegendQc (button) folded before Flop (didn't bet)
Seat 2: Dorex2007 (small blind) showed [3c 3d] and won ($0.24) with a full house, Threes full of Aces
Seat 3: Yildirim87 (big blind) folded on the Turn
Seat 4: Count Mole folded before Flop (didn't bet)
Seat 5: Ramkha folded before Flop (didn't bet)
Seat 6: meelis9 folded before Flop (didn't bet)
Seat 7: WeNaSo_07 folded before Flop (didn't bet)
Seat 8: Ruan metal folded before Flop (didn't bet)
Seat 9: Respect18783 mucked [5h Ks]



PokerStars Hand #237776346801:  Hold'em No Limit ($0.02/$0.05 USD) - 2022/08/03 19:51:21 PT [2022/08/03 22:51:21 ET]
Table 'Bootes' 9-max Seat #2 is the button
Seat 1: The_LegendQc ($5.71 in chips) 
Seat 2: Dorex2007 ($5.14 in chips) 
Seat 3: Yildirim87 ($4.71 in chips) 
Seat 4: Count Mole ($5.03 in chips) 
Seat 5: Ramkha ($5.79 in chips) 
Seat 6: meelis9 ($8.59 in chips) 
Seat 7: WeNaSo_07 ($5 in chips) 
Seat 8: Ruan metal ($9.44 in chips) 
Seat 9: Respect18783 ($1.90 in chips) 
Yildirim87: posts small blind $0.02
Count Mole: posts big blind $0.05
*** HOLE CARDS ***
Dealt to Dorex2007 [9s Td]
Ramkha: folds 
meelis9: folds 
WeNaSo_07: folds 
Ruan metal: folds 
Respect18783: folds 
The_LegendQc: folds 
Dorex2007: folds 
Yildirim87: calls $0.03
Count Mole: checks 
*** FLOP *** [8h 8c Kh]
Yildirim87: checks 
Count Mole: bets $0.05
Yildirim87: folds 
Uncalled bet ($0.05) returned to Count Mole
Count Mole collected $0.10 from pot
Count Mole: doesn't show hand 
*** SUMMARY ***
Total pot $0.10 | Rake $0 
Board [8h 8c Kh]
Seat 1: The_LegendQc folded before Flop (didn't bet)
Seat 2: Dorex2007 (button) folded before Flop (didn't bet)
Seat 3: Yildirim87 (small blind) folded on the Flop
Seat 4: Count Mole (big blind) collected ($0.10)
Seat 5: Ramkha folded before Flop (didn't bet)
Seat 6: meelis9 folded before Flop (didn't bet)
Seat 7: WeNaSo_07 folded before Flop (didn't bet)
Seat 8: Ruan metal folded before Flop (didn't bet)
Seat 9: Respect18783 folded before Flop (didn't bet)



PokerStars Hand #237776352012:  Hold'em No Limit ($0.02/$0.05 USD) - 2022/08/03 19:51:51 PT [2022/08/03 22:51:51 ET]
Table 'Bootes' 9-max Seat #3 is the button
Seat 1: The_LegendQc ($5.71 in chips) 
Seat 2: Dorex2007 ($5.14 in chips) 
Seat 3: Yildirim87 ($4.66 in chips) 
Seat 4: Count Mole ($5.08 in chips) 
Seat 5: Ramkha ($5.79 in chips) 
Seat 6: meelis9 ($8.59 in chips) 
Seat 7: WeNaSo_07 ($5 in chips) 
Seat 8: Ruan metal ($9.44 in chips) 
Seat 9: Respect18783 ($1.90 in chips) 
Count Mole: posts small blind $0.02
Ramkha: posts big blind $0.05
*** HOLE CARDS ***
Dealt to Dorex2007 [2c 9s]
meelis9: folds 
WeNaSo_07: folds 
Ruan metal: folds 
Respect18783: folds 
The_LegendQc: calls $0.05
Dorex2007: folds 
Yildirim87: raises $0.05 to $0.10
Count Mole: folds 
Ramkha: folds 
The_LegendQc: calls $0.05
*** FLOP *** [5h 5s Ac]
The_LegendQc: checks 
Yildirim87: checks 
*** TURN *** [5h 5s Ac] [2h]
The_LegendQc: bets $0.05
Yildirim87: calls $0.05
*** RIVER *** [5h 5s Ac 2h] [2s]
The_LegendQc: bets $0.15
Yildirim87: calls $0.15
*** SHOW DOWN ***
The_LegendQc: shows [Kh 8h] (two pair, Fives and Deuces)
Yildirim87: shows [3h 3c] (two pair, Fives and Threes)
Yildirim87 collected $0.63 from pot
*** SUMMARY ***
Total pot $0.67 | Rake $0.04 
Board [5h 5s Ac 2h 2s]
Seat 1: The_LegendQc showed [Kh 8h] and lost with two pair, Fives and Deuces
Seat 2: Dorex2007 folded before Flop (didn't bet)
Seat 3: Yildirim87 (button) showed [3h 3c] and won ($0.63) with two pair, Fives and Threes
Seat 4: Count Mole (small blind) folded before Flop
Seat 5: Ramkha (big blind) folded before Flop
Seat 6: meelis9 folded before Flop (didn't bet)
Seat 7: WeNaSo_07 folded before Flop (didn't bet)
Seat 8: Ruan metal folded before Flop (didn't bet)
Seat 9: Respect18783 folded before Flop (didn't bet)



PokerStars Hand #237776362584:  Hold'em No Limit ($0.02/$0.05 USD) - 2022/08/03 19:52:53 PT [2022/08/03 22:52:53 ET]
Table 'Bootes' 9-max Seat #4 is the button
Seat 1: The_LegendQc ($5.41 in chips) 
Seat 2: Dorex2007 ($5.14 in chips) 
Seat 3: Yildirim87 ($4.99 in chips) 
Seat 4: Count Mole ($5.06 in chips) 
Seat 5: Ramkha ($5.74 in chips) 
Seat 6: meelis9 ($8.59 in chips) 
Seat 7: WeNaSo_07 ($5 in chips) 
Seat 8: Ruan metal ($9.44 in chips) 
Seat 9: Respect18783 ($1.90 in chips) 
Ramkha: posts small blind $0.02
meelis9: posts big blind $0.05
*** HOLE CARDS ***
Dealt to Dorex2007 [5h 7d]
WeNaSo_07: folds 
Ruan metal: folds 
Respect18783: folds 
The_LegendQc: folds 
Dorex2007: folds 
Yildirim87: folds 
Count Mole: folds 
Ramkha: folds 
Uncalled bet ($0.03) returned to meelis9
meelis9 collected $0.04 from pot
meelis9: doesn't show hand 
*** SUMMARY ***
Total pot $0.04 | Rake $0 
Seat 1: The_LegendQc folded before Flop (didn't bet)
Seat 2: Dorex2007 folded before Flop (didn't bet)
Seat 3: Yildirim87 folded before Flop (didn't bet)
Seat 4: Count Mole (button) folded before Flop (didn't bet)
Seat 5: Ramkha (small blind) folded before Flop
Seat 6: meelis9 (big blind) collected ($0.04)
Seat 7: WeNaSo_07 folded before Flop (didn't bet)
Seat 8: Ruan metal folded before Flop (didn't bet)
Seat 9: Respect18783 folded before Flop (didn't bet)



PokerStars Hand #237776366578:  Hold'em No Limit ($0.02/$0.05 USD) - 2022/08/03 19:53:16 PT [2022/08/03 22:53:16 ET]
Table 'Bootes' 9-max Seat #5 is the button
Seat 1: The_LegendQc ($5.41 in chips) 
Seat 2: Dorex2007 ($5.14 in chips) 
Seat 3: Yildirim87 ($4.99 in chips) 
Seat 4: Count Mole ($5.06 in chips) 
Seat 5: Ramkha ($5.72 in chips) 
Seat 6: meelis9 ($8.61 in chips) 
Seat 8: Ruan metal ($9.44 in chips) 
Seat 9: Respect18783 ($1.90 in chips) 
meelis9: posts small blind $0.02
Ruan metal: posts big blind $0.05
*** HOLE CARDS ***
Dealt to Dorex2007 [5h 9h]
Respect18783: folds 
The_LegendQc: calls $0.05
Dorex2007: folds 
Yildirim87: calls $0.05
Count Mole: folds 
Ramkha: raises $0.30 to $0.35
meelis9: folds 
Ruan metal: folds 
The_LegendQc: raises $0.30 to $0.65
Yildirim87: calls $0.60
Ramkha: calls $0.30
*** FLOP *** [Td Th Qc]
The_LegendQc: bets $0.70
Yildirim87: calls $0.70
Ramkha: folds 
*** TURN *** [Td Th Qc] [Ah]
The_LegendQc: bets $0.40
Yildirim87: calls $0.40
*** RIVER *** [Td Th Qc Ah] [4s]
The_LegendQc: bets $0.45
Yildirim87: calls $0.45
*** SHOW DOWN ***
The_LegendQc: shows [Kd Ks] (two pair, Kings and Tens)
Yildirim87: shows [As Kh] (two pair, Aces and Tens)
Yildirim87 collected $4.86 from pot
*** SUMMARY ***
Total pot $5.12 | Rake $0.26 
Board [Td Th Qc Ah 4s]
Seat 1: The_LegendQc showed [Kd Ks] and lost with two pair, Kings and Tens
Seat 2: Dorex2007 folded before Flop (didn't bet)
Seat 3: Yildirim87 showed [As Kh] and won ($4.86) with two pair, Aces and Tens
Seat 4: Count Mole folded before Flop (didn't bet)
Seat 5: Ramkha (button) folded on the Flop
Seat 6: meelis9 (small blind) folded before Flop
Seat 8: Ruan metal (big blind) folded before Flop
Seat 9: Respect18783 folded before Flop (didn't bet)



PokerStars Hand #237776378556:  Hold'em No Limit ($0.02/$0.05 USD) - 2022/08/03 19:54:27 PT [2022/08/03 22:54:27 ET]
Table 'Bootes' 9-max Seat #6 is the button
Seat 1: The_LegendQc ($3.21 in chips) 
Seat 2: Dorex2007 ($5.14 in chips) 
Seat 3: Yildirim87 ($7.65 in chips) 
Seat 4: Count Mole ($5.06 in chips) 
Seat 5: Ramkha ($5.07 in chips) 
Seat 6: meelis9 ($8.59 in chips) 
Seat 8: Ruan metal ($9.39 in chips) 
Seat 9: Respect18783 ($1.90 in chips) 
Ruan metal: posts small blind $0.02
Respect18783: posts big blind $0.05
*** HOLE CARDS ***
Dealt to Dorex2007 [3h 5c]
The_LegendQc: calls $0.05
Dorex2007: folds 
Yildirim87: calls $0.05
Count Mole: folds 
Ramkha: folds 
meelis9: raises $0.10 to $0.15
Ruan metal: calls $0.13
Respect18783: folds 
The_LegendQc: calls $0.10
Yildirim87: calls $0.10
*** FLOP *** [Ad 7d Qc]
Ruan metal: checks 
The_LegendQc: checks 
Yildirim87: bets $0.15
meelis9: folds 
Ruan metal: calls $0.15
The_LegendQc: calls $0.15
*** TURN *** [Ad 7d Qc] [Jd]
Ruan metal: checks 
The_LegendQc: bets $0.20
Yildirim87: calls $0.20
Ruan metal: folds 
*** RIVER *** [Ad 7d Qc Jd] [9c]
The_LegendQc: bets $1.10
Yildirim87: folds 
Uncalled bet ($1.10) returned to The_LegendQc
The_LegendQc collected $1.44 from pot
*** SUMMARY ***
Total pot $1.50 | Rake $0.06 
Board [Ad 7d Qc Jd 9c]
Seat 1: The_LegendQc collected ($1.44)
Seat 2: Dorex2007 folded before Flop (didn't bet)
Seat 3: Yildirim87 folded on the River
Seat 4: Count Mole folded before Flop (didn't bet)
Seat 5: Ramkha folded before Flop (didn't bet)
Seat 6: meelis9 (button) folded on the Flop
Seat 8: Ruan metal (small blind) folded on the Turn
Seat 9: Respect18783 (big blind) folded before Flop



PokerStars Hand #237776393392:  Hold'em No Limit ($0.02/$0.05 USD) - 2022/08/03 19:56:03 PT [2022/08/03 22:56:03 ET]
Table 'Bootes' 9-max Seat #8 is the button
Seat 1: The_LegendQc ($4.15 in chips) 
Seat 2: Dorex2007 ($5.14 in chips) 
Seat 3: Yildirim87 ($7.15 in chips) 
Seat 4: Count Mole ($5.06 in chips) 
Seat 5: Ramkha ($5.07 in chips) 
Seat 6: meelis9 ($8.44 in chips) 
Seat 8: Ruan metal ($9.09 in chips) 
Seat 9: Respect18783 ($1.85 in chips) 
Respect18783: posts small blind $0.02
The_LegendQc: posts big blind $0.05
*** HOLE CARDS ***
Dealt to Dorex2007 [As 9c]
Dorex2007: folds 
Yildirim87: folds 
Count Mole: folds 
Ramkha: raises $0.07 to $0.12
meelis9: folds 
Ruan metal: folds 
Respect18783: folds 
The_LegendQc: folds 
Uncalled bet ($0.07) returned to Ramkha
Ramkha collected $0.12 from pot
Ramkha: doesn't show hand 
*** SUMMARY ***
Total pot $0.12 | Rake $0 
Seat 1: The_LegendQc (big blind) folded before Flop
Seat 2: Dorex2007 folded before Flop (didn't bet)
Seat 3: Yildirim87 folded before Flop (didn't bet)
Seat 4: Count Mole folded before Flop (didn't bet)
Seat 5: Ramkha collected ($0.12)
Seat 6: meelis9 folded before Flop (didn't bet)
Seat 8: Ruan metal (button) folded before Flop (didn't bet)
Seat 9: Respect18783 (small blind) folded before Flop



PokerStars Hand #237776396631:  Hold'em No Limit ($0.02/$0.05 USD) - 2022/08/03 19:56:26 PT [2022/08/03 22:56:26 ET]
Table 'Bootes' 9-max Seat #9 is the button
Seat 1: The_LegendQc ($4.10 in chips) 
Seat 2: Dorex2007 ($5.14 in chips) 
Seat 3: Yildirim87 ($7.15 in chips) 
Seat 4: Count Mole ($5.06 in chips) 
Seat 5: Ramkha ($5.14 in chips) 
Seat 6: meelis9 ($8.44 in chips) 
Seat 8: Ruan metal ($9.09 in chips) 
Seat 9: Respect18783 ($1.83 in chips) 
The_LegendQc: posts small blind $0.02
Dorex2007: posts big blind $0.05
*** HOLE CARDS ***
Dealt to Dorex2007 [6c 8s]
Yildirim87: folds 
Count Mole: folds 
Ramkha: folds 
meelis9: raises $0.10 to $0.15
Ruan metal: folds 
Respect18783: folds 
The_LegendQc: folds 
Dorex2007: folds 
Uncalled bet ($0.10) returned to meelis9
meelis9 collected $0.12 from pot
meelis9: doesn't show hand 
*** SUMMARY ***
Total pot $0.12 | Rake $0 
Seat 1: The_LegendQc (small blind) folded before Flop
Seat 2: Dorex2007 (big blind) folded before Flop
Seat 3: Yildirim87 folded before Flop (didn't bet)
Seat 4: Count Mole folded before Flop (didn't bet)
Seat 5: Ramkha folded before Flop (didn't bet)
Seat 6: meelis9 collected ($0.12)
Seat 8: Ruan metal folded before Flop (didn't bet)
Seat 9: Respect18783 (button) folded before Flop (didn't bet)



PokerStars Hand #237776399431:  Hold'em No Limit ($0.02/$0.05 USD) - 2022/08/03 19:56:45 PT [2022/08/03 22:56:45 ET]
Table 'Bootes' 9-max Seat #1 is the button
Seat 1: The_LegendQc ($4.08 in chips) 
Seat 2: Dorex2007 ($5.09 in chips) 
Seat 3: Yildirim87 ($7.15 in chips) 
Seat 4: Count Mole ($5.06 in chips) 
Seat 5: Ramkha ($5.14 in chips) 
Seat 6: meelis9 ($8.51 in chips) 
Seat 8: Ruan metal ($9.09 in chips) 
Seat 9: Respect18783 ($1.83 in chips) 
Dorex2007: posts small blind $0.02
Yildirim87: posts big blind $0.05
*** HOLE CARDS ***
Dealt to Dorex2007 [8d Ah]
Count Mole: folds 
Ramkha: folds 
meelis9: raises $0.10 to $0.15
Ruan metal: folds 
Respect18783: folds 
The_LegendQc: folds 
Dorex2007: folds 
Yildirim87: folds 
Uncalled bet ($0.10) returned to meelis9
meelis9 collected $0.12 from pot
meelis9: doesn't show hand 
*** SUMMARY ***
Total pot $0.12 | Rake $0 
Seat 1: The_LegendQc (button) folded before Flop (didn't bet)
Seat 2: Dorex2007 (small blind) folded before Flop
Seat 3: Yildirim87 (big blind) folded before Flop
Seat 4: Count Mole folded before Flop (didn't bet)
Seat 5: Ramkha folded before Flop (didn't bet)
Seat 6: meelis9 collected ($0.12)
Seat 8: Ruan metal folded before Flop (didn't bet)
Seat 9: Respect18783 folded before Flop (didn't bet)



PokerStars Hand #237776404230:  Hold'em No Limit ($0.02/$0.05 USD) - 2022/08/03 19:57:18 PT [2022/08/03 22:57:18 ET]
Table 'Bootes' 9-max Seat #2 is the button
Seat 1: The_LegendQc ($4.08 in chips) 
Seat 2: Dorex2007 ($5.07 in chips) 
Seat 3: Yildirim87 ($7.10 in chips) 
Seat 4: Count Mole ($5.06 in chips) 
Seat 5: Ramkha ($5.14 in chips) 
Seat 6: meelis9 ($8.58 in chips) 
Seat 8: Ruan metal ($9.09 in chips) 
Seat 9: Respect18783 ($1.83 in chips) 
Yildirim87: posts small blind $0.02
Count Mole: posts big blind $0.05
*** HOLE CARDS ***
Dealt to Dorex2007 [8c Kd]
Ramkha: raises $0.07 to $0.12
meelis9: calls $0.12
Ruan metal: folds 
Respect18783: folds 
The_LegendQc: folds 
Dorex2007: folds 
Yildirim87: calls $0.10
Count Mole: calls $0.07
*** FLOP *** [Jd 7h Kc]
Yildirim87: checks 
Count Mole: checks 
Ramkha: bets $0.14
meelis9: calls $0.14
Yildirim87: folds 
Count Mole: folds 
*** TURN *** [Jd 7h Kc] [6d]
Ramkha: bets $0.25
meelis9: calls $0.25
*** RIVER *** [Jd 7h Kc 6d] [9c]
Ramkha: bets $0.91
meelis9: folds 
Uncalled bet ($0.91) returned to Ramkha
Ramkha collected $1.21 from pot
Ramkha: doesn't show hand 
*** SUMMARY ***
Total pot $1.26 | Rake $0.05 
Board [Jd 7h Kc 6d 9c]
Seat 1: The_LegendQc folded before Flop (didn't bet)
Seat 2: Dorex2007 (button) folded before Flop (didn't bet)
Seat 3: Yildirim87 (small blind) folded on the Flop
Seat 4: Count Mole (big blind) folded on the Flop
Seat 5: Ramkha collected ($1.21)
Seat 6: meelis9 folded on the River
Seat 8: Ruan metal folded before Flop (didn't bet)
Seat 9: Respect18783 folded before Flop (didn't bet)



PokerStars Hand #237776413710:  Hold'em No Limit ($0.02/$0.05 USD) - 2022/08/03 19:58:25 PT [2022/08/03 22:58:25 ET]
Table 'Bootes' 9-max Seat #3 is the button
Seat 1: The_LegendQc ($4.08 in chips) 
Seat 2: Dorex2007 ($5.07 in chips) 
Seat 3: Yildirim87 ($6.98 in chips) 
Seat 4: Count Mole ($5 in chips) 
Seat 5: Ramkha ($5.84 in chips) 
Seat 6: meelis9 ($8.07 in chips) 
Seat 8: Ruan metal ($9.09 in chips) 
Seat 9: Respect18783 ($1.83 in chips) 
Count Mole: posts small blind $0.02
Ramkha: posts big blind $0.05
*** HOLE CARDS ***
Dealt to Dorex2007 [Qh Ah]
meelis9: folds 
Ruan metal: raises $0.10 to $0.15
Respect18783: folds 
The_LegendQc: folds 
Dorex2007: calls $0.15
Yildirim87: calls $0.15
Count Mole: calls $0.13
Ramkha: calls $0.10
*** FLOP *** [5s Tc 9s]
Count Mole: checks 
Ramkha: checks 
Ruan metal: bets $0.45
Dorex2007: folds 
Yildirim87: folds 
Count Mole: folds 
Ramkha: folds 
Uncalled bet ($0.45) returned to Ruan metal
Ruan metal collected $0.72 from pot
Ruan metal: doesn't show hand 
*** SUMMARY ***
Total pot $0.75 | Rake $0.03 
Board [5s Tc 9s]
Seat 1: The_LegendQc folded before Flop (didn't bet)
Seat 2: Dorex2007 folded on the Flop
Seat 3: Yildirim87 (button) folded on the Flop
Seat 4: Count Mole (small blind) folded on the Flop
Seat 5: Ramkha (big blind) folded on the Flop
Seat 6: meelis9 folded before Flop (didn't bet)
Seat 8: Ruan metal collected ($0.72)
Seat 9: Respect18783 folded before Flop (didn't bet)



PokerStars Hand #237776421383:  Hold'em No Limit ($0.02/$0.05 USD) - 2022/08/03 19:59:18 PT [2022/08/03 22:59:18 ET]
Table 'Bootes' 9-max Seat #4 is the button
Seat 1: The_LegendQc ($4.08 in chips) 
Seat 2: Dorex2007 ($5 in chips) 
Seat 3: Yildirim87 ($6.83 in chips) 
Seat 4: Count Mole ($5 in chips) 
Seat 5: Ramkha ($5.69 in chips) 
Seat 6: meelis9 ($8.07 in chips) 
Seat 8: Ruan metal ($9.66 in chips) 
Seat 9: Respect18783 ($1.83 in chips) 
Ramkha: posts small blind $0.02
meelis9: posts big blind $0.05
*** HOLE CARDS ***
Dealt to Dorex2007 [Tc 5h]
Ruan metal: raises $0.10 to $0.15
Respect18783: folds 
The_LegendQc has timed out
The_LegendQc: folds 
Dorex2007: folds 
Yildirim87: calls $0.15
Count Mole: folds 
Ramkha: folds 
meelis9: folds 
*** FLOP *** [Jd 5c Kc]
meelis9 leaves the table
Ruan metal: checks 
Yildirim87: checks 
*** TURN *** [Jd 5c Kc] [Kd]
Ruan metal: bets $0.20
Yildirim87: raises $0.20 to $0.40
Ruan metal: calls $0.20
*** RIVER *** [Jd 5c Kc Kd] [Jh]
Ruan metal: bets $0.75
Yildirim87: raises $1.25 to $2
Ruan metal: raises $7.11 to $9.11 and is all-in
Yildirim87: calls $4.28 and is all-in
Uncalled bet ($2.83) returned to Ruan metal
*** SHOW DOWN ***
Ruan metal: shows [Kh Qc] (a full house, Kings full of Jacks)
Yildirim87: shows [Ac Ks] (a full house, Kings full of Jacks)
Ruan metal collected $6.58 from pot
Yildirim87 collected $6.51 from pot
*** SUMMARY ***
Total pot $13.73 | Rake $0.64 
Board [Jd 5c Kc Kd Jh]
Seat 1: The_LegendQc folded before Flop (didn't bet)
Seat 2: Dorex2007 folded before Flop (didn't bet)
Seat 3: Yildirim87 showed [Ac Ks] and won ($6.51) with a full house, Kings full of Jacks
Seat 4: Count Mole (button) folded before Flop (didn't bet)
Seat 5: Ramkha (small blind) folded before Flop
Seat 6: meelis9 (big blind) folded before Flop
Seat 8: Ruan metal showed [Kh Qc] and won ($6.58) with a full house, Kings full of Jacks
Seat 9: Respect18783 folded before Flop (didn't bet)



PokerStars Hand #237776438624:  Hold'em No Limit ($0.02/$0.05 USD) - 2022/08/03 20:01:04 PT [2022/08/03 23:01:04 ET]
Table 'Bootes' 9-max Seat #5 is the button
Seat 1: The_LegendQc ($4.08 in chips) 
Seat 2: Dorex2007 ($5 in chips) 
Seat 3: Yildirim87 ($6.51 in chips) 
Seat 4: Count Mole ($5 in chips) 
Seat 5: Ramkha ($5.67 in chips) 
Seat 8: Ruan metal ($9.41 in chips) 
Seat 9: Respect18783 ($1.83 in chips) 
Ruan metal: posts small blind $0.02
Respect18783: posts big blind $0.05
*** HOLE CARDS ***
Dealt to Dorex2007 [3h Ks]
The_LegendQc: folds 
Dorex2007: folds 
Yildirim87: folds 
Count Mole: folds 
Ramkha: folds 
Ruan metal: folds 
Uncalled bet ($0.03) returned to Respect18783
Respect18783 collected $0.04 from pot
*** SUMMARY ***
Total pot $0.04 | Rake $0 
Seat 1: The_LegendQc folded before Flop (didn't bet)
Seat 2: Dorex2007 folded before Flop (didn't bet)
Seat 3: Yildirim87 folded before Flop (didn't bet)
Seat 4: Count Mole folded before Flop (didn't bet)
Seat 5: Ramkha (button) folded before Flop (didn't bet)
Seat 8: Ruan metal (small blind) folded before Flop
Seat 9: Respect18783 (big blind) collected ($0.04)



PokerStars Hand #237776443560:  Hold'em No Limit ($0.02/$0.05 USD) - 2022/08/03 20:01:33 PT [2022/08/03 23:01:33 ET]
Table 'Bootes' 9-max Seat #8 is the button
Seat 1: The_LegendQc ($4.08 in chips) 
Seat 2: Dorex2007 ($5 in chips) 
Seat 3: Yildirim87 ($6.51 in chips) 
Seat 4: Count Mole ($5 in chips) 
Seat 5: Ramkha ($5.67 in chips) 
Seat 8: Ruan metal ($9.39 in chips) 
Seat 9: Respect18783 ($1.85 in chips) 
Respect18783: posts small blind $0.02
The_LegendQc: posts big blind $0.05
WeNaSo_07: sits out 
*** HOLE CARDS ***
Dealt to Dorex2007 [7s 7c]
WeNaSo_07 leaves the table
Dorex2007: calls $0.05
Yildirim87: folds 
Count Mole: folds 
Ramkha: folds 
Ruan metal: folds 
Respect18783: calls $0.03
The_LegendQc: checks 
*** FLOP *** [Kh 9c Kc]
Respect18783: checks 
The_LegendQc: checks 
Dorex2007: bets $0.07
Respect18783: raises $0.07 to $0.14
The_LegendQc: folds 
Dorex2007: calls $0.07
*** TURN *** [Kh 9c Kc] [Kd]
Respect18783: checks 
Dorex2007: bets $0.20
Respect18783: calls $0.20
*** RIVER *** [Kh 9c Kc Kd] [Ad]
Respect18783: bets $1.46 and is all-in
Dorex2007: folds 
Uncalled bet ($1.46) returned to Respect18783
Respect18783 collected $0.80 from pot
*** SUMMARY ***
Total pot $0.83 | Rake $0.03 
Board [Kh 9c Kc Kd Ad]
Seat 1: The_LegendQc (big blind) folded on the Flop
Seat 2: Dorex2007 folded on the River
Seat 3: Yildirim87 folded before Flop (didn't bet)
Seat 4: Count Mole folded before Flop (didn't bet)
Seat 5: Ramkha folded before Flop (didn't bet)
Seat 8: Ruan metal (button) folded before Flop (didn't bet)
Seat 9: Respect18783 (small blind) collected ($0.80)



PokerStars Hand #237776453122:  Hold'em No Limit ($0.02/$0.05 USD) - 2022/08/03 20:02:31 PT [2022/08/03 23:02:31 ET]
Table 'Bootes' 9-max Seat #9 is the button
Seat 1: The_LegendQc ($4.03 in chips) 
Seat 2: Dorex2007 ($5 in chips) 
Seat 3: Yildirim87 ($6.51 in chips) 
Seat 4: Count Mole ($5 in chips) 
Seat 5: Ramkha ($5.67 in chips) 
Seat 8: Ruan metal ($9.39 in chips) 
Seat 9: Respect18783 ($2.26 in chips) 
The_LegendQc: posts small blind $0.02
Dorex2007: posts big blind $0.05
*** HOLE CARDS ***
Dealt to Dorex2007 [7d Tc]
Yildirim87: calls $0.05
Count Mole: folds 
Ramkha: raises $0.20 to $0.25
Ruan metal: folds 
Respect18783: folds 
The_LegendQc: folds 
Dorex2007: folds 
Yildirim87: calls $0.20
*** FLOP *** [Ks Ts Th]
Yildirim87: checks 
Ramkha: bets $0.17
Yildirim87: calls $0.17
*** TURN *** [Ks Ts Th] [Kd]
Yildirim87: checks 
Ramkha: checks 
*** RIVER *** [Ks Ts Th Kd] [As]
Yildirim87: bets $0.50
Ramkha: folds 
Uncalled bet ($0.50) returned to Yildirim87
Yildirim87 collected $0.86 from pot
Yildirim87: doesn't show hand 
*** SUMMARY ***
Total pot $0.91 | Rake $0.05 
Board [Ks Ts Th Kd As]
Seat 1: The_LegendQc (small blind) folded before Flop
Seat 2: Dorex2007 (big blind) folded before Flop
Seat 3: Yildirim87 collected ($0.86)
Seat 4: Count Mole folded before Flop (didn't bet)
Seat 5: Ramkha folded on the River
Seat 8: Ruan metal folded before Flop (didn't bet)
Seat 9: Respect18783 (button) folded before Flop (didn't bet)



PokerStars Hand #237776465185:  Hold'em No Limit ($0.02/$0.05 USD) - 2022/08/03 20:03:37 PT [2022/08/03 23:03:37 ET]
Table 'Bootes' 9-max Seat #1 is the button
Seat 1: The_LegendQc ($4.01 in chips) 
Seat 2: Dorex2007 ($5 in chips) 
Seat 3: Yildirim87 ($6.95 in chips) 
Seat 4: Count Mole ($5 in chips) 
Seat 5: Ramkha ($5.25 in chips) 
Seat 8: Ruan metal ($9.39 in chips) 
Seat 9: Respect18783 ($2.26 in chips) 
Dorex2007: posts small blind $0.02
Yildirim87: posts big blind $0.05
*** HOLE CARDS ***
Dealt to Dorex2007 [8c 8d]
Count Mole: folds 
Ramkha: folds 
Ruan metal: folds 
Respect18783: folds 
The_LegendQc: folds 
Dorex2007: raises $0.10 to $0.15
Yildirim87: calls $0.10
*** FLOP *** [8s Qs Jh]
Dorex2007: checks 
Yildirim87: checks 
*** TURN *** [8s Qs Jh] [Kh]
Dorex2007: bets $0.14
Yildirim87: calls $0.14
*** RIVER *** [8s Qs Jh Kh] [9d]
Dorex2007: bets $0.10
Yildirim87: raises $0.45 to $0.55
Dorex2007: calls $0.45
*** SHOW DOWN ***
Yildirim87: shows [2h Th] (a straight, Nine to King)
Dorex2007: mucks hand 
Yildirim87 collected $1.59 from pot
*** SUMMARY ***
Total pot $1.68 | Rake $0.09 
Board [8s Qs Jh Kh 9d]
Seat 1: The_LegendQc (button) folded before Flop (didn't bet)
Seat 2: Dorex2007 (small blind) mucked [8c 8d]
Seat 3: Yildirim87 (big blind) showed [2h Th] and won ($1.59) with a straight, Nine to King
Seat 4: Count Mole folded before Flop (didn't bet)
Seat 5: Ramkha folded before Flop (didn't bet)
Seat 8: Ruan metal folded before Flop (didn't bet)
Seat 9: Respect18783 folded before Flop (didn't bet)



PokerStars Hand #237776472521:  Hold'em No Limit ($0.02/$0.05 USD) - 2022/08/03 20:04:23 PT [2022/08/03 23:04:23 ET]
Table 'Bootes' 9-max Seat #2 is the button
Seat 1: The_LegendQc ($4.01 in chips) 
Seat 2: Dorex2007 ($5 in chips) 
Seat 3: Yildirim87 ($7.70 in chips) 
Seat 4: Count Mole ($5 in chips) 
Seat 5: Ramkha ($5.25 in chips) 
Seat 8: Ruan metal ($9.39 in chips) 
Seat 9: Respect18783 ($2.26 in chips) 
Yildirim87: posts small blind $0.02
Count Mole: posts big blind $0.05
*** HOLE CARDS ***
Dealt to Dorex2007 [Kc Kd]
Ramkha: folds 
Ruan metal: folds 
Respect18783: folds 
The_LegendQc: folds 
Dorex2007: raises $0.10 to $0.15
Yildirim87: folds 
Count Mole: calls $0.10
*** FLOP *** [Qd 8h 7c]
Count Mole: checks 
Dorex2007: bets $0.21
Count Mole: raises $0.21 to $0.42
Dorex2007: raises $1.15 to $1.57
Count Mole: folds 
Uncalled bet ($1.15) returned to Dorex2007
Dorex2007 collected $1.11 from pot
Dorex2007: doesn't show hand 
*** SUMMARY ***
Total pot $1.16 | Rake $0.05 
Board [Qd 8h 7c]
Seat 1: The_LegendQc folded before Flop (didn't bet)
Seat 2: Dorex2007 (button) collected ($1.11)
Seat 3: Yildirim87 (small blind) folded before Flop
Seat 4: Count Mole (big blind) folded on the Flop
Seat 5: Ramkha folded before Flop (didn't bet)
Seat 8: Ruan metal folded before Flop (didn't bet)
Seat 9: Respect18783 folded before Flop (didn't bet)



PokerStars Hand #237776485106:  Hold'em No Limit ($0.02/$0.05 USD) - 2022/08/03 20:05:23 PT [2022/08/03 23:05:23 ET]
Table 'Bootes' 9-max Seat #3 is the button
Seat 1: The_LegendQc ($4.01 in chips) 
Seat 2: Dorex2007 ($5.54 in chips) 
Seat 3: Yildirim87 ($7.68 in chips) 
Seat 4: Count Mole ($5 in chips) 
Seat 5: Ramkha ($5.25 in chips) 
Seat 8: Ruan metal ($9.39 in chips) 
Seat 9: Respect18783 ($2.26 in chips) 
Count Mole: posts small blind $0.02
Ramkha: posts big blind $0.05
*** HOLE CARDS ***
Dealt to Dorex2007 [Qh 5c]
Ruan metal: raises $0.10 to $0.15
Respect18783: folds 
The_LegendQc: folds 
Dorex2007: folds 
Yildirim87: calls $0.15
Count Mole: folds 
Ramkha: folds 
*** FLOP *** [Jc 3s 9h]
Ruan metal: bets $0.25
Yildirim87: folds 
Uncalled bet ($0.25) returned to Ruan metal
Ruan metal collected $0.35 from pot
Ruan metal: doesn't show hand 
*** SUMMARY ***
Total pot $0.37 | Rake $0.02 
Board [Jc 3s 9h]
Seat 1: The_LegendQc folded before Flop (didn't bet)
Seat 2: Dorex2007 folded before Flop (didn't bet)
Seat 3: Yildirim87 (button) folded on the Flop
Seat 4: Count Mole (small blind) folded before Flop
Seat 5: Ramkha (big blind) folded before Flop
Seat 8: Ruan metal collected ($0.35)
Seat 9: Respect18783 folded before Flop (didn't bet)



PokerStars Hand #237776500819:  Hold'em No Limit ($0.02/$0.05 USD) - 2022/08/03 20:06:09 PT [2022/08/03 23:06:09 ET]
Table 'Bootes' 9-max Seat #4 is the button
Seat 1: The_LegendQc ($4.01 in chips) 
Seat 2: Dorex2007 ($5.54 in chips) 
Seat 3: Yildirim87 ($7.53 in chips) 
Seat 4: Count Mole ($5 in chips) 
Seat 5: Ramkha ($5.20 in chips) 
Seat 8: Ruan metal ($9.59 in chips) 
Seat 9: Respect18783 ($2.26 in chips) 
Ramkha: posts small blind $0.02
Ruan metal: posts big blind $0.05
*** HOLE CARDS ***
Dealt to Dorex2007 [6c Tc]
Respect18783: folds 
The_LegendQc: folds 
Dorex2007: folds 
Yildirim87: calls $0.05
Count Mole: folds 
Ramkha: folds 
Ruan metal: raises $0.20 to $0.25
Yildirim87: calls $0.20
*** FLOP *** [Js 9d 5c]
Ruan metal: bets $0.75
Yildirim87: folds 
Uncalled bet ($0.75) returned to Ruan metal
Ruan metal collected $0.50 from pot
Ruan metal: doesn't show hand 
*** SUMMARY ***
Total pot $0.52 | Rake $0.02 
Board [Js 9d 5c]
Seat 1: The_LegendQc folded before Flop (didn't bet)
Seat 2: Dorex2007 folded before Flop (didn't bet)
Seat 3: Yildirim87 folded on the Flop
Seat 4: Count Mole (button) folded before Flop (didn't bet)
Seat 5: Ramkha (small blind) folded before Flop
Seat 8: Ruan metal (big blind) collected ($0.50)
Seat 9: Respect18783 folded before Flop (didn't bet)



PokerStars Hand #237776507198:  Hold'em No Limit ($0.02/$0.05 USD) - 2022/08/03 20:06:49 PT [2022/08/03 23:06:49 ET]
Table 'Bootes' 9-max Seat #5 is the button
Seat 1: The_LegendQc ($4.01 in chips) 
Seat 2: Dorex2007 ($5.54 in chips) 
Seat 3: Yildirim87 ($7.28 in chips) 
Seat 4: Count Mole ($5 in chips) 
Seat 5: Ramkha ($5.18 in chips) 
Seat 8: Ruan metal ($9.84 in chips) 
Seat 9: Respect18783 ($2.26 in chips) 
Ruan metal: posts small blind $0.02
Respect18783: posts big blind $0.05
*** HOLE CARDS ***
Dealt to Dorex2007 [8c 8d]
The_LegendQc: folds 
Dorex2007: raises $0.10 to $0.15
Yildirim87: calls $0.15
Count Mole: folds 
Ramkha: folds 
Ruan metal: folds 
Respect18783: calls $0.10
*** FLOP *** [Qc Ah Qh]
Respect18783: checks 
Dorex2007: checks 
Yildirim87: checks 
*** TURN *** [Qc Ah Qh] [9d]
Respect18783: checks 
Dorex2007: checks 
Yildirim87: checks 
*** RIVER *** [Qc Ah Qh 9d] [5d]
Respect18783: checks 
Dorex2007: checks 
Yildirim87: checks 
*** SHOW DOWN ***
Respect18783: shows [Kc 5c] (two pair, Queens and Fives)
Dorex2007: shows [8c 8d] (two pair, Queens and Eights)
Yildirim87: mucks hand 
Dorex2007 collected $0.45 from pot
*** SUMMARY ***
Total pot $0.47 | Rake $0.02 
Board [Qc Ah Qh 9d 5d]
Seat 1: The_LegendQc folded before Flop (didn't bet)
Seat 2: Dorex2007 showed [8c 8d] and won ($0.45) with two pair, Queens and Eights
Seat 3: Yildirim87 mucked [Ks 4s]
Seat 4: Count Mole folded before Flop (didn't bet)
Seat 5: Ramkha (button) folded before Flop (didn't bet)
Seat 8: Ruan metal (small blind) folded before Flop
Seat 9: Respect18783 (big blind) showed [Kc 5c] and lost with two pair, Queens and Fives



PokerStars Hand #237776513269:  Hold'em No Limit ($0.02/$0.05 USD) - 2022/08/03 20:07:27 PT [2022/08/03 23:07:27 ET]
Table 'Bootes' 9-max Seat #8 is the button
Seat 1: The_LegendQc ($4.01 in chips) 
Seat 2: Dorex2007 ($5.84 in chips) 
Seat 3: Yildirim87 ($7.13 in chips) 
Seat 4: Count Mole ($5 in chips) 
Seat 5: Ramkha ($5.18 in chips) 
Seat 8: Ruan metal ($9.82 in chips) 
Seat 9: Respect18783 ($2.11 in chips) 
Respect18783: posts small blind $0.02
The_LegendQc: posts big blind $0.05
*** HOLE CARDS ***
Dealt to Dorex2007 [4c 9h]
Dorex2007: folds 
Yildirim87: folds 
Count Mole: folds 
Ramkha: raises $0.07 to $0.12
Ruan metal: folds 
Respect18783: folds 
The_LegendQc: calls $0.07
*** FLOP *** [Qc 9s Qs]
The_LegendQc: checks 
Ramkha: bets $0.08
The_LegendQc: folds 
Uncalled bet ($0.08) returned to Ramkha
Ramkha collected $0.25 from pot
Ramkha: doesn't show hand 
*** SUMMARY ***
Total pot $0.26 | Rake $0.01 
Board [Qc 9s Qs]
Seat 1: The_LegendQc (big blind) folded on the Flop
Seat 2: Dorex2007 folded before Flop (didn't bet)
Seat 3: Yildirim87 folded before Flop (didn't bet)
Seat 4: Count Mole folded before Flop (didn't bet)
Seat 5: Ramkha collected ($0.25)
Seat 8: Ruan metal (button) folded before Flop (didn't bet)
Seat 9: Respect18783 (small blind) folded before Flop



PokerStars Hand #237776518642:  Hold'em No Limit ($0.02/$0.05 USD) - 2022/08/03 20:08:01 PT [2022/08/03 23:08:01 ET]
Table 'Bootes' 9-max Seat #9 is the button
Seat 1: The_LegendQc ($3.89 in chips) 
Seat 2: Dorex2007 ($5.84 in chips) 
Seat 3: Yildirim87 ($7.13 in chips) 
Seat 4: Count Mole ($5 in chips) 
Seat 5: Ramkha ($5.31 in chips) 
Seat 8: Ruan metal ($9.82 in chips) 
Seat 9: Respect18783 ($2.09 in chips) 
The_LegendQc: posts small blind $0.02
Dorex2007: posts big blind $0.05
*** HOLE CARDS ***
Dealt to Dorex2007 [Td 7d]
Yildirim87: folds 
Count Mole: folds 
Ramkha: folds 
Ruan metal: folds 
Respect18783: folds 
The_LegendQc: calls $0.03
Dorex2007: checks 
*** FLOP *** [9h 7h Kd]
The_LegendQc: checks 
Dorex2007: checks 
*** TURN *** [9h 7h Kd] [3s]
The_LegendQc: checks 
Dorex2007: checks 
*** RIVER *** [9h 7h Kd 3s] [4d]
The_LegendQc: bets $0.10
Dorex2007: calls $0.10
*** SHOW DOWN ***
The_LegendQc: shows [5c 7c] (a pair of Sevens)
Dorex2007: shows [Td 7d] (a pair of Sevens - King+Ten kicker)
Dorex2007 collected $0.29 from pot
*** SUMMARY ***
Total pot $0.30 | Rake $0.01 
Board [9h 7h Kd 3s 4d]
Seat 1: The_LegendQc (small blind) showed [5c 7c] and lost with a pair of Sevens
Seat 2: Dorex2007 (big blind) showed [Td 7d] and won ($0.29) with a pair of Sevens
Seat 3: Yildirim87 folded before Flop (didn't bet)
Seat 4: Count Mole folded before Flop (didn't bet)
Seat 5: Ramkha folded before Flop (didn't bet)
Seat 8: Ruan metal folded before Flop (didn't bet)
Seat 9: Respect18783 (button) folded before Flop (didn't bet)



PokerStars Hand #237776526158:  Hold'em No Limit ($0.02/$0.05 USD) - 2022/08/03 20:08:49 PT [2022/08/03 23:08:49 ET]
Table 'Bootes' 9-max Seat #1 is the button
Seat 1: The_LegendQc ($3.74 in chips) 
Seat 2: Dorex2007 ($5.98 in chips) 
Seat 3: Yildirim87 ($7.13 in chips) 
Seat 4: Count Mole ($5 in chips) 
Seat 5: Ramkha ($5.31 in chips) 
Seat 8: Ruan metal ($9.82 in chips) 
Seat 9: Respect18783 ($2.09 in chips) 
Dorex2007: posts small blind $0.02
Yildirim87: posts big blind $0.05
*** HOLE CARDS ***
Dealt to Dorex2007 [Tc Qd]
Count Mole: folds 
Ramkha: folds 
Ruan metal: folds 
Respect18783: folds 
The_LegendQc: folds 
Dorex2007: raises $0.10 to $0.15
Yildirim87: calls $0.10
*** FLOP *** [Jh Td 5h]
Dorex2007: bets $0.14
Yildirim87: calls $0.14
*** TURN *** [Jh Td 5h] [4c]
Dorex2007: checks 
Yildirim87: checks 
*** RIVER *** [Jh Td 5h 4c] [6c]
Dorex2007: bets $0.28
Yildirim87: folds 
Uncalled bet ($0.28) returned to Dorex2007
Dorex2007 collected $0.56 from pot
Dorex2007: doesn't show hand 
*** SUMMARY ***
Total pot $0.58 | Rake $0.02 
Board [Jh Td 5h 4c 6c]
Seat 1: The_LegendQc (button) folded before Flop (didn't bet)
Seat 2: Dorex2007 (small blind) collected ($0.56)
Seat 3: Yildirim87 (big blind) folded on the River
Seat 4: Count Mole folded before Flop (didn't bet)
Seat 5: Ramkha folded before Flop (didn't bet)
Seat 8: Ruan metal folded before Flop (didn't bet)
Seat 9: Respect18783 folded before Flop (didn't bet)



PokerStars Hand #237776531871:  Hold'em No Limit ($0.02/$0.05 USD) - 2022/08/03 20:09:24 PT [2022/08/03 23:09:24 ET]
Table 'Bootes' 9-max Seat #2 is the button
Seat 1: The_LegendQc ($3.74 in chips) 
Seat 2: Dorex2007 ($6.25 in chips) 
Seat 3: Yildirim87 ($6.84 in chips) 
Seat 4: Count Mole ($5 in chips) 
Seat 5: Ramkha ($5.31 in chips) 
Seat 8: Ruan metal ($9.82 in chips) 
Seat 9: Respect18783 ($2.09 in chips) 
Yildirim87: posts small blind $0.02
Count Mole: posts big blind $0.05
*** HOLE CARDS ***
Dealt to Dorex2007 [6s 5d]
kdu paliva joins the table at seat #6 
Ramkha: raises $0.07 to $0.12
Ruan metal: folds 
Respect18783: folds 
The_LegendQc: calls $0.12
Dorex2007: folds 
HAYASHID2 joins the table at seat #7 
Yildirim87: calls $0.10
Count Mole: calls $0.07
*** FLOP *** [Qd Qh 2s]
Yildirim87: checks 
Count Mole: checks 
Ramkha: bets $0.15
The_LegendQc: calls $0.15
Yildirim87 is disconnected 
Yildirim87 is connected 
Yildirim87: folds 
Count Mole: folds 
*** TURN *** [Qd Qh 2s] [4d]
Ramkha: bets $0.56
The_LegendQc: raises $0.56 to $1.12
Ramkha: folds 
Uncalled bet ($0.56) returned to The_LegendQc
The_LegendQc collected $1.82 from pot
*** SUMMARY ***
Total pot $1.90 | Rake $0.08 
Board [Qd Qh 2s 4d]
Seat 1: The_LegendQc collected ($1.82)
Seat 2: Dorex2007 (button) folded before Flop (didn't bet)
Seat 3: Yildirim87 (small blind) folded on the Flop
Seat 4: Count Mole (big blind) folded on the Flop
Seat 5: Ramkha folded on the Turn
Seat 8: Ruan metal folded before Flop (didn't bet)
Seat 9: Respect18783 folded before Flop (didn't bet)



PokerStars Hand #237776548404:  Hold'em No Limit ($0.02/$0.05 USD) - 2022/08/03 20:11:09 PT [2022/08/03 23:11:09 ET]
Table 'Bootes' 9-max Seat #3 is the button
Seat 1: The_LegendQc ($4.73 in chips) 
Seat 2: Dorex2007 ($6.25 in chips) 
Seat 3: Yildirim87 ($6.72 in chips) 
Seat 4: Count Mole ($5 in chips) 
Seat 5: Ramkha ($5 in chips) 
Seat 8: Ruan metal ($9.82 in chips) 
Seat 9: Respect18783 ($2.09 in chips) 
Count Mole: posts small blind $0.02
Ramkha: posts big blind $0.05
kdu paliva: sits out 
HAYASHID2: sits out 
*** HOLE CARDS ***
Dealt to Dorex2007 [Qh 2s]
Ruan metal: folds 
Respect18783: folds 
The_LegendQc: calls $0.05
Dorex2007: folds 
Yildirim87: folds 
Count Mole: folds 
Ramkha: raises $0.20 to $0.25
The_LegendQc: folds 
Uncalled bet ($0.20) returned to Ramkha
Ramkha collected $0.12 from pot
Ramkha: doesn't show hand 
*** SUMMARY ***
Total pot $0.12 | Rake $0 
Seat 1: The_LegendQc folded before Flop
Seat 2: Dorex2007 folded before Flop (didn't bet)
Seat 3: Yildirim87 (button) folded before Flop (didn't bet)
Seat 4: Count Mole (small blind) folded before Flop
Seat 5: Ramkha (big blind) collected ($0.12)
Seat 8: Ruan metal folded before Flop (didn't bet)
Seat 9: Respect18783 folded before Flop (didn't bet)



PokerStars Hand #237776552285:  Hold'em No Limit ($0.02/$0.05 USD) - 2022/08/03 20:11:33 PT [2022/08/03 23:11:33 ET]
Table 'Bootes' 9-max Seat #4 is the button
Seat 1: The_LegendQc ($4.68 in chips) 
Seat 2: Dorex2007 ($6.25 in chips) 
Seat 3: Yildirim87 ($6.72 in chips) 
Seat 4: Count Mole ($5 in chips) 
Seat 5: Ramkha ($5.07 in chips) 
Seat 6: kdu paliva ($5 in chips) 
Seat 8: Ruan metal ($9.82 in chips) 
Seat 9: Respect18783 ($2.09 in chips) 
Ramkha: posts small blind $0.02
kdu paliva: posts big blind $0.05
HAYASHID2: sits out 
*** HOLE CARDS ***
Dealt to Dorex2007 [2s Td]
Ruan metal: folds 
Respect18783: folds 
The_LegendQc: calls $0.05
Dorex2007: folds 
Yildirim87: folds 
Count Mole: folds 
Ramkha: raises $0.20 to $0.25
kdu paliva: folds 
The_LegendQc: calls $0.20
*** FLOP *** [Tc 3d Kd]
Ramkha: bets $0.16
The_LegendQc: calls $0.16
*** TURN *** [Tc 3d Kd] [Th]
Ramkha: checks 
The_LegendQc: bets $4.27 and is all-in
Ramkha: folds 
Uncalled bet ($4.27) returned to The_LegendQc
The_LegendQc collected $0.83 from pot
*** SUMMARY ***
Total pot $0.87 | Rake $0.04 
Board [Tc 3d Kd Th]
Seat 1: The_LegendQc collected ($0.83)
Seat 2: Dorex2007 folded before Flop (didn't bet)
Seat 3: Yildirim87 folded before Flop (didn't bet)
Seat 4: Count Mole (button) folded before Flop (didn't bet)
Seat 5: Ramkha (small blind) folded on the Turn
Seat 6: kdu paliva (big blind) folded before Flop
Seat 8: Ruan metal folded before Flop (didn't bet)
Seat 9: Respect18783 folded before Flop (didn't bet)



PokerStars Hand #237776560796:  Hold'em No Limit ($0.02/$0.05 USD) - 2022/08/03 20:12:27 PT [2022/08/03 23:12:27 ET]
Table 'Bootes' 9-max Seat #5 is the button
Seat 1: The_LegendQc ($5.10 in chips) 
Seat 2: Dorex2007 ($6.25 in chips) 
Seat 3: Yildirim87 ($6.72 in chips) 
Seat 4: Count Mole ($5 in chips) 
Seat 5: Ramkha ($5 in chips) 
Seat 6: kdu paliva ($4.95 in chips) 
Seat 7: HAYASHID2 ($4.28 in chips) 
Seat 8: Ruan metal ($9.82 in chips) 
Seat 9: Respect18783 ($2.09 in chips) 
kdu paliva: posts small blind $0.02
HAYASHID2: posts big blind $0.05
*** HOLE CARDS ***
Dealt to Dorex2007 [Ah 5h]
Ruan metal: folds 
Respect18783: folds 
The_LegendQc: folds 
Dorex2007: raises $0.05 to $0.10
Yildirim87: folds 
Count Mole: raises $0.20 to $0.30
Ramkha: folds 
kdu paliva: folds 
HAYASHID2: folds 
Dorex2007: folds 
Uncalled bet ($0.20) returned to Count Mole
Count Mole collected $0.27 from pot
Count Mole: doesn't show hand 
*** SUMMARY ***
Total pot $0.27 | Rake $0 
Seat 1: The_LegendQc folded before Flop (didn't bet)
Seat 2: Dorex2007 folded before Flop
Seat 3: Yildirim87 folded before Flop (didn't bet)
Seat 4: Count Mole collected ($0.27)
Seat 5: Ramkha (button) folded before Flop (didn't bet)
Seat 6: kdu paliva (small blind) folded before Flop
Seat 7: HAYASHID2 (big blind) folded before Flop
Seat 8: Ruan metal folded before Flop (didn't bet)
Seat 9: Respect18783 folded before Flop (didn't bet)



PokerStars Hand #237776565638:  Hold'em No Limit ($0.02/$0.05 USD) - 2022/08/03 20:12:57 PT [2022/08/03 23:12:57 ET]
Table 'Bootes' 9-max Seat #6 is the button
Seat 1: The_LegendQc ($5.10 in chips) 
Seat 2: Dorex2007 ($6.15 in chips) 
Seat 3: Yildirim87 ($6.72 in chips) 
Seat 4: Count Mole ($5.17 in chips) 
Seat 5: Ramkha ($5 in chips) 
Seat 6: kdu paliva ($4.93 in chips) 
Seat 7: HAYASHID2 ($4.23 in chips) 
Seat 8: Ruan metal ($9.82 in chips) 
Seat 9: Respect18783 ($2.09 in chips) 
HAYASHID2: posts small blind $0.02
Ruan metal: posts big blind $0.05
*** HOLE CARDS ***
Dealt to Dorex2007 [2c Ts]
Respect18783: calls $0.05
The_LegendQc: calls $0.05
Dorex2007: folds 
Yildirim87: folds 
Count Mole: folds 
Ramkha: folds 
kdu paliva: calls $0.05
HAYASHID2: folds 
Ruan metal: raises $0.35 to $0.40
Respect18783: calls $0.35
The_LegendQc: folds 
kdu paliva: folds 
*** FLOP *** [9h Qc Ah]
Ruan metal: bets $0.44
Respect18783: folds 
Uncalled bet ($0.44) returned to Ruan metal
Ruan metal collected $0.88 from pot
Ruan metal: doesn't show hand 
*** SUMMARY ***
Total pot $0.92 | Rake $0.04 
Board [9h Qc Ah]
Seat 1: The_LegendQc folded before Flop
Seat 2: Dorex2007 folded before Flop (didn't bet)
Seat 3: Yildirim87 folded before Flop (didn't bet)
Seat 4: Count Mole folded before Flop (didn't bet)
Seat 5: Ramkha folded before Flop (didn't bet)
Seat 6: kdu paliva (button) folded before Flop
Seat 7: HAYASHID2 (small blind) folded before Flop
Seat 8: Ruan metal (big blind) collected ($0.88)
Seat 9: Respect18783 folded on the Flop



PokerStars Hand #237776576489:  Hold'em No Limit ($0.02/$0.05 USD) - 2022/08/03 20:14:08 PT [2022/08/03 23:14:08 ET]
Table 'Bootes' 9-max Seat #7 is the button
Seat 1: The_LegendQc ($5.05 in chips) 
Seat 2: Dorex2007 ($6.15 in chips) 
Seat 3: Yildirim87 ($6.72 in chips) 
Seat 4: Count Mole ($5.17 in chips) 
Seat 5: Ramkha ($5 in chips) 
Seat 6: kdu paliva ($4.88 in chips) 
Seat 7: HAYASHID2 ($4.21 in chips) 
Seat 8: Ruan metal ($10.30 in chips) 
Seat 9: Respect18783 ($1.69 in chips) 
Ruan metal: posts small blind $0.02
Respect18783: posts big blind $0.05
*** HOLE CARDS ***
Dealt to Dorex2007 [8h 6d]
The_LegendQc has timed out
The_LegendQc: folds 
Dorex2007: folds 
Yildirim87: folds 
Count Mole: folds 
Ramkha: raises $0.07 to $0.12
kdu paliva: folds 
HAYASHID2: folds 
Ruan metal: folds 
Respect18783: folds 
Uncalled bet ($0.07) returned to Ramkha
Ramkha collected $0.12 from pot
Ramkha: doesn't show hand 
*** SUMMARY ***
Total pot $0.12 | Rake $0 
Seat 1: The_LegendQc folded before Flop (didn't bet)
Seat 2: Dorex2007 folded before Flop (didn't bet)
Seat 3: Yildirim87 folded before Flop (didn't bet)
Seat 4: Count Mole folded before Flop (didn't bet)
Seat 5: Ramkha collected ($0.12)
Seat 6: kdu paliva folded before Flop (didn't bet)
Seat 7: HAYASHID2 (button) folded before Flop (didn't bet)
Seat 8: Ruan metal (small blind) folded before Flop
Seat 9: Respect18783 (big blind) folded before Flop



PokerStars Hand #237776580810:  Hold'em No Limit ($0.02/$0.05 USD) - 2022/08/03 20:14:35 PT [2022/08/03 23:14:35 ET]
Table 'Bootes' 9-max Seat #8 is the button
Seat 1: The_LegendQc ($5.05 in chips) 
Seat 2: Dorex2007 ($6.15 in chips) 
Seat 3: Yildirim87 ($6.72 in chips) 
Seat 4: Count Mole ($5.17 in chips) 
Seat 5: Ramkha ($5.07 in chips) 
Seat 6: kdu paliva ($4.88 in chips) 
Seat 7: HAYASHID2 ($4.21 in chips) 
Seat 8: Ruan metal ($10.28 in chips) 
Seat 9: Respect18783 ($1.64 in chips) 
Respect18783: posts small blind $0.02
The_LegendQc: posts big blind $0.05
*** HOLE CARDS ***
Dealt to Dorex2007 [Qh Th]
Dorex2007: folds 
Yildirim87: calls $0.05
Count Mole: folds 
Ramkha: folds 
kdu paliva: raises $0.10 to $0.15
HAYASHID2: folds 
Ruan metal: folds 
Respect18783: calls $0.13
The_LegendQc: calls $0.10
Yildirim87: calls $0.10
*** FLOP *** [Ac 6d 5s]
Respect18783: checks 
The_LegendQc: bets $0.20
Yildirim87: folds 
kdu paliva: folds 
Respect18783: calls $0.20
*** TURN *** [Ac 6d 5s] [Tc]
Respect18783: checks 
The_LegendQc: bets $0.25
Respect18783: folds 
Uncalled bet ($0.25) returned to The_LegendQc
The_LegendQc collected $0.96 from pot
*** SUMMARY ***
Total pot $1 | Rake $0.04 
Board [Ac 6d 5s Tc]
Seat 1: The_LegendQc (big blind) collected ($0.96)
Seat 2: Dorex2007 folded before Flop (didn't bet)
Seat 3: Yildirim87 folded on the Flop
Seat 4: Count Mole folded before Flop (didn't bet)
Seat 5: Ramkha folded before Flop (didn't bet)
Seat 6: kdu paliva folded on the Flop
Seat 7: HAYASHID2 folded before Flop (didn't bet)
Seat 8: Ruan metal (button) folded before Flop (didn't bet)
Seat 9: Respect18783 (small blind) folded on the Turn



PokerStars Hand #237776596201:  Hold'em No Limit ($0.02/$0.05 USD) - 2022/08/03 20:16:13 PT [2022/08/03 23:16:13 ET]
Table 'Bootes' 9-max Seat #9 is the button
Seat 1: The_LegendQc ($5.66 in chips) 
Seat 2: Dorex2007 ($6.15 in chips) 
Seat 3: Yildirim87 ($6.57 in chips) 
Seat 4: Count Mole ($5.17 in chips) 
Seat 5: Ramkha ($5.07 in chips) 
Seat 6: kdu paliva ($4.73 in chips) 
Seat 7: HAYASHID2 ($4.21 in chips) 
Seat 8: Ruan metal ($10.28 in chips) 
Seat 9: Respect18783 ($1.29 in chips) 
The_LegendQc: posts small blind $0.02
Dorex2007: posts big blind $0.05
*** HOLE CARDS ***
Dealt to Dorex2007 [As Jc]
Yildirim87: calls $0.05
Count Mole: folds 
Ramkha: raises $0.20 to $0.25
kdu paliva: folds 
HAYASHID2: calls $0.25
Ruan metal: folds 
Respect18783: folds 
The_LegendQc: folds 
Respect18783 leaves the table
Dorex2007: folds 
Yildirim87: calls $0.20
*** FLOP *** [9s 3s 3d]
Yildirim87: checks 
Ramkha: checks 
HAYASHID2: checks 
*** TURN *** [9s 3s 3d] [2d]
w3sby joins the table at seat #9 
Yildirim87: checks 
Ramkha: bets $0.40
HAYASHID2: calls $0.40
Yildirim87: folds 
*** RIVER *** [9s 3s 3d 2d] [2h]
Ramkha: bets $0.47
HAYASHID2: folds 
Uncalled bet ($0.47) returned to Ramkha
Ramkha collected $1.55 from pot
Ramkha: doesn't show hand 
*** SUMMARY ***
Total pot $1.62 | Rake $0.07 
Board [9s 3s 3d 2d 2h]
Seat 1: The_LegendQc (small blind) folded before Flop
Seat 2: Dorex2007 (big blind) folded before Flop
Seat 3: Yildirim87 folded on the Turn
Seat 4: Count Mole folded before Flop (didn't bet)
Seat 5: Ramkha collected ($1.55)
Seat 6: kdu paliva folded before Flop (didn't bet)
Seat 7: HAYASHID2 folded on the River
Seat 8: Ruan metal folded before Flop (didn't bet)
Seat 9: Respect18783 (button) folded before Flop (didn't bet)



PokerStars Hand #237776610382:  Hold'em No Limit ($0.02/$0.05 USD) - 2022/08/03 20:17:34 PT [2022/08/03 23:17:34 ET]
Table 'Bootes' 9-max Seat #1 is the button
Seat 1: The_LegendQc ($5.64 in chips) 
Seat 2: Dorex2007 ($6.10 in chips) 
Seat 3: Yildirim87 ($6.32 in chips) 
Seat 4: Count Mole ($5.17 in chips) 
Seat 5: Ramkha ($5.97 in chips) 
Seat 6: kdu paliva ($4.73 in chips) 
Seat 7: HAYASHID2 ($3.56 in chips) 
Seat 8: Ruan metal ($10.28 in chips) 
Dorex2007: posts small blind $0.02
Yildirim87: posts big blind $0.05
w3sby: sits out 
*** HOLE CARDS ***
Dealt to Dorex2007 [6s 4h]
Count Mole: folds 
Ramkha: raises $0.07 to $0.12
kdu paliva: folds 
HAYASHID2: folds 
Ruan metal: folds 
The_LegendQc: calls $0.12
Dorex2007: folds 
Yildirim87: calls $0.07
*** FLOP *** [5h 7d 5s]
Yildirim87: checks 
Ramkha: bets $0.18
The_LegendQc: folds 
Yildirim87: calls $0.18
*** TURN *** [5h 7d 5s] [Ac]
Yildirim87: bets $0.20
Ramkha: calls $0.20
*** RIVER *** [5h 7d 5s Ac] [Kc]
Yildirim87: bets $0.40
Ramkha: calls $0.40
*** SHOW DOWN ***
Yildirim87: shows [5c Qs] (three of a kind, Fives)
Ramkha: mucks hand 
Yildirim87 collected $1.84 from pot
*** SUMMARY ***
Total pot $1.94 | Rake $0.10 
Board [5h 7d 5s Ac Kc]
Seat 1: The_LegendQc (button) folded on the Flop
Seat 2: Dorex2007 (small blind) folded before Flop
Seat 3: Yildirim87 (big blind) showed [5c Qs] and won ($1.84) with three of a kind, Fives
Seat 4: Count Mole folded before Flop (didn't bet)
Seat 5: Ramkha mucked [Kd Ah]
Seat 6: kdu paliva folded before Flop (didn't bet)
Seat 7: HAYASHID2 folded before Flop (didn't bet)
Seat 8: Ruan metal folded before Flop (didn't bet)



PokerStars Hand #237776620211:  Hold'em No Limit ($0.02/$0.05 USD) - 2022/08/03 20:18:36 PT [2022/08/03 23:18:36 ET]
Table 'Bootes' 9-max Seat #2 is the button
Seat 1: The_LegendQc ($5.52 in chips) 
Seat 2: Dorex2007 ($6.08 in chips) 
Seat 3: Yildirim87 ($7.26 in chips) 
Seat 4: Count Mole ($5.17 in chips) 
Seat 5: Ramkha ($5.07 in chips) 
Seat 6: kdu paliva ($4.73 in chips) 
Seat 7: HAYASHID2 ($3.56 in chips) 
Seat 8: Ruan metal ($10.28 in chips) 
Yildirim87: posts small blind $0.02
Count Mole: posts big blind $0.05
w3sby: sits out 
*** HOLE CARDS ***
Dealt to Dorex2007 [9d As]
Ramkha: folds 
kdu paliva: folds 
HAYASHID2: folds 
Ruan metal: raises $0.10 to $0.15
The_LegendQc: folds 
Dorex2007: folds 
Yildirim87: folds 
Count Mole: calls $0.10
*** FLOP *** [Qd Kc 9h]
Count Mole: checks 
Ruan metal: bets $0.20
Count Mole: calls $0.20
*** TURN *** [Qd Kc 9h] [Kh]
Count Mole: checks 
Ruan metal: checks 
*** RIVER *** [Qd Kc 9h Kh] [6s]
Count Mole: bets $0.23
Ruan metal: calls $0.23
*** SHOW DOWN ***
Count Mole: shows [Js Qh] (two pair, Kings and Queens)
Ruan metal: mucks hand 
Count Mole collected $1.13 from pot
*** SUMMARY ***
Total pot $1.18 | Rake $0.05 
Board [Qd Kc 9h Kh 6s]
Seat 1: The_LegendQc folded before Flop (didn't bet)
Seat 2: Dorex2007 (button) folded before Flop (didn't bet)
Seat 3: Yildirim87 (small blind) folded before Flop
Seat 4: Count Mole (big blind) showed [Js Qh] and won ($1.13) with two pair, Kings and Queens
Seat 5: Ramkha folded before Flop (didn't bet)
Seat 6: kdu paliva folded before Flop (didn't bet)
Seat 7: HAYASHID2 folded before Flop (didn't bet)
Seat 8: Ruan metal mucked [Qc 8c]



PokerStars Hand #237776630062:  Hold'em No Limit ($0.02/$0.05 USD) - 2022/08/03 20:19:38 PT [2022/08/03 23:19:38 ET]
Table 'Bootes' 9-max Seat #3 is the button
Seat 1: The_LegendQc ($5.52 in chips) 
Seat 2: Dorex2007 ($6.08 in chips) 
Seat 3: Yildirim87 ($7.24 in chips) 
Seat 4: Count Mole ($5.72 in chips) 
Seat 5: Ramkha ($5.07 in chips) 
Seat 6: kdu paliva ($4.73 in chips) 
Seat 7: HAYASHID2 ($3.56 in chips) 
Seat 8: Ruan metal ($9.70 in chips) 
Count Mole: posts small blind $0.02
Ramkha: posts big blind $0.05
w3sby: sits out 
*** HOLE CARDS ***
Dealt to Dorex2007 [As Ac]
kdu paliva: folds 
HAYASHID2: folds 
Ruan metal: folds 
The_LegendQc: calls $0.05
Dorex2007: raises $0.15 to $0.20
Yildirim87: folds 
Count Mole: folds 
Ramkha: folds 
The_LegendQc: calls $0.15
*** FLOP *** [7d 6s 2d]
The_LegendQc: checks 
Dorex2007: checks 
*** TURN *** [7d 6s 2d] [5d]
The_LegendQc: checks 
Dorex2007: bets $0.22
The_LegendQc: folds 
Uncalled bet ($0.22) returned to Dorex2007
Dorex2007 collected $0.45 from pot
Dorex2007: doesn't show hand 
*** SUMMARY ***
Total pot $0.47 | Rake $0.02 
Board [7d 6s 2d 5d]
Seat 1: The_LegendQc folded on the Turn
Seat 2: Dorex2007 collected ($0.45)
Seat 3: Yildirim87 (button) folded before Flop (didn't bet)
Seat 4: Count Mole (small blind) folded before Flop
Seat 5: Ramkha (big blind) folded before Flop
Seat 6: kdu paliva folded before Flop (didn't bet)
Seat 7: HAYASHID2 folded before Flop (didn't bet)
Seat 8: Ruan metal folded before Flop (didn't bet)



PokerStars Hand #237776636195:  Hold'em No Limit ($0.02/$0.05 USD) - 2022/08/03 20:20:16 PT [2022/08/03 23:20:16 ET]
Table 'Bootes' 9-max Seat #4 is the button
Seat 1: The_LegendQc ($5.32 in chips) 
Seat 2: Dorex2007 ($6.33 in chips) 
Seat 3: Yildirim87 ($7.24 in chips) 
Seat 4: Count Mole ($5.70 in chips) 
Seat 5: Ramkha ($5.02 in chips) 
Seat 6: kdu paliva ($4.73 in chips) 
Seat 7: HAYASHID2 ($3.56 in chips) 
Seat 8: Ruan metal ($9.70 in chips) 
Ramkha: posts small blind $0.02
kdu paliva: posts big blind $0.05
w3sby: sits out 
*** HOLE CARDS ***
Dealt to Dorex2007 [4h Ad]
HAYASHID2: raises $0.10 to $0.15
Ruan metal: raises $0.37 to $0.52
The_LegendQc: folds 
Dorex2007: folds 
Yildirim87: folds 
Count Mole: folds 
Ramkha: folds 
kdu paliva: folds 
HAYASHID2: calls $0.37
*** FLOP *** [8c 8h 7h]
HAYASHID2: checks 
Ruan metal: checks 
*** TURN *** [8c 8h 7h] [7s]
HAYASHID2: bets $0.53
Ruan metal: calls $0.53
*** RIVER *** [8c 8h 7h 7s] [8s]
HAYASHID2: bets $2.51 and is all-in
Ruan metal: folds 
Uncalled bet ($2.51) returned to HAYASHID2
HAYASHID2 collected $2.08 from pot
*** SUMMARY ***
Total pot $2.17 | Rake $0.09 
Board [8c 8h 7h 7s 8s]
Seat 1: The_LegendQc folded before Flop (didn't bet)
Seat 2: Dorex2007 folded before Flop (didn't bet)
Seat 3: Yildirim87 folded before Flop (didn't bet)
Seat 4: Count Mole (button) folded before Flop (didn't bet)
Seat 5: Ramkha (small blind) folded before Flop
Seat 6: kdu paliva (big blind) folded before Flop
Seat 7: HAYASHID2 collected ($2.08)
Seat 8: Ruan metal folded on the River



PokerStars Hand #237776648018:  Hold'em No Limit ($0.02/$0.05 USD) - 2022/08/03 20:21:33 PT [2022/08/03 23:21:33 ET]
Table 'Bootes' 9-max Seat #5 is the button
Seat 1: The_LegendQc ($5.32 in chips) 
Seat 2: Dorex2007 ($6.33 in chips) 
Seat 3: Yildirim87 ($7.24 in chips) 
Seat 4: Count Mole ($5.70 in chips) 
Seat 5: Ramkha ($5 in chips) 
Seat 6: kdu paliva ($4.68 in chips) 
Seat 7: HAYASHID2 ($4.59 in chips) 
Seat 8: Ruan metal ($8.65 in chips) 
kdu paliva: posts small blind $0.02
HAYASHID2: posts big blind $0.05
w3sby: sits out 
*** HOLE CARDS ***
Dealt to Dorex2007 [Kd 2h]
Ruan metal: folds 
The_LegendQc: folds 
Dorex2007: folds 
Yildirim87: folds 
Count Mole: folds 
Ramkha: folds 
kdu paliva: raises $0.10 to $0.15
HAYASHID2: calls $0.10
*** FLOP *** [Td 2d Ac]
kdu paliva: checks 
HAYASHID2: checks 
*** TURN *** [Td 2d Ac] [Th]
kdu paliva: checks 
HAYASHID2: checks 
*** RIVER *** [Td 2d Ac Th] [8d]
kdu paliva: checks 
HAYASHID2: bets $0.29
kdu paliva: calls $0.29
*** SHOW DOWN ***
HAYASHID2: shows [5h 8h] (two pair, Tens and Eights)
kdu paliva: shows [9s 8s] (two pair, Tens and Eights)
kdu paliva collected $0.42 from pot
HAYASHID2 collected $0.42 from pot
*** SUMMARY ***
Total pot $0.88 | Rake $0.04 
Board [Td 2d Ac Th 8d]
Seat 1: The_LegendQc folded before Flop (didn't bet)
Seat 2: Dorex2007 folded before Flop (didn't bet)
Seat 3: Yildirim87 folded before Flop (didn't bet)
Seat 4: Count Mole folded before Flop (didn't bet)
Seat 5: Ramkha (button) folded before Flop (didn't bet)
Seat 6: kdu paliva (small blind) showed [9s 8s] and won ($0.42) with two pair, Tens and Eights
Seat 7: HAYASHID2 (big blind) showed [5h 8h] and won ($0.42) with two pair, Tens and Eights
Seat 8: Ruan metal folded before Flop (didn't bet)



PokerStars Hand #237776661470:  Hold'em No Limit ($0.02/$0.05 USD) - 2022/08/03 20:22:36 PT [2022/08/03 23:22:36 ET]
Table 'Bootes' 9-max Seat #6 is the button
Seat 1: The_LegendQc ($5.32 in chips) 
Seat 2: Dorex2007 ($6.33 in chips) 
Seat 3: Yildirim87 ($7.24 in chips) 
Seat 4: Count Mole ($5.70 in chips) 
Seat 5: Ramkha ($5 in chips) 
Seat 6: kdu paliva ($4.66 in chips) 
Seat 7: HAYASHID2 ($4.57 in chips) 
Seat 8: Ruan metal ($8.65 in chips) 
HAYASHID2: posts small blind $0.02
Ruan metal: posts big blind $0.05
w3sby: sits out 
*** HOLE CARDS ***
Dealt to Dorex2007 [7s 4c]
The_LegendQc has timed out
The_LegendQc: folds 
Dorex2007: folds 
Yildirim87: calls $0.05
Count Mole: raises $0.10 to $0.15
Ramkha: folds 
kdu paliva: calls $0.15
HAYASHID2: calls $0.13
Ruan metal: folds 
Yildirim87: raises $0.10 to $0.25
Count Mole: calls $0.10
kdu paliva: calls $0.10
HAYASHID2: calls $0.10
*** FLOP *** [4s 9h Qd]
HAYASHID2: checks 
Yildirim87: bets $0.20
Count Mole: calls $0.20
kdu paliva: calls $0.20
HAYASHID2: raises $0.91 to $1.11
Yildirim87: calls $0.91
Count Mole: folds 
kdu paliva: folds 
*** TURN *** [4s 9h Qd] [Js]
HAYASHID2: bets $3.21 and is all-in
Yildirim87: calls $3.21
*** RIVER *** [4s 9h Qd Js] [4h]
*** SHOW DOWN ***
HAYASHID2: shows [9s Qs] (two pair, Queens and Nines)
Yildirim87: shows [As Ad] (two pair, Aces and Fours)
Yildirim87 collected $9.57 from pot
*** SUMMARY ***
Total pot $10.09 | Rake $0.52 
Board [4s 9h Qd Js 4h]
Seat 1: The_LegendQc folded before Flop (didn't bet)
Seat 2: Dorex2007 folded before Flop (didn't bet)
Seat 3: Yildirim87 showed [As Ad] and won ($9.57) with two pair, Aces and Fours
Seat 4: Count Mole folded on the Flop
Seat 5: Ramkha folded before Flop (didn't bet)
Seat 6: kdu paliva (button) folded on the Flop
Seat 7: HAYASHID2 (small blind) showed [9s Qs] and lost with two pair, Queens and Nines
Seat 8: Ruan metal (big blind) folded before Flop



PokerStars Hand #237776675075:  Hold'em No Limit ($0.02/$0.05 USD) - 2022/08/03 20:23:47 PT [2022/08/03 23:23:47 ET]
Table 'Bootes' 9-max Seat #8 is the button
Seat 1: The_LegendQc ($5.32 in chips) 
Seat 2: Dorex2007 ($6.33 in chips) 
Seat 3: Yildirim87 ($12.24 in chips) 
Seat 4: Count Mole ($5.25 in chips) 
Seat 5: Ramkha ($5 in chips) 
Seat 6: kdu paliva ($4.21 in chips) 
Seat 8: Ruan metal ($8.60 in chips) 
The_LegendQc: posts small blind $0.02
Dorex2007: posts big blind $0.05
*** HOLE CARDS ***
Dealt to Dorex2007 [Ac 3c]
Yildirim87: folds 
Count Mole: folds 
Ramkha: folds 
kdu paliva: folds 
Ruan metal: calls $0.05
The_LegendQc: calls $0.03
Dorex2007: checks 
*** FLOP *** [6s 3h 3s]
HAYASHID2 leaves the table
The_LegendQc: checks 
Dorex2007: bets $0.07
Ruan metal: raises $0.28 to $0.35
The_LegendQc: folds 
Dorex2007: raises $0.84 to $1.19
leopoker1 joins the table at seat #7 
Ruan metal: folds 
Uncalled bet ($0.84) returned to Dorex2007
Dorex2007 collected $0.81 from pot
Dorex2007: doesn't show hand 
*** SUMMARY ***
Total pot $0.85 | Rake $0.04 
Board [6s 3h 3s]
Seat 1: The_LegendQc (small blind) folded on the Flop
Seat 2: Dorex2007 (big blind) collected ($0.81)
Seat 3: Yildirim87 folded before Flop (didn't bet)
Seat 4: Count Mole folded before Flop (didn't bet)
Seat 5: Ramkha folded before Flop (didn't bet)
Seat 6: kdu paliva folded before Flop (didn't bet)
Seat 8: Ruan metal (button) folded on the Flop



PokerStars Hand #237776687037:  Hold'em No Limit ($0.02/$0.05 USD) - 2022/08/03 20:25:03 PT [2022/08/03 23:25:03 ET]
Table 'Bootes' 9-max Seat #1 is the button
Seat 1: The_LegendQc ($5.27 in chips) 
Seat 2: Dorex2007 ($6.74 in chips) 
Seat 3: Yildirim87 ($12.24 in chips) 
Seat 4: Count Mole ($5.25 in chips) 
Seat 5: Ramkha ($5 in chips) 
Seat 6: kdu paliva ($4.21 in chips) 
Seat 8: Ruan metal ($8.20 in chips) 
Dorex2007: posts small blind $0.02
Yildirim87: posts big blind $0.05
leopoker1: sits out 
w3sby: sits out 
*** HOLE CARDS ***
Dealt to Dorex2007 [8d Jh]
Count Mole: raises $0.10 to $0.15
Ramkha: folds 
kdu paliva: folds 
Ruan metal: folds 
The_LegendQc: folds 
Dorex2007: folds 
Yildirim87: folds 
Uncalled bet ($0.10) returned to Count Mole
Count Mole collected $0.12 from pot
Count Mole: doesn't show hand 
*** SUMMARY ***
Total pot $0.12 | Rake $0 
Seat 1: The_LegendQc (button) folded before Flop (didn't bet)
Seat 2: Dorex2007 (small blind) folded before Flop
Seat 3: Yildirim87 (big blind) folded before Flop
Seat 4: Count Mole collected ($0.12)
Seat 5: Ramkha folded before Flop (didn't bet)
Seat 6: kdu paliva folded before Flop (didn't bet)
Seat 8: Ruan metal folded before Flop (didn't bet)



PokerStars Hand #237776690803:  Hold'em No Limit ($0.02/$0.05 USD) - 2022/08/03 20:25:27 PT [2022/08/03 23:25:27 ET]
Table 'Bootes' 9-max Seat #2 is the button
Seat 1: The_LegendQc ($5.27 in chips) 
Seat 2: Dorex2007 ($6.72 in chips) 
Seat 3: Yildirim87 ($12.19 in chips) 
Seat 4: Count Mole ($5.32 in chips) 
Seat 5: Ramkha ($5 in chips) 
Seat 6: kdu paliva ($4.21 in chips) 
Seat 8: Ruan metal ($8.20 in chips) 
Yildirim87: posts small blind $0.02
Count Mole: posts big blind $0.05
leopoker1: sits out 
w3sby: sits out 
*** HOLE CARDS ***
Dealt to Dorex2007 [8h Qs]
Ramkha: folds 
kdu paliva: folds 
Ruan metal: folds 
The_LegendQc: calls $0.05
Dorex2007: folds 
Yildirim87: folds 
Count Mole: checks 
*** FLOP *** [2c 9h Kh]
Count Mole: checks 
The_LegendQc: checks 
*** TURN *** [2c 9h Kh] [4s]
Count Mole: checks 
The_LegendQc: checks 
*** RIVER *** [2c 9h Kh 4s] [9s]
Count Mole: checks 
The_LegendQc: checks 
*** SHOW DOWN ***
Count Mole: shows [2h Jh] (two pair, Nines and Deuces)
The_LegendQc: mucks hand 
Count Mole collected $0.12 from pot
*** SUMMARY ***
Total pot $0.12 | Rake $0 
Board [2c 9h Kh 4s 9s]
Seat 1: The_LegendQc mucked [Js 8s]
Seat 2: Dorex2007 (button) folded before Flop (didn't bet)
Seat 3: Yildirim87 (small blind) folded before Flop
Seat 4: Count Mole (big blind) showed [2h Jh] and won ($0.12) with two pair, Nines and Deuces
Seat 5: Ramkha folded before Flop (didn't bet)
Seat 6: kdu paliva folded before Flop (didn't bet)
Seat 8: Ruan metal folded before Flop (didn't bet)



PokerStars Hand #237776698596:  Hold'em No Limit ($0.02/$0.05 USD) - 2022/08/03 20:26:17 PT [2022/08/03 23:26:17 ET]
Table 'Bootes' 9-max Seat #3 is the button
Seat 1: The_LegendQc ($5.22 in chips) 
Seat 2: Dorex2007 ($6.72 in chips) 
Seat 3: Yildirim87 ($12.17 in chips) 
Seat 4: Count Mole ($5.39 in chips) 
Seat 5: Ramkha ($5 in chips) 
Seat 6: kdu paliva ($4.21 in chips) 
Seat 8: Ruan metal ($8.20 in chips) 
Count Mole: posts small blind $0.02
Ramkha: posts big blind $0.05
leopoker1: sits out 
w3sby: sits out 
*** HOLE CARDS ***
Dealt to Dorex2007 [4c Ac]
kdu paliva: folds 
Ruan metal: folds 
The_LegendQc: folds 
Dorex2007: calls $0.05
Yildirim87: folds 
Count Mole: raises $0.10 to $0.15
Ramkha: folds 
Dorex2007: calls $0.10
*** FLOP *** [Qs Qh 7h]
Count Mole: checks 
Dorex2007: checks 
*** TURN *** [Qs Qh 7h] [Ah]
Count Mole: checks 
Dorex2007: checks 
*** RIVER *** [Qs Qh 7h Ah] [Jh]
Count Mole: checks 
Dorex2007: checks 
*** SHOW DOWN ***
Count Mole: shows [As Ts] (two pair, Aces and Queens)
Dorex2007: shows [4c Ac] (two pair, Aces and Queens)
Count Mole collected $0.17 from pot
Dorex2007 collected $0.17 from pot
*** SUMMARY ***
Total pot $0.35 | Rake $0.01 
Board [Qs Qh 7h Ah Jh]
Seat 1: The_LegendQc folded before Flop (didn't bet)
Seat 2: Dorex2007 showed [4c Ac] and won ($0.17) with two pair, Aces and Queens
Seat 3: Yildirim87 (button) folded before Flop (didn't bet)
Seat 4: Count Mole (small blind) showed [As Ts] and won ($0.17) with two pair, Aces and Queens
Seat 5: Ramkha (big blind) folded before Flop
Seat 6: kdu paliva folded before Flop (didn't bet)
Seat 8: Ruan metal folded before Flop (didn't bet)



PokerStars Hand #237776705052:  Hold'em No Limit ($0.02/$0.05 USD) - 2022/08/03 20:26:58 PT [2022/08/03 23:26:58 ET]
Table 'Bootes' 9-max Seat #4 is the button
Seat 1: The_LegendQc ($5.22 in chips) 
Seat 2: Dorex2007 ($6.74 in chips) 
Seat 3: Yildirim87 ($12.17 in chips) 
Seat 4: Count Mole ($5.41 in chips) 
Seat 5: Ramkha ($5 in chips) 
Seat 6: kdu paliva ($4.21 in chips) 
Seat 8: Ruan metal ($8.20 in chips) 
Ramkha: posts small blind $0.02
kdu paliva: posts big blind $0.05
leopoker1: sits out 
w3sby: sits out 
*** HOLE CARDS ***
Dealt to Dorex2007 [8d 9s]
Ruan metal: folds 
The_LegendQc: folds 
Dorex2007: folds 
Yildirim87: calls $0.05
Count Mole: folds 
Ramkha: folds 
kdu paliva: checks 
*** FLOP *** [6h Kd 4s]
kdu paliva: checks 
Yildirim87: checks 
*** TURN *** [6h Kd 4s] [Ah]
kdu paliva: checks 
Yildirim87: checks 
*** RIVER *** [6h Kd 4s Ah] [Ad]
kdu paliva: checks 
Yildirim87: bets $0.25
kdu paliva: folds 
Uncalled bet ($0.25) returned to Yildirim87
Yildirim87 collected $0.12 from pot
Yildirim87: doesn't show hand 
*** SUMMARY ***
Total pot $0.12 | Rake $0 
Board [6h Kd 4s Ah Ad]
Seat 1: The_LegendQc folded before Flop (didn't bet)
Seat 2: Dorex2007 folded before Flop (didn't bet)
Seat 3: Yildirim87 collected ($0.12)
Seat 4: Count Mole (button) folded before Flop (didn't bet)
Seat 5: Ramkha (small blind) folded before Flop
Seat 6: kdu paliva (big blind) folded on the River
Seat 8: Ruan metal folded before Flop (didn't bet)



PokerStars Hand #237776710592:  Hold'em No Limit ($0.02/$0.05 USD) - 2022/08/03 20:27:34 PT [2022/08/03 23:27:34 ET]
Table 'Bootes' 9-max Seat #5 is the button
Seat 1: The_LegendQc ($5.22 in chips) 
Seat 2: Dorex2007 ($6.74 in chips) 
Seat 3: Yildirim87 ($12.24 in chips) 
Seat 4: Count Mole ($5.41 in chips) 
Seat 5: Ramkha ($5 in chips) 
Seat 6: kdu paliva ($4.16 in chips) 
Seat 7: leopoker1 ($5 in chips) 
Seat 8: Ruan metal ($8.20 in chips) 
kdu paliva: posts small blind $0.02
leopoker1: posts big blind $0.05
w3sby: sits out 
*** HOLE CARDS ***
Dealt to Dorex2007 [8h Qh]
Ruan metal: folds 
The_LegendQc: folds 
Dorex2007: folds 
Yildirim87: folds 
Count Mole: folds 
Ramkha: folds 
kdu paliva: calls $0.03
leopoker1: checks 
*** FLOP *** [4d Kc Td]
kdu paliva: bets $0.10
leopoker1: folds 
Uncalled bet ($0.10) returned to kdu paliva
kdu paliva collected $0.10 from pot
*** SUMMARY ***
Total pot $0.10 | Rake $0 
Board [4d Kc Td]
Seat 1: The_LegendQc folded before Flop (didn't bet)
Seat 2: Dorex2007 folded before Flop (didn't bet)
Seat 3: Yildirim87 folded before Flop (didn't bet)
Seat 4: Count Mole folded before Flop (didn't bet)
Seat 5: Ramkha (button) folded before Flop (didn't bet)
Seat 6: kdu paliva (small blind) collected ($0.10)
Seat 7: leopoker1 (big blind) folded on the Flop
Seat 8: Ruan metal folded before Flop (didn't bet)



PokerStars Hand #237776715284:  Hold'em No Limit ($0.02/$0.05 USD) - 2022/08/03 20:28:05 PT [2022/08/03 23:28:05 ET]
Table 'Bootes' 9-max Seat #6 is the button
Seat 1: The_LegendQc ($5.22 in chips) 
Seat 2: Dorex2007 ($6.74 in chips) 
Seat 3: Yildirim87 ($12.24 in chips) 
Seat 4: Count Mole ($5.41 in chips) 
Seat 5: Ramkha ($5 in chips) 
Seat 6: kdu paliva ($4.21 in chips) 
Seat 7: leopoker1 ($5 in chips) 
Seat 9: w3sby ($5 in chips) 
leopoker1: posts small blind $0.02
Ruan metal: is sitting out 
w3sby: posts big blind $0.05
*** HOLE CARDS ***
Dealt to Dorex2007 [8s 7s]
The_LegendQc: calls $0.05
Dorex2007: folds 
Yildirim87: folds 
Count Mole: folds 
Ramkha: raises $0.20 to $0.25
Ruan metal leaves the table
kdu paliva: raises $0.25 to $0.50
leopoker1: folds 
geniuss joins the table at seat #8 
w3sby: folds 
The_LegendQc: folds 
Ramkha: calls $0.25
*** FLOP *** [3s Jc Qd]
Ramkha: checks 
kdu paliva: bets $0.60
Ramkha: raises $0.95 to $1.55
kdu paliva: calls $0.95
*** TURN *** [3s Jc Qd] [2s]
Ramkha: bets $2.95 and is all-in
kdu paliva: folds 
Uncalled bet ($2.95) returned to Ramkha
Ramkha collected $4.04 from pot
Ramkha: doesn't show hand 
*** SUMMARY ***
Total pot $4.22 | Rake $0.18 
Board [3s Jc Qd 2s]
Seat 1: The_LegendQc folded before Flop
Seat 2: Dorex2007 folded before Flop (didn't bet)
Seat 3: Yildirim87 folded before Flop (didn't bet)
Seat 4: Count Mole folded before Flop (didn't bet)
Seat 5: Ramkha collected ($4.04)
Seat 6: kdu paliva (button) folded on the Turn
Seat 7: leopoker1 (small blind) folded before Flop
Seat 9: w3sby (big blind) folded before Flop



PokerStars Hand #237776733197:  Hold'em No Limit ($0.02/$0.05 USD) - 2022/08/03 20:29:42 PT [2022/08/03 23:29:42 ET]
Table 'Bootes' 9-max Seat #7 is the button
Seat 1: The_LegendQc ($5.17 in chips) 
Seat 2: Dorex2007 ($6.74 in chips) 
Seat 3: Yildirim87 ($12.24 in chips) 
Seat 4: Count Mole ($5.41 in chips) 
Seat 5: Ramkha ($6.99 in chips) 
Seat 6: kdu paliva ($2.16 in chips) 
Seat 7: leopoker1 ($5 in chips) 
Seat 9: w3sby ($5 in chips) 
w3sby: posts small blind $0.02
The_LegendQc: posts big blind $0.05
*** HOLE CARDS ***
Dealt to Dorex2007 [7s 3h]
Dorex2007: folds 
Yildirim87: calls $0.05
Count Mole: folds 
Ramkha: raises $0.20 to $0.25
kdu paliva: folds 
leopoker1: folds 
w3sby: folds 
The_LegendQc: calls $0.20
Yildirim87: calls $0.20
*** FLOP *** [8h Ah 5c]
The_LegendQc: checks 
Yildirim87: bets $0.25
Ramkha: calls $0.25
The_LegendQc: folds 
*** TURN *** [8h Ah 5c] [9d]
Yildirim87: checks 
Ramkha: bets $0.61
Yildirim87: calls $0.61
*** RIVER *** [8h Ah 5c 9d] [6h]
Yildirim87: checks 
Ramkha: checks 
*** SHOW DOWN ***
Yildirim87: shows [7d As] (a straight, Five to Nine)
Ramkha: mucks hand 
Yildirim87 collected $2.37 from pot
*** SUMMARY ***
Total pot $2.49 | Rake $0.12 
Board [8h Ah 5c 9d 6h]
Seat 1: The_LegendQc (big blind) folded on the Flop
Seat 2: Dorex2007 folded before Flop (didn't bet)
Seat 3: Yildirim87 showed [7d As] and won ($2.37) with a straight, Five to Nine
Seat 4: Count Mole folded before Flop (didn't bet)
Seat 5: Ramkha mucked [Th Ad]
Seat 6: kdu paliva folded before Flop (didn't bet)
Seat 7: leopoker1 (button) folded before Flop (didn't bet)
Seat 9: w3sby (small blind) folded before Flop



PokerStars Hand #237776741758:  Hold'em No Limit ($0.02/$0.05 USD) - 2022/08/03 20:30:39 PT [2022/08/03 23:30:39 ET]
Table 'Bootes' 9-max Seat #9 is the button
Seat 1: The_LegendQc ($4.92 in chips) 
Seat 2: Dorex2007 ($6.74 in chips) 
Seat 3: Yildirim87 ($13.50 in chips) 
Seat 4: Count Mole ($5.41 in chips) 
Seat 5: Ramkha ($5.88 in chips) 
Seat 6: kdu paliva ($2.16 in chips) 
Seat 7: leopoker1 ($5 in chips) 
Seat 9: w3sby ($5 in chips) 
The_LegendQc: posts small blind $0.02
Dorex2007: posts big blind $0.05
geniuss: sits out 
*** HOLE CARDS ***
Dealt to Dorex2007 [Ac 5c]
Yildirim87: folds 
Count Mole: folds 
Ramkha: folds 
kdu paliva: folds 
leopoker1: folds 
w3sby: raises $0.10 to $0.15
The_LegendQc: folds 
Dorex2007: calls $0.10
*** FLOP *** [2d Tc 7h]
Dorex2007: checks 
w3sby: checks 
*** TURN *** [2d Tc 7h] [4d]
Dorex2007: checks 
w3sby: checks 
*** RIVER *** [2d Tc 7h 4d] [Ah]
Dorex2007: checks 
w3sby: checks 
*** SHOW DOWN ***
Dorex2007: shows [Ac 5c] (a pair of Aces)
w3sby: mucks hand 
Dorex2007 collected $0.31 from pot
*** SUMMARY ***
Total pot $0.32 | Rake $0.01 
Board [2d Tc 7h 4d Ah]
Seat 1: The_LegendQc (small blind) folded before Flop
Seat 2: Dorex2007 (big blind) showed [Ac 5c] and won ($0.31) with a pair of Aces
Seat 3: Yildirim87 folded before Flop (didn't bet)
Seat 4: Count Mole folded before Flop (didn't bet)
Seat 5: Ramkha folded before Flop (didn't bet)
Seat 6: kdu paliva folded before Flop (didn't bet)
Seat 7: leopoker1 folded before Flop (didn't bet)
Seat 9: w3sby (button) mucked [8c 7c]



PokerStars Hand #237776751683:  Hold'em No Limit ($0.02/$0.05 USD) - 2022/08/03 20:31:44 PT [2022/08/03 23:31:44 ET]
Table 'Bootes' 9-max Seat #1 is the button
Seat 1: The_LegendQc ($4.90 in chips) 
Seat 2: Dorex2007 ($6.90 in chips) 
Seat 3: Yildirim87 ($13.50 in chips) 
Seat 4: Count Mole ($5.41 in chips) 
Seat 5: Ramkha ($5.88 in chips) 
Seat 6: kdu paliva ($2.16 in chips) 
Seat 7: leopoker1 ($5 in chips) 
Seat 9: w3sby ($5 in chips) 
Dorex2007: posts small blind $0.02
Yildirim87: posts big blind $0.05
geniuss: sits out 
*** HOLE CARDS ***
Dealt to Dorex2007 [8h 6h]
Count Mole: folds 
Ramkha: raises $0.07 to $0.12
kdu paliva: folds 
leopoker1: folds 
w3sby: folds 
The_LegendQc: calls $0.12
Dorex2007: folds 
Yildirim87: calls $0.07
*** FLOP *** [9s 2h Ts]
Yildirim87: checks 
Ramkha: bets $0.18
The_LegendQc: calls $0.18
Yildirim87: folds 
*** TURN *** [9s 2h Ts] [5d]
Ramkha: bets $0.53
The_LegendQc: folds 
Uncalled bet ($0.53) returned to Ramkha
Ramkha collected $0.71 from pot
Ramkha: doesn't show hand 
*** SUMMARY ***
Total pot $0.74 | Rake $0.03 
Board [9s 2h Ts 5d]
Seat 1: The_LegendQc (button) folded on the Turn
Seat 2: Dorex2007 (small blind) folded before Flop
Seat 3: Yildirim87 (big blind) folded on the Flop
Seat 4: Count Mole folded before Flop (didn't bet)
Seat 5: Ramkha collected ($0.71)
Seat 6: kdu paliva folded before Flop (didn't bet)
Seat 7: leopoker1 folded before Flop (didn't bet)
Seat 9: w3sby folded before Flop (didn't bet)



PokerStars Hand #237776759473:  Hold'em No Limit ($0.02/$0.05 USD) - 2022/08/03 20:32:37 PT [2022/08/03 23:32:37 ET]
Table 'Bootes' 9-max Seat #2 is the button
Seat 1: The_LegendQc ($4.60 in chips) 
Seat 2: Dorex2007 ($6.88 in chips) 
Seat 3: Yildirim87 ($13.38 in chips) 
Seat 4: Count Mole ($5.41 in chips) 
Seat 5: Ramkha ($6.29 in chips) 
Seat 6: kdu paliva ($2.16 in chips) 
Seat 7: leopoker1 ($5 in chips) 
Seat 9: w3sby ($5 in chips) 
Yildirim87: posts small blind $0.02
Count Mole: posts big blind $0.05
geniuss: sits out 
*** HOLE CARDS ***
Dealt to Dorex2007 [Kc 9c]
Ramkha: folds 
kdu paliva: folds 
leopoker1: folds 
w3sby: folds 
The_LegendQc: calls $0.05
Dorex2007: calls $0.05
Yildirim87: calls $0.03
Count Mole: checks 
*** FLOP *** [5c 7c Jc]
Yildirim87: checks 
Count Mole: checks 
The_LegendQc: bets $0.15
Dorex2007: calls $0.15
Yildirim87: calls $0.15
Count Mole: folds 
*** TURN *** [5c 7c Jc] [4d]
Yildirim87: checks 
The_LegendQc: bets $0.15
Dorex2007: raises $0.46 to $0.61
Yildirim87: folds 
The_LegendQc: calls $0.46
*** RIVER *** [5c 7c Jc 4d] [7d]
The_LegendQc: bets $0.45
Dorex2007: calls $0.45
*** SHOW DOWN ***
The_LegendQc: shows [Js Qc] (two pair, Jacks and Sevens)
Dorex2007: shows [Kc 9c] (a flush, King high)
Dorex2007 collected $2.66 from pot
*** SUMMARY ***
Total pot $2.77 | Rake $0.11 
Board [5c 7c Jc 4d 7d]
Seat 1: The_LegendQc showed [Js Qc] and lost with two pair, Jacks and Sevens
Seat 2: Dorex2007 (button) showed [Kc 9c] and won ($2.66) with a flush, King high
Seat 3: Yildirim87 (small blind) folded on the Turn
Seat 4: Count Mole (big blind) folded on the Flop
Seat 5: Ramkha folded before Flop (didn't bet)
Seat 6: kdu paliva folded before Flop (didn't bet)
Seat 7: leopoker1 folded before Flop (didn't bet)
Seat 9: w3sby folded before Flop (didn't bet)



PokerStars Hand #237776770639:  Hold'em No Limit ($0.02/$0.05 USD) - 2022/08/03 20:33:52 PT [2022/08/03 23:33:52 ET]
Table 'Bootes' 9-max Seat #3 is the button
Seat 1: The_LegendQc ($3.34 in chips) 
Seat 2: Dorex2007 ($8.28 in chips) 
Seat 3: Yildirim87 ($13.18 in chips) 
Seat 4: Count Mole ($5.36 in chips) 
Seat 5: Ramkha ($6.29 in chips) 
Seat 6: kdu paliva ($2.16 in chips) 
Seat 7: leopoker1 ($5 in chips) 
Seat 9: w3sby ($5 in chips) 
Count Mole: posts small blind $0.02
Ramkha: posts big blind $0.05
geniuss: sits out 
*** HOLE CARDS ***
Dealt to Dorex2007 [Qd Qc]
kdu paliva: folds 
leopoker1: folds 
w3sby: folds 
The_LegendQc: folds 
Dorex2007: raises $0.05 to $0.10
Yildirim87: calls $0.10
Count Mole: folds 
Ramkha: calls $0.05
*** FLOP *** [2c 5h 7h]
Ramkha: checks 
Dorex2007: bets $0.21
Yildirim87: calls $0.21
Ramkha: folds 
*** TURN *** [2c 5h 7h] [2d]
Dorex2007: bets $0.47
Yildirim87: folds 
Uncalled bet ($0.47) returned to Dorex2007
Dorex2007 collected $0.71 from pot
Dorex2007: doesn't show hand 
*** SUMMARY ***
Total pot $0.74 | Rake $0.03 
Board [2c 5h 7h 2d]
Seat 1: The_LegendQc folded before Flop (didn't bet)
Seat 2: Dorex2007 collected ($0.71)
Seat 3: Yildirim87 (button) folded on the Turn
Seat 4: Count Mole (small blind) folded before Flop
Seat 5: Ramkha (big blind) folded on the Flop
Seat 6: kdu paliva folded before Flop (didn't bet)
Seat 7: leopoker1 folded before Flop (didn't bet)
Seat 9: w3sby folded before Flop (didn't bet)



PokerStars Hand #237776779326:  Hold'em No Limit ($0.02/$0.05 USD) - 2022/08/03 20:34:50 PT [2022/08/03 23:34:50 ET]
Table 'Bootes' 9-max Seat #4 is the button
Seat 1: The_LegendQc ($3.34 in chips) 
Seat 2: Dorex2007 ($8.68 in chips) 
Seat 3: Yildirim87 ($12.87 in chips) 
Seat 4: Count Mole ($5.34 in chips) 
Seat 5: Ramkha ($6.19 in chips) 
Seat 6: kdu paliva ($2.16 in chips) 
Seat 7: leopoker1 ($5 in chips) 
Seat 9: w3sby ($5 in chips) 
Ramkha: posts small blind $0.02
kdu paliva: posts big blind $0.05
geniuss: sits out 
*** HOLE CARDS ***
Dealt to Dorex2007 [Js 7h]
leopoker1: folds 
w3sby: folds 
The_LegendQc: calls $0.05
Dorex2007: folds 
Yildirim87: calls $0.05
Count Mole: folds 
Ramkha: folds 
kdu paliva: checks 
*** FLOP *** [Qh 7c Qs]
kdu paliva: checks 
The_LegendQc: checks 
Yildirim87: checks 
*** TURN *** [Qh 7c Qs] [Jh]
kdu paliva: checks 
The_LegendQc: checks 
Yildirim87: bets $0.05
kdu paliva: folds 
The_LegendQc: calls $0.05
*** RIVER *** [Qh 7c Qs Jh] [9d]
The_LegendQc: checks 
Yildirim87: bets $0.41
The_LegendQc: folds 
Uncalled bet ($0.41) returned to Yildirim87
Yildirim87 collected $0.26 from pot
Yildirim87: doesn't show hand 
*** SUMMARY ***
Total pot $0.27 | Rake $0.01 
Board [Qh 7c Qs Jh 9d]
Seat 1: The_LegendQc folded on the River
Seat 2: Dorex2007 folded before Flop (didn't bet)
Seat 3: Yildirim87 collected ($0.26)
Seat 4: Count Mole (button) folded before Flop (didn't bet)
Seat 5: Ramkha (small blind) folded before Flop
Seat 6: kdu paliva (big blind) folded on the Turn
Seat 7: leopoker1 folded before Flop (didn't bet)
Seat 9: w3sby folded before Flop (didn't bet)



PokerStars Hand #237776788421:  Hold'em No Limit ($0.02/$0.05 USD) - 2022/08/03 20:35:52 PT [2022/08/03 23:35:52 ET]
Table 'Bootes' 9-max Seat #5 is the button
Seat 1: The_LegendQc ($3.24 in chips) 
Seat 2: Dorex2007 ($8.68 in chips) 
Seat 3: Yildirim87 ($13.03 in chips) 
Seat 4: Count Mole ($5.34 in chips) 
Seat 5: Ramkha ($6.17 in chips) 
Seat 6: kdu paliva ($2.11 in chips) 
Seat 7: leopoker1 ($5 in chips) 
Seat 9: w3sby ($5 in chips) 
kdu paliva: posts small blind $0.02
leopoker1: posts big blind $0.05
geniuss: sits out 
*** HOLE CARDS ***
Dealt to Dorex2007 [Js Kd]
w3sby: folds 
The_LegendQc: folds 
Dorex2007: folds 
Yildirim87: folds 
Count Mole: folds 
Ramkha: folds 
kdu paliva: calls $0.03
leopoker1: checks 
*** FLOP *** [7h 9h 3s]
kdu paliva: checks 
leopoker1: checks 
*** TURN *** [7h 9h 3s] [3d]
kdu paliva: bets $0.10
leopoker1: folds 
Uncalled bet ($0.10) returned to kdu paliva
kdu paliva collected $0.10 from pot
*** SUMMARY ***
Total pot $0.10 | Rake $0 
Board [7h 9h 3s 3d]
Seat 1: The_LegendQc folded before Flop (didn't bet)
Seat 2: Dorex2007 folded before Flop (didn't bet)
Seat 3: Yildirim87 folded before Flop (didn't bet)
Seat 4: Count Mole folded before Flop (didn't bet)
Seat 5: Ramkha (button) folded before Flop (didn't bet)
Seat 6: kdu paliva (small blind) collected ($0.10)
Seat 7: leopoker1 (big blind) folded on the Turn
Seat 9: w3sby folded before Flop (didn't bet)



PokerStars Hand #237776801841:  Hold'em No Limit ($0.02/$0.05 USD) - 2022/08/03 20:36:29 PT [2022/08/03 23:36:29 ET]
Table 'Bootes' 9-max Seat #6 is the button
Seat 1: The_LegendQc ($3.24 in chips) 
Seat 2: Dorex2007 ($8.68 in chips) 
Seat 3: Yildirim87 ($13.03 in chips) 
Seat 4: Count Mole ($5.34 in chips) 
Seat 5: Ramkha ($6.17 in chips) 
Seat 6: kdu paliva ($2.16 in chips) 
Seat 7: leopoker1 ($5 in chips) 
Seat 8: geniuss ($5 in chips) 
Seat 9: w3sby ($5 in chips) 
leopoker1: posts small blind $0.02
geniuss: posts big blind $0.05
*** HOLE CARDS ***
Dealt to Dorex2007 [2h Ah]
w3sby: folds 
The_LegendQc: folds 
Dorex2007: calls $0.05
Yildirim87: calls $0.05
Count Mole: folds 
Ramkha: folds 
kdu paliva: calls $0.05
leopoker1: calls $0.03
geniuss: checks 
*** FLOP *** [As 3s 5s]
leopoker1: checks 
geniuss: checks 
Dorex2007: checks 
Yildirim87: bets $0.05
kdu paliva: folds 
leopoker1: calls $0.05
geniuss: folds 
Dorex2007: folds 
*** TURN *** [As 3s 5s] [Jd]
leopoker1: checks 
Yildirim87: bets $0.20
leopoker1: folds 
Uncalled bet ($0.20) returned to Yildirim87
Yildirim87 collected $0.34 from pot
Yildirim87: doesn't show hand 
*** SUMMARY ***
Total pot $0.35 | Rake $0.01 
Board [As 3s 5s Jd]
Seat 1: The_LegendQc folded before Flop (didn't bet)
Seat 2: Dorex2007 folded on the Flop
Seat 3: Yildirim87 collected ($0.34)
Seat 4: Count Mole folded before Flop (didn't bet)
Seat 5: Ramkha folded before Flop (didn't bet)
Seat 6: kdu paliva (button) folded on the Flop
Seat 7: leopoker1 (small blind) folded on the Turn
Seat 8: geniuss (big blind) folded on the Flop
Seat 9: w3sby folded before Flop (didn't bet)



PokerStars Hand #237776816641:  Hold'em No Limit ($0.02/$0.05 USD) - 2022/08/03 20:37:44 PT [2022/08/03 23:37:44 ET]
Table 'Bootes' 9-max Seat #7 is the button
Seat 1: The_LegendQc ($3.24 in chips) 
Seat 2: Dorex2007 ($8.63 in chips) 
Seat 3: Yildirim87 ($13.27 in chips) 
Seat 4: Count Mole ($5.34 in chips) 
Seat 5: Ramkha ($6.17 in chips) 
Seat 6: kdu paliva ($2.11 in chips) 
Seat 7: leopoker1 ($5 in chips) 
Seat 8: geniuss ($5 in chips) 
Seat 9: w3sby ($5 in chips) 
geniuss: posts small blind $0.02
w3sby: posts big blind $0.05
*** HOLE CARDS ***
Dealt to Dorex2007 [6d 2s]
The_LegendQc: folds 
Dorex2007: folds 
Yildirim87: calls $0.05
Count Mole: folds 
Ramkha: folds 
kdu paliva: folds 
leopoker1: calls $0.05
geniuss: folds 
w3sby: checks 
*** FLOP *** [8d Jd 2h]
w3sby: checks 
Yildirim87: checks 
leopoker1: checks 
*** TURN *** [8d Jd 2h] [Kc]
w3sby: checks 
Yildirim87: bets $0.05
leopoker1: folds 
w3sby: folds 
Uncalled bet ($0.05) returned to Yildirim87
Yildirim87 collected $0.16 from pot
Yildirim87: doesn't show hand 
*** SUMMARY ***
Total pot $0.17 | Rake $0.01 
Board [8d Jd 2h Kc]
Seat 1: The_LegendQc folded before Flop (didn't bet)
Seat 2: Dorex2007 folded before Flop (didn't bet)
Seat 3: Yildirim87 collected ($0.16)
Seat 4: Count Mole folded before Flop (didn't bet)
Seat 5: Ramkha folded before Flop (didn't bet)
Seat 6: kdu paliva folded before Flop (didn't bet)
Seat 7: leopoker1 (button) folded on the Turn
Seat 8: geniuss (small blind) folded before Flop
Seat 9: w3sby (big blind) folded on the Turn



PokerStars Hand #237776825702:  Hold'em No Limit ($0.02/$0.05 USD) - 2022/08/03 20:38:46 PT [2022/08/03 23:38:46 ET]
Table 'Bootes' 9-max Seat #8 is the button
Seat 1: The_LegendQc ($3.24 in chips) 
Seat 2: Dorex2007 ($8.63 in chips) 
Seat 3: Yildirim87 ($13.38 in chips) 
Seat 4: Count Mole ($5.34 in chips) 
Seat 5: Ramkha ($6.17 in chips) 
Seat 6: kdu paliva ($2.11 in chips) 
Seat 7: leopoker1 ($5 in chips) 
Seat 8: geniuss ($5 in chips) 
Seat 9: w3sby ($5 in chips) 
w3sby: posts small blind $0.02
The_LegendQc: posts big blind $0.05
*** HOLE CARDS ***
Dealt to Dorex2007 [Qh 2s]
Dorex2007: folds 
Yildirim87: folds 
Count Mole: folds 
Ramkha: raises $0.07 to $0.12
kdu paliva: folds 
leopoker1: folds 
geniuss: folds 
w3sby: folds 
The_LegendQc: calls $0.07
*** FLOP *** [5s Th Qc]
The_LegendQc: checks 
Ramkha: bets $0.10
The_LegendQc: folds 
Uncalled bet ($0.10) returned to Ramkha
Ramkha collected $0.25 from pot
Ramkha: doesn't show hand 
*** SUMMARY ***
Total pot $0.26 | Rake $0.01 
Board [5s Th Qc]
Seat 1: The_LegendQc (big blind) folded on the Flop
Seat 2: Dorex2007 folded before Flop (didn't bet)
Seat 3: Yildirim87 folded before Flop (didn't bet)
Seat 4: Count Mole folded before Flop (didn't bet)
Seat 5: Ramkha collected ($0.25)
Seat 6: kdu paliva folded before Flop (didn't bet)
Seat 7: leopoker1 folded before Flop (didn't bet)
Seat 8: geniuss (button) folded before Flop (didn't bet)
Seat 9: w3sby (small blind) folded before Flop



PokerStars Hand #237776831334:  Hold'em No Limit ($0.02/$0.05 USD) - 2022/08/03 20:39:23 PT [2022/08/03 23:39:23 ET]
Table 'Bootes' 9-max Seat #9 is the button
Seat 1: The_LegendQc ($3.12 in chips) 
Seat 2: Dorex2007 ($8.63 in chips) 
Seat 3: Yildirim87 ($13.38 in chips) 
Seat 4: Count Mole ($5.34 in chips) 
Seat 5: Ramkha ($6.30 in chips) 
Seat 6: kdu paliva ($2.11 in chips) 
Seat 7: leopoker1 ($5 in chips) 
Seat 8: geniuss ($5 in chips) 
Seat 9: w3sby ($5 in chips) 
The_LegendQc: posts small blind $0.02
Dorex2007: posts big blind $0.05
*** HOLE CARDS ***
Dealt to Dorex2007 [Ts 2c]
Yildirim87: folds 
Count Mole: folds 
Ramkha: folds 
kdu paliva: folds 
leopoker1: folds 
geniuss: folds 
w3sby: raises $0.10 to $0.15
The_LegendQc: folds 
Dorex2007: folds 
Uncalled bet ($0.10) returned to w3sby
w3sby collected $0.12 from pot
w3sby: doesn't show hand 
*** SUMMARY ***
Total pot $0.12 | Rake $0 
Seat 1: The_LegendQc (small blind) folded before Flop
Seat 2: Dorex2007 (big blind) folded before Flop
Seat 3: Yildirim87 folded before Flop (didn't bet)
Seat 4: Count Mole folded before Flop (didn't bet)
Seat 5: Ramkha folded before Flop (didn't bet)
Seat 6: kdu paliva folded before Flop (didn't bet)
Seat 7: leopoker1 folded before Flop (didn't bet)
Seat 8: geniuss folded before Flop (didn't bet)
Seat 9: w3sby (button) collected ($0.12)



PokerStars Hand #237776840372:  Hold'em No Limit ($0.02/$0.05 USD) - 2022/08/03 20:39:49 PT [2022/08/03 23:39:49 ET]
Table 'Bootes' 9-max Seat #1 is the button
Seat 1: The_LegendQc ($3.10 in chips) 
Seat 2: Dorex2007 ($8.58 in chips) 
Seat 3: Yildirim87 ($13.38 in chips) 
Seat 4: Count Mole ($5.34 in chips) 
Seat 5: Ramkha ($6.30 in chips) 
Seat 6: kdu paliva ($2.11 in chips) 
Seat 7: leopoker1 ($5 in chips) 
Seat 8: geniuss ($5 in chips) 
Seat 9: w3sby ($5.07 in chips) 
Dorex2007: posts small blind $0.02
Yildirim87: posts big blind $0.05
*** HOLE CARDS ***
Dealt to Dorex2007 [9c 2s]
Count Mole: raises $0.10 to $0.15
Ramkha: folds 
kdu paliva: folds 
leopoker1: calls $0.15
geniuss: folds 
w3sby: folds 
The_LegendQc: folds 
Dorex2007: folds 
Yildirim87: calls $0.10
*** FLOP *** [3h 2c Js]
Yildirim87: checks 
Count Mole: checks 
leopoker1 has timed out
leopoker1: checks 
*** TURN *** [3h 2c Js] [3s]
Yildirim87: checks 
Count Mole: checks 
leopoker1: checks 
*** RIVER *** [3h 2c Js 3s] [Kd]
Yildirim87: checks 
Count Mole: bets $0.22
leopoker1: folds 
Yildirim87: folds 
Uncalled bet ($0.22) returned to Count Mole
Count Mole collected $0.45 from pot
Count Mole: doesn't show hand 
*** SUMMARY ***
Total pot $0.47 | Rake $0.02 
Board [3h 2c Js 3s Kd]
Seat 1: The_LegendQc (button) folded before Flop (didn't bet)
Seat 2: Dorex2007 (small blind) folded before Flop
Seat 3: Yildirim87 (big blind) folded on the River
Seat 4: Count Mole collected ($0.45)
Seat 5: Ramkha folded before Flop (didn't bet)
Seat 6: kdu paliva folded before Flop (didn't bet)
Seat 7: leopoker1 folded on the River
Seat 8: geniuss folded before Flop (didn't bet)
Seat 9: w3sby folded before Flop (didn't bet)



PokerStars Hand #237776852448:  Hold'em No Limit ($0.02/$0.05 USD) - 2022/08/03 20:41:12 PT [2022/08/03 23:41:12 ET]
Table 'Bootes' 9-max Seat #2 is the button
Seat 1: The_LegendQc ($3.10 in chips) 
Seat 2: Dorex2007 ($8.56 in chips) 
Seat 3: Yildirim87 ($13.23 in chips) 
Seat 4: Count Mole ($5.64 in chips) 
Seat 5: Ramkha ($6.30 in chips) 
Seat 6: kdu paliva ($2.11 in chips) 
Seat 7: leopoker1 ($5 in chips) 
Seat 8: geniuss ($5 in chips) 
Seat 9: w3sby ($5.07 in chips) 
Yildirim87: posts small blind $0.02
Count Mole: posts big blind $0.05
*** HOLE CARDS ***
Dealt to Dorex2007 [Js 2h]
Ramkha: calls $0.05
kdu paliva: folds 
leopoker1: folds 
geniuss: folds 
w3sby: folds 
The_LegendQc: folds 
Dorex2007: folds 
Yildirim87: folds 
Count Mole: checks 
*** FLOP *** [3s 4d 4h]
Count Mole: checks 
Ramkha: bets $0.10
Count Mole: folds 
Uncalled bet ($0.10) returned to Ramkha
Ramkha collected $0.12 from pot
Ramkha: doesn't show hand 
*** SUMMARY ***
Total pot $0.12 | Rake $0 
Board [3s 4d 4h]
Seat 1: The_LegendQc folded before Flop (didn't bet)
Seat 2: Dorex2007 (button) folded before Flop (didn't bet)
Seat 3: Yildirim87 (small blind) folded before Flop
Seat 4: Count Mole (big blind) folded on the Flop
Seat 5: Ramkha collected ($0.12)
Seat 6: kdu paliva folded before Flop (didn't bet)
Seat 7: leopoker1 folded before Flop (didn't bet)
Seat 8: geniuss folded before Flop (didn't bet)
Seat 9: w3sby folded before Flop (didn't bet)



PokerStars Hand #237776857641:  Hold'em No Limit ($0.02/$0.05 USD) - 2022/08/03 20:41:48 PT [2022/08/03 23:41:48 ET]
Table 'Bootes' 9-max Seat #3 is the button
Seat 1: The_LegendQc ($3.10 in chips) 
Seat 2: Dorex2007 ($8.56 in chips) 
Seat 3: Yildirim87 ($13.21 in chips) 
Seat 4: Count Mole ($5.59 in chips) 
Seat 5: Ramkha ($6.37 in chips) 
Seat 6: kdu paliva ($2.11 in chips) 
Seat 7: leopoker1 ($5 in chips) 
Seat 8: geniuss ($5 in chips) 
Seat 9: w3sby ($5.07 in chips) 
Count Mole: posts small blind $0.02
Ramkha: posts big blind $0.05
*** HOLE CARDS ***
Dealt to Dorex2007 [Ah 3s]
kdu paliva: folds 
leopoker1: raises $0.05 to $0.10
geniuss: folds 
w3sby: folds 
The_LegendQc: folds 
Dorex2007: folds 
Yildirim87: folds 
Count Mole: folds 
Ramkha: folds 
Uncalled bet ($0.05) returned to leopoker1
leopoker1 collected $0.12 from pot
leopoker1: doesn't show hand 
*** SUMMARY ***
Total pot $0.12 | Rake $0 
Seat 1: The_LegendQc folded before Flop (didn't bet)
Seat 2: Dorex2007 folded before Flop (didn't bet)
Seat 3: Yildirim87 (button) folded before Flop (didn't bet)
Seat 4: Count Mole (small blind) folded before Flop
Seat 5: Ramkha (big blind) folded before Flop
Seat 6: kdu paliva folded before Flop (didn't bet)
Seat 7: leopoker1 collected ($0.12)
Seat 8: geniuss folded before Flop (didn't bet)
Seat 9: w3sby folded before Flop (didn't bet)



PokerStars Hand #237776861627:  Hold'em No Limit ($0.02/$0.05 USD) - 2022/08/03 20:42:16 PT [2022/08/03 23:42:16 ET]
Table 'Bootes' 9-max Seat #4 is the button
Seat 1: The_LegendQc ($3.10 in chips) 
Seat 2: Dorex2007 ($8.56 in chips) 
Seat 3: Yildirim87 ($13.21 in chips) 
Seat 4: Count Mole ($5.57 in chips) 
Seat 5: Ramkha ($6.32 in chips) 
Seat 6: kdu paliva ($2.11 in chips) 
Seat 7: leopoker1 ($5.07 in chips) 
Seat 8: geniuss ($5 in chips) 
Seat 9: w3sby ($5.07 in chips) 
Ramkha: posts small blind $0.02
kdu paliva: posts big blind $0.05
*** HOLE CARDS ***
Dealt to Dorex2007 [Tc Kd]
leopoker1: folds 
geniuss: folds 
w3sby: folds 
The_LegendQc: folds 
Dorex2007: folds 
Yildirim87: folds 
Count Mole: folds 
Ramkha: raises $0.10 to $0.15
kdu paliva: folds 
Uncalled bet ($0.10) returned to Ramkha
Ramkha collected $0.10 from pot
Ramkha: doesn't show hand 
*** SUMMARY ***
Total pot $0.10 | Rake $0 
Seat 1: The_LegendQc folded before Flop (didn't bet)
Seat 2: Dorex2007 folded before Flop (didn't bet)
Seat 3: Yildirim87 folded before Flop (didn't bet)
Seat 4: Count Mole (button) folded before Flop (didn't bet)
Seat 5: Ramkha (small blind) collected ($0.10)
Seat 6: kdu paliva (big blind) folded before Flop
Seat 7: leopoker1 folded before Flop (didn't bet)
Seat 8: geniuss folded before Flop (didn't bet)
Seat 9: w3sby folded before Flop (didn't bet)



PokerStars Hand #237776866293:  Hold'em No Limit ($0.02/$0.05 USD) - 2022/08/03 20:42:48 PT [2022/08/03 23:42:48 ET]
Table 'Bootes' 9-max Seat #5 is the button
Seat 1: The_LegendQc ($3.10 in chips) 
Seat 2: Dorex2007 ($8.56 in chips) 
Seat 3: Yildirim87 ($13.21 in chips) 
Seat 4: Count Mole ($5.57 in chips) 
Seat 5: Ramkha ($6.37 in chips) 
Seat 6: kdu paliva ($2.06 in chips) 
Seat 7: leopoker1 ($5.07 in chips) 
Seat 8: geniuss ($5 in chips) 
Seat 9: w3sby ($5.07 in chips) 
kdu paliva: posts small blind $0.02
leopoker1: posts big blind $0.05
*** HOLE CARDS ***
Dealt to Dorex2007 [Qs Kh]
geniuss: raises $0.07 to $0.12
w3sby: folds 
The_LegendQc: folds 
Dorex2007: calls $0.12
Yildirim87: folds 
Count Mole: folds 
Ramkha: folds 
kdu paliva: folds 
leopoker1: folds 
*** FLOP *** [7d 3s 3d]
geniuss: checks 
Dorex2007: checks 
*** TURN *** [7d 3s 3d] [Ks]
geniuss: bets $0.26
Dorex2007: calls $0.26
*** RIVER *** [7d 3s 3d Ks] [2h]
geniuss: bets $0.80
Dorex2007: calls $0.80
*** SHOW DOWN ***
geniuss: shows [Ac As] (two pair, Aces and Threes)
Dorex2007: mucks hand 
geniuss collected $2.33 from pot
*** SUMMARY ***
Total pot $2.43 | Rake $0.10 
Board [7d 3s 3d Ks 2h]
Seat 1: The_LegendQc folded before Flop (didn't bet)
Seat 2: Dorex2007 mucked [Qs Kh]
Seat 3: Yildirim87 folded before Flop (didn't bet)
Seat 4: Count Mole folded before Flop (didn't bet)
Seat 5: Ramkha (button) folded before Flop (didn't bet)
Seat 6: kdu paliva (small blind) folded before Flop
Seat 7: leopoker1 (big blind) folded before Flop
Seat 8: geniuss showed [Ac As] and won ($2.33) with two pair, Aces and Threes
Seat 9: w3sby folded before Flop (didn't bet)



PokerStars Hand #237776875284:  Hold'em No Limit ($0.02/$0.05 USD) - 2022/08/03 20:43:49 PT [2022/08/03 23:43:49 ET]
Table 'Bootes' 9-max Seat #6 is the button
Seat 1: The_LegendQc ($3.10 in chips) 
Seat 2: Dorex2007 ($7.38 in chips) 
Seat 3: Yildirim87 ($13.21 in chips) 
Seat 4: Count Mole ($5.57 in chips) 
Seat 5: Ramkha ($6.37 in chips) 
Seat 6: kdu paliva ($2.04 in chips) 
Seat 7: leopoker1 ($5.02 in chips) 
Seat 8: geniuss ($6.15 in chips) 
Seat 9: w3sby ($5.07 in chips) 
leopoker1: posts small blind $0.02
geniuss: posts big blind $0.05
*** HOLE CARDS ***
Dealt to Dorex2007 [6d 3h]
w3sby: folds 
The_LegendQc: folds 
Dorex2007: folds 
Yildirim87: folds 
Count Mole: folds 
Ramkha: raises $0.07 to $0.12
kdu paliva: folds 
leopoker1: folds 
geniuss: calls $0.07
*** FLOP *** [7h 4c 4s]
geniuss: checks 
Ramkha: bets $0.08
geniuss: folds 
Uncalled bet ($0.08) returned to Ramkha
Ramkha collected $0.25 from pot
Ramkha: doesn't show hand 
*** SUMMARY ***
Total pot $0.26 | Rake $0.01 
Board [7h 4c 4s]
Seat 1: The_LegendQc folded before Flop (didn't bet)
Seat 2: Dorex2007 folded before Flop (didn't bet)
Seat 3: Yildirim87 folded before Flop (didn't bet)
Seat 4: Count Mole folded before Flop (didn't bet)
Seat 5: Ramkha collected ($0.25)
Seat 6: kdu paliva (button) folded before Flop (didn't bet)
Seat 7: leopoker1 (small blind) folded before Flop
Seat 8: geniuss (big blind) folded on the Flop
Seat 9: w3sby folded before Flop (didn't bet)



