PokerStars Hand #233215167447:  Hold'em No Limit ($0.01/$0.02 USD) - 2022/01/17 0:11:36 PT [2022/01/17 3:11:36 ET]
Table 'Kapaneus II' 9-max Seat #9 is the button
Seat 1: arianagray ($1 in chips) 
Seat 2: santibaron ($1.91 in chips) 
Seat 3: BulletsEatR ($0.96 in chips) 
Seat 4: fabel0712 ($0.86 in chips) 
Seat 5: iNteldrive ($2.83 in chips) 
Seat 7: CHL4R4 ($0.79 in chips) 
Seat 8: Dorex2007 ($2 in chips) 
Seat 9: FriendOfSamT ($2 in chips) 
arianagray: posts small blind $0.01
santibaron: posts big blind $0.02
Dorex2007: posts big blind $0.02
*** HOLE CARDS ***
Dealt to Dorex2007 [Tc Kc]
BulletsEatR: folds 
fabel0712: calls $0.02
iNteldrive: folds 
CHL4R4: folds 
Dorex2007: raises $0.04 to $0.06
FriendOfSamT: calls $0.06
arianagray: folds 
santibaron: calls $0.04
fabel0712: folds 
*** FLOP *** [8d 7d Th]
santibaron: bets $0.20
Dorex2007: folds 
FriendOfSamT: folds 
Uncalled bet ($0.20) returned to santibaron
santibaron collected $0.20 from pot
*** SUMMARY ***
Total pot $0.21 | Rake $0.01 
Board [8d 7d Th]
Seat 1: arianagray (small blind) folded before Flop
Seat 2: santibaron (big blind) collected ($0.20)
Seat 3: BulletsEatR folded before Flop (didn't bet)
Seat 4: fabel0712 folded before Flop
Seat 5: iNteldrive folded before Flop (didn't bet)
Seat 7: CHL4R4 folded before Flop (didn't bet)
Seat 8: Dorex2007 folded on the Flop
Seat 9: FriendOfSamT (button) folded on the Flop



PokerStars Hand #233215173652:  Hold'em No Limit ($0.01/$0.02 USD) - 2022/01/17 0:12:16 PT [2022/01/17 3:12:16 ET]
Table 'Kapaneus II' 9-max Seat #1 is the button
Seat 1: arianagray ($1 in chips) 
Seat 2: santibaron ($2.05 in chips) 
Seat 3: BulletsEatR ($0.96 in chips) 
Seat 4: fabel0712 ($0.84 in chips) 
Seat 5: iNteldrive ($2.83 in chips) 
Seat 7: CHL4R4 ($0.79 in chips) 
Seat 8: Dorex2007 ($2 in chips) 
Seat 9: FriendOfSamT ($2 in chips) 
santibaron: posts small blind $0.01
BulletsEatR: posts big blind $0.02
*** HOLE CARDS ***
Dealt to Dorex2007 [2d 7h]
fabel0712: calls $0.02
iNteldrive: folds 
CHL4R4: calls $0.02
Dorex2007: folds 
FriendOfSamT: folds 
arianagray: folds 
santibaron: calls $0.01
BulletsEatR: checks 
*** FLOP *** [Ks 2c 5c]
santibaron: checks 
BulletsEatR: checks 
fabel0712: bets $0.02
CHL4R4: calls $0.02
santibaron: folds 
BulletsEatR: calls $0.02
*** TURN *** [Ks 2c 5c] [6h]
BulletsEatR: bets $0.02
fabel0712: calls $0.02
CHL4R4: folds 
*** RIVER *** [Ks 2c 5c 6h] [8c]
BulletsEatR: checks 
fabel0712: bets $0.06
BulletsEatR: calls $0.06
*** SHOW DOWN ***
fabel0712: shows [Kd Th] (a pair of Kings)
BulletsEatR: shows [5h 6d] (two pair, Sixes and Fives)
BulletsEatR collected $0.29 from pot
*** SUMMARY ***
Total pot $0.30 | Rake $0.01 
Board [Ks 2c 5c 6h 8c]
Seat 1: arianagray (button) folded before Flop (didn't bet)
Seat 2: santibaron (small blind) folded on the Flop
Seat 3: BulletsEatR (big blind) showed [5h 6d] and won ($0.29) with two pair, Sixes and Fives
Seat 4: fabel0712 showed [Kd Th] and lost with a pair of Kings
Seat 5: iNteldrive folded before Flop (didn't bet)
Seat 7: CHL4R4 folded on the Turn
Seat 8: Dorex2007 folded before Flop (didn't bet)
Seat 9: FriendOfSamT folded before Flop (didn't bet)



PokerStars Hand #233215180375:  Hold'em No Limit ($0.01/$0.02 USD) - 2022/01/17 0:12:58 PT [2022/01/17 3:12:58 ET]
Table 'Kapaneus II' 9-max Seat #2 is the button
Seat 1: arianagray ($1 in chips) 
Seat 2: santibaron ($2.03 in chips) 
Seat 3: BulletsEatR ($1.13 in chips) 
Seat 4: fabel0712 ($0.72 in chips) 
Seat 5: iNteldrive ($2.83 in chips) 
Seat 7: CHL4R4 ($0.75 in chips) 
Seat 8: Dorex2007 ($2 in chips) 
Seat 9: FriendOfSamT ($2 in chips) 
BulletsEatR: posts small blind $0.01
fabel0712: posts big blind $0.02
*** HOLE CARDS ***
Dealt to Dorex2007 [Jd 9c]
iNteldrive: folds 
CHL4R4: folds 
Dorex2007: folds 
FriendOfSamT: folds 
arianagray: raises $0.02 to $0.04
santibaron: calls $0.04
BulletsEatR: raises $0.02 to $0.06
fabel0712: calls $0.04
arianagray: calls $0.02
santibaron: calls $0.02
*** FLOP *** [6c 8d 3h]
BulletsEatR: bets $0.02
fabel0712: calls $0.02
arianagray: folds 
santibaron: calls $0.02
*** TURN *** [6c 8d 3h] [4s]
BulletsEatR: checks 
fabel0712: checks 
santibaron: bets $0.20
BulletsEatR: raises $0.85 to $1.05 and is all-in
fabel0712: folds 
santibaron: calls $0.85
*** RIVER *** [6c 8d 3h 4s] [4h]
*** SHOW DOWN ***
BulletsEatR: shows [6s 6d] (a full house, Sixes full of Fours)
santibaron: shows [2c 2d] (two pair, Fours and Deuces)
BulletsEatR collected $2.32 from pot
*** SUMMARY ***
Total pot $2.40 | Rake $0.08 
Board [6c 8d 3h 4s 4h]
Seat 1: arianagray folded on the Flop
Seat 2: santibaron (button) showed [2c 2d] and lost with two pair, Fours and Deuces
Seat 3: BulletsEatR (small blind) showed [6s 6d] and won ($2.32) with a full house, Sixes full of Fours
Seat 4: fabel0712 (big blind) folded on the Turn
Seat 5: iNteldrive folded before Flop (didn't bet)
Seat 7: CHL4R4 folded before Flop (didn't bet)
Seat 8: Dorex2007 folded before Flop (didn't bet)
Seat 9: FriendOfSamT folded before Flop (didn't bet)



PokerStars Hand #233215199454:  Hold'em No Limit ($0.01/$0.02 USD) - 2022/01/17 0:13:59 PT [2022/01/17 3:13:59 ET]
Table 'Kapaneus II' 9-max Seat #3 is the button
Seat 1: arianagray ($1 in chips) 
Seat 2: santibaron ($0.90 in chips) 
Seat 3: BulletsEatR ($2.32 in chips) 
Seat 4: fabel0712 ($0.64 in chips) 
Seat 5: iNteldrive ($2.83 in chips) 
Seat 7: CHL4R4 ($0.75 in chips) 
Seat 8: Dorex2007 ($2 in chips) 
Seat 9: FriendOfSamT ($2 in chips) 
fabel0712: posts small blind $0.01
iNteldrive: posts big blind $0.02
*** HOLE CARDS ***
Dealt to Dorex2007 [4c 7h]
CHL4R4: folds 
Dorex2007: folds 
FriendOfSamT: calls $0.02
arianagray: folds 
santibaron: folds 
BulletsEatR: folds 
fabel0712: calls $0.01
iNteldrive: checks 
*** FLOP *** [Ad 2h 3d]
fabel0712: bets $0.02
iNteldrive: calls $0.02
FriendOfSamT: calls $0.02
*** TURN *** [Ad 2h 3d] [Js]
fabel0712: checks 
iNteldrive: checks 
FriendOfSamT: bets $0.06
fabel0712: folds 
iNteldrive: folds 
Uncalled bet ($0.06) returned to FriendOfSamT
FriendOfSamT collected $0.12 from pot
FriendOfSamT: doesn't show hand 
*** SUMMARY ***
Total pot $0.12 | Rake $0 
Board [Ad 2h 3d Js]
Seat 1: arianagray folded before Flop (didn't bet)
Seat 2: santibaron folded before Flop (didn't bet)
Seat 3: BulletsEatR (button) folded before Flop (didn't bet)
Seat 4: fabel0712 (small blind) folded on the Turn
Seat 5: iNteldrive (big blind) folded on the Turn
Seat 7: CHL4R4 folded before Flop (didn't bet)
Seat 8: Dorex2007 folded before Flop (didn't bet)
Seat 9: FriendOfSamT collected ($0.12)



PokerStars Hand #233215205576:  Hold'em No Limit ($0.01/$0.02 USD) - 2022/01/17 0:14:37 PT [2022/01/17 3:14:37 ET]
Table 'Kapaneus II' 9-max Seat #4 is the button
Seat 1: arianagray ($1 in chips) 
Seat 2: santibaron ($0.90 in chips) 
Seat 3: BulletsEatR ($2.32 in chips) 
Seat 4: fabel0712 ($0.60 in chips) 
Seat 5: iNteldrive ($2.79 in chips) 
Seat 7: CHL4R4 ($0.75 in chips) 
Seat 8: Dorex2007 ($2 in chips) 
Seat 9: FriendOfSamT ($2.08 in chips) 
iNteldrive: posts small blind $0.01
CHL4R4: posts big blind $0.02
*** HOLE CARDS ***
Dealt to Dorex2007 [7d Qd]
Dorex2007: folds 
FriendOfSamT: folds 
arianagray: folds 
santibaron: raises $0.03 to $0.05
BulletsEatR: calls $0.05
fabel0712: folds 
iNteldrive: folds 
CHL4R4: folds 
*** FLOP *** [Js Kc Td]
santibaron: checks 
BulletsEatR: checks 
*** TURN *** [Js Kc Td] [Kh]
santibaron: checks 
BulletsEatR: bets $0.02
santibaron: folds 
Uncalled bet ($0.02) returned to BulletsEatR
BulletsEatR collected $0.13 from pot
BulletsEatR: doesn't show hand 
*** SUMMARY ***
Total pot $0.13 | Rake $0 
Board [Js Kc Td Kh]
Seat 1: arianagray folded before Flop (didn't bet)
Seat 2: santibaron folded on the Turn
Seat 3: BulletsEatR collected ($0.13)
Seat 4: fabel0712 (button) folded before Flop (didn't bet)
Seat 5: iNteldrive (small blind) folded before Flop
Seat 7: CHL4R4 (big blind) folded before Flop
Seat 8: Dorex2007 folded before Flop (didn't bet)
Seat 9: FriendOfSamT folded before Flop (didn't bet)



PokerStars Hand #233215211526:  Hold'em No Limit ($0.01/$0.02 USD) - 2022/01/17 0:15:14 PT [2022/01/17 3:15:14 ET]
Table 'Kapaneus II' 9-max Seat #5 is the button
Seat 1: arianagray ($1 in chips) 
Seat 2: santibaron ($0.85 in chips) 
Seat 3: BulletsEatR ($2.40 in chips) 
Seat 4: fabel0712 ($0.60 in chips) 
Seat 5: iNteldrive ($2.78 in chips) 
Seat 7: CHL4R4 ($0.73 in chips) 
Seat 8: Dorex2007 ($2 in chips) 
Seat 9: FriendOfSamT ($2.08 in chips) 
CHL4R4: posts small blind $0.01
Dorex2007: posts big blind $0.02
*** HOLE CARDS ***
Dealt to Dorex2007 [3d 6c]
FriendOfSamT: folds 
arianagray: folds 
santibaron: raises $0.04 to $0.06
BulletsEatR: folds 
fabel0712: calls $0.06
iNteldrive: folds 
CHL4R4: calls $0.05
Dorex2007: folds 
*** FLOP *** [2s 4s Kd]
CHL4R4: checks 
santibaron: checks 
fabel0712: checks 
*** TURN *** [2s 4s Kd] [7c]
CHL4R4: bets $0.09
santibaron: folds 
fabel0712: calls $0.09
*** RIVER *** [2s 4s Kd 7c] [4d]
CHL4R4: checks 
fabel0712: bets $0.06
CHL4R4: folds 
Uncalled bet ($0.06) returned to fabel0712
fabel0712 collected $0.37 from pot
fabel0712: doesn't show hand 
*** SUMMARY ***
Total pot $0.38 | Rake $0.01 
Board [2s 4s Kd 7c 4d]
Seat 1: arianagray folded before Flop (didn't bet)
Seat 2: santibaron folded on the Turn
Seat 3: BulletsEatR folded before Flop (didn't bet)
Seat 4: fabel0712 collected ($0.37)
Seat 5: iNteldrive (button) folded before Flop (didn't bet)
Seat 7: CHL4R4 (small blind) folded on the River
Seat 8: Dorex2007 (big blind) folded before Flop
Seat 9: FriendOfSamT folded before Flop (didn't bet)



PokerStars Hand #233215222818:  Hold'em No Limit ($0.01/$0.02 USD) - 2022/01/17 0:16:23 PT [2022/01/17 3:16:23 ET]
Table 'Kapaneus II' 9-max Seat #7 is the button
Seat 1: arianagray ($1 in chips) 
Seat 2: santibaron ($0.79 in chips) 
Seat 3: BulletsEatR ($2.40 in chips) 
Seat 4: fabel0712 ($0.82 in chips) 
Seat 5: iNteldrive ($2.78 in chips) 
Seat 7: CHL4R4 ($0.58 in chips) 
Seat 8: Dorex2007 ($2 in chips) 
Seat 9: FriendOfSamT ($2.08 in chips) 
Dorex2007: posts small blind $0.01
FriendOfSamT: posts big blind $0.02
*** HOLE CARDS ***
Dealt to Dorex2007 [Js 8c]
arianagray: folds 
santibaron: folds 
BulletsEatR: calls $0.02
fabel0712: folds 
iNteldrive: folds 
CHL4R4: calls $0.02
Dorex2007: calls $0.01
FriendOfSamT: raises $0.08 to $0.10
BulletsEatR: calls $0.08
CHL4R4: calls $0.08
Dorex2007: folds 
*** FLOP *** [As Ad Jd]
FriendOfSamT: bets $0.13
BulletsEatR: raises $0.13 to $0.26
CHL4R4: folds 
FriendOfSamT: calls $0.13
*** TURN *** [As Ad Jd] [Qh]
FriendOfSamT: checks 
BulletsEatR: bets $0.44
FriendOfSamT: folds 
Uncalled bet ($0.44) returned to BulletsEatR
BulletsEatR collected $0.81 from pot
BulletsEatR: doesn't show hand 
*** SUMMARY ***
Total pot $0.84 | Rake $0.03 
Board [As Ad Jd Qh]
Seat 1: arianagray folded before Flop (didn't bet)
Seat 2: santibaron folded before Flop (didn't bet)
Seat 3: BulletsEatR collected ($0.81)
Seat 4: fabel0712 folded before Flop (didn't bet)
Seat 5: iNteldrive folded before Flop (didn't bet)
Seat 7: CHL4R4 (button) folded on the Flop
Seat 8: Dorex2007 (small blind) folded before Flop
Seat 9: FriendOfSamT (big blind) folded on the Turn



PokerStars Hand #233215232507:  Hold'em No Limit ($0.01/$0.02 USD) - 2022/01/17 0:17:23 PT [2022/01/17 3:17:23 ET]
Table 'Kapaneus II' 9-max Seat #8 is the button
Seat 1: arianagray ($1 in chips) 
Seat 3: BulletsEatR ($2.85 in chips) 
Seat 4: fabel0712 ($0.82 in chips) 
Seat 5: iNteldrive ($2.78 in chips) 
Seat 7: CHL4R4 ($0.48 in chips) 
Seat 8: Dorex2007 ($2 in chips) 
arianagray: posts small blind $0.01
FriendOfSamT leaves the table
santibaron: is sitting out 
BulletsEatR: posts big blind $0.02
*** HOLE CARDS ***
Dealt to Dorex2007 [Td Jc]
fabel0712: folds 
santibaron leaves the table
iNteldrive: folds 
Koksmix87 joins the table at seat #9 
CHL4R4: folds 
fabel0712 leaves the table
Dorex2007: folds 
arianagray: folds 
Uncalled bet ($0.01) returned to BulletsEatR
BulletsEatR collected $0.02 from pot
BulletsEatR: doesn't show hand 
*** SUMMARY ***
Total pot $0.02 | Rake $0 
Seat 1: arianagray (small blind) folded before Flop
Seat 3: BulletsEatR (big blind) collected ($0.02)
Seat 4: fabel0712 folded before Flop (didn't bet)
Seat 5: iNteldrive folded before Flop (didn't bet)
Seat 7: CHL4R4 folded before Flop (didn't bet)
Seat 8: Dorex2007 (button) folded before Flop (didn't bet)



PokerStars Hand #233215234444:  Hold'em No Limit ($0.01/$0.02 USD) - 2022/01/17 0:17:35 PT [2022/01/17 3:17:35 ET]
Table 'Kapaneus II' 9-max Seat #1 is the button
Seat 1: arianagray ($1 in chips) 
Seat 3: BulletsEatR ($2.86 in chips) 
Seat 5: iNteldrive ($2.78 in chips) 
Seat 7: CHL4R4 ($0.48 in chips) 
Seat 8: Dorex2007 ($2 in chips) 
BulletsEatR: posts small blind $0.01
iNteldrive: posts big blind $0.02
Koksmix87: sits out 
*** HOLE CARDS ***
Dealt to Dorex2007 [8c 9h]
CHL4R4: raises $0.04 to $0.06
Dorex2007: folds 
arianagray: folds 
BulletsEatR: folds 
iNteldrive: folds 
Uncalled bet ($0.04) returned to CHL4R4
CHL4R4 collected $0.05 from pot
CHL4R4: doesn't show hand 
*** SUMMARY ***
Total pot $0.05 | Rake $0 
Seat 1: arianagray (button) folded before Flop (didn't bet)
Seat 3: BulletsEatR (small blind) folded before Flop
Seat 5: iNteldrive (big blind) folded before Flop
Seat 7: CHL4R4 collected ($0.05)
Seat 8: Dorex2007 folded before Flop (didn't bet)



PokerStars Hand #233215236276:  Hold'em No Limit ($0.01/$0.02 USD) - 2022/01/17 0:17:46 PT [2022/01/17 3:17:46 ET]
Table 'Kapaneus II' 9-max Seat #3 is the button
Seat 1: arianagray ($1 in chips) 
Seat 3: BulletsEatR ($2.85 in chips) 
Seat 5: iNteldrive ($2.76 in chips) 
Seat 7: CHL4R4 ($0.51 in chips) 
Seat 8: Dorex2007 ($2 in chips) 
iNteldrive: posts small blind $0.01
CHL4R4: posts big blind $0.02
Koksmix87: sits out 
*** HOLE CARDS ***
Dealt to Dorex2007 [Ks Qs]
Dorex2007: raises $0.02 to $0.04
bojnice21 joins the table at seat #2 
arianagray: calls $0.04
BulletsEatR: folds 
iNteldrive: folds 
CHL4R4: folds 
*** FLOP *** [8s 5h 2s]
Dorex2007: bets $0.11
arianagray: calls $0.11
*** TURN *** [8s 5h 2s] [3s]
Dorex2007: bets $0.32
bober2702 joins the table at seat #4 
arianagray: calls $0.32
*** RIVER *** [8s 5h 2s 3s] [Ts]
Dorex2007: bets $0.94
arianagray: folds 
Uncalled bet ($0.94) returned to Dorex2007
Dorex2007 collected $0.94 from pot
Dorex2007: doesn't show hand 
*** SUMMARY ***
Total pot $0.97 | Rake $0.03 
Board [8s 5h 2s 3s Ts]
Seat 1: arianagray folded on the River
Seat 3: BulletsEatR (button) folded before Flop (didn't bet)
Seat 5: iNteldrive (small blind) folded before Flop
Seat 7: CHL4R4 (big blind) folded before Flop
Seat 8: Dorex2007 collected ($0.94)



PokerStars Hand #233215243268:  Hold'em No Limit ($0.01/$0.02 USD) - 2022/01/17 0:18:28 PT [2022/01/17 3:18:28 ET]
Table 'Kapaneus II' 9-max Seat #5 is the button
Seat 1: arianagray ($1 in chips) 
Seat 2: bojnice21 ($2 in chips) 
Seat 3: BulletsEatR ($2.85 in chips) 
Seat 5: iNteldrive ($2.75 in chips) 
Seat 7: CHL4R4 ($0.49 in chips) 
Seat 8: Dorex2007 ($2.47 in chips) 
CHL4R4: posts small blind $0.01
Dorex2007: posts big blind $0.02
Koksmix87: sits out 
bojnice21: posts big blind $0.02
bober2702: sits out 
*** HOLE CARDS ***
Dealt to Dorex2007 [4c Jc]
arianagray: folds 
bojnice21: checks 
BulletsEatR: folds 
iNteldrive: folds 
CHL4R4: folds 
Dorex2007: checks 
*** FLOP *** [9c 9h 2s]
Dorex2007: checks 
bojnice21: checks 
*** TURN *** [9c 9h 2s] [Kd]
Dorex2007: checks 
bojnice21: checks 
*** RIVER *** [9c 9h 2s Kd] [7c]
Dorex2007: checks 
bojnice21: checks 
*** SHOW DOWN ***
Dorex2007: shows [4c Jc] (a pair of Nines)
bojnice21: mucks hand 
Dorex2007 collected $0.05 from pot
*** SUMMARY ***
Total pot $0.05 | Rake $0 
Board [9c 9h 2s Kd 7c]
Seat 1: arianagray folded before Flop (didn't bet)
Seat 2: bojnice21 mucked [4d 8d]
Seat 3: BulletsEatR folded before Flop (didn't bet)
Seat 5: iNteldrive (button) folded before Flop (didn't bet)
Seat 7: CHL4R4 (small blind) folded before Flop
Seat 8: Dorex2007 (big blind) showed [4c Jc] and won ($0.05) with a pair of Nines



PokerStars Hand #233215252469:  Hold'em No Limit ($0.01/$0.02 USD) - 2022/01/17 0:19:10 PT [2022/01/17 3:19:10 ET]
Table 'Kapaneus II' 9-max Seat #7 is the button
Seat 1: arianagray ($1 in chips) 
Seat 2: bojnice21 ($1.98 in chips) 
Seat 3: BulletsEatR ($2.85 in chips) 
Seat 5: iNteldrive ($2.75 in chips) 
Seat 7: CHL4R4 ($0.48 in chips) 
Seat 8: Dorex2007 ($2.50 in chips) 
Seat 9: Koksmix87 ($2 in chips) 
Dorex2007: posts small blind $0.01
Koksmix87: posts big blind $0.02
bober2702: sits out 
*** HOLE CARDS ***
Dealt to Dorex2007 [2c 3h]
arianagray: folds 
bojnice21: folds 
BulletsEatR: folds 
iNteldrive: folds 
CHL4R4: folds 
Dorex2007: folds 
Uncalled bet ($0.01) returned to Koksmix87
Koksmix87 collected $0.02 from pot
Koksmix87: doesn't show hand 
*** SUMMARY ***
Total pot $0.02 | Rake $0 
Seat 1: arianagray folded before Flop (didn't bet)
Seat 2: bojnice21 folded before Flop (didn't bet)
Seat 3: BulletsEatR folded before Flop (didn't bet)
Seat 5: iNteldrive folded before Flop (didn't bet)
Seat 7: CHL4R4 (button) folded before Flop (didn't bet)
Seat 8: Dorex2007 (small blind) folded before Flop
Seat 9: Koksmix87 (big blind) collected ($0.02)



PokerStars Hand #233215254084:  Hold'em No Limit ($0.01/$0.02 USD) - 2022/01/17 0:19:20 PT [2022/01/17 3:19:20 ET]
Table 'Kapaneus II' 9-max Seat #8 is the button
Seat 1: arianagray ($1 in chips) 
Seat 2: bojnice21 ($1.98 in chips) 
Seat 3: BulletsEatR ($2.85 in chips) 
Seat 5: iNteldrive ($2.75 in chips) 
Seat 7: CHL4R4 ($0.48 in chips) 
Seat 8: Dorex2007 ($2.49 in chips) 
Seat 9: Koksmix87 ($2.01 in chips) 
Koksmix87: posts small blind $0.01
arianagray: posts big blind $0.02
bober2702: sits out 
*** HOLE CARDS ***
Dealt to Dorex2007 [Qd Td]
bojnice21: folds 
BulletsEatR: folds 
iNteldrive: folds 
CHL4R4: calls $0.02
Dorex2007: calls $0.02
Koksmix87: folds 
arianagray: checks 
*** FLOP *** [Ts 3c Js]
arianagray: checks 
CHL4R4: checks 
Dorex2007: checks 
*** TURN *** [Ts 3c Js] [8h]
arianagray: checks 
CHL4R4: bets $0.07
Dorex2007: calls $0.07
arianagray: folds 
*** RIVER *** [Ts 3c Js 8h] [9h]
CHL4R4: checks 
Dorex2007: bets $0.20
CHL4R4: folds 
Uncalled bet ($0.20) returned to Dorex2007
Dorex2007 collected $0.20 from pot
Dorex2007: doesn't show hand 
*** SUMMARY ***
Total pot $0.21 | Rake $0.01 
Board [Ts 3c Js 8h 9h]
Seat 1: arianagray (big blind) folded on the Turn
Seat 2: bojnice21 folded before Flop (didn't bet)
Seat 3: BulletsEatR folded before Flop (didn't bet)
Seat 5: iNteldrive folded before Flop (didn't bet)
Seat 7: CHL4R4 folded on the River
Seat 8: Dorex2007 (button) collected ($0.20)
Seat 9: Koksmix87 (small blind) folded before Flop



PokerStars Hand #233215264253:  Hold'em No Limit ($0.01/$0.02 USD) - 2022/01/17 0:20:22 PT [2022/01/17 3:20:22 ET]
Table 'Kapaneus II' 9-max Seat #9 is the button
Seat 1: arianagray ($1 in chips) 
Seat 2: bojnice21 ($1.98 in chips) 
Seat 3: BulletsEatR ($2.85 in chips) 
Seat 5: iNteldrive ($2.75 in chips) 
Seat 7: CHL4R4 ($0.39 in chips) 
Seat 8: Dorex2007 ($2.60 in chips) 
Seat 9: Koksmix87 ($2 in chips) 
arianagray: posts small blind $0.01
bojnice21: posts big blind $0.02
bober2702: sits out 
*** HOLE CARDS ***
Dealt to Dorex2007 [9h 7c]
BulletsEatR: folds 
iNteldrive: folds 
CHL4R4: folds 
Dorex2007: folds 
CHL4R4 leaves the table
Koksmix87: raises $0.04 to $0.06
arianagray: folds 
bojnice21: calls $0.04
*** FLOP *** [6s 3c 7d]
bojnice21: checks 
Koksmix87: checks 
*** TURN *** [6s 3c 7d] [2d]
bojnice21: checks 
Koksmix87: checks 
*** RIVER *** [6s 3c 7d 2d] [5h]
bojnice21: checks 
Koksmix87: checks 
*** SHOW DOWN ***
bojnice21: shows [9d 5s] (a pair of Fives)
Koksmix87: mucks hand 
bojnice21 collected $0.13 from pot
*** SUMMARY ***
Total pot $0.13 | Rake $0 
Board [6s 3c 7d 2d 5h]
Seat 1: arianagray (small blind) folded before Flop
Seat 2: bojnice21 (big blind) showed [9d 5s] and won ($0.13) with a pair of Fives
Seat 3: BulletsEatR folded before Flop (didn't bet)
Seat 5: iNteldrive folded before Flop (didn't bet)
Seat 7: CHL4R4 folded before Flop (didn't bet)
Seat 8: Dorex2007 folded before Flop (didn't bet)
Seat 9: Koksmix87 (button) mucked [Kh Tc]



PokerStars Hand #233215269457:  Hold'em No Limit ($0.01/$0.02 USD) - 2022/01/17 0:20:54 PT [2022/01/17 3:20:54 ET]
Table 'Kapaneus II' 9-max Seat #1 is the button
Seat 1: arianagray ($1 in chips) 
Seat 2: bojnice21 ($2.05 in chips) 
Seat 3: BulletsEatR ($2.85 in chips) 
Seat 5: iNteldrive ($2.75 in chips) 
Seat 8: Dorex2007 ($2.60 in chips) 
Seat 9: Koksmix87 ($2 in chips) 
bojnice21: posts small blind $0.01
BulletsEatR: posts big blind $0.02
bober2702: sits out 
*** HOLE CARDS ***
Dealt to Dorex2007 [7c Js]
iNteldrive: folds 
Dorex2007: folds 
Koksmix87: folds 
arianagray: calls $0.02
bojnice21: calls $0.01
BulletsEatR: raises $0.02 to $0.04
arianagray: calls $0.02
bojnice21: calls $0.02
*** FLOP *** [2h 5s 6h]
bojnice21: checks 
BulletsEatR: checks 
arianagray: checks 
*** TURN *** [2h 5s 6h] [4s]
bojnice21: checks 
BulletsEatR: bets $0.02
arianagray: calls $0.02
bojnice21: calls $0.02
*** RIVER *** [2h 5s 6h 4s] [8d]
bojnice21: checks 
BulletsEatR: checks 
arianagray: bets $0.12
bojnice21: folds 
BulletsEatR: folds 
Uncalled bet ($0.12) returned to arianagray
arianagray collected $0.17 from pot
*** SUMMARY ***
Total pot $0.18 | Rake $0.01 
Board [2h 5s 6h 4s 8d]
Seat 1: arianagray (button) collected ($0.17)
Seat 2: bojnice21 (small blind) folded on the River
Seat 3: BulletsEatR (big blind) folded on the River
Seat 5: iNteldrive folded before Flop (didn't bet)
Seat 8: Dorex2007 folded before Flop (didn't bet)
Seat 9: Koksmix87 folded before Flop (didn't bet)



PokerStars Hand #233215277774:  Hold'em No Limit ($0.01/$0.02 USD) - 2022/01/17 0:21:46 PT [2022/01/17 3:21:46 ET]
Table 'Kapaneus II' 9-max Seat #2 is the button
Seat 1: arianagray ($1.11 in chips) 
Seat 2: bojnice21 ($1.99 in chips) 
Seat 3: BulletsEatR ($2.79 in chips) 
Seat 4: bober2702 ($2 in chips) 
Seat 5: iNteldrive ($2.75 in chips) 
Seat 8: Dorex2007 ($2.60 in chips) 
Seat 9: Koksmix87 ($2 in chips) 
BulletsEatR: posts small blind $0.01
bober2702: posts big blind $0.02
*** HOLE CARDS ***
Dealt to Dorex2007 [Ah 3c]
iNteldrive: folds 
Dorex2007: folds 
Koksmix87: folds 
arianagray: folds 
bojnice21: raises $0.04 to $0.06
BulletsEatR: folds 
bober2702: folds 
Uncalled bet ($0.04) returned to bojnice21
bojnice21 collected $0.05 from pot
bojnice21: doesn't show hand 
*** SUMMARY ***
Total pot $0.05 | Rake $0 
Seat 1: arianagray folded before Flop (didn't bet)
Seat 2: bojnice21 (button) collected ($0.05)
Seat 3: BulletsEatR (small blind) folded before Flop
Seat 4: bober2702 (big blind) folded before Flop
Seat 5: iNteldrive folded before Flop (didn't bet)
Seat 8: Dorex2007 folded before Flop (didn't bet)
Seat 9: Koksmix87 folded before Flop (didn't bet)



PokerStars Hand #233215281399:  Hold'em No Limit ($0.01/$0.02 USD) - 2022/01/17 0:22:07 PT [2022/01/17 3:22:07 ET]
Table 'Kapaneus II' 9-max Seat #3 is the button
Seat 1: arianagray ($1.11 in chips) 
Seat 2: bojnice21 ($2.02 in chips) 
Seat 3: BulletsEatR ($2.78 in chips) 
Seat 4: bober2702 ($1.98 in chips) 
Seat 5: iNteldrive ($2.75 in chips) 
Seat 8: Dorex2007 ($2.60 in chips) 
Seat 9: Koksmix87 ($2 in chips) 
bober2702: posts small blind $0.01
iNteldrive: posts big blind $0.02
*** HOLE CARDS ***
Dealt to Dorex2007 [6h 8h]
Dorex2007: folds 
Koksmix87: folds 
arianagray: raises $0.02 to $0.04
bojnice21: calls $0.04
BulletsEatR: raises $0.02 to $0.06
bober2702: folds 
iNteldrive: calls $0.04
arianagray: calls $0.02
bojnice21: calls $0.02
*** FLOP *** [3d 4d Ah]
iNteldrive: checks 
arianagray: checks 
bojnice21: checks 
BulletsEatR: checks 
*** TURN *** [3d 4d Ah] [8s]
iNteldrive: bets $0.07
arianagray: folds 
bojnice21: folds 
BulletsEatR: folds 
Uncalled bet ($0.07) returned to iNteldrive
iNteldrive collected $0.24 from pot
*** SUMMARY ***
Total pot $0.25 | Rake $0.01 
Board [3d 4d Ah 8s]
Seat 1: arianagray folded on the Turn
Seat 2: bojnice21 folded on the Turn
Seat 3: BulletsEatR (button) folded on the Turn
Seat 4: bober2702 (small blind) folded before Flop
Seat 5: iNteldrive (big blind) collected ($0.24)
Seat 8: Dorex2007 folded before Flop (didn't bet)
Seat 9: Koksmix87 folded before Flop (didn't bet)



PokerStars Hand #233215292869:  Hold'em No Limit ($0.01/$0.02 USD) - 2022/01/17 0:23:17 PT [2022/01/17 3:23:17 ET]
Table 'Kapaneus II' 9-max Seat #4 is the button
Seat 1: arianagray ($1.05 in chips) 
Seat 2: bojnice21 ($1.96 in chips) 
Seat 3: BulletsEatR ($2.72 in chips) 
Seat 4: bober2702 ($1.97 in chips) 
Seat 5: iNteldrive ($2.93 in chips) 
Seat 8: Dorex2007 ($2.60 in chips) 
Seat 9: Koksmix87 ($2 in chips) 
iNteldrive: posts small blind $0.01
Dorex2007: posts big blind $0.02
*** HOLE CARDS ***
Dealt to Dorex2007 [8c Ks]
Koksmix87: folds 
arianagray: folds 
bojnice21: folds 
BulletsEatR: folds 
bober2702: folds 
iNteldrive: calls $0.01
Dorex2007: checks 
*** FLOP *** [2d 5s Th]
iNteldrive: checks 
Dorex2007: checks 
*** TURN *** [2d 5s Th] [8h]
iNteldrive: checks 
Dorex2007: bets $0.03
iNteldrive: folds 
Uncalled bet ($0.03) returned to Dorex2007
Dorex2007 collected $0.04 from pot
SlavikPuha leaves the table
Dorex2007: doesn't show hand 
*** SUMMARY ***
Total pot $0.04 | Rake $0 
Board [2d 5s Th 8h]
Seat 1: arianagray folded before Flop (didn't bet)
Seat 2: bojnice21 folded before Flop (didn't bet)
Seat 3: BulletsEatR folded before Flop (didn't bet)
Seat 4: bober2702 (button) folded before Flop (didn't bet)
Seat 5: iNteldrive (small blind) folded on the Turn
Seat 8: Dorex2007 (big blind) collected ($0.04)
Seat 9: Koksmix87 folded before Flop (didn't bet)



PokerStars Hand #233215299326:  Hold'em No Limit ($0.01/$0.02 USD) - 2022/01/17 0:23:57 PT [2022/01/17 3:23:57 ET]
Table 'Kapaneus II' 9-max Seat #5 is the button
Seat 1: arianagray ($1.05 in chips) 
Seat 2: bojnice21 ($1.96 in chips) 
Seat 3: BulletsEatR ($2.72 in chips) 
Seat 4: bober2702 ($1.97 in chips) 
Seat 5: iNteldrive ($2.91 in chips) 
Seat 8: Dorex2007 ($2.62 in chips) 
Seat 9: Koksmix87 ($2 in chips) 
Dorex2007: posts small blind $0.01
Koksmix87: posts big blind $0.02
*** HOLE CARDS ***
Dealt to Dorex2007 [Kd 4h]
arianagray: folds 
bojnice21: folds 
BulletsEatR: folds 
bober2702: folds 
iNteldrive: folds 
Dorex2007: calls $0.01
Koksmix87: checks 
*** FLOP *** [5s 2s Js]
Dorex2007: checks 
Koksmix87: bets $0.02
Dorex2007: folds 
Uncalled bet ($0.02) returned to Koksmix87
Koksmix87 collected $0.04 from pot
Koksmix87: doesn't show hand 
*** SUMMARY ***
Total pot $0.04 | Rake $0 
Board [5s 2s Js]
Seat 1: arianagray folded before Flop (didn't bet)
Seat 2: bojnice21 folded before Flop (didn't bet)
Seat 3: BulletsEatR folded before Flop (didn't bet)
Seat 4: bober2702 folded before Flop (didn't bet)
Seat 5: iNteldrive (button) folded before Flop (didn't bet)
Seat 8: Dorex2007 (small blind) folded on the Flop
Seat 9: Koksmix87 (big blind) collected ($0.04)



PokerStars Hand #233215304066:  Hold'em No Limit ($0.01/$0.02 USD) - 2022/01/17 0:24:26 PT [2022/01/17 3:24:26 ET]
Table 'Kapaneus II' 9-max Seat #8 is the button
Seat 1: arianagray ($1.05 in chips) 
Seat 2: bojnice21 ($1.96 in chips) 
Seat 3: BulletsEatR ($2.72 in chips) 
Seat 4: bober2702 ($1.97 in chips) 
Seat 5: iNteldrive ($2.91 in chips) 
Seat 8: Dorex2007 ($2.60 in chips) 
Seat 9: Koksmix87 ($2.02 in chips) 
Koksmix87: posts small blind $0.01
arianagray: posts big blind $0.02
*** HOLE CARDS ***
Dealt to Dorex2007 [2h Tc]
bojnice21: folds 
BulletsEatR: folds 
bober2702: folds 
iNteldrive: folds 
Dorex2007: folds 
Koksmix87: raises $0.04 to $0.06
arianagray: folds 
Uncalled bet ($0.04) returned to Koksmix87
Koksmix87 collected $0.04 from pot
Koksmix87: doesn't show hand 
*** SUMMARY ***
Total pot $0.04 | Rake $0 
Seat 1: arianagray (big blind) folded before Flop
Seat 2: bojnice21 folded before Flop (didn't bet)
Seat 3: BulletsEatR folded before Flop (didn't bet)
Seat 4: bober2702 folded before Flop (didn't bet)
Seat 5: iNteldrive folded before Flop (didn't bet)
Seat 8: Dorex2007 (button) folded before Flop (didn't bet)
Seat 9: Koksmix87 (small blind) collected ($0.04)



PokerStars Hand #233215306073:  Hold'em No Limit ($0.01/$0.02 USD) - 2022/01/17 0:24:38 PT [2022/01/17 3:24:38 ET]
Table 'Kapaneus II' 9-max Seat #9 is the button
Seat 1: arianagray ($1.03 in chips) 
Seat 2: bojnice21 ($1.96 in chips) 
Seat 3: BulletsEatR ($2.72 in chips) 
Seat 4: bober2702 ($1.97 in chips) 
Seat 8: Dorex2007 ($2.60 in chips) 
Seat 9: Koksmix87 ($2.04 in chips) 
arianagray: posts small blind $0.01
bojnice21: posts big blind $0.02
*** HOLE CARDS ***
Dealt to Dorex2007 [8d Jd]
BulletsEatR: folds 
bober2702: folds 
Dorex2007: folds 
Koksmix87: raises $0.04 to $0.06
arianagray: folds 
bojnice21: calls $0.04
*** FLOP *** [7s Kd 5c]
bojnice21: checks 
Koksmix87: checks 
*** TURN *** [7s Kd 5c] [As]
bojnice21: bets $0.13
Koksmix87: folds 
Uncalled bet ($0.13) returned to bojnice21
bojnice21 collected $0.13 from pot
bojnice21: doesn't show hand 
*** SUMMARY ***
Total pot $0.13 | Rake $0 
Board [7s Kd 5c As]
Seat 1: arianagray (small blind) folded before Flop
Seat 2: bojnice21 (big blind) collected ($0.13)
Seat 3: BulletsEatR folded before Flop (didn't bet)
Seat 4: bober2702 folded before Flop (didn't bet)
Seat 8: Dorex2007 folded before Flop (didn't bet)
Seat 9: Koksmix87 (button) folded on the Turn



PokerStars Hand #233215312053:  Hold'em No Limit ($0.01/$0.02 USD) - 2022/01/17 0:25:15 PT [2022/01/17 3:25:15 ET]
Table 'Kapaneus II' 9-max Seat #1 is the button
Seat 1: arianagray ($1.02 in chips) 
Seat 2: bojnice21 ($2.03 in chips) 
Seat 3: BulletsEatR ($2.72 in chips) 
Seat 4: bober2702 ($1.97 in chips) 
Seat 8: Dorex2007 ($2.60 in chips) 
Seat 9: Koksmix87 ($2 in chips) 
bojnice21: posts small blind $0.01
BulletsEatR: posts big blind $0.02
*** HOLE CARDS ***
Dealt to Dorex2007 [Qc 2d]
bober2702: folds 
Dorex2007: folds 
Koksmix87: raises $0.04 to $0.06
arianagray: calls $0.06
bojnice21: folds 
BulletsEatR: raises $0.04 to $0.10
Wayniak187 joins the table at seat #6 
Koksmix87: calls $0.04
arianagray: calls $0.04
*** FLOP *** [Ah 4s 7h]
BulletsEatR: bets $0.02
Koksmix87: folds 
arianagray: folds 
Uncalled bet ($0.02) returned to BulletsEatR
BulletsEatR collected $0.30 from pot
BulletsEatR: doesn't show hand 
*** SUMMARY ***
Total pot $0.31 | Rake $0.01 
Board [Ah 4s 7h]
Seat 1: arianagray (button) folded on the Flop
Seat 2: bojnice21 (small blind) folded before Flop
Seat 3: BulletsEatR (big blind) collected ($0.30)
Seat 4: bober2702 folded before Flop (didn't bet)
Seat 8: Dorex2007 folded before Flop (didn't bet)
Seat 9: Koksmix87 folded on the Flop



PokerStars Hand #233215317141:  Hold'em No Limit ($0.01/$0.02 USD) - 2022/01/17 0:25:46 PT [2022/01/17 3:25:46 ET]
Table 'Kapaneus II' 9-max Seat #2 is the button
Seat 1: arianagray ($1 in chips) 
Seat 2: bojnice21 ($2.02 in chips) 
Seat 3: BulletsEatR ($2.92 in chips) 
Seat 4: bober2702 ($1.97 in chips) 
Seat 8: Dorex2007 ($2.60 in chips) 
Seat 9: Koksmix87 ($2 in chips) 
BulletsEatR: posts small blind $0.01
bober2702: posts big blind $0.02
Wayniak187: sits out 
*** HOLE CARDS ***
Dealt to Dorex2007 [As 6h]
Dorex2007: folds 
Koksmix87: folds 
arianagray: folds 
bojnice21: raises $0.04 to $0.06
BulletsEatR: folds 
bober2702: folds 
Uncalled bet ($0.04) returned to bojnice21
bojnice21 collected $0.05 from pot
bojnice21: doesn't show hand 
*** SUMMARY ***
Total pot $0.05 | Rake $0 
Seat 1: arianagray folded before Flop (didn't bet)
Seat 2: bojnice21 (button) collected ($0.05)
Seat 3: BulletsEatR (small blind) folded before Flop
Seat 4: bober2702 (big blind) folded before Flop
Seat 8: Dorex2007 folded before Flop (didn't bet)
Seat 9: Koksmix87 folded before Flop (didn't bet)



PokerStars Hand #233215319110:  Hold'em No Limit ($0.01/$0.02 USD) - 2022/01/17 0:25:58 PT [2022/01/17 3:25:58 ET]
Table 'Kapaneus II' 9-max Seat #3 is the button
Seat 1: arianagray ($1 in chips) 
Seat 2: bojnice21 ($2.05 in chips) 
Seat 3: BulletsEatR ($2.91 in chips) 
Seat 4: bober2702 ($1.95 in chips) 
Seat 6: Wayniak187 ($2 in chips) 
Seat 8: Dorex2007 ($2.60 in chips) 
Seat 9: Koksmix87 ($2 in chips) 
bober2702: posts small blind $0.01
Wayniak187: posts big blind $0.02
*** HOLE CARDS ***
Dealt to Dorex2007 [Th 2s]
Dorex2007: folds 
Koksmix87: raises $0.04 to $0.06
arianagray: folds 
bojnice21: calls $0.06
BulletsEatR: calls $0.06
bober2702: folds 
Wayniak187 has timed out
Wayniak187: folds 
*** FLOP *** [8h Ts Kh]
Koksmix87: checks 
bojnice21: checks 
BulletsEatR: checks 
*** TURN *** [8h Ts Kh] [3h]
Koksmix87: checks 
bojnice21: checks 
BulletsEatR: bets $0.05
Koksmix87: folds 
bojnice21: folds 
Uncalled bet ($0.05) returned to BulletsEatR
BulletsEatR collected $0.20 from pot
BulletsEatR: doesn't show hand 
*** SUMMARY ***
Total pot $0.21 | Rake $0.01 
Board [8h Ts Kh 3h]
Seat 1: arianagray folded before Flop (didn't bet)
Seat 2: bojnice21 folded on the Turn
Seat 3: BulletsEatR (button) collected ($0.20)
Seat 4: bober2702 (small blind) folded before Flop
Seat 6: Wayniak187 (big blind) folded before Flop
Seat 8: Dorex2007 folded before Flop (didn't bet)
Seat 9: Koksmix87 folded on the Turn



PokerStars Hand #233215332726:  Hold'em No Limit ($0.01/$0.02 USD) - 2022/01/17 0:27:20 PT [2022/01/17 3:27:20 ET]
Table 'Kapaneus II' 9-max Seat #4 is the button
Seat 1: arianagray ($1 in chips) 
Seat 2: bojnice21 ($1.99 in chips) 
Seat 3: BulletsEatR ($3.05 in chips) 
Seat 4: bober2702 ($1.94 in chips) 
Seat 6: Wayniak187 ($1.98 in chips) 
Seat 8: Dorex2007 ($2.60 in chips) 
Seat 9: Koksmix87 ($2 in chips) 
Wayniak187: posts small blind $0.01
Dorex2007: posts big blind $0.02
*** HOLE CARDS ***
Dealt to Dorex2007 [9c Tc]
Koksmix87: folds 
arianagray: folds 
bojnice21: folds 
BulletsEatR: folds 
bober2702: folds 
yanman662 joins the table at seat #7 
Wayniak187 has timed out
Wayniak187: folds 
Uncalled bet ($0.01) returned to Dorex2007
Dorex2007 collected $0.02 from pot
Dorex2007: doesn't show hand 
*** SUMMARY ***
Total pot $0.02 | Rake $0 
Seat 1: arianagray folded before Flop (didn't bet)
Seat 2: bojnice21 folded before Flop (didn't bet)
Seat 3: BulletsEatR folded before Flop (didn't bet)
Seat 4: bober2702 (button) folded before Flop (didn't bet)
Seat 6: Wayniak187 (small blind) folded before Flop
Seat 8: Dorex2007 (big blind) collected ($0.02)
Seat 9: Koksmix87 folded before Flop (didn't bet)



PokerStars Hand #233215337251:  Hold'em No Limit ($0.01/$0.02 USD) - 2022/01/17 0:27:48 PT [2022/01/17 3:27:48 ET]
Table 'Kapaneus II' 9-max Seat #8 is the button
Seat 1: arianagray ($1 in chips) 
Seat 2: bojnice21 ($1.99 in chips) 
Seat 3: BulletsEatR ($3.05 in chips) 
Seat 4: bober2702 ($1.94 in chips) 
Seat 5: iNteldrive ($2.91 in chips) 
Seat 8: Dorex2007 ($2.61 in chips) 
Seat 9: Koksmix87 ($2 in chips) 
Koksmix87: posts small blind $0.01
arianagray: posts big blind $0.02
iNteldrive: posts small & big blinds $0.03
yanman662: sits out 
*** HOLE CARDS ***
Dealt to Dorex2007 [9h 6d]
bojnice21: folds 
BulletsEatR: calls $0.02
bober2702: folds 
iNteldrive: checks 
Dorex2007: folds 
Koksmix87: folds 
arianagray: checks 
*** FLOP *** [Ks 8c 9c]
arianagray: checks 
BulletsEatR: bets $0.02
iNteldrive: folds 
arianagray: folds 
Uncalled bet ($0.02) returned to BulletsEatR
BulletsEatR collected $0.08 from pot
BulletsEatR: doesn't show hand 
*** SUMMARY ***
Total pot $0.08 | Rake $0 
Board [Ks 8c 9c]
Seat 1: arianagray (big blind) folded on the Flop
Seat 2: bojnice21 folded before Flop (didn't bet)
Seat 3: BulletsEatR collected ($0.08)
Seat 4: bober2702 folded before Flop (didn't bet)
Seat 5: iNteldrive folded on the Flop (didn't bet)
Seat 8: Dorex2007 (button) folded before Flop (didn't bet)
Seat 9: Koksmix87 (small blind) folded before Flop



PokerStars Hand #233215347192:  Hold'em No Limit ($0.01/$0.02 USD) - 2022/01/17 0:28:47 PT [2022/01/17 3:28:47 ET]
Table 'Kapaneus II' 9-max Seat #9 is the button
Seat 1: arianagray ($1 in chips) 
Seat 2: bojnice21 ($1.99 in chips) 
Seat 3: BulletsEatR ($3.11 in chips) 
Seat 4: bober2702 ($1.94 in chips) 
Seat 5: iNteldrive ($2.88 in chips) 
Seat 6: Wayniak187 ($1.97 in chips) 
Seat 8: Dorex2007 ($2.61 in chips) 
Seat 9: Koksmix87 ($2 in chips) 
arianagray: posts small blind $0.01
bojnice21: posts big blind $0.02
yanman662: sits out 
*** HOLE CARDS ***
Dealt to Dorex2007 [2s 3c]
BulletsEatR: calls $0.02
bober2702: folds 
iNteldrive: folds 
Wayniak187 has timed out
Wayniak187: folds 
Dorex2007: folds 
Koksmix87: calls $0.02
arianagray: folds 
bojnice21: checks 
*** FLOP *** [Jc 7d Kd]
bojnice21: checks 
BulletsEatR: checks 
Koksmix87: checks 
*** TURN *** [Jc 7d Kd] [4c]
bojnice21: checks 
BulletsEatR: checks 
Koksmix87: checks 
*** RIVER *** [Jc 7d Kd 4c] [6d]
bojnice21: checks 
BulletsEatR: checks 
Koksmix87: checks 
*** SHOW DOWN ***
bojnice21: shows [3s Ac] (high card Ace)
BulletsEatR: shows [Jh Ah] (a pair of Jacks)
Koksmix87: mucks hand 
BulletsEatR collected $0.07 from pot
*** SUMMARY ***
Total pot $0.07 | Rake $0 
Board [Jc 7d Kd 4c 6d]
Seat 1: arianagray (small blind) folded before Flop
Seat 2: bojnice21 (big blind) showed [3s Ac] and lost with high card Ace
Seat 3: BulletsEatR showed [Jh Ah] and won ($0.07) with a pair of Jacks
Seat 4: bober2702 folded before Flop (didn't bet)
Seat 5: iNteldrive folded before Flop (didn't bet)
Seat 6: Wayniak187 folded before Flop (didn't bet)
Seat 8: Dorex2007 folded before Flop (didn't bet)
Seat 9: Koksmix87 (button) mucked [9s Js]



PokerStars Hand #233215358355:  Hold'em No Limit ($0.01/$0.02 USD) - 2022/01/17 0:29:53 PT [2022/01/17 3:29:53 ET]
Table 'Kapaneus II' 9-max Seat #1 is the button
Seat 1: arianagray ($1 in chips) 
Seat 2: bojnice21 ($1.97 in chips) 
Seat 3: BulletsEatR ($3.16 in chips) 
Seat 4: bober2702 ($1.94 in chips) 
Seat 5: iNteldrive ($2.88 in chips) 
Seat 6: Wayniak187 ($1.97 in chips) 
Seat 7: yanman662 ($1.60 in chips) 
Seat 8: Dorex2007 ($2.61 in chips) 
Seat 9: Koksmix87 ($2 in chips) 
bojnice21: posts small blind $0.01
BulletsEatR: posts big blind $0.02
yanman662: posts big blind $0.02
*** HOLE CARDS ***
Dealt to Dorex2007 [Kd 8s]
bober2702: folds 
iNteldrive: folds 
Wayniak187 has timed out
Wayniak187: folds 
yanman662: checks 
Dorex2007: folds 
Koksmix87: folds 
arianagray: folds 
bojnice21: calls $0.01
BulletsEatR: checks 
*** FLOP *** [Ac 4d 5h]
bojnice21: checks 
BulletsEatR: checks 
yanman662: checks 
*** TURN *** [Ac 4d 5h] [Kc]
bojnice21: checks 
BulletsEatR: checks 
yanman662: bets $0.08
bojnice21: folds 
BulletsEatR: folds 
Uncalled bet ($0.08) returned to yanman662
yanman662 collected $0.06 from pot
*** SUMMARY ***
Total pot $0.06 | Rake $0 
Board [Ac 4d 5h Kc]
Seat 1: arianagray (button) folded before Flop (didn't bet)
Seat 2: bojnice21 (small blind) folded on the Turn
Seat 3: BulletsEatR (big blind) folded on the Turn
Seat 4: bober2702 folded before Flop (didn't bet)
Seat 5: iNteldrive folded before Flop (didn't bet)
Seat 6: Wayniak187 folded before Flop (didn't bet)
Seat 7: yanman662 collected ($0.06)
Seat 8: Dorex2007 folded before Flop (didn't bet)
Seat 9: Koksmix87 folded before Flop (didn't bet)



PokerStars Hand #233215366765:  Hold'em No Limit ($0.01/$0.02 USD) - 2022/01/17 0:30:42 PT [2022/01/17 3:30:42 ET]
Table 'Kapaneus II' 9-max Seat #2 is the button
Seat 1: arianagray ($1 in chips) 
Seat 2: bojnice21 ($1.95 in chips) 
Seat 3: BulletsEatR ($3.14 in chips) 
Seat 4: bober2702 ($1.94 in chips) 
Seat 5: iNteldrive ($2.88 in chips) 
Seat 6: Wayniak187 ($1.97 in chips) 
Seat 7: yanman662 ($1.64 in chips) 
Seat 8: Dorex2007 ($2.61 in chips) 
Seat 9: Koksmix87 ($2 in chips) 
BulletsEatR: posts small blind $0.01
bober2702: posts big blind $0.02
*** HOLE CARDS ***
Dealt to Dorex2007 [Qd As]
iNteldrive: folds 
Wayniak187: folds 
yanman662: calls $0.02
Dorex2007: raises $0.10 to $0.12
Koksmix87: folds 
arianagray: folds 
bojnice21: folds 
BulletsEatR: folds 
bober2702: folds 
yanman662: folds 
Uncalled bet ($0.10) returned to Dorex2007
Dorex2007 collected $0.07 from pot
Dorex2007: doesn't show hand 
*** SUMMARY ***
Total pot $0.07 | Rake $0 
Seat 1: arianagray folded before Flop (didn't bet)
Seat 2: bojnice21 (button) folded before Flop (didn't bet)
Seat 3: BulletsEatR (small blind) folded before Flop
Seat 4: bober2702 (big blind) folded before Flop
Seat 5: iNteldrive folded before Flop (didn't bet)
Seat 6: Wayniak187 folded before Flop (didn't bet)
Seat 7: yanman662 folded before Flop
Seat 8: Dorex2007 collected ($0.07)
Seat 9: Koksmix87 folded before Flop (didn't bet)



PokerStars Hand #233215372310:  Hold'em No Limit ($0.01/$0.02 USD) - 2022/01/17 0:31:16 PT [2022/01/17 3:31:16 ET]
Table 'Kapaneus II' 9-max Seat #3 is the button
Seat 1: arianagray ($1 in chips) 
Seat 2: bojnice21 ($1.95 in chips) 
Seat 3: BulletsEatR ($3.13 in chips) 
Seat 4: bober2702 ($1.92 in chips) 
Seat 5: iNteldrive ($2.88 in chips) 
Seat 6: Wayniak187 ($1.97 in chips) 
Seat 7: yanman662 ($1.62 in chips) 
Seat 8: Dorex2007 ($2.66 in chips) 
Seat 9: Koksmix87 ($2 in chips) 
bober2702: posts small blind $0.01
iNteldrive: posts big blind $0.02
*** HOLE CARDS ***
Dealt to Dorex2007 [7s 6h]
Wayniak187: folds 
yanman662: calls $0.02
Dorex2007: folds 
Koksmix87: folds 
arianagray: folds 
bojnice21: folds 
BulletsEatR: folds 
bober2702: folds 
iNteldrive: checks 
*** FLOP *** [5s Kh 8h]
iNteldrive: checks 
yanman662: checks 
*** TURN *** [5s Kh 8h] [Ad]
iNteldrive: checks 
yanman662: checks 
*** RIVER *** [5s Kh 8h Ad] [Ac]
iNteldrive: checks 
yanman662: bets $0.22
iNteldrive: folds 
Uncalled bet ($0.22) returned to yanman662
yanman662 collected $0.05 from pot
*** SUMMARY ***
Total pot $0.05 | Rake $0 
Board [5s Kh 8h Ad Ac]
Seat 1: arianagray folded before Flop (didn't bet)
Seat 2: bojnice21 folded before Flop (didn't bet)
Seat 3: BulletsEatR (button) folded before Flop (didn't bet)
Seat 4: bober2702 (small blind) folded before Flop
Seat 5: iNteldrive (big blind) folded on the River
Seat 6: Wayniak187 folded before Flop (didn't bet)
Seat 7: yanman662 collected ($0.05)
Seat 8: Dorex2007 folded before Flop (didn't bet)
Seat 9: Koksmix87 folded before Flop (didn't bet)



PokerStars Hand #233215379405:  Hold'em No Limit ($0.01/$0.02 USD) - 2022/01/17 0:31:59 PT [2022/01/17 3:31:59 ET]
Table 'Kapaneus II' 9-max Seat #4 is the button
Seat 1: arianagray ($1 in chips) 
Seat 2: bojnice21 ($1.95 in chips) 
Seat 3: BulletsEatR ($3.13 in chips) 
Seat 4: bober2702 ($1.91 in chips) 
Seat 5: iNteldrive ($2.86 in chips) 
Seat 6: Wayniak187 ($1.97 in chips) 
Seat 7: yanman662 ($1.65 in chips) 
Seat 8: Dorex2007 ($2.66 in chips) 
Seat 9: Koksmix87 ($2 in chips) 
iNteldrive: posts small blind $0.01
Wayniak187: posts big blind $0.02
*** HOLE CARDS ***
Dealt to Dorex2007 [3h 4s]
yanman662: calls $0.02
Dorex2007: folds 
Koksmix87: folds 
arianagray: folds 
bojnice21: folds 
BulletsEatR: folds 
bober2702: raises $0.04 to $0.06
iNteldrive: raises $0.12 to $0.18
Wayniak187: folds 
yanman662: folds 
bober2702: raises $0.33 to $0.51
iNteldrive: folds 
Uncalled bet ($0.33) returned to bober2702
bober2702 collected $0.40 from pot
bober2702: doesn't show hand 
*** SUMMARY ***
Total pot $0.40 | Rake $0 
Seat 1: arianagray folded before Flop (didn't bet)
Seat 2: bojnice21 folded before Flop (didn't bet)
Seat 3: BulletsEatR folded before Flop (didn't bet)
Seat 4: bober2702 (button) collected ($0.40)
Seat 5: iNteldrive (small blind) folded before Flop
Seat 6: Wayniak187 (big blind) folded before Flop
Seat 7: yanman662 folded before Flop
Seat 8: Dorex2007 folded before Flop (didn't bet)
Seat 9: Koksmix87 folded before Flop (didn't bet)



PokerStars Hand #233215389513:  Hold'em No Limit ($0.01/$0.02 USD) - 2022/01/17 0:33:01 PT [2022/01/17 3:33:01 ET]
Table 'Kapaneus II' 9-max Seat #5 is the button
Seat 1: arianagray ($1 in chips) 
Seat 2: bojnice21 ($1.95 in chips) 
Seat 3: BulletsEatR ($3.13 in chips) 
Seat 4: bober2702 ($2.13 in chips) 
Seat 5: iNteldrive ($2.68 in chips) 
Seat 6: Wayniak187 ($1.95 in chips) 
Seat 7: yanman662 ($1.63 in chips) 
Seat 8: Dorex2007 ($2.66 in chips) 
Seat 9: Koksmix87 ($2 in chips) 
Wayniak187: posts small blind $0.01
yanman662: posts big blind $0.02
*** HOLE CARDS ***
Dealt to Dorex2007 [6s 5h]
Dorex2007: folds 
Koksmix87: raises $0.04 to $0.06
arianagray: folds 
bojnice21: folds 
BulletsEatR: folds 
bober2702: folds 
iNteldrive: folds 
Wayniak187: folds 
yanman662: calls $0.04
*** FLOP *** [Kd 8h Ah]
yanman662: bets $0.13
Koksmix87: folds 
Uncalled bet ($0.13) returned to yanman662
yanman662 collected $0.13 from pot
*** SUMMARY ***
Total pot $0.13 | Rake $0 
Board [Kd 8h Ah]
Seat 1: arianagray folded before Flop (didn't bet)
Seat 2: bojnice21 folded before Flop (didn't bet)
Seat 3: BulletsEatR folded before Flop (didn't bet)
Seat 4: bober2702 folded before Flop (didn't bet)
Seat 5: iNteldrive (button) folded before Flop (didn't bet)
Seat 6: Wayniak187 (small blind) folded before Flop
Seat 7: yanman662 (big blind) collected ($0.13)
Seat 8: Dorex2007 folded before Flop (didn't bet)
Seat 9: Koksmix87 folded on the Flop



PokerStars Hand #233215394999:  Hold'em No Limit ($0.01/$0.02 USD) - 2022/01/17 0:33:33 PT [2022/01/17 3:33:33 ET]
Table 'Kapaneus II' 9-max Seat #6 is the button
Seat 1: arianagray ($1 in chips) 
Seat 2: bojnice21 ($1.95 in chips) 
Seat 3: BulletsEatR ($3.13 in chips) 
Seat 4: bober2702 ($2.13 in chips) 
Seat 5: iNteldrive ($2.68 in chips) 
Seat 6: Wayniak187 ($1.94 in chips) 
Seat 7: yanman662 ($1.70 in chips) 
Seat 8: Dorex2007 ($2.66 in chips) 
Seat 9: Koksmix87 ($2 in chips) 
yanman662: posts small blind $0.01
Dorex2007: posts big blind $0.02
*** HOLE CARDS ***
Dealt to Dorex2007 [7d 4h]
Koksmix87: raises $0.04 to $0.06
arianagray: folds 
bojnice21: folds 
BulletsEatR: calls $0.06
bober2702: folds 
iNteldrive: folds 
Wayniak187: calls $0.06
yanman662: folds 
Dorex2007: folds 
*** FLOP *** [Kd 9s 3s]
Koksmix87: checks 
BulletsEatR: checks 
Wayniak187: checks 
*** TURN *** [Kd 9s 3s] [Qc]
Koksmix87: checks 
BulletsEatR: bets $0.02
Wayniak187: calls $0.02
Koksmix87: calls $0.02
*** RIVER *** [Kd 9s 3s Qc] [8s]
Koksmix87: bets $0.14
BulletsEatR: folds 
Wayniak187: folds 
Uncalled bet ($0.14) returned to Koksmix87
Koksmix87 collected $0.26 from pot
Koksmix87: doesn't show hand 
*** SUMMARY ***
Total pot $0.27 | Rake $0.01 
Board [Kd 9s 3s Qc 8s]
Seat 1: arianagray folded before Flop (didn't bet)
Seat 2: bojnice21 folded before Flop (didn't bet)
Seat 3: BulletsEatR folded on the River
Seat 4: bober2702 folded before Flop (didn't bet)
Seat 5: iNteldrive folded before Flop (didn't bet)
Seat 6: Wayniak187 (button) folded on the River
Seat 7: yanman662 (small blind) folded before Flop
Seat 8: Dorex2007 (big blind) folded before Flop
Seat 9: Koksmix87 collected ($0.26)



PokerStars Hand #233215407316:  Hold'em No Limit ($0.01/$0.02 USD) - 2022/01/17 0:34:46 PT [2022/01/17 3:34:46 ET]
Table 'Kapaneus II' 9-max Seat #7 is the button
Seat 1: arianagray ($1 in chips) 
Seat 2: bojnice21 ($1.95 in chips) 
Seat 3: BulletsEatR ($3.05 in chips) 
Seat 4: bober2702 ($2.13 in chips) 
Seat 5: iNteldrive ($2.68 in chips) 
Seat 6: Wayniak187 ($1.86 in chips) 
Seat 7: yanman662 ($1.69 in chips) 
Seat 8: Dorex2007 ($2.64 in chips) 
Dorex2007: posts small blind $0.01
Koksmix87: is sitting out 
arianagray: posts big blind $0.02
*** HOLE CARDS ***
Dealt to Dorex2007 [9s 6s]
bojnice21: folds 
BulletsEatR: calls $0.02
bober2702: folds 
iNteldrive: raises $0.06 to $0.08
Koksmix87 leaves the table
moor7 joins the table at seat #9 
Wayniak187: calls $0.08
yanman662: folds 
Dorex2007: folds 
arianagray: folds 
BulletsEatR: folds 
*** FLOP *** [7s 5h 8c]
iNteldrive: checks 
Wayniak187: bets $0.10
iNteldrive: calls $0.10
*** TURN *** [7s 5h 8c] [Kh]
iNteldrive: checks 
Wayniak187: checks 
*** RIVER *** [7s 5h 8c Kh] [2s]
iNteldrive: bets $0.18
Wayniak187: calls $0.18
*** SHOW DOWN ***
iNteldrive: shows [Qh Ah] (high card Ace)
Wayniak187: shows [Qc 7c] (a pair of Sevens)
Wayniak187 collected $0.74 from pot
*** SUMMARY ***
Total pot $0.77 | Rake $0.03 
Board [7s 5h 8c Kh 2s]
Seat 1: arianagray (big blind) folded before Flop
Seat 2: bojnice21 folded before Flop (didn't bet)
Seat 3: BulletsEatR folded before Flop
Seat 4: bober2702 folded before Flop (didn't bet)
Seat 5: iNteldrive showed [Qh Ah] and lost with high card Ace
Seat 6: Wayniak187 showed [Qc 7c] and won ($0.74) with a pair of Sevens
Seat 7: yanman662 (button) folded before Flop (didn't bet)
Seat 8: Dorex2007 (small blind) folded before Flop



PokerStars Hand #233215417682:  Hold'em No Limit ($0.01/$0.02 USD) - 2022/01/17 0:35:48 PT [2022/01/17 3:35:48 ET]
Table 'Kapaneus II' 9-max Seat #8 is the button
Seat 1: arianagray ($1 in chips) 
Seat 2: bojnice21 ($1.95 in chips) 
Seat 3: BulletsEatR ($3.03 in chips) 
Seat 4: bober2702 ($2.13 in chips) 
Seat 5: iNteldrive ($2.32 in chips) 
Seat 6: Wayniak187 ($2.24 in chips) 
Seat 7: yanman662 ($1.69 in chips) 
Seat 8: Dorex2007 ($2.63 in chips) 
arianagray: posts small blind $0.01
bojnice21: posts big blind $0.02
*** HOLE CARDS ***
Dealt to Dorex2007 [Ad Ah]
BulletsEatR: folds 
bober2702: folds 
iNteldrive: folds 
Wayniak187: folds 
yanman662: folds 
Dorex2007: raises $0.04 to $0.06
arianagray: folds 
bojnice21: calls $0.04
*** FLOP *** [9s 3s 9h]
bojnice21: checks 
Dorex2007: bets $0.09
bojnice21: folds 
Uncalled bet ($0.09) returned to Dorex2007
Dorex2007 collected $0.13 from pot
Dorex2007: doesn't show hand 
*** SUMMARY ***
Total pot $0.13 | Rake $0 
Board [9s 3s 9h]
Seat 1: arianagray (small blind) folded before Flop
Seat 2: bojnice21 (big blind) folded on the Flop
Seat 3: BulletsEatR folded before Flop (didn't bet)
Seat 4: bober2702 folded before Flop (didn't bet)
Seat 5: iNteldrive folded before Flop (didn't bet)
Seat 6: Wayniak187 folded before Flop (didn't bet)
Seat 7: yanman662 folded before Flop (didn't bet)
Seat 8: Dorex2007 (button) collected ($0.13)



PokerStars Hand #233215425383:  Hold'em No Limit ($0.01/$0.02 USD) - 2022/01/17 0:36:33 PT [2022/01/17 3:36:33 ET]
Table 'Kapaneus II' 9-max Seat #1 is the button
Seat 1: arianagray ($1 in chips) 
Seat 2: bojnice21 ($1.89 in chips) 
Seat 3: BulletsEatR ($3.03 in chips) 
Seat 4: bober2702 ($2.13 in chips) 
Seat 5: iNteldrive ($2.32 in chips) 
Seat 6: Wayniak187 ($2.24 in chips) 
Seat 7: yanman662 ($1.69 in chips) 
Seat 8: Dorex2007 ($2.70 in chips) 
bojnice21: posts small blind $0.01
BulletsEatR: posts big blind $0.02
moor7: sits out 
*** HOLE CARDS ***
Dealt to Dorex2007 [5h 4d]
bober2702: folds 
iNteldrive: folds 
Wayniak187: raises $0.04 to $0.06
yanman662: folds 
Dorex2007: folds 
arianagray: folds 
bojnice21: calls $0.05
BulletsEatR: folds 
*** FLOP *** [8h Ks 8c]
bojnice21: checks 
Wayniak187: checks 
*** TURN *** [8h Ks 8c] [Jd]
bojnice21: checks 
Wayniak187: checks 
*** RIVER *** [8h Ks 8c Jd] [4h]
bojnice21: checks 
Wayniak187: checks 
*** SHOW DOWN ***
bojnice21: shows [Kh Qh] (two pair, Kings and Eights)
Wayniak187: mucks hand 
bojnice21 collected $0.14 from pot
*** SUMMARY ***
Total pot $0.14 | Rake $0 
Board [8h Ks 8c Jd 4h]
Seat 1: arianagray (button) folded before Flop (didn't bet)
Seat 2: bojnice21 (small blind) showed [Kh Qh] and won ($0.14) with two pair, Kings and Eights
Seat 3: BulletsEatR (big blind) folded before Flop
Seat 4: bober2702 folded before Flop (didn't bet)
Seat 5: iNteldrive folded before Flop (didn't bet)
Seat 6: Wayniak187 mucked [Qc 9c]
Seat 7: yanman662 folded before Flop (didn't bet)
Seat 8: Dorex2007 folded before Flop (didn't bet)



PokerStars Hand #233215436233:  Hold'em No Limit ($0.01/$0.02 USD) - 2022/01/17 0:37:38 PT [2022/01/17 3:37:38 ET]
Table 'Kapaneus II' 9-max Seat #2 is the button
Seat 1: arianagray ($1 in chips) 
Seat 2: bojnice21 ($1.97 in chips) 
Seat 3: BulletsEatR ($3.01 in chips) 
Seat 4: bober2702 ($2.13 in chips) 
Seat 5: iNteldrive ($2.32 in chips) 
Seat 6: Wayniak187 ($2.18 in chips) 
Seat 7: yanman662 ($1.69 in chips) 
Seat 8: Dorex2007 ($2.70 in chips) 
BulletsEatR: posts small blind $0.01
bober2702: posts big blind $0.02
moor7: sits out 
*** HOLE CARDS ***
Dealt to Dorex2007 [8c 3s]
iNteldrive: folds 
Wayniak187: folds 
yanman662: folds 
Dorex2007: folds 
arianagray: folds 
bojnice21: folds 
BulletsEatR: folds 
Uncalled bet ($0.01) returned to bober2702
bober2702 collected $0.02 from pot
bober2702: doesn't show hand 
*** SUMMARY ***
Total pot $0.02 | Rake $0 
Seat 1: arianagray folded before Flop (didn't bet)
Seat 2: bojnice21 (button) folded before Flop (didn't bet)
Seat 3: BulletsEatR (small blind) folded before Flop
Seat 4: bober2702 (big blind) collected ($0.02)
Seat 5: iNteldrive folded before Flop (didn't bet)
Seat 6: Wayniak187 folded before Flop (didn't bet)
Seat 7: yanman662 folded before Flop (didn't bet)
Seat 8: Dorex2007 folded before Flop (didn't bet)



PokerStars Hand #233215438629:  Hold'em No Limit ($0.01/$0.02 USD) - 2022/01/17 0:37:53 PT [2022/01/17 3:37:53 ET]
Table 'Kapaneus II' 9-max Seat #3 is the button
Seat 1: arianagray ($1 in chips) 
Seat 2: bojnice21 ($1.97 in chips) 
Seat 3: BulletsEatR ($3 in chips) 
Seat 4: bober2702 ($2.14 in chips) 
Seat 5: iNteldrive ($2.32 in chips) 
Seat 6: Wayniak187 ($2.18 in chips) 
Seat 7: yanman662 ($1.69 in chips) 
Seat 8: Dorex2007 ($2.70 in chips) 
bober2702: posts small blind $0.01
iNteldrive: posts big blind $0.02
moor7: sits out 
*** HOLE CARDS ***
Dealt to Dorex2007 [Qc 4c]
Wayniak187 has timed out
Wayniak187: folds 
yanman662: folds 
Dorex2007: folds 
arianagray: folds 
bojnice21: folds 
BulletsEatR: folds 
bober2702: folds 
Uncalled bet ($0.01) returned to iNteldrive
iNteldrive collected $0.02 from pot
*** SUMMARY ***
Total pot $0.02 | Rake $0 
Seat 1: arianagray folded before Flop (didn't bet)
Seat 2: bojnice21 folded before Flop (didn't bet)
Seat 3: BulletsEatR (button) folded before Flop (didn't bet)
Seat 4: bober2702 (small blind) folded before Flop
Seat 5: iNteldrive (big blind) collected ($0.02)
Seat 6: Wayniak187 folded before Flop (didn't bet)
Seat 7: yanman662 folded before Flop (didn't bet)
Seat 8: Dorex2007 folded before Flop (didn't bet)



PokerStars Hand #233215442076:  Hold'em No Limit ($0.01/$0.02 USD) - 2022/01/17 0:38:14 PT [2022/01/17 3:38:14 ET]
Table 'Kapaneus II' 9-max Seat #4 is the button
Seat 1: arianagray ($1 in chips) 
Seat 2: bojnice21 ($1.97 in chips) 
Seat 3: BulletsEatR ($3 in chips) 
Seat 4: bober2702 ($2.13 in chips) 
Seat 5: iNteldrive ($2.33 in chips) 
Seat 7: yanman662 ($1.69 in chips) 
Seat 8: Dorex2007 ($2.70 in chips) 
iNteldrive: posts small blind $0.01
yanman662: posts big blind $0.02
moor7: sits out 
*** HOLE CARDS ***
Dealt to Dorex2007 [3d Td]
Dorex2007: folds 
arianagray: folds 
bojnice21: folds 
BulletsEatR: folds 
bober2702: folds 
iNteldrive: calls $0.01
yanman662: checks 
*** FLOP *** [Th 8d Ah]
iNteldrive: checks 
yanman662: checks 
*** TURN *** [Th 8d Ah] [Tc]
iNteldrive: checks 
yanman662: checks 
*** RIVER *** [Th 8d Ah Tc] [As]
iNteldrive: checks 
yanman662: checks 
*** SHOW DOWN ***
iNteldrive: shows [5d 4h] (two pair, Aces and Tens)
yanman662: shows [Jd Qc] (two pair, Aces and Tens - Queen kicker)
yanman662 collected $0.04 from pot
*** SUMMARY ***
Total pot $0.04 | Rake $0 
Board [Th 8d Ah Tc As]
Seat 1: arianagray folded before Flop (didn't bet)
Seat 2: bojnice21 folded before Flop (didn't bet)
Seat 3: BulletsEatR folded before Flop (didn't bet)
Seat 4: bober2702 (button) folded before Flop (didn't bet)
Seat 5: iNteldrive (small blind) showed [5d 4h] and lost with two pair, Aces and Tens
Seat 7: yanman662 (big blind) showed [Jd Qc] and won ($0.04) with two pair, Aces and Tens
Seat 8: Dorex2007 folded before Flop (didn't bet)



PokerStars Hand #233215446770:  Hold'em No Limit ($0.01/$0.02 USD) - 2022/01/17 0:38:41 PT [2022/01/17 3:38:41 ET]
Table 'Kapaneus II' 9-max Seat #5 is the button
Seat 1: arianagray ($1 in chips) 
Seat 2: bojnice21 ($1.97 in chips) 
Seat 3: BulletsEatR ($3 in chips) 
Seat 4: bober2702 ($2.13 in chips) 
Seat 5: iNteldrive ($2.31 in chips) 
Seat 7: yanman662 ($1.71 in chips) 
Seat 8: Dorex2007 ($2.70 in chips) 
yanman662: posts small blind $0.01
Dorex2007: posts big blind $0.02
moor7: sits out 
*** HOLE CARDS ***
Dealt to Dorex2007 [2c Ah]
arianagray: folds 
bojnice21: folds 
BulletsEatR: folds 
bober2702: folds 
iNteldrive: folds 
yanman662: folds 
Uncalled bet ($0.01) returned to Dorex2007
Dorex2007 collected $0.02 from pot
Dorex2007: doesn't show hand 
*** SUMMARY ***
Total pot $0.02 | Rake $0 
Seat 1: arianagray folded before Flop (didn't bet)
Seat 2: bojnice21 folded before Flop (didn't bet)
Seat 3: BulletsEatR folded before Flop (didn't bet)
Seat 4: bober2702 folded before Flop (didn't bet)
Seat 5: iNteldrive (button) folded before Flop (didn't bet)
Seat 7: yanman662 (small blind) folded before Flop
Seat 8: Dorex2007 (big blind) collected ($0.02)



PokerStars Hand #233215450057:  Hold'em No Limit ($0.01/$0.02 USD) - 2022/01/17 0:39:01 PT [2022/01/17 3:39:01 ET]
Table 'Kapaneus II' 9-max Seat #7 is the button
Seat 1: arianagray ($1 in chips) 
Seat 2: bojnice21 ($1.97 in chips) 
Seat 3: BulletsEatR ($3 in chips) 
Seat 4: bober2702 ($2.13 in chips) 
Seat 5: iNteldrive ($2.31 in chips) 
Seat 7: yanman662 ($1.70 in chips) 
Seat 8: Dorex2007 ($2.71 in chips) 
Seat 9: moor7 ($0.80 in chips) 
Dorex2007: posts small blind $0.01
moor7: posts big blind $0.02
*** HOLE CARDS ***
Dealt to Dorex2007 [8s Jh]
arianagray: folds 
bojnice21: folds 
BulletsEatR: folds 
bober2702: raises $0.03 to $0.05
iNteldrive: folds 
BulletsEatR leaves the table
yanman662: folds 
Dorex2007: folds 
moor7: calls $0.03
*** FLOP *** [4s 9h 6s]
droctagon101 joins the table at seat #3 
moor7: checks 
bober2702: bets $0.06
moor7: calls $0.06
*** TURN *** [4s 9h 6s] [Qd]
moor7: checks 
bober2702: bets $0.93
moor7: folds 
Uncalled bet ($0.93) returned to bober2702
bober2702 collected $0.22 from pot
bober2702: doesn't show hand 
*** SUMMARY ***
Total pot $0.23 | Rake $0.01 
Board [4s 9h 6s Qd]
Seat 1: arianagray folded before Flop (didn't bet)
Seat 2: bojnice21 folded before Flop (didn't bet)
Seat 3: BulletsEatR folded before Flop (didn't bet)
Seat 4: bober2702 collected ($0.22)
Seat 5: iNteldrive folded before Flop (didn't bet)
Seat 7: yanman662 (button) folded before Flop (didn't bet)
Seat 8: Dorex2007 (small blind) folded before Flop
Seat 9: moor7 (big blind) folded on the Turn



PokerStars Hand #233215460374:  Hold'em No Limit ($0.01/$0.02 USD) - 2022/01/17 0:40:01 PT [2022/01/17 3:40:01 ET]
Table 'Kapaneus II' 9-max Seat #8 is the button
Seat 1: arianagray ($1 in chips) 
Seat 2: bojnice21 ($1.97 in chips) 
Seat 4: bober2702 ($2.24 in chips) 
Seat 5: iNteldrive ($2.31 in chips) 
Seat 6: Wayniak187 ($2.18 in chips) 
Seat 7: yanman662 ($1.70 in chips) 
Seat 8: Dorex2007 ($2.70 in chips) 
Seat 9: moor7 ($0.69 in chips) 
moor7: posts small blind $0.01
arianagray: posts big blind $0.02
droctagon101: sits out 
Wayniak187: posts small & big blinds $0.03
*** HOLE CARDS ***
Dealt to Dorex2007 [4h 8c]
bojnice21: calls $0.02
bober2702: folds 
iNteldrive: folds 
Wayniak187: checks 
yanman662: folds 
Dorex2007: folds 
moor7: calls $0.01
arianagray: checks 
*** FLOP *** [Jc 2s Ks]
moor7: checks 
arianagray: checks 
bojnice21: checks 
Wayniak187: checks 
*** TURN *** [Jc 2s Ks] [6h]
moor7: checks 
arianagray: checks 
bojnice21: checks 
Wayniak187: checks 
*** RIVER *** [Jc 2s Ks 6h] [Ah]
moor7: bets $0.04
arianagray: folds 
bojnice21: folds 
Wayniak187: folds 
Uncalled bet ($0.04) returned to moor7
moor7 collected $0.09 from pot
moor7: doesn't show hand 
*** SUMMARY ***
Total pot $0.09 | Rake $0 
Board [Jc 2s Ks 6h Ah]
Seat 1: arianagray (big blind) folded on the River
Seat 2: bojnice21 folded on the River
Seat 4: bober2702 folded before Flop (didn't bet)
Seat 5: iNteldrive folded before Flop (didn't bet)
Seat 6: Wayniak187 folded on the River (didn't bet)
Seat 7: yanman662 folded before Flop (didn't bet)
Seat 8: Dorex2007 (button) folded before Flop (didn't bet)
Seat 9: moor7 (small blind) collected ($0.09)



PokerStars Hand #233215466379:  Hold'em No Limit ($0.01/$0.02 USD) - 2022/01/17 0:40:36 PT [2022/01/17 3:40:36 ET]
Table 'Kapaneus II' 9-max Seat #9 is the button
Seat 1: arianagray ($1 in chips) 
Seat 2: bojnice21 ($1.95 in chips) 
Seat 4: bober2702 ($2.24 in chips) 
Seat 5: iNteldrive ($2.31 in chips) 
Seat 6: Wayniak187 ($2.15 in chips) 
Seat 7: yanman662 ($1.70 in chips) 
Seat 8: Dorex2007 ($2.70 in chips) 
Seat 9: moor7 ($0.76 in chips) 
arianagray: posts small blind $0.01
bojnice21: posts big blind $0.02
droctagon101: sits out 
*** HOLE CARDS ***
Dealt to Dorex2007 [Ks 7h]
bober2702: folds 
iNteldrive: folds 
Wayniak187 has timed out
Wayniak187: folds 
yanman662: folds 
Dorex2007: folds 
moor7: folds 
arianagray: folds 
Uncalled bet ($0.01) returned to bojnice21
bojnice21 collected $0.02 from pot
bojnice21: doesn't show hand 
*** SUMMARY ***
Total pot $0.02 | Rake $0 
Seat 1: arianagray (small blind) folded before Flop
Seat 2: bojnice21 (big blind) collected ($0.02)
Seat 4: bober2702 folded before Flop (didn't bet)
Seat 5: iNteldrive folded before Flop (didn't bet)
Seat 6: Wayniak187 folded before Flop (didn't bet)
Seat 7: yanman662 folded before Flop (didn't bet)
Seat 8: Dorex2007 folded before Flop (didn't bet)
Seat 9: moor7 (button) folded before Flop (didn't bet)



PokerStars Hand #233215470024:  Hold'em No Limit ($0.01/$0.02 USD) - 2022/01/17 0:40:57 PT [2022/01/17 3:40:57 ET]
Table 'Kapaneus II' 9-max Seat #1 is the button
Seat 1: arianagray ($1 in chips) 
Seat 2: bojnice21 ($1.96 in chips) 
Seat 3: droctagon101 ($2 in chips) 
Seat 4: bober2702 ($2.24 in chips) 
Seat 5: iNteldrive ($2.31 in chips) 
Seat 7: yanman662 ($1.70 in chips) 
Seat 8: Dorex2007 ($2.70 in chips) 
Seat 9: moor7 ($0.76 in chips) 
bojnice21: posts small blind $0.01
droctagon101: posts big blind $0.02
*** HOLE CARDS ***
Dealt to Dorex2007 [7h Qh]
bober2702: folds 
iNteldrive: folds 
yanman662: folds 
Dorex2007: folds 
moor7 has timed out
moor7: folds 
arianagray: folds 
bojnice21: raises $0.04 to $0.06
droctagon101: folds 
Uncalled bet ($0.04) returned to bojnice21
bojnice21 collected $0.04 from pot
bojnice21: doesn't show hand 
*** SUMMARY ***
Total pot $0.04 | Rake $0 
Seat 1: arianagray (button) folded before Flop (didn't bet)
Seat 2: bojnice21 (small blind) collected ($0.04)
Seat 3: droctagon101 (big blind) folded before Flop
Seat 4: bober2702 folded before Flop (didn't bet)
Seat 5: iNteldrive folded before Flop (didn't bet)
Seat 7: yanman662 folded before Flop (didn't bet)
Seat 8: Dorex2007 folded before Flop (didn't bet)
Seat 9: moor7 folded before Flop (didn't bet)



PokerStars Hand #233215475099:  Hold'em No Limit ($0.01/$0.02 USD) - 2022/01/17 0:41:26 PT [2022/01/17 3:41:26 ET]
Table 'Kapaneus II' 9-max Seat #2 is the button
Seat 1: arianagray ($1 in chips) 
Seat 2: bojnice21 ($1.98 in chips) 
Seat 3: droctagon101 ($1.98 in chips) 
Seat 4: bober2702 ($2.24 in chips) 
Seat 5: iNteldrive ($2.31 in chips) 
Seat 7: yanman662 ($1.70 in chips) 
Seat 8: Dorex2007 ($2.70 in chips) 
Seat 9: moor7 ($0.76 in chips) 
droctagon101: posts small blind $0.01
bober2702: posts big blind $0.02
*** HOLE CARDS ***
Dealt to Dorex2007 [6d 3d]
iNteldrive: folds 
yanman662: folds 
Dorex2007: folds 
moor7: folds 
arianagray: raises $0.02 to $0.04
bojnice21: folds 
droctagon101: folds 
bober2702: folds 
Uncalled bet ($0.02) returned to arianagray
arianagray collected $0.05 from pot
*** SUMMARY ***
Total pot $0.05 | Rake $0 
Seat 1: arianagray collected ($0.05)
Seat 2: bojnice21 (button) folded before Flop (didn't bet)
Seat 3: droctagon101 (small blind) folded before Flop
Seat 4: bober2702 (big blind) folded before Flop
Seat 5: iNteldrive folded before Flop (didn't bet)
Seat 7: yanman662 folded before Flop (didn't bet)
Seat 8: Dorex2007 folded before Flop (didn't bet)
Seat 9: moor7 folded before Flop (didn't bet)



PokerStars Hand #233215478816:  Hold'em No Limit ($0.01/$0.02 USD) - 2022/01/17 0:41:48 PT [2022/01/17 3:41:48 ET]
Table 'Kapaneus II' 9-max Seat #3 is the button
Seat 1: arianagray ($1.03 in chips) 
Seat 2: bojnice21 ($1.98 in chips) 
Seat 3: droctagon101 ($1.97 in chips) 
Seat 4: bober2702 ($2.22 in chips) 
Seat 5: iNteldrive ($2.31 in chips) 
Seat 7: yanman662 ($1.70 in chips) 
Seat 8: Dorex2007 ($2.70 in chips) 
Seat 9: moor7 ($0.76 in chips) 
bober2702: posts small blind $0.01
iNteldrive: posts big blind $0.02
*** HOLE CARDS ***
Dealt to Dorex2007 [3s 3c]
yanman662: calls $0.02
Dorex2007: folds 
moor7: folds 
arianagray: folds 
bojnice21: folds 
droctagon101: folds 
bober2702: folds 
iNteldrive: checks 
*** FLOP *** [5c Kh 5s]
iNteldrive: checks 
yanman662: bets $0.06
iNteldrive: folds 
Uncalled bet ($0.06) returned to yanman662
yanman662 collected $0.05 from pot
*** SUMMARY ***
Total pot $0.05 | Rake $0 
Board [5c Kh 5s]
Seat 1: arianagray folded before Flop (didn't bet)
Seat 2: bojnice21 folded before Flop (didn't bet)
Seat 3: droctagon101 (button) folded before Flop (didn't bet)
Seat 4: bober2702 (small blind) folded before Flop
Seat 5: iNteldrive (big blind) folded on the Flop
Seat 7: yanman662 collected ($0.05)
Seat 8: Dorex2007 folded before Flop (didn't bet)
Seat 9: moor7 folded before Flop (didn't bet)



PokerStars Hand #233215492165:  Hold'em No Limit ($0.01/$0.02 USD) - 2022/01/17 0:42:32 PT [2022/01/17 3:42:32 ET]
Table 'Kapaneus II' 9-max Seat #4 is the button
Seat 1: arianagray ($1.03 in chips) 
Seat 2: bojnice21 ($1.98 in chips) 
Seat 3: droctagon101 ($1.97 in chips) 
Seat 4: bober2702 ($2.21 in chips) 
Seat 5: iNteldrive ($2.29 in chips) 
Seat 6: Wayniak187 ($2.15 in chips) 
Seat 7: yanman662 ($1.73 in chips) 
Seat 8: Dorex2007 ($2.70 in chips) 
Seat 9: moor7 ($0.76 in chips) 
iNteldrive: posts small blind $0.01
Wayniak187: posts big blind $0.02
*** HOLE CARDS ***
Dealt to Dorex2007 [Kh Ks]
yanman662: folds 
Dorex2007: raises $0.06 to $0.08
moor7: folds 
arianagray: folds 
bojnice21: folds 
droctagon101: folds 
bober2702: folds 
iNteldrive: folds 
Wayniak187 has timed out
Wayniak187: folds 
Uncalled bet ($0.06) returned to Dorex2007
Dorex2007 collected $0.05 from pot
Dorex2007: doesn't show hand 
*** SUMMARY ***
Total pot $0.05 | Rake $0 
Seat 1: arianagray folded before Flop (didn't bet)
Seat 2: bojnice21 folded before Flop (didn't bet)
Seat 3: droctagon101 folded before Flop (didn't bet)
Seat 4: bober2702 (button) folded before Flop (didn't bet)
Seat 5: iNteldrive (small blind) folded before Flop
Seat 6: Wayniak187 (big blind) folded before Flop
Seat 7: yanman662 folded before Flop (didn't bet)
Seat 8: Dorex2007 collected ($0.05)
Seat 9: moor7 folded before Flop (didn't bet)



PokerStars Hand #233215499207:  Hold'em No Limit ($0.01/$0.02 USD) - 2022/01/17 0:43:13 PT [2022/01/17 3:43:13 ET]
Table 'Kapaneus II' 9-max Seat #5 is the button
Seat 1: arianagray ($1.03 in chips) 
Seat 2: bojnice21 ($1.98 in chips) 
Seat 3: droctagon101 ($1.97 in chips) 
Seat 4: bober2702 ($2.21 in chips) 
Seat 5: iNteldrive ($2.28 in chips) 
Seat 7: yanman662 ($1.73 in chips) 
Seat 8: Dorex2007 ($2.73 in chips) 
Seat 9: moor7 ($0.76 in chips) 
yanman662: posts small blind $0.01
Dorex2007: posts big blind $0.02
*** HOLE CARDS ***
Dealt to Dorex2007 [Ac 4h]
moor7: raises $0.04 to $0.06
arianagray: calls $0.06
bojnice21: folds 
droctagon101: folds 
bober2702: folds 
iNteldrive: folds 
yanman662: folds 
Dorex2007: folds 
*** FLOP *** [5c 4d 7d]
moor7: bets $0.06
arianagray: calls $0.06
*** TURN *** [5c 4d 7d] [As]
moor7: bets $0.13
arianagray: folds 
Uncalled bet ($0.13) returned to moor7
moor7 collected $0.26 from pot
moor7: doesn't show hand 
*** SUMMARY ***
Total pot $0.27 | Rake $0.01 
Board [5c 4d 7d As]
Seat 1: arianagray folded on the Turn
Seat 2: bojnice21 folded before Flop (didn't bet)
Seat 3: droctagon101 folded before Flop (didn't bet)
Seat 4: bober2702 folded before Flop (didn't bet)
Seat 5: iNteldrive (button) folded before Flop (didn't bet)
Seat 7: yanman662 (small blind) folded before Flop
Seat 8: Dorex2007 (big blind) folded before Flop
Seat 9: moor7 collected ($0.26)



PokerStars Hand #233215505576:  Hold'em No Limit ($0.01/$0.02 USD) - 2022/01/17 0:43:50 PT [2022/01/17 3:43:50 ET]
Table 'Kapaneus II' 9-max Seat #7 is the button
Seat 1: arianagray ($1 in chips) 
Seat 2: bojnice21 ($1.98 in chips) 
Seat 3: droctagon101 ($1.97 in chips) 
Seat 4: bober2702 ($2.21 in chips) 
Seat 5: iNteldrive ($2.28 in chips) 
Seat 6: Wayniak187 ($2.13 in chips) 
Seat 7: yanman662 ($1.72 in chips) 
Seat 8: Dorex2007 ($2.71 in chips) 
Seat 9: moor7 ($0.90 in chips) 
Dorex2007: posts small blind $0.01
moor7: posts big blind $0.02
Wayniak187: posts small blind $0.01
*** HOLE CARDS ***
Dealt to Dorex2007 [Jc 8s]
arianagray: folds 
bojnice21: calls $0.02
droctagon101: folds 
bober2702: folds 
iNteldrive: folds 
Wayniak187 has timed out
Wayniak187: folds 
yanman662: folds 
Dorex2007: folds 
moor7: checks 
*** FLOP *** [Qc 8d Ah]
moor7: checks 
bojnice21: checks 
*** TURN *** [Qc 8d Ah] [Tc]
moor7: checks 
bojnice21: checks 
*** RIVER *** [Qc 8d Ah Tc] [4h]
moor7: bets $0.02
bojnice21: calls $0.02
*** SHOW DOWN ***
moor7: shows [Jd 8h] (a pair of Eights)
bojnice21: shows [3d Ad] (a pair of Aces)
bojnice21 collected $0.10 from pot
*** SUMMARY ***
Total pot $0.10 | Rake $0 
Board [Qc 8d Ah Tc 4h]
Seat 1: arianagray folded before Flop (didn't bet)
Seat 2: bojnice21 showed [3d Ad] and won ($0.10) with a pair of Aces
Seat 3: droctagon101 folded before Flop (didn't bet)
Seat 4: bober2702 folded before Flop (didn't bet)
Seat 5: iNteldrive folded before Flop (didn't bet)
Seat 6: Wayniak187 folded before Flop (didn't bet)
Seat 7: yanman662 (button) folded before Flop (didn't bet)
Seat 8: Dorex2007 (small blind) folded before Flop
Seat 9: moor7 (big blind) showed [Jd 8h] and lost with a pair of Eights



PokerStars Hand #233215514853:  Hold'em No Limit ($0.01/$0.02 USD) - 2022/01/17 0:44:45 PT [2022/01/17 3:44:45 ET]
Table 'Kapaneus II' 9-max Seat #8 is the button
Seat 1: arianagray ($1 in chips) 
Seat 2: bojnice21 ($2.04 in chips) 
Seat 3: droctagon101 ($1.97 in chips) 
Seat 4: bober2702 ($2.21 in chips) 
Seat 5: iNteldrive ($2.28 in chips) 
Seat 6: Wayniak187 ($2.12 in chips) 
Seat 7: yanman662 ($1.72 in chips) 
Seat 8: Dorex2007 ($2.70 in chips) 
Seat 9: moor7 ($0.86 in chips) 
moor7: posts small blind $0.01
arianagray: posts big blind $0.02
*** HOLE CARDS ***
Dealt to Dorex2007 [Ad 6s]
bojnice21: folds 
droctagon101: folds 
bober2702: folds 
iNteldrive: folds 
Wayniak187 has timed out
Wayniak187: folds 
yanman662: folds 
Dorex2007: folds 
moor7: folds 
Uncalled bet ($0.01) returned to arianagray
arianagray collected $0.02 from pot
*** SUMMARY ***
Total pot $0.02 | Rake $0 
Seat 1: arianagray (big blind) collected ($0.02)
Seat 2: bojnice21 folded before Flop (didn't bet)
Seat 3: droctagon101 folded before Flop (didn't bet)
Seat 4: bober2702 folded before Flop (didn't bet)
Seat 5: iNteldrive folded before Flop (didn't bet)
Seat 6: Wayniak187 folded before Flop (didn't bet)
Seat 7: yanman662 folded before Flop (didn't bet)
Seat 8: Dorex2007 (button) folded before Flop (didn't bet)
Seat 9: moor7 (small blind) folded before Flop



PokerStars Hand #233215519622:  Hold'em No Limit ($0.01/$0.02 USD) - 2022/01/17 0:45:13 PT [2022/01/17 3:45:13 ET]
Table 'Kapaneus II' 9-max Seat #9 is the button
Seat 1: arianagray ($1.01 in chips) 
Seat 2: bojnice21 ($2.04 in chips) 
Seat 3: droctagon101 ($1.97 in chips) 
Seat 4: bober2702 ($2.21 in chips) 
Seat 5: iNteldrive ($2.28 in chips) 
Seat 7: yanman662 ($1.72 in chips) 
Seat 8: Dorex2007 ($2.70 in chips) 
Seat 9: moor7 ($0.85 in chips) 
arianagray: posts small blind $0.01
bojnice21: posts big blind $0.02
*** HOLE CARDS ***
Dealt to Dorex2007 [3h 2s]
droctagon101: folds 
bober2702: folds 
iNteldrive: folds 
yanman662: folds 
Dorex2007: folds 
moor7: folds 
arianagray: calls $0.01
bojnice21: checks 
*** FLOP *** [Kc 7h 9s]
arianagray: checks 
bojnice21: checks 
*** TURN *** [Kc 7h 9s] [3c]
arianagray: bets $0.04
bojnice21: calls $0.04
*** RIVER *** [Kc 7h 9s 3c] [Ks]
arianagray: bets $0.12
bojnice21: folds 
Uncalled bet ($0.12) returned to arianagray
arianagray collected $0.12 from pot
*** SUMMARY ***
Total pot $0.12 | Rake $0 
Board [Kc 7h 9s 3c Ks]
Seat 1: arianagray (small blind) collected ($0.12)
Seat 2: bojnice21 (big blind) folded on the River
Seat 3: droctagon101 folded before Flop (didn't bet)
Seat 4: bober2702 folded before Flop (didn't bet)
Seat 5: iNteldrive folded before Flop (didn't bet)
Seat 7: yanman662 folded before Flop (didn't bet)
Seat 8: Dorex2007 folded before Flop (didn't bet)
Seat 9: moor7 (button) folded before Flop (didn't bet)



PokerStars Hand #233215524384:  Hold'em No Limit ($0.01/$0.02 USD) - 2022/01/17 0:45:41 PT [2022/01/17 3:45:41 ET]
Table 'Kapaneus II' 9-max Seat #1 is the button
Seat 1: arianagray ($1.07 in chips) 
Seat 2: bojnice21 ($1.98 in chips) 
Seat 3: droctagon101 ($1.97 in chips) 
Seat 4: bober2702 ($2.21 in chips) 
Seat 5: iNteldrive ($2.28 in chips) 
Seat 7: yanman662 ($1.72 in chips) 
Seat 8: Dorex2007 ($2.70 in chips) 
Seat 9: moor7 ($0.85 in chips) 
bojnice21: posts small blind $0.01
droctagon101: posts big blind $0.02
*** HOLE CARDS ***
Dealt to Dorex2007 [Qh 2d]
bober2702: folds 
iNteldrive: folds 
yanman662: folds 
Dorex2007: folds 
moor7: calls $0.02
arianagray: folds 
bojnice21: calls $0.01
droctagon101: checks 
*** FLOP *** [6c 5s Ad]
bojnice21: checks 
droctagon101: checks 
moor7: bets $0.04
bojnice21: folds 
droctagon101: folds 
Uncalled bet ($0.04) returned to moor7
moor7 collected $0.06 from pot
moor7: doesn't show hand 
*** SUMMARY ***
Total pot $0.06 | Rake $0 
Board [6c 5s Ad]
Seat 1: arianagray (button) folded before Flop (didn't bet)
Seat 2: bojnice21 (small blind) folded on the Flop
Seat 3: droctagon101 (big blind) folded on the Flop
Seat 4: bober2702 folded before Flop (didn't bet)
Seat 5: iNteldrive folded before Flop (didn't bet)
Seat 7: yanman662 folded before Flop (didn't bet)
Seat 8: Dorex2007 folded before Flop (didn't bet)
Seat 9: moor7 collected ($0.06)



PokerStars Hand #233215529767:  Hold'em No Limit ($0.01/$0.02 USD) - 2022/01/17 0:46:13 PT [2022/01/17 3:46:13 ET]
Table 'Kapaneus II' 9-max Seat #2 is the button
Seat 1: arianagray ($1.07 in chips) 
Seat 2: bojnice21 ($1.96 in chips) 
Seat 3: droctagon101 ($1.95 in chips) 
Seat 4: bober2702 ($2.21 in chips) 
Seat 5: iNteldrive ($2.28 in chips) 
Seat 7: yanman662 ($1.72 in chips) 
Seat 8: Dorex2007 ($2.70 in chips) 
Seat 9: moor7 ($0.89 in chips) 
droctagon101: posts small blind $0.01
bober2702: posts big blind $0.02
*** HOLE CARDS ***
Dealt to Dorex2007 [8h Kc]
iNteldrive: folds 
yanman662: calls $0.02
Dorex2007: folds 
moor7: folds 
arianagray: folds 
bojnice21: folds 
droctagon101: raises $0.06 to $0.08
bober2702: folds 
yanman662: folds 
Uncalled bet ($0.06) returned to droctagon101
droctagon101 collected $0.06 from pot
droctagon101: doesn't show hand 
*** SUMMARY ***
Total pot $0.06 | Rake $0 
Seat 1: arianagray folded before Flop (didn't bet)
Seat 2: bojnice21 (button) folded before Flop (didn't bet)
Seat 3: droctagon101 (small blind) collected ($0.06)
Seat 4: bober2702 (big blind) folded before Flop
Seat 5: iNteldrive folded before Flop (didn't bet)
Seat 7: yanman662 folded before Flop
Seat 8: Dorex2007 folded before Flop (didn't bet)
Seat 9: moor7 folded before Flop (didn't bet)



PokerStars Hand #233215533911:  Hold'em No Limit ($0.01/$0.02 USD) - 2022/01/17 0:46:37 PT [2022/01/17 3:46:37 ET]
Table 'Kapaneus II' 9-max Seat #3 is the button
Seat 1: arianagray ($1.07 in chips) 
Seat 2: bojnice21 ($1.96 in chips) 
Seat 3: droctagon101 ($1.99 in chips) 
Seat 4: bober2702 ($2.19 in chips) 
Seat 5: iNteldrive ($2.28 in chips) 
Seat 7: yanman662 ($1.70 in chips) 
Seat 8: Dorex2007 ($2.70 in chips) 
Seat 9: moor7 ($0.89 in chips) 
bober2702: posts small blind $0.01
iNteldrive: posts big blind $0.02
*** HOLE CARDS ***
Dealt to Dorex2007 [9h Ad]
yanman662: folds 
Dorex2007: folds 
moor7: folds 
arianagray: folds 
bojnice21: folds 
droctagon101: folds 
bober2702: raises $0.04 to $0.06
iNteldrive: folds 
Uncalled bet ($0.04) returned to bober2702
bober2702 collected $0.04 from pot
*** SUMMARY ***
Total pot $0.04 | Rake $0 
Seat 1: arianagray folded before Flop (didn't bet)
Seat 2: bojnice21 folded before Flop (didn't bet)
Seat 3: droctagon101 (button) folded before Flop (didn't bet)
Seat 4: bober2702 (small blind) collected ($0.04)
Seat 5: iNteldrive (big blind) folded before Flop
Seat 7: yanman662 folded before Flop (didn't bet)
Seat 8: Dorex2007 folded before Flop (didn't bet)
Seat 9: moor7 folded before Flop (didn't bet)



PokerStars Hand #233215537374:  Hold'em No Limit ($0.01/$0.02 USD) - 2022/01/17 0:46:58 PT [2022/01/17 3:46:58 ET]
Table 'Kapaneus II' 9-max Seat #4 is the button
Seat 1: arianagray ($1.07 in chips) 
Seat 2: bojnice21 ($1.96 in chips) 
Seat 3: droctagon101 ($1.99 in chips) 
Seat 4: bober2702 ($2.21 in chips) 
Seat 5: iNteldrive ($2.26 in chips) 
Seat 6: Wayniak187 ($2.12 in chips) 
Seat 7: yanman662 ($1.70 in chips) 
Seat 8: Dorex2007 ($2.70 in chips) 
Seat 9: moor7 ($0.89 in chips) 
iNteldrive: posts small blind $0.01
Wayniak187: posts big blind $0.02
*** HOLE CARDS ***
Dealt to Dorex2007 [2h Jc]
yanman662: folds 
Dorex2007: folds 
moor7: folds 
arianagray: folds 
moor7 leaves the table
bojnice21: folds 
droctagon101: folds 
bober2702: folds 
iNteldrive: calls $0.01
Vit Mizz joins the table at seat #9 
Wayniak187 has timed out
Wayniak187: checks 
*** FLOP *** [3h 6h Ks]
iNteldrive: checks 
Wayniak187: checks 
*** TURN *** [3h 6h Ks] [5c]
iNteldrive: bets $0.02
Wayniak187: folds 
Uncalled bet ($0.02) returned to iNteldrive
iNteldrive collected $0.04 from pot
*** SUMMARY ***
Total pot $0.04 | Rake $0 
Board [3h 6h Ks 5c]
Seat 1: arianagray folded before Flop (didn't bet)
Seat 2: bojnice21 folded before Flop (didn't bet)
Seat 3: droctagon101 folded before Flop (didn't bet)
Seat 4: bober2702 (button) folded before Flop (didn't bet)
Seat 5: iNteldrive (small blind) collected ($0.04)
Seat 6: Wayniak187 (big blind) folded on the Turn
Seat 7: yanman662 folded before Flop (didn't bet)
Seat 8: Dorex2007 folded before Flop (didn't bet)
Seat 9: moor7 folded before Flop (didn't bet)



PokerStars Hand #233215546193:  Hold'em No Limit ($0.01/$0.02 USD) - 2022/01/17 0:47:49 PT [2022/01/17 3:47:49 ET]
Table 'Kapaneus II' 9-max Seat #5 is the button
Seat 1: arianagray ($1.07 in chips) 
Seat 2: bojnice21 ($1.96 in chips) 
Seat 3: droctagon101 ($1.99 in chips) 
Seat 4: bober2702 ($2.21 in chips) 
Seat 5: iNteldrive ($2.28 in chips) 
Seat 6: Wayniak187 ($2.10 in chips) 
Seat 8: Dorex2007 ($2.70 in chips) 
Wayniak187: posts small blind $0.01
yanman662: is sitting out 
Dorex2007: posts big blind $0.02
Vit Mizz: sits out 
*** HOLE CARDS ***
Dealt to Dorex2007 [4h 9s]
arianagray: raises $0.04 to $0.06
bojnice21: folds 
droctagon101: folds 
bober2702: folds 
iNteldrive: folds 
Wayniak187: folds 
Dorex2007: folds 
Uncalled bet ($0.04) returned to arianagray
arianagray collected $0.05 from pot
*** SUMMARY ***
Total pot $0.05 | Rake $0 
Seat 1: arianagray collected ($0.05)
Seat 2: bojnice21 folded before Flop (didn't bet)
Seat 3: droctagon101 folded before Flop (didn't bet)
Seat 4: bober2702 folded before Flop (didn't bet)
Seat 5: iNteldrive (button) folded before Flop (didn't bet)
Seat 6: Wayniak187 (small blind) folded before Flop
Seat 8: Dorex2007 (big blind) folded before Flop



PokerStars Hand #233215549114:  Hold'em No Limit ($0.01/$0.02 USD) - 2022/01/17 0:48:06 PT [2022/01/17 3:48:06 ET]
Table 'Kapaneus II' 9-max Seat #6 is the button
Seat 1: arianagray ($1.10 in chips) 
Seat 2: bojnice21 ($1.96 in chips) 
Seat 3: droctagon101 ($1.99 in chips) 
Seat 4: bober2702 ($2.21 in chips) 
Seat 5: iNteldrive ($2.28 in chips) 
Seat 6: Wayniak187 ($2.09 in chips) 
Seat 8: Dorex2007 ($2.68 in chips) 
Seat 9: Vit Mizz ($1.08 in chips) 
Dorex2007: posts small blind $0.01
Vit Mizz: posts big blind $0.02
*** HOLE CARDS ***
Dealt to Dorex2007 [Kc 6c]
arianagray: folds 
bojnice21: folds 
droctagon101: folds 
bober2702 is disconnected 
bober2702 has timed out while disconnected
bober2702: folds 
iNteldrive: folds 
Wayniak187: raises $0.04 to $0.06
Dorex2007: folds 
Vit Mizz has timed out
Vit Mizz: folds 
Uncalled bet ($0.04) returned to Wayniak187
Wayniak187 collected $0.05 from pot
*** SUMMARY ***
Total pot $0.05 | Rake $0 
Seat 1: arianagray folded before Flop (didn't bet)
Seat 2: bojnice21 folded before Flop (didn't bet)
Seat 3: droctagon101 folded before Flop (didn't bet)
Seat 4: bober2702 folded before Flop (didn't bet)
Seat 5: iNteldrive folded before Flop (didn't bet)
Seat 6: Wayniak187 (button) collected ($0.05)
Seat 8: Dorex2007 (small blind) folded before Flop
Seat 9: Vit Mizz (big blind) folded before Flop



PokerStars Hand #233215559521:  Hold'em No Limit ($0.01/$0.02 USD) - 2022/01/17 0:49:06 PT [2022/01/17 3:49:06 ET]
Table 'Kapaneus II' 9-max Seat #8 is the button
Seat 1: arianagray ($1.10 in chips) 
Seat 2: bojnice21 ($1.96 in chips) 
Seat 3: droctagon101 ($1.99 in chips) 
Seat 4: bober2702 ($2.21 in chips) 
Seat 5: iNteldrive ($2.28 in chips) 
Seat 6: Wayniak187 ($2.12 in chips) 
Seat 8: Dorex2007 ($2.67 in chips) 
Seat 9: Vit Mizz ($1.06 in chips) 
Vit Mizz: posts small blind $0.01
arianagray: posts big blind $0.02
*** HOLE CARDS ***
Dealt to Dorex2007 [6s 8s]
bojnice21: calls $0.02
droctagon101: folds 
bober2702: folds 
iNteldrive: folds 
Wayniak187: raises $0.06 to $0.08
Dorex2007: folds 
Vit Mizz has timed out
Vit Mizz: folds 
arianagray: folds 
bojnice21: calls $0.06
*** FLOP *** [2s 5c Tc]
bojnice21: checks 
Wayniak187: bets $0.18
bojnice21: calls $0.18
*** TURN *** [2s 5c Tc] [9d]
bojnice21: checks 
Wayniak187: bets $0.53
bojnice21: folds 
Uncalled bet ($0.53) returned to Wayniak187
Wayniak187 collected $0.53 from pot
*** SUMMARY ***
Total pot $0.55 | Rake $0.02 
Board [2s 5c Tc 9d]
Seat 1: arianagray (big blind) folded before Flop
Seat 2: bojnice21 folded on the Turn
Seat 3: droctagon101 folded before Flop (didn't bet)
Seat 4: bober2702 folded before Flop (didn't bet)
Seat 5: iNteldrive folded before Flop (didn't bet)
Seat 6: Wayniak187 collected ($0.53)
Seat 8: Dorex2007 (button) folded before Flop (didn't bet)
Seat 9: Vit Mizz (small blind) folded before Flop



PokerStars Hand #233215575182:  Hold'em No Limit ($0.01/$0.02 USD) - 2022/01/17 0:50:37 PT [2022/01/17 3:50:37 ET]
Table 'Kapaneus II' 9-max Seat #9 is the button
Seat 1: arianagray ($1.08 in chips) 
Seat 2: bojnice21 ($1.70 in chips) 
Seat 3: droctagon101 ($1.99 in chips) 
Seat 4: bober2702 ($2.21 in chips) 
Seat 5: iNteldrive ($2.28 in chips) 
Seat 6: Wayniak187 ($2.39 in chips) 
Seat 8: Dorex2007 ($2.67 in chips) 
Seat 9: Vit Mizz ($1.05 in chips) 
arianagray: posts small blind $0.01
bojnice21: posts big blind $0.02
*** HOLE CARDS ***
Dealt to Dorex2007 [As Ks]
droctagon101: folds 
bober2702: folds 
iNteldrive: raises $0.04 to $0.06
Wayniak187: folds 
Dorex2007: raises $0.12 to $0.18
Vit Mizz: folds 
arianagray: folds 
bojnice21: folds 
iNteldrive: folds 
Uncalled bet ($0.12) returned to Dorex2007
Dorex2007 collected $0.15 from pot
Dorex2007: doesn't show hand 
*** SUMMARY ***
Total pot $0.15 | Rake $0 
Seat 1: arianagray (small blind) folded before Flop
Seat 2: bojnice21 (big blind) folded before Flop
Seat 3: droctagon101 folded before Flop (didn't bet)
Seat 4: bober2702 folded before Flop (didn't bet)
Seat 5: iNteldrive folded before Flop
Seat 6: Wayniak187 folded before Flop (didn't bet)
Seat 8: Dorex2007 collected ($0.15)
Seat 9: Vit Mizz (button) folded before Flop (didn't bet)



PokerStars Hand #233215582168:  Hold'em No Limit ($0.01/$0.02 USD) - 2022/01/17 0:51:17 PT [2022/01/17 3:51:17 ET]
Table 'Kapaneus II' 9-max Seat #1 is the button
Seat 1: arianagray ($1.07 in chips) 
Seat 2: bojnice21 ($1.68 in chips) 
Seat 3: droctagon101 ($1.99 in chips) 
Seat 4: bober2702 ($2.21 in chips) 
Seat 5: iNteldrive ($2.22 in chips) 
Seat 6: Wayniak187 ($2.39 in chips) 
Seat 8: Dorex2007 ($2.76 in chips) 
Seat 9: Vit Mizz ($1.05 in chips) 
bojnice21: posts small blind $0.01
droctagon101: posts big blind $0.02
*** HOLE CARDS ***
Dealt to Dorex2007 [Kh Qs]
bober2702: raises $0.04 to $0.06
iNteldrive: folds 
Wayniak187 has timed out
Wayniak187: folds 
Dorex2007: calls $0.06
Vit Mizz: folds 
arianagray: raises $0.14 to $0.20
bojnice21: folds 
droctagon101: folds 
bober2702: calls $0.14
Dorex2007: folds 
*** FLOP *** [4s 4d Ac]
bober2702: checks 
arianagray: bets $0.14
bober2702: calls $0.14
*** TURN *** [4s 4d Ac] [5h]
bober2702: checks 
arianagray: checks 
*** RIVER *** [4s 4d Ac 5h] [9h]
bober2702: bets $0.37
arianagray: calls $0.37
*** SHOW DOWN ***
bober2702: shows [Ah Ad] (a full house, Aces full of Fours)
arianagray: mucks hand 
bober2702 collected $1.46 from pot
*** SUMMARY ***
Total pot $1.51 | Rake $0.05 
Board [4s 4d Ac 5h 9h]
Seat 1: arianagray (button) mucked [Kd Ks]
Seat 2: bojnice21 (small blind) folded before Flop
Seat 3: droctagon101 (big blind) folded before Flop
Seat 4: bober2702 showed [Ah Ad] and won ($1.46) with a full house, Aces full of Fours
Seat 5: iNteldrive folded before Flop (didn't bet)
Seat 6: Wayniak187 folded before Flop (didn't bet)
Seat 8: Dorex2007 folded before Flop
Seat 9: Vit Mizz folded before Flop (didn't bet)



PokerStars Hand #233215593947:  Hold'em No Limit ($0.01/$0.02 USD) - 2022/01/17 0:52:25 PT [2022/01/17 3:52:25 ET]
Table 'Kapaneus II' 9-max Seat #2 is the button
Seat 1: arianagray ($1 in chips) 
Seat 2: bojnice21 ($1.67 in chips) 
Seat 3: droctagon101 ($1.97 in chips) 
Seat 4: bober2702 ($2.96 in chips) 
Seat 5: iNteldrive ($2.22 in chips) 
Seat 6: Wayniak187 ($2.39 in chips) 
Seat 8: Dorex2007 ($2.70 in chips) 
Seat 9: Vit Mizz ($1.05 in chips) 
droctagon101: posts small blind $0.01
bober2702: posts big blind $0.02
*** HOLE CARDS ***
Dealt to Dorex2007 [7c Qc]
iNteldrive: folds 
Wayniak187 has timed out
Wayniak187: folds 
Dorex2007: folds 
Vit Mizz: folds 
arianagray: folds 
bojnice21: folds 
droctagon101: folds 
Uncalled bet ($0.01) returned to bober2702
bober2702 collected $0.02 from pot
bober2702: doesn't show hand 
*** SUMMARY ***
Total pot $0.02 | Rake $0 
Seat 1: arianagray folded before Flop (didn't bet)
Seat 2: bojnice21 (button) folded before Flop (didn't bet)
Seat 3: droctagon101 (small blind) folded before Flop
Seat 4: bober2702 (big blind) collected ($0.02)
Seat 5: iNteldrive folded before Flop (didn't bet)
Seat 6: Wayniak187 folded before Flop (didn't bet)
Seat 8: Dorex2007 folded before Flop (didn't bet)
Seat 9: Vit Mizz folded before Flop (didn't bet)



PokerStars Hand #233215598434:  Hold'em No Limit ($0.01/$0.02 USD) - 2022/01/17 0:52:50 PT [2022/01/17 3:52:50 ET]
Table 'Kapaneus II' 9-max Seat #3 is the button
Seat 1: arianagray ($1 in chips) 
Seat 2: bojnice21 ($1.67 in chips) 
Seat 3: droctagon101 ($1.96 in chips) 
Seat 4: bober2702 ($2.97 in chips) 
Seat 5: iNteldrive ($2.22 in chips) 
Seat 6: Wayniak187 ($2.39 in chips) 
Seat 8: Dorex2007 ($2.70 in chips) 
Seat 9: Vit Mizz ($1.05 in chips) 
bober2702: posts small blind $0.01
iNteldrive: posts big blind $0.02
*** HOLE CARDS ***
Dealt to Dorex2007 [3h 6c]
Wayniak187 has timed out
Wayniak187: folds 
Dorex2007: folds 
Vit Mizz: folds 
arianagray: folds 
bojnice21: folds 
droctagon101: raises $0.04 to $0.06
bober2702: folds 
iNteldrive: calls $0.04
*** FLOP *** [4s Js 7s]
iNteldrive: checks 
droctagon101: checks 
*** TURN *** [4s Js 7s] [2s]
iNteldrive: bets $0.06
droctagon101: calls $0.06
*** RIVER *** [4s Js 7s 2s] [Kd]
iNteldrive: checks 
droctagon101: checks 
*** SHOW DOWN ***
iNteldrive: shows [5s 5c] (a flush, Jack high)
droctagon101: shows [Ah Ts] (a flush, Jack high - Ten higher)
droctagon101 collected $0.24 from pot
*** SUMMARY ***
Total pot $0.25 | Rake $0.01 
Board [4s Js 7s 2s Kd]
Seat 1: arianagray folded before Flop (didn't bet)
Seat 2: bojnice21 folded before Flop (didn't bet)
Seat 3: droctagon101 (button) showed [Ah Ts] and won ($0.24) with a flush, Jack high
Seat 4: bober2702 (small blind) folded before Flop
Seat 5: iNteldrive (big blind) showed [5s 5c] and lost with a flush, Jack high
Seat 6: Wayniak187 folded before Flop (didn't bet)
Seat 8: Dorex2007 folded before Flop (didn't bet)
Seat 9: Vit Mizz folded before Flop (didn't bet)



PokerStars Hand #233215606398:  Hold'em No Limit ($0.01/$0.02 USD) - 2022/01/17 0:53:35 PT [2022/01/17 3:53:35 ET]
Table 'Kapaneus II' 9-max Seat #4 is the button
Seat 1: arianagray ($1 in chips) 
Seat 2: bojnice21 ($1.67 in chips) 
Seat 3: droctagon101 ($2.08 in chips) 
Seat 4: bober2702 ($2.96 in chips) 
Seat 5: iNteldrive ($2.10 in chips) 
Seat 6: Wayniak187 ($2.39 in chips) 
Seat 8: Dorex2007 ($2.70 in chips) 
Seat 9: Vit Mizz ($1.05 in chips) 
iNteldrive: posts small blind $0.01
Wayniak187: posts big blind $0.02
yanman662: sits out 
*** HOLE CARDS ***
Dealt to Dorex2007 [4d 9s]
Dorex2007: folds 
Vit Mizz: calls $0.02
arianagray: folds 
bojnice21: folds 
droctagon101: folds 
bober2702: raises $0.07 to $0.09
iNteldrive: folds 
Wayniak187: calls $0.07
Vit Mizz: calls $0.07
*** FLOP *** [Ad 6s Tc]
Wayniak187: checks 
Vit Mizz: checks 
bober2702: checks 
*** TURN *** [Ad 6s Tc] [Kc]
Wayniak187: bets $0.14
Vit Mizz: calls $0.14
bober2702: folds 
*** RIVER *** [Ad 6s Tc Kc] [2d]
Wayniak187: bets $0.27
Vit Mizz: folds 
Uncalled bet ($0.27) returned to Wayniak187
Wayniak187 collected $0.54 from pot
*** SUMMARY ***
Total pot $0.56 | Rake $0.02 
Board [Ad 6s Tc Kc 2d]
Seat 1: arianagray folded before Flop (didn't bet)
Seat 2: bojnice21 folded before Flop (didn't bet)
Seat 3: droctagon101 folded before Flop (didn't bet)
Seat 4: bober2702 (button) folded on the Turn
Seat 5: iNteldrive (small blind) folded before Flop
Seat 6: Wayniak187 (big blind) collected ($0.54)
Seat 8: Dorex2007 folded before Flop (didn't bet)
Seat 9: Vit Mizz folded on the River



PokerStars Hand #233215619784:  Hold'em No Limit ($0.01/$0.02 USD) - 2022/01/17 0:54:51 PT [2022/01/17 3:54:51 ET]
Table 'Kapaneus II' 9-max Seat #5 is the button
Seat 1: arianagray ($1 in chips) 
Seat 2: bojnice21 ($1.67 in chips) 
Seat 3: droctagon101 ($2.08 in chips) 
Seat 4: bober2702 ($2.87 in chips) 
Seat 5: iNteldrive ($2.09 in chips) 
Seat 6: Wayniak187 ($2.70 in chips) 
Seat 7: yanman662 ($1.70 in chips) 
Seat 8: Dorex2007 ($2.70 in chips) 
Seat 9: Vit Mizz ($0.82 in chips) 
Wayniak187: posts small blind $0.01
yanman662: posts big blind $0.02
*** HOLE CARDS ***
Dealt to Dorex2007 [Ad 5d]
Dorex2007: raises $0.02 to $0.04
Vit Mizz: folds 
arianagray: folds 
bojnice21: folds 
droctagon101: folds 
bober2702: folds 
iNteldrive: calls $0.04
Wayniak187: raises $0.06 to $0.10
yanman662: folds 
Dorex2007: calls $0.06
iNteldrive: folds 
*** FLOP *** [4c 6s 3s]
Wayniak187: checks 
Dorex2007: bets $0.13
Wayniak187: calls $0.13
*** TURN *** [4c 6s 3s] [8d]
Wayniak187: bets $0.25
Dorex2007: calls $0.25
*** RIVER *** [4c 6s 3s 8d] [9s]
bober2702 leaves the table
vova osa joins the table at seat #4 
Wayniak187: bets $0.12
Dorex2007: raises $2.10 to $2.22 and is all-in
Wayniak187: calls $2.10 and is all-in
*** SHOW DOWN ***
Dorex2007: shows [Ad 5d] (high card Ace)
Wayniak187: shows [Qh Qc] (a pair of Queens)
Wayniak187 collected $5.27 from pot
*** SUMMARY ***
Total pot $5.46 | Rake $0.19 
Board [4c 6s 3s 8d 9s]
Seat 1: arianagray folded before Flop (didn't bet)
Seat 2: bojnice21 folded before Flop (didn't bet)
Seat 3: droctagon101 folded before Flop (didn't bet)
Seat 4: bober2702 folded before Flop (didn't bet)
Seat 5: iNteldrive (button) folded before Flop
Seat 6: Wayniak187 (small blind) showed [Qh Qc] and won ($5.27) with a pair of Queens
Seat 7: yanman662 (big blind) folded before Flop
Seat 8: Dorex2007 showed [Ad 5d] and lost with high card Ace
Seat 9: Vit Mizz folded before Flop (didn't bet)



PokerStars Hand #233215630879:  Hold'em No Limit ($0.01/$0.02 USD) - 2022/01/17 0:56:01 PT [2022/01/17 3:56:01 ET]
Table 'Kapaneus II' 9-max Seat #6 is the button
Seat 1: arianagray ($1 in chips) 
Seat 2: bojnice21 ($1.67 in chips) 
Seat 3: droctagon101 ($2.08 in chips) 
Seat 5: iNteldrive ($2.05 in chips) 
Seat 6: Wayniak187 ($5.27 in chips) 
Seat 7: yanman662 ($1.68 in chips) 
Seat 8: Dorex2007 ($2 in chips) 
Seat 9: Vit Mizz ($0.82 in chips) 
yanman662: posts small blind $0.01
Dorex2007: posts big blind $0.02
vova osa: sits out 
*** HOLE CARDS ***
Dealt to Dorex2007 [As 9h]
Vit Mizz: folds 
arianagray: folds 
bojnice21: folds 
droctagon101: folds 
iNteldrive: folds 
Wayniak187: folds 
yanman662: calls $0.01
Dorex2007: checks 
*** FLOP *** [7d 3s 6c]
yanman662: checks 
Dorex2007: checks 
*** TURN *** [7d 3s 6c] [Td]
yanman662: checks 
Dorex2007: checks 
*** RIVER *** [7d 3s 6c Td] [Th]
yanman662: checks 
Dorex2007: checks 
*** SHOW DOWN ***
yanman662: shows [Qd Jh] (a pair of Tens)
Dorex2007: shows [As 9h] (a pair of Tens - Ace kicker)
Dorex2007 collected $0.04 from pot
*** SUMMARY ***
Total pot $0.04 | Rake $0 
Board [7d 3s 6c Td Th]
Seat 1: arianagray folded before Flop (didn't bet)
Seat 2: bojnice21 folded before Flop (didn't bet)
Seat 3: droctagon101 folded before Flop (didn't bet)
Seat 5: iNteldrive folded before Flop (didn't bet)
Seat 6: Wayniak187 (button) folded before Flop (didn't bet)
Seat 7: yanman662 (small blind) showed [Qd Jh] and lost with a pair of Tens
Seat 8: Dorex2007 (big blind) showed [As 9h] and won ($0.04) with a pair of Tens
Seat 9: Vit Mizz folded before Flop (didn't bet)



PokerStars Hand #233215638407:  Hold'em No Limit ($0.01/$0.02 USD) - 2022/01/17 0:56:51 PT [2022/01/17 3:56:51 ET]
Table 'Kapaneus II' 9-max Seat #7 is the button
Seat 1: arianagray ($1 in chips) 
Seat 2: bojnice21 ($1.67 in chips) 
Seat 3: droctagon101 ($2.08 in chips) 
Seat 5: iNteldrive ($2.05 in chips) 
Seat 6: Wayniak187 ($5.27 in chips) 
Seat 7: yanman662 ($1.66 in chips) 
Seat 8: Dorex2007 ($2.02 in chips) 
Seat 9: Vit Mizz ($0.82 in chips) 
Dorex2007: posts small blind $0.01
Vit Mizz: posts big blind $0.02
vova osa: sits out 
*** HOLE CARDS ***
Dealt to Dorex2007 [5h 9s]
arianagray: folds 
bojnice21: folds 
droctagon101: raises $0.04 to $0.06
iNteldrive: folds 
Wayniak187: folds 
yanman662: folds 
Dorex2007: folds 
Vit Mizz: folds 
Uncalled bet ($0.04) returned to droctagon101
droctagon101 collected $0.05 from pot
droctagon101: doesn't show hand 
*** SUMMARY ***
Total pot $0.05 | Rake $0 
Seat 1: arianagray folded before Flop (didn't bet)
Seat 2: bojnice21 folded before Flop (didn't bet)
Seat 3: droctagon101 collected ($0.05)
Seat 5: iNteldrive folded before Flop (didn't bet)
Seat 6: Wayniak187 folded before Flop (didn't bet)
Seat 7: yanman662 (button) folded before Flop (didn't bet)
Seat 8: Dorex2007 (small blind) folded before Flop
Seat 9: Vit Mizz (big blind) folded before Flop



PokerStars Hand #233215641601:  Hold'em No Limit ($0.01/$0.02 USD) - 2022/01/17 0:57:11 PT [2022/01/17 3:57:11 ET]
Table 'Kapaneus II' 9-max Seat #8 is the button
Seat 1: arianagray ($1 in chips) 
Seat 2: bojnice21 ($1.67 in chips) 
Seat 3: droctagon101 ($2.11 in chips) 
Seat 5: iNteldrive ($2.05 in chips) 
Seat 6: Wayniak187 ($5.27 in chips) 
Seat 7: yanman662 ($1.66 in chips) 
Seat 8: Dorex2007 ($2.01 in chips) 
Seat 9: Vit Mizz ($0.80 in chips) 
Vit Mizz: posts small blind $0.01
arianagray: posts big blind $0.02
vova osa: sits out 
*** HOLE CARDS ***
Dealt to Dorex2007 [4d 7h]
bojnice21: folds 
droctagon101: folds 
iNteldrive: folds 
Wayniak187: raises $0.04 to $0.06
yanman662: folds 
Dorex2007: folds 
Vit Mizz: folds 
arianagray: folds 
Uncalled bet ($0.04) returned to Wayniak187
Wayniak187 collected $0.05 from pot
*** SUMMARY ***
Total pot $0.05 | Rake $0 
Seat 1: arianagray (big blind) folded before Flop
Seat 2: bojnice21 folded before Flop (didn't bet)
Seat 3: droctagon101 folded before Flop (didn't bet)
Seat 5: iNteldrive folded before Flop (didn't bet)
Seat 6: Wayniak187 collected ($0.05)
Seat 7: yanman662 folded before Flop (didn't bet)
Seat 8: Dorex2007 (button) folded before Flop (didn't bet)
Seat 9: Vit Mizz (small blind) folded before Flop



PokerStars Hand #233215644661:  Hold'em No Limit ($0.01/$0.02 USD) - 2022/01/17 0:57:31 PT [2022/01/17 3:57:31 ET]
Table 'Kapaneus II' 9-max Seat #9 is the button
Seat 1: arianagray ($1 in chips) 
Seat 2: bojnice21 ($1.67 in chips) 
Seat 3: droctagon101 ($2.11 in chips) 
Seat 5: iNteldrive ($2.05 in chips) 
Seat 6: Wayniak187 ($5.30 in chips) 
Seat 7: yanman662 ($1.66 in chips) 
Seat 8: Dorex2007 ($2.01 in chips) 
Seat 9: Vit Mizz ($0.79 in chips) 
arianagray: posts small blind $0.01
bojnice21: posts big blind $0.02
vova osa: sits out 
*** HOLE CARDS ***
Dealt to Dorex2007 [6h 2c]
droctagon101: folds 
iNteldrive: raises $0.04 to $0.06
Wayniak187: calls $0.06
yanman662: calls $0.06
Dorex2007: folds 
Vit Mizz: folds 
arianagray: folds 
bojnice21: calls $0.04
*** FLOP *** [3c 4c Td]
bojnice21: checks 
iNteldrive: checks 
Wayniak187: checks 
yanman662: checks 
*** TURN *** [3c 4c Td] [2s]
bojnice21: checks 
iNteldrive: checks 
Wayniak187: bets $0.24
yanman662: folds 
bojnice21: folds 
iNteldrive: folds 
Uncalled bet ($0.24) returned to Wayniak187
Wayniak187 collected $0.24 from pot
*** SUMMARY ***
Total pot $0.25 | Rake $0.01 
Board [3c 4c Td 2s]
Seat 1: arianagray (small blind) folded before Flop
Seat 2: bojnice21 (big blind) folded on the Turn
Seat 3: droctagon101 folded before Flop (didn't bet)
Seat 5: iNteldrive folded on the Turn
Seat 6: Wayniak187 collected ($0.24)
Seat 7: yanman662 folded on the Turn
Seat 8: Dorex2007 folded before Flop (didn't bet)
Seat 9: Vit Mizz (button) folded before Flop (didn't bet)



