PokerStars Hand #238820462858:  Hold'em No Limit ($0.02/$0.05 USD) - 2022/09/23 14:53:39 PT [2022/09/23 17:53:39 ET]
Table 'Izar IV' 9-max Seat #8 is the button
Seat 1: Horrymek ($5.51 in chips) 
Seat 2: WeNaSo_07 ($4.14 in chips) 
Seat 3: lelijkebaas ($5.47 in chips) 
Seat 5: Zauberer_1 ($16.02 in chips) 
Seat 6: tioblanc ($9.18 in chips) 
Seat 7: Dorex2007 ($5 in chips) 
Seat 8: megtorlo2244 ($4.14 in chips) 
Seat 9: RawManimal27 ($5 in chips) 
RawManimal27: posts small blind $0.02
Horrymek: posts big blind $0.05
ZAURBEKK2013: sits out 
Dorex2007: posts small & big blinds $0.07
*** HOLE CARDS ***
Dealt to Dorex2007 [6d 3c]
WeNaSo_07: folds 
lelijkebaas: folds 
Zauberer_1: folds 
tioblanc: raises $0.10 to $0.15
Dorex2007: folds 
megtorlo2244: calls $0.15
RawManimal27: raises $0.50 to $0.65
Horrymek: folds 
tioblanc: calls $0.50
megtorlo2244: folds 
*** FLOP *** [Jh 2d 2h]
RawManimal27: bets $0.50
tioblanc: calls $0.50
*** TURN *** [Jh 2d 2h] [7d]
RawManimal27: checks 
tioblanc: checks 
*** RIVER *** [Jh 2d 2h 7d] [Tc]
RawManimal27: checks 
tioblanc: checks 
*** SHOW DOWN ***
RawManimal27: shows [Ad Ts] (two pair, Tens and Deuces)
tioblanc: mucks hand 
RawManimal27 collected $2.46 from pot
*** SUMMARY ***
Total pot $2.57 | Rake $0.11 
Board [Jh 2d 2h 7d Tc]
Seat 1: Horrymek (big blind) folded before Flop
Seat 2: WeNaSo_07 folded before Flop (didn't bet)
Seat 3: lelijkebaas folded before Flop (didn't bet)
Seat 5: Zauberer_1 folded before Flop (didn't bet)
Seat 6: tioblanc mucked [Ah 8h]
Seat 7: Dorex2007 folded before Flop (didn't bet)
Seat 8: megtorlo2244 (button) folded before Flop
Seat 9: RawManimal27 (small blind) showed [Ad Ts] and won ($2.46) with two pair, Tens and Deuces



PokerStars Hand #238820494695:  Hold'em No Limit ($0.02/$0.05 USD) - 2022/09/23 14:55:07 PT [2022/09/23 17:55:07 ET]
Table 'Izar IV' 9-max Seat #9 is the button
Seat 1: Horrymek ($5.46 in chips) 
Seat 2: WeNaSo_07 ($4.14 in chips) 
Seat 3: lelijkebaas ($5.47 in chips) 
Seat 5: Zauberer_1 ($16.02 in chips) 
Seat 6: tioblanc ($8.03 in chips) 
Seat 7: Dorex2007 ($5 in chips) 
Seat 8: megtorlo2244 ($4 in chips) 
Seat 9: RawManimal27 ($6.31 in chips) 
Horrymek: posts small blind $0.02
WeNaSo_07: posts big blind $0.05
ZAURBEKK2013: sits out 
*** HOLE CARDS ***
Dealt to Dorex2007 [9c 8h]
lelijkebaas: folds 
Zauberer_1: folds 
tioblanc: folds 
Dorex2007: folds 
megtorlo2244: raises $0.10 to $0.15
RawManimal27: folds 
Horrymek: folds 
WeNaSo_07: folds 
Uncalled bet ($0.10) returned to megtorlo2244
megtorlo2244 collected $0.12 from pot
megtorlo2244: doesn't show hand 
*** SUMMARY ***
Total pot $0.12 | Rake $0 
Seat 1: Horrymek (small blind) folded before Flop
Seat 2: WeNaSo_07 (big blind) folded before Flop
Seat 3: lelijkebaas folded before Flop (didn't bet)
Seat 5: Zauberer_1 folded before Flop (didn't bet)
Seat 6: tioblanc folded before Flop (didn't bet)
Seat 7: Dorex2007 folded before Flop (didn't bet)
Seat 8: megtorlo2244 collected ($0.12)
Seat 9: RawManimal27 (button) folded before Flop (didn't bet)



PokerStars Hand #238820502448:  Hold'em No Limit ($0.02/$0.05 USD) - 2022/09/23 14:55:34 PT [2022/09/23 17:55:34 ET]
Table 'Izar IV' 9-max Seat #1 is the button
Seat 1: Horrymek ($5.44 in chips) 
Seat 2: WeNaSo_07 ($4.09 in chips) 
Seat 3: lelijkebaas ($5.47 in chips) 
Seat 5: Zauberer_1 ($16.02 in chips) 
Seat 6: tioblanc ($8.03 in chips) 
Seat 7: Dorex2007 ($5 in chips) 
Seat 8: megtorlo2244 ($4.07 in chips) 
Seat 9: RawManimal27 ($6.31 in chips) 
WeNaSo_07: posts small blind $0.02
lelijkebaas: posts big blind $0.05
ZAURBEKK2013: sits out 
*** HOLE CARDS ***
Dealt to Dorex2007 [6d Ad]
Zauberer_1: raises $0.10 to $0.15
tioblanc: folds 
Dorex2007: folds 
megtorlo2244: folds 
RawManimal27: folds 
Horrymek: folds 
WeNaSo_07: folds 
lelijkebaas: folds 
Uncalled bet ($0.10) returned to Zauberer_1
Zauberer_1 collected $0.12 from pot
Zauberer_1: doesn't show hand 
*** SUMMARY ***
Total pot $0.12 | Rake $0 
Seat 1: Horrymek (button) folded before Flop (didn't bet)
Seat 2: WeNaSo_07 (small blind) folded before Flop
Seat 3: lelijkebaas (big blind) folded before Flop
Seat 5: Zauberer_1 collected ($0.12)
Seat 6: tioblanc folded before Flop (didn't bet)
Seat 7: Dorex2007 folded before Flop (didn't bet)
Seat 8: megtorlo2244 folded before Flop (didn't bet)
Seat 9: RawManimal27 folded before Flop (didn't bet)



PokerStars Hand #238820510258:  Hold'em No Limit ($0.02/$0.05 USD) - 2022/09/23 14:56:03 PT [2022/09/23 17:56:03 ET]
Table 'Izar IV' 9-max Seat #2 is the button
Seat 1: Horrymek ($5.44 in chips) 
Seat 2: WeNaSo_07 ($4.07 in chips) 
Seat 3: lelijkebaas ($5.42 in chips) 
Seat 4: ZAURBEKK2013 ($5 in chips) 
Seat 5: Zauberer_1 ($16.09 in chips) 
Seat 6: tioblanc ($8.03 in chips) 
Seat 7: Dorex2007 ($5 in chips) 
Seat 8: megtorlo2244 ($4.07 in chips) 
Seat 9: RawManimal27 ($6.31 in chips) 
lelijkebaas: posts small blind $0.02
ZAURBEKK2013: posts big blind $0.05
*** HOLE CARDS ***
Dealt to Dorex2007 [Qh As]
Zauberer_1: folds 
tioblanc: folds 
Dorex2007: raises $0.10 to $0.15
megtorlo2244: folds 
RawManimal27: folds 
Horrymek: folds 
WeNaSo_07: folds 
lelijkebaas: folds 
ZAURBEKK2013: folds 
Uncalled bet ($0.10) returned to Dorex2007
Horrymek leaves the table
Dorex2007 collected $0.12 from pot
Dorex2007: doesn't show hand 
*** SUMMARY ***
Total pot $0.12 | Rake $0 
Seat 1: Horrymek folded before Flop (didn't bet)
Seat 2: WeNaSo_07 (button) folded before Flop (didn't bet)
Seat 3: lelijkebaas (small blind) folded before Flop
Seat 4: ZAURBEKK2013 (big blind) folded before Flop
Seat 5: Zauberer_1 folded before Flop (didn't bet)
Seat 6: tioblanc folded before Flop (didn't bet)
Seat 7: Dorex2007 collected ($0.12)
Seat 8: megtorlo2244 folded before Flop (didn't bet)
Seat 9: RawManimal27 folded before Flop (didn't bet)



PokerStars Hand #238820518119:  Hold'em No Limit ($0.02/$0.05 USD) - 2022/09/23 14:56:31 PT [2022/09/23 17:56:31 ET]
Table 'Izar IV' 9-max Seat #3 is the button
Seat 2: WeNaSo_07 ($4.07 in chips) 
Seat 3: lelijkebaas ($5.40 in chips) 
Seat 4: ZAURBEKK2013 ($4.95 in chips) 
Seat 6: tioblanc ($8.03 in chips) 
Seat 7: Dorex2007 ($5.07 in chips) 
Seat 8: megtorlo2244 ($4.07 in chips) 
ZAURBEKK2013: posts small blind $0.02
Zauberer_1: is sitting out 
tioblanc: posts big blind $0.05
*** HOLE CARDS ***
Dealt to Dorex2007 [3s 2h]
ZAURBEKK2013 is disconnected 
Dorex2007: folds 
megtorlo2244: folds 
daro506 joins the table at seat #1 
WeNaSo_07: raises $0.10 to $0.15
lelijkebaas: calls $0.15
Zauberer_1 leaves the table
ZAURBEKK2013 is connected 
ZAURBEKK2013: folds 
tioblanc: calls $0.10
*** FLOP *** [8s 4d Ad]
tioblanc: checks 
WeNaSo_07: checks 
miami2k joins the table at seat #5 
lelijkebaas: bets $0.22
tioblanc: calls $0.22
WeNaSo_07: calls $0.22
*** TURN *** [8s 4d Ad] [6s]
tioblanc: checks 
WeNaSo_07: checks 
lelijkebaas: checks 
*** RIVER *** [8s 4d Ad 6s] [4c]
tioblanc: checks 
WeNaSo_07: checks 
lelijkebaas: checks 
*** SHOW DOWN ***
tioblanc: shows [8c Jd] (two pair, Eights and Fours)
WeNaSo_07: mucks hand 
lelijkebaas: shows [3c Ac] (two pair, Aces and Fours)
lelijkebaas collected $1.08 from pot
*** SUMMARY ***
Total pot $1.13 | Rake $0.05 
Board [8s 4d Ad 6s 4c]
Seat 2: WeNaSo_07 mucked [9d 7d]
Seat 3: lelijkebaas (button) showed [3c Ac] and won ($1.08) with two pair, Aces and Fours
Seat 4: ZAURBEKK2013 (small blind) folded before Flop
Seat 6: tioblanc (big blind) showed [8c Jd] and lost with two pair, Eights and Fours
Seat 7: Dorex2007 folded before Flop (didn't bet)
Seat 8: megtorlo2244 folded before Flop (didn't bet)



PokerStars Hand #238820546747:  Hold'em No Limit ($0.02/$0.05 USD) - 2022/09/23 14:58:14 PT [2022/09/23 17:58:14 ET]
Table 'Izar IV' 9-max Seat #4 is the button
Seat 2: WeNaSo_07 ($3.70 in chips) 
Seat 3: lelijkebaas ($6.11 in chips) 
Seat 4: ZAURBEKK2013 ($4.93 in chips) 
Seat 6: tioblanc ($7.66 in chips) 
Seat 7: Dorex2007 ($5.07 in chips) 
Seat 8: megtorlo2244 ($4.07 in chips) 
tioblanc: posts small blind $0.02
Dorex2007: posts big blind $0.05
daro506: sits out 
*** HOLE CARDS ***
Dealt to Dorex2007 [Qd 9h]
megtorlo2244: folds 
WeNaSo_07: folds 
megtorlo2244 leaves the table
lelijkebaas: folds 
ZAURBEKK2013: folds 
tioblanc: raises $0.10 to $0.15
Dorex2007: folds 
Uncalled bet ($0.10) returned to tioblanc
tioblanc collected $0.10 from pot
tioblanc: doesn't show hand 
*** SUMMARY ***
Total pot $0.10 | Rake $0 
Seat 2: WeNaSo_07 folded before Flop (didn't bet)
Seat 3: lelijkebaas folded before Flop (didn't bet)
Seat 4: ZAURBEKK2013 (button) folded before Flop (didn't bet)
Seat 6: tioblanc (small blind) collected ($0.10)
Seat 7: Dorex2007 (big blind) folded before Flop
Seat 8: megtorlo2244 folded before Flop (didn't bet)



PokerStars Hand #238820551933:  Hold'em No Limit ($0.02/$0.05 USD) - 2022/09/23 14:58:33 PT [2022/09/23 17:58:33 ET]
Table 'Izar IV' 9-max Seat #6 is the button
Seat 1: daro506 ($5 in chips) 
Seat 2: WeNaSo_07 ($3.70 in chips) 
Seat 3: lelijkebaas ($6.11 in chips) 
Seat 4: ZAURBEKK2013 ($4.93 in chips) 
Seat 5: miami2k ($5 in chips) 
Seat 6: tioblanc ($7.71 in chips) 
Seat 7: Dorex2007 ($5.02 in chips) 
Dorex2007: posts small blind $0.02
daro506: posts big blind $0.05
miami2k: posts big blind $0.05
*** HOLE CARDS ***
Dealt to Dorex2007 [4c Ks]
Blake45645 joins the table at seat #8 
WeNaSo_07: folds 
lelijkebaas: folds 
ZAURBEKK2013: folds 
miami2k: raises $0.10 to $0.15
tioblanc: folds 
Dorex2007: folds 
daro506: folds 
Uncalled bet ($0.10) returned to miami2k
miami2k collected $0.12 from pot
miami2k: doesn't show hand 
*** SUMMARY ***
Total pot $0.12 | Rake $0 
Seat 1: daro506 (big blind) folded before Flop
Seat 2: WeNaSo_07 folded before Flop (didn't bet)
Seat 3: lelijkebaas folded before Flop (didn't bet)
Seat 4: ZAURBEKK2013 folded before Flop (didn't bet)
Seat 5: miami2k collected ($0.12)
Seat 6: tioblanc (button) folded before Flop (didn't bet)
Seat 7: Dorex2007 (small blind) folded before Flop



PokerStars Hand #238820556943:  Hold'em No Limit ($0.02/$0.05 USD) - 2022/09/23 14:58:51 PT [2022/09/23 17:58:51 ET]
Table 'Izar IV' 9-max Seat #7 is the button
Seat 1: daro506 ($4.95 in chips) 
Seat 2: WeNaSo_07 ($3.70 in chips) 
Seat 3: lelijkebaas ($6.11 in chips) 
Seat 4: ZAURBEKK2013 ($4.93 in chips) 
Seat 5: miami2k ($5.07 in chips) 
Seat 6: tioblanc ($7.71 in chips) 
Seat 7: Dorex2007 ($5 in chips) 
daro506: posts small blind $0.02
WeNaSo_07: posts big blind $0.05
*** HOLE CARDS ***
Dealt to Dorex2007 [Tc 5c]
lelijkebaas: folds 
ZAURBEKK2013: folds 
miami2k: folds 
tioblanc: folds 
Dorex2007: folds 
daro506: raises $0.10 to $0.15
WeNaSo_07: calls $0.10
*** FLOP *** [Ts 3h 9c]
daro506: bets $0.21
WeNaSo_07: folds 
Uncalled bet ($0.21) returned to daro506
daro506 collected $0.29 from pot
*** SUMMARY ***
Total pot $0.30 | Rake $0.01 
Board [Ts 3h 9c]
Seat 1: daro506 (small blind) collected ($0.29)
Seat 2: WeNaSo_07 (big blind) folded on the Flop
Seat 3: lelijkebaas folded before Flop (didn't bet)
Seat 4: ZAURBEKK2013 folded before Flop (didn't bet)
Seat 5: miami2k folded before Flop (didn't bet)
Seat 6: tioblanc folded before Flop (didn't bet)
Seat 7: Dorex2007 (button) folded before Flop (didn't bet)



PokerStars Hand #238820566682:  Hold'em No Limit ($0.02/$0.05 USD) - 2022/09/23 14:59:26 PT [2022/09/23 17:59:26 ET]
Table 'Izar IV' 9-max Seat #1 is the button
Seat 1: daro506 ($5.09 in chips) 
Seat 2: WeNaSo_07 ($3.55 in chips) 
Seat 3: lelijkebaas ($6.11 in chips) 
Seat 4: ZAURBEKK2013 ($4.93 in chips) 
Seat 5: miami2k ($5.07 in chips) 
Seat 6: tioblanc ($7.71 in chips) 
Seat 7: Dorex2007 ($5 in chips) 
WeNaSo_07: posts small blind $0.02
lelijkebaas: posts big blind $0.05
Blake45645: sits out 
RawManimal27: sits out 
*** HOLE CARDS ***
Dealt to Dorex2007 [7c 6c]
ZAURBEKK2013: folds 
miami2k: raises $0.05 to $0.10
tioblanc: raises $0.27 to $0.37
Dorex2007: folds 
daro506: folds 
WeNaSo_07: folds 
lelijkebaas: folds 
miami2k: folds 
Uncalled bet ($0.27) returned to tioblanc
tioblanc collected $0.27 from pot
tioblanc: doesn't show hand 
*** SUMMARY ***
Total pot $0.27 | Rake $0 
Seat 1: daro506 (button) folded before Flop (didn't bet)
Seat 2: WeNaSo_07 (small blind) folded before Flop
Seat 3: lelijkebaas (big blind) folded before Flop
Seat 4: ZAURBEKK2013 folded before Flop (didn't bet)
Seat 5: miami2k folded before Flop
Seat 6: tioblanc collected ($0.27)
Seat 7: Dorex2007 folded before Flop (didn't bet)



PokerStars Hand #238820573375:  Hold'em No Limit ($0.02/$0.05 USD) - 2022/09/23 14:59:51 PT [2022/09/23 17:59:51 ET]
Table 'Izar IV' 9-max Seat #2 is the button
Seat 1: daro506 ($5.09 in chips) 
Seat 2: WeNaSo_07 ($3.53 in chips) 
Seat 3: lelijkebaas ($6.06 in chips) 
Seat 4: ZAURBEKK2013 ($4.93 in chips) 
Seat 5: miami2k ($4.97 in chips) 
Seat 6: tioblanc ($7.88 in chips) 
Seat 7: Dorex2007 ($5 in chips) 
lelijkebaas: posts small blind $0.02
ZAURBEKK2013: posts big blind $0.05
Blake45645: sits out 
RawManimal27: sits out 
*** HOLE CARDS ***
Dealt to Dorex2007 [Qh 8s]
miami2k: folds 
tioblanc: folds 
Dorex2007: folds 
daro506: folds 
WeNaSo_07: folds 
lelijkebaas: folds 
Uncalled bet ($0.03) returned to ZAURBEKK2013
ZAURBEKK2013 collected $0.04 from pot
ZAURBEKK2013: doesn't show hand 
*** SUMMARY ***
Total pot $0.04 | Rake $0 
Seat 1: daro506 folded before Flop (didn't bet)
Seat 2: WeNaSo_07 (button) folded before Flop (didn't bet)
Seat 3: lelijkebaas (small blind) folded before Flop
Seat 4: ZAURBEKK2013 (big blind) collected ($0.04)
Seat 5: miami2k folded before Flop (didn't bet)
Seat 6: tioblanc folded before Flop (didn't bet)
Seat 7: Dorex2007 folded before Flop (didn't bet)



PokerStars Hand #238820576181:  Hold'em No Limit ($0.02/$0.05 USD) - 2022/09/23 15:00:00 PT [2022/09/23 18:00:00 ET]
Table 'Izar IV' 9-max Seat #3 is the button
Seat 1: daro506 ($5.09 in chips) 
Seat 2: WeNaSo_07 ($3.53 in chips) 
Seat 3: lelijkebaas ($6.04 in chips) 
Seat 4: ZAURBEKK2013 ($4.95 in chips) 
Seat 5: miami2k ($4.97 in chips) 
Seat 6: tioblanc ($7.88 in chips) 
Seat 7: Dorex2007 ($5 in chips) 
ZAURBEKK2013: posts small blind $0.02
miami2k: posts big blind $0.05
Blake45645: sits out 
RawManimal27: sits out 
*** HOLE CARDS ***
Dealt to Dorex2007 [2c 2h]
tioblanc: folds 
Dorex2007: calls $0.05
daro506: folds 
WeNaSo_07: folds 
lelijkebaas: folds 
ZAURBEKK2013: folds 
miami2k: raises $0.15 to $0.20
Dorex2007: calls $0.15
*** FLOP *** [Kd 8c Qs]
miami2k: bets $0.20
Dorex2007: folds 
Uncalled bet ($0.20) returned to miami2k
miami2k collected $0.40 from pot
miami2k: doesn't show hand 
*** SUMMARY ***
Total pot $0.42 | Rake $0.02 
Board [Kd 8c Qs]
Seat 1: daro506 folded before Flop (didn't bet)
Seat 2: WeNaSo_07 folded before Flop (didn't bet)
Seat 3: lelijkebaas (button) folded before Flop (didn't bet)
Seat 4: ZAURBEKK2013 (small blind) folded before Flop
Seat 5: miami2k (big blind) collected ($0.40)
Seat 6: tioblanc folded before Flop (didn't bet)
Seat 7: Dorex2007 folded on the Flop



PokerStars Hand #238820585573:  Hold'em No Limit ($0.02/$0.05 USD) - 2022/09/23 15:00:34 PT [2022/09/23 18:00:34 ET]
Table 'Izar IV' 9-max Seat #4 is the button
Seat 1: daro506 ($5.09 in chips) 
Seat 2: WeNaSo_07 ($3.53 in chips) 
Seat 3: lelijkebaas ($6.04 in chips) 
Seat 4: ZAURBEKK2013 ($4.93 in chips) 
Seat 5: miami2k ($5.17 in chips) 
Seat 6: tioblanc ($7.88 in chips) 
Seat 7: Dorex2007 ($5 in chips) 
miami2k: posts small blind $0.02
tioblanc: posts big blind $0.05
Blake45645: sits out 
RawManimal27: sits out 
*** HOLE CARDS ***
Dealt to Dorex2007 [Ac 9h]
Dorex2007: folds 
daro506: folds 
WeNaSo_07: folds 
lelijkebaas: raises $0.10 to $0.15
ZAURBEKK2013: folds 
miami2k: folds 
tioblanc: folds 
Uncalled bet ($0.10) returned to lelijkebaas
lelijkebaas collected $0.12 from pot
lelijkebaas: doesn't show hand 
*** SUMMARY ***
Total pot $0.12 | Rake $0 
Seat 1: daro506 folded before Flop (didn't bet)
Seat 2: WeNaSo_07 folded before Flop (didn't bet)
Seat 3: lelijkebaas collected ($0.12)
Seat 4: ZAURBEKK2013 (button) folded before Flop (didn't bet)
Seat 5: miami2k (small blind) folded before Flop
Seat 6: tioblanc (big blind) folded before Flop
Seat 7: Dorex2007 folded before Flop (didn't bet)



PokerStars Hand #238820597727:  Hold'em No Limit ($0.02/$0.05 USD) - 2022/09/23 15:01:13 PT [2022/09/23 18:01:13 ET]
Table 'Izar IV' 9-max Seat #5 is the button
Seat 1: daro506 ($5.09 in chips) 
Seat 2: WeNaSo_07 ($3.53 in chips) 
Seat 3: lelijkebaas ($6.11 in chips) 
Seat 4: ZAURBEKK2013 ($4.93 in chips) 
Seat 5: miami2k ($5.15 in chips) 
Seat 6: tioblanc ($7.83 in chips) 
Seat 7: Dorex2007 ($5 in chips) 
tioblanc: posts small blind $0.02
Dorex2007: posts big blind $0.05
Blake45645: sits out 
RawManimal27: sits out 
*** HOLE CARDS ***
Dealt to Dorex2007 [Th 6s]
daro506: folds 
WeNaSo_07: folds 
lelijkebaas: folds 
ZAURBEKK2013: folds 
miami2k: raises $0.10 to $0.15
tioblanc: folds 
Dorex2007: folds 
Uncalled bet ($0.10) returned to miami2k
miami2k collected $0.12 from pot
miami2k: doesn't show hand 
*** SUMMARY ***
Total pot $0.12 | Rake $0 
Seat 1: daro506 folded before Flop (didn't bet)
Seat 2: WeNaSo_07 folded before Flop (didn't bet)
Seat 3: lelijkebaas folded before Flop (didn't bet)
Seat 4: ZAURBEKK2013 folded before Flop (didn't bet)
Seat 5: miami2k (button) collected ($0.12)
Seat 6: tioblanc (small blind) folded before Flop
Seat 7: Dorex2007 (big blind) folded before Flop



PokerStars Hand #238820605573:  Hold'em No Limit ($0.02/$0.05 USD) - 2022/09/23 15:01:37 PT [2022/09/23 18:01:37 ET]
Table 'Izar IV' 9-max Seat #6 is the button
Seat 1: daro506 ($5.09 in chips) 
Seat 2: WeNaSo_07 ($3.53 in chips) 
Seat 3: lelijkebaas ($6.11 in chips) 
Seat 4: ZAURBEKK2013 ($4.93 in chips) 
Seat 5: miami2k ($5.22 in chips) 
Seat 6: tioblanc ($7.81 in chips) 
Seat 7: Dorex2007 ($5 in chips) 
Seat 8: Blake45645 ($5 in chips) 
Dorex2007: posts small blind $0.02
Blake45645: posts big blind $0.05
RawManimal27: sits out 
*** HOLE CARDS ***
Dealt to Dorex2007 [8c Td]
daro506: folds 
WeNaSo_07: folds 
lelijkebaas: folds 
ZAURBEKK2013: folds 
miami2k: raises $0.10 to $0.15
tioblanc: folds 
Dorex2007: folds 
Blake45645: folds 
Uncalled bet ($0.10) returned to miami2k
miami2k collected $0.12 from pot
miami2k: doesn't show hand 
*** SUMMARY ***
Total pot $0.12 | Rake $0 
Seat 1: daro506 folded before Flop (didn't bet)
Seat 2: WeNaSo_07 folded before Flop (didn't bet)
Seat 3: lelijkebaas folded before Flop (didn't bet)
Seat 4: ZAURBEKK2013 folded before Flop (didn't bet)
Seat 5: miami2k collected ($0.12)
Seat 6: tioblanc (button) folded before Flop (didn't bet)
Seat 7: Dorex2007 (small blind) folded before Flop
Seat 8: Blake45645 (big blind) folded before Flop



PokerStars Hand #238820611405:  Hold'em No Limit ($0.02/$0.05 USD) - 2022/09/23 15:01:54 PT [2022/09/23 18:01:54 ET]
Table 'Izar IV' 9-max Seat #7 is the button
Seat 1: daro506 ($5.09 in chips) 
Seat 2: WeNaSo_07 ($3.53 in chips) 
Seat 3: lelijkebaas ($6.11 in chips) 
Seat 4: ZAURBEKK2013 ($4.93 in chips) 
Seat 5: miami2k ($5.29 in chips) 
Seat 6: tioblanc ($7.81 in chips) 
Seat 7: Dorex2007 ($5 in chips) 
Seat 8: Blake45645 ($4.95 in chips) 
Seat 9: RawManimal27 ($6.31 in chips) 
Blake45645: posts small blind $0.02
RawManimal27: posts big blind $0.05
*** HOLE CARDS ***
Dealt to Dorex2007 [2c Qd]
daro506: folds 
WeNaSo_07: folds 
lelijkebaas: folds 
ZAURBEKK2013: raises $0.10 to $0.15
miami2k: folds 
tioblanc: folds 
Dorex2007: folds 
Blake45645: folds 
RawManimal27: folds 
Uncalled bet ($0.10) returned to ZAURBEKK2013
ZAURBEKK2013 collected $0.12 from pot
ZAURBEKK2013: doesn't show hand 
*** SUMMARY ***
Total pot $0.12 | Rake $0 
Seat 1: daro506 folded before Flop (didn't bet)
Seat 2: WeNaSo_07 folded before Flop (didn't bet)
Seat 3: lelijkebaas folded before Flop (didn't bet)
Seat 4: ZAURBEKK2013 collected ($0.12)
Seat 5: miami2k folded before Flop (didn't bet)
Seat 6: tioblanc folded before Flop (didn't bet)
Seat 7: Dorex2007 (button) folded before Flop (didn't bet)
Seat 8: Blake45645 (small blind) folded before Flop
Seat 9: RawManimal27 (big blind) folded before Flop



PokerStars Hand #238820620382:  Hold'em No Limit ($0.02/$0.05 USD) - 2022/09/23 15:02:21 PT [2022/09/23 18:02:21 ET]
Table 'Izar IV' 9-max Seat #8 is the button
Seat 1: daro506 ($5.09 in chips) 
Seat 2: WeNaSo_07 ($3.53 in chips) 
Seat 3: lelijkebaas ($6.11 in chips) 
Seat 4: ZAURBEKK2013 ($5 in chips) 
Seat 5: miami2k ($5.29 in chips) 
Seat 6: tioblanc ($7.81 in chips) 
Seat 7: Dorex2007 ($5 in chips) 
Seat 8: Blake45645 ($5 in chips) 
Seat 9: RawManimal27 ($6.26 in chips) 
RawManimal27: posts small blind $0.02
daro506: posts big blind $0.05
*** HOLE CARDS ***
Dealt to Dorex2007 [Kh Qd]
WeNaSo_07: folds 
lelijkebaas has timed out
lelijkebaas: folds 
ZAURBEKK2013: folds 
ZAURBEKK2013 is disconnected 
miami2k: raises $0.05 to $0.10
tioblanc: folds 
Dorex2007: calls $0.10
tioblanc leaves the table
Blake45645: folds 
RawManimal27: raises $0.40 to $0.50
daro506: folds 
KOCETO_1992 joins the table at seat #6 
miami2k: folds 
Dorex2007: folds 
Uncalled bet ($0.40) returned to RawManimal27
RawManimal27 collected $0.35 from pot
RawManimal27: doesn't show hand 
*** SUMMARY ***
Total pot $0.35 | Rake $0 
Seat 1: daro506 (big blind) folded before Flop
Seat 2: WeNaSo_07 folded before Flop (didn't bet)
Seat 3: lelijkebaas folded before Flop (didn't bet)
Seat 4: ZAURBEKK2013 folded before Flop (didn't bet)
Seat 5: miami2k folded before Flop
Seat 6: tioblanc folded before Flop (didn't bet)
Seat 7: Dorex2007 folded before Flop
Seat 8: Blake45645 (button) folded before Flop (didn't bet)
Seat 9: RawManimal27 (small blind) collected ($0.35)



PokerStars Hand #238820636183:  Hold'em No Limit ($0.02/$0.05 USD) - 2022/09/23 15:03:06 PT [2022/09/23 18:03:06 ET]
Table 'Izar IV' 9-max Seat #9 is the button
Seat 1: daro506 ($5.04 in chips) 
Seat 2: WeNaSo_07 ($3.53 in chips) 
Seat 3: lelijkebaas ($6.11 in chips) 
Seat 4: ZAURBEKK2013 ($5 in chips) 
Seat 5: miami2k ($5.19 in chips) 
Seat 7: Dorex2007 ($5 in chips) 
Seat 8: Blake45645 ($5 in chips) 
Seat 9: RawManimal27 ($6.51 in chips) 
daro506: posts small blind $0.02
WeNaSo_07: posts big blind $0.05
KOCETO_1992: sits out 
*** HOLE CARDS ***
Dealt to Dorex2007 [6d 6c]
lelijkebaas: folds 
ZAURBEKK2013: raises $0.10 to $0.15
miami2k: folds 
Dorex2007: calls $0.15
Blake45645: folds 
RawManimal27: folds 
daro506: raises $0.45 to $0.60
WeNaSo_07: folds 
ZAURBEKK2013: folds 
Dorex2007: folds 
Uncalled bet ($0.45) returned to daro506
daro506 collected $0.50 from pot
*** SUMMARY ***
Total pot $0.50 | Rake $0 
Seat 1: daro506 (small blind) collected ($0.50)
Seat 2: WeNaSo_07 (big blind) folded before Flop
Seat 3: lelijkebaas folded before Flop (didn't bet)
Seat 4: ZAURBEKK2013 folded before Flop
Seat 5: miami2k folded before Flop (didn't bet)
Seat 7: Dorex2007 folded before Flop
Seat 8: Blake45645 folded before Flop (didn't bet)
Seat 9: RawManimal27 (button) folded before Flop (didn't bet)



PokerStars Hand #238820647233:  Hold'em No Limit ($0.02/$0.05 USD) - 2022/09/23 15:03:37 PT [2022/09/23 18:03:37 ET]
Table 'Izar IV' 9-max Seat #1 is the button
Seat 1: daro506 ($5.39 in chips) 
Seat 2: WeNaSo_07 ($3.48 in chips) 
Seat 3: lelijkebaas ($6.11 in chips) 
Seat 4: ZAURBEKK2013 ($4.85 in chips) 
Seat 5: miami2k ($5.19 in chips) 
Seat 7: Dorex2007 ($5 in chips) 
Seat 8: Blake45645 ($5 in chips) 
Seat 9: RawManimal27 ($6.51 in chips) 
WeNaSo_07: posts small blind $0.02
lelijkebaas: posts big blind $0.05
KOCETO_1992: sits out 
*** HOLE CARDS ***
Dealt to Dorex2007 [2d 7d]
ZAURBEKK2013: folds 
miami2k: raises $0.05 to $0.10
Dorex2007: folds 
Blake45645: calls $0.10
RawManimal27: calls $0.10
daro506: calls $0.10
WeNaSo_07: folds 
lelijkebaas: folds 
*** FLOP *** [8s Ad 4s]
miami2k: checks 
Blake45645: checks 
RawManimal27: checks 
daro506: checks 
*** TURN *** [8s Ad 4s] [5s]
miami2k: checks 
Blake45645: bets $0.22
RawManimal27: folds 
daro506: folds 
miami2k: folds 
Uncalled bet ($0.22) returned to Blake45645
Blake45645 collected $0.45 from pot
Blake45645: doesn't show hand 
*** SUMMARY ***
Total pot $0.47 | Rake $0.02 
Board [8s Ad 4s 5s]
Seat 1: daro506 (button) folded on the Turn
Seat 2: WeNaSo_07 (small blind) folded before Flop
Seat 3: lelijkebaas (big blind) folded before Flop
Seat 4: ZAURBEKK2013 folded before Flop (didn't bet)
Seat 5: miami2k folded on the Turn
Seat 7: Dorex2007 folded before Flop (didn't bet)
Seat 8: Blake45645 collected ($0.45)
Seat 9: RawManimal27 folded on the Turn



PokerStars Hand #238820671423:  Hold'em No Limit ($0.02/$0.05 USD) - 2022/09/23 15:04:46 PT [2022/09/23 18:04:46 ET]
Table 'Izar IV' 9-max Seat #2 is the button
Seat 1: daro506 ($5.29 in chips) 
Seat 2: WeNaSo_07 ($3.46 in chips) 
Seat 3: lelijkebaas ($6.06 in chips) 
Seat 4: ZAURBEKK2013 ($4.85 in chips) 
Seat 5: miami2k ($5.09 in chips) 
Seat 7: Dorex2007 ($5 in chips) 
Seat 8: Blake45645 ($5.35 in chips) 
Seat 9: RawManimal27 ($6.41 in chips) 
lelijkebaas: posts small blind $0.02
ZAURBEKK2013: posts big blind $0.05
KOCETO_1992: sits out 
*** HOLE CARDS ***
Dealt to Dorex2007 [8c Qd]
miami2k: folds 
Dorex2007: folds 
Blake45645: raises $0.12 to $0.17
RawManimal27: folds 
daro506: folds 
WeNaSo_07: folds 
lelijkebaas: folds 
ZAURBEKK2013: calls $0.12
*** FLOP *** [6s Ah 4c]
ZAURBEKK2013: checks 
Blake45645: bets $0.17
ZAURBEKK2013: folds 
Uncalled bet ($0.17) returned to Blake45645
Blake45645 collected $0.35 from pot
Blake45645: doesn't show hand 
*** SUMMARY ***
Total pot $0.36 | Rake $0.01 
Board [6s Ah 4c]
Seat 1: daro506 folded before Flop (didn't bet)
Seat 2: WeNaSo_07 (button) folded before Flop (didn't bet)
Seat 3: lelijkebaas (small blind) folded before Flop
Seat 4: ZAURBEKK2013 (big blind) folded on the Flop
Seat 5: miami2k folded before Flop (didn't bet)
Seat 7: Dorex2007 folded before Flop (didn't bet)
Seat 8: Blake45645 collected ($0.35)
Seat 9: RawManimal27 folded before Flop (didn't bet)



PokerStars Hand #238820687256:  Hold'em No Limit ($0.02/$0.05 USD) - 2022/09/23 15:05:31 PT [2022/09/23 18:05:31 ET]
Table 'Izar IV' 9-max Seat #3 is the button
Seat 1: daro506 ($5.29 in chips) 
Seat 2: WeNaSo_07 ($3.46 in chips) 
Seat 3: lelijkebaas ($6.04 in chips) 
Seat 4: ZAURBEKK2013 ($4.68 in chips) 
Seat 5: miami2k ($5.09 in chips) 
Seat 7: Dorex2007 ($5 in chips) 
Seat 8: Blake45645 ($5.53 in chips) 
Seat 9: RawManimal27 ($6.41 in chips) 
ZAURBEKK2013: posts small blind $0.02
miami2k: posts big blind $0.05
KOCETO_1992: sits out 
*** HOLE CARDS ***
Dealt to Dorex2007 [2h Jd]
Dorex2007: folds 
Blake45645: folds 
RawManimal27: folds 
daro506: folds 
WeNaSo_07: folds 
lelijkebaas: folds 
ZAURBEKK2013: folds 
Uncalled bet ($0.03) returned to miami2k
miami2k collected $0.04 from pot
miami2k: doesn't show hand 
*** SUMMARY ***
Total pot $0.04 | Rake $0 
Seat 1: daro506 folded before Flop (didn't bet)
Seat 2: WeNaSo_07 folded before Flop (didn't bet)
Seat 3: lelijkebaas (button) folded before Flop (didn't bet)
Seat 4: ZAURBEKK2013 (small blind) folded before Flop
Seat 5: miami2k (big blind) collected ($0.04)
Seat 7: Dorex2007 folded before Flop (didn't bet)
Seat 8: Blake45645 folded before Flop (didn't bet)
Seat 9: RawManimal27 folded before Flop (didn't bet)



PokerStars Hand #238820695561:  Hold'em No Limit ($0.02/$0.05 USD) - 2022/09/23 15:05:54 PT [2022/09/23 18:05:54 ET]
Table 'Izar IV' 9-max Seat #4 is the button
Seat 1: daro506 ($5.29 in chips) 
Seat 2: WeNaSo_07 ($3.46 in chips) 
Seat 3: lelijkebaas ($6.04 in chips) 
Seat 4: ZAURBEKK2013 ($4.66 in chips) 
Seat 5: miami2k ($5.11 in chips) 
Seat 6: KOCETO_1992 ($4 in chips) 
Seat 7: Dorex2007 ($5 in chips) 
Seat 8: Blake45645 ($5.53 in chips) 
Seat 9: RawManimal27 ($6.41 in chips) 
miami2k: posts small blind $0.02
KOCETO_1992: posts big blind $0.05
*** HOLE CARDS ***
Dealt to Dorex2007 [Jh 8h]
Dorex2007: folds 
Blake45645: folds 
RawManimal27: folds 
daro506: folds 
WeNaSo_07: folds 
lelijkebaas: raises $0.10 to $0.15
ZAURBEKK2013: folds 
miami2k: folds 
KOCETO_1992: folds 
Uncalled bet ($0.10) returned to lelijkebaas
lelijkebaas collected $0.12 from pot
lelijkebaas: doesn't show hand 
*** SUMMARY ***
Total pot $0.12 | Rake $0 
Seat 1: daro506 folded before Flop (didn't bet)
Seat 2: WeNaSo_07 folded before Flop (didn't bet)
Seat 3: lelijkebaas collected ($0.12)
Seat 4: ZAURBEKK2013 (button) folded before Flop (didn't bet)
Seat 5: miami2k (small blind) folded before Flop
Seat 6: KOCETO_1992 (big blind) folded before Flop
Seat 7: Dorex2007 folded before Flop (didn't bet)
Seat 8: Blake45645 folded before Flop (didn't bet)
Seat 9: RawManimal27 folded before Flop (didn't bet)



PokerStars Hand #238820703865:  Hold'em No Limit ($0.02/$0.05 USD) - 2022/09/23 15:06:17 PT [2022/09/23 18:06:17 ET]
Table 'Izar IV' 9-max Seat #5 is the button
Seat 1: daro506 ($5.29 in chips) 
Seat 2: WeNaSo_07 ($3.46 in chips) 
Seat 3: lelijkebaas ($6.11 in chips) 
Seat 4: ZAURBEKK2013 ($4.66 in chips) 
Seat 5: miami2k ($5.09 in chips) 
Seat 6: KOCETO_1992 ($3.95 in chips) 
Seat 7: Dorex2007 ($5 in chips) 
Seat 8: Blake45645 ($5.53 in chips) 
Seat 9: RawManimal27 ($6.41 in chips) 
KOCETO_1992: posts small blind $0.02
Dorex2007: posts big blind $0.05
*** HOLE CARDS ***
Dealt to Dorex2007 [4d 3h]
Blake45645: folds 
RawManimal27: raises $0.10 to $0.15
daro506: folds 
WeNaSo_07: folds 
lelijkebaas: folds 
ZAURBEKK2013: calls $0.15
miami2k: calls $0.15
KOCETO_1992: folds 
Dorex2007: folds 
*** FLOP *** [Qd Kc As]
RawManimal27: checks 
ZAURBEKK2013: checks 
miami2k: checks 
*** TURN *** [Qd Kc As] [Ad]
RawManimal27: checks 
ZAURBEKK2013: checks 
miami2k: checks 
*** RIVER *** [Qd Kc As Ad] [7d]
RawManimal27: checks 
ZAURBEKK2013: checks 
miami2k: checks 
*** SHOW DOWN ***
RawManimal27: shows [9h Th] (a pair of Aces)
ZAURBEKK2013: shows [2h 2c] (two pair, Aces and Deuces)
miami2k: shows [4s 4h] (two pair, Aces and Fours)
miami2k collected $0.50 from pot
*** SUMMARY ***
Total pot $0.52 | Rake $0.02 
Board [Qd Kc As Ad 7d]
Seat 1: daro506 folded before Flop (didn't bet)
Seat 2: WeNaSo_07 folded before Flop (didn't bet)
Seat 3: lelijkebaas folded before Flop (didn't bet)
Seat 4: ZAURBEKK2013 showed [2h 2c] and lost with two pair, Aces and Deuces
Seat 5: miami2k (button) showed [4s 4h] and won ($0.50) with two pair, Aces and Fours
Seat 6: KOCETO_1992 (small blind) folded before Flop
Seat 7: Dorex2007 (big blind) folded before Flop
Seat 8: Blake45645 folded before Flop (didn't bet)
Seat 9: RawManimal27 showed [9h Th] and lost with a pair of Aces



PokerStars Hand #238820722248:  Hold'em No Limit ($0.02/$0.05 USD) - 2022/09/23 15:07:09 PT [2022/09/23 18:07:09 ET]
Table 'Izar IV' 9-max Seat #6 is the button
Seat 1: daro506 ($5.29 in chips) 
Seat 2: WeNaSo_07 ($3.46 in chips) 
Seat 3: lelijkebaas ($6.11 in chips) 
Seat 4: ZAURBEKK2013 ($4.51 in chips) 
Seat 5: miami2k ($5.44 in chips) 
Seat 6: KOCETO_1992 ($3.93 in chips) 
Seat 7: Dorex2007 ($5 in chips) 
Seat 8: Blake45645 ($5.53 in chips) 
Seat 9: RawManimal27 ($6.26 in chips) 
Dorex2007: posts small blind $0.02
Blake45645: posts big blind $0.05
*** HOLE CARDS ***
Dealt to Dorex2007 [3c 4d]
RawManimal27 has timed out
RawManimal27: folds 
daro506: raises $0.10 to $0.15
WeNaSo_07: folds 
lelijkebaas: folds 
ZAURBEKK2013: folds 
miami2k: calls $0.15
KOCETO_1992: folds 
Dorex2007: folds 
Blake45645: folds 
*** FLOP *** [6s Ts 9h]
daro506: bets $0.25
miami2k: calls $0.25
*** TURN *** [6s Ts 9h] [Ad]
daro506: checks 
miami2k: bets $0.45
daro506: calls $0.45
*** RIVER *** [6s Ts 9h Ad] [Jc]
daro506: checks 
miami2k: checks 
*** SHOW DOWN ***
daro506: shows [Ac Jh] (two pair, Aces and Jacks)
miami2k: mucks hand 
daro506 collected $1.70 from pot
*** SUMMARY ***
Total pot $1.77 | Rake $0.07 
Board [6s Ts 9h Ad Jc]
Seat 1: daro506 showed [Ac Jh] and won ($1.70) with two pair, Aces and Jacks
Seat 2: WeNaSo_07 folded before Flop (didn't bet)
Seat 3: lelijkebaas folded before Flop (didn't bet)
Seat 4: ZAURBEKK2013 folded before Flop (didn't bet)
Seat 5: miami2k mucked [8h 5h]
Seat 6: KOCETO_1992 (button) folded before Flop (didn't bet)
Seat 7: Dorex2007 (small blind) folded before Flop
Seat 8: Blake45645 (big blind) folded before Flop
Seat 9: RawManimal27 folded before Flop (didn't bet)



PokerStars Hand #238820745681:  Hold'em No Limit ($0.02/$0.05 USD) - 2022/09/23 15:08:15 PT [2022/09/23 18:08:15 ET]
Table 'Izar IV' 9-max Seat #7 is the button
Seat 1: daro506 ($6.14 in chips) 
Seat 2: WeNaSo_07 ($3.46 in chips) 
Seat 3: lelijkebaas ($6.11 in chips) 
Seat 4: ZAURBEKK2013 ($4.51 in chips) 
Seat 5: miami2k ($4.59 in chips) 
Seat 6: KOCETO_1992 ($3.93 in chips) 
Seat 7: Dorex2007 ($5 in chips) 
Seat 8: Blake45645 ($5.48 in chips) 
Seat 9: RawManimal27 ($6.26 in chips) 
Blake45645: posts small blind $0.02
RawManimal27: posts big blind $0.05
*** HOLE CARDS ***
Dealt to Dorex2007 [Tc Ts]
daro506: folds 
WeNaSo_07: folds 
lelijkebaas has timed out
lelijkebaas: folds 
ZAURBEKK2013: folds 
miami2k: folds 
KOCETO_1992: folds 
Dorex2007: raises $0.10 to $0.15
Blake45645: folds 
ZAURBEKK2013 is disconnected 
RawManimal27: calls $0.10
*** FLOP *** [2s Qc 4d]
RawManimal27: bets $0.10
Dorex2007: calls $0.10
*** TURN *** [2s Qc 4d] [3d]
RawManimal27: checks 
Dorex2007: checks 
*** RIVER *** [2s Qc 4d 3d] [Kd]
RawManimal27: bets $0.17
Dorex2007: folds 
Uncalled bet ($0.17) returned to RawManimal27
RawManimal27 collected $0.50 from pot
RawManimal27: doesn't show hand 
*** SUMMARY ***
Total pot $0.52 | Rake $0.02 
Board [2s Qc 4d 3d Kd]
Seat 1: daro506 folded before Flop (didn't bet)
Seat 2: WeNaSo_07 folded before Flop (didn't bet)
Seat 3: lelijkebaas folded before Flop (didn't bet)
Seat 4: ZAURBEKK2013 folded before Flop (didn't bet)
Seat 5: miami2k folded before Flop (didn't bet)
Seat 6: KOCETO_1992 folded before Flop (didn't bet)
Seat 7: Dorex2007 (button) folded on the River
Seat 8: Blake45645 (small blind) folded before Flop
Seat 9: RawManimal27 (big blind) collected ($0.50)



PokerStars Hand #238820770438:  Hold'em No Limit ($0.02/$0.05 USD) - 2022/09/23 15:09:25 PT [2022/09/23 18:09:25 ET]
Table 'Izar IV' 9-max Seat #8 is the button
Seat 1: daro506 ($6.14 in chips) 
Seat 2: WeNaSo_07 ($3.46 in chips) 
Seat 4: ZAURBEKK2013 ($4.51 in chips) 
Seat 5: miami2k ($4.59 in chips) 
Seat 6: KOCETO_1992 ($3.93 in chips) 
Seat 7: Dorex2007 ($5 in chips) 
Seat 8: Blake45645 ($5.46 in chips) 
Seat 9: RawManimal27 ($6.51 in chips) 
RawManimal27: posts small blind $0.02
daro506: posts big blind $0.05
*** HOLE CARDS ***
Dealt to Dorex2007 [9c Jc]
WeNaSo_07: folds 
ZAURBEKK2013: folds 
miami2k: folds 
KOCETO_1992: folds 
Dorex2007: folds 
Blake45645: raises $0.12 to $0.17
RawManimal27: folds 
daro506: folds 
Uncalled bet ($0.12) returned to Blake45645
Blake45645 collected $0.12 from pot
Blake45645: doesn't show hand 
*** SUMMARY ***
Total pot $0.12 | Rake $0 
Seat 1: daro506 (big blind) folded before Flop
Seat 2: WeNaSo_07 folded before Flop (didn't bet)
Seat 4: ZAURBEKK2013 folded before Flop (didn't bet)
Seat 5: miami2k folded before Flop (didn't bet)
Seat 6: KOCETO_1992 folded before Flop (didn't bet)
Seat 7: Dorex2007 folded before Flop (didn't bet)
Seat 8: Blake45645 (button) collected ($0.12)
Seat 9: RawManimal27 (small blind) folded before Flop



PokerStars Hand #238820777872:  Hold'em No Limit ($0.02/$0.05 USD) - 2022/09/23 15:09:46 PT [2022/09/23 18:09:46 ET]
Table 'Izar IV' 9-max Seat #9 is the button
Seat 1: daro506 ($6.09 in chips) 
Seat 2: WeNaSo_07 ($3.46 in chips) 
Seat 4: ZAURBEKK2013 ($4.51 in chips) 
Seat 5: miami2k ($4.59 in chips) 
Seat 6: KOCETO_1992 ($3.93 in chips) 
Seat 7: Dorex2007 ($5 in chips) 
Seat 8: Blake45645 ($5.53 in chips) 
Seat 9: RawManimal27 ($6.49 in chips) 
daro506: posts small blind $0.02
WeNaSo_07: posts big blind $0.05
*** HOLE CARDS ***
Dealt to Dorex2007 [7c 8c]
ZAURBEKK2013: folds 
miami2k: folds 
KOCETO_1992: raises $0.07 to $0.12
Dorex2007: folds 
Blake45645: folds 
RawManimal27: folds 
daro506: folds 
WeNaSo_07: calls $0.07
*** FLOP *** [Qs 2d 8s]
WeNaSo_07: checks 
KOCETO_1992: bets $0.10
WeNaSo_07: calls $0.10
*** TURN *** [Qs 2d 8s] [Ah]
WeNaSo_07: checks 
KOCETO_1992: checks 
*** RIVER *** [Qs 2d 8s Ah] [Jd]
WeNaSo_07: bets $0.16
KOCETO_1992: calls $0.16
*** SHOW DOWN ***
WeNaSo_07: shows [As 9s] (a pair of Aces)
KOCETO_1992: shows [Ts Ac] (a pair of Aces - Queen+Jack+Ten kicker)
KOCETO_1992 collected $0.75 from pot
*** SUMMARY ***
Total pot $0.78 | Rake $0.03 
Board [Qs 2d 8s Ah Jd]
Seat 1: daro506 (small blind) folded before Flop
Seat 2: WeNaSo_07 (big blind) showed [As 9s] and lost with a pair of Aces
Seat 4: ZAURBEKK2013 folded before Flop (didn't bet)
Seat 5: miami2k folded before Flop (didn't bet)
Seat 6: KOCETO_1992 showed [Ts Ac] and won ($0.75) with a pair of Aces
Seat 7: Dorex2007 folded before Flop (didn't bet)
Seat 8: Blake45645 folded before Flop (didn't bet)
Seat 9: RawManimal27 (button) folded before Flop (didn't bet)



PokerStars Hand #238820796121:  Hold'em No Limit ($0.02/$0.05 USD) - 2022/09/23 15:10:37 PT [2022/09/23 18:10:37 ET]
Table 'Izar IV' 9-max Seat #1 is the button
Seat 1: daro506 ($6.07 in chips) 
Seat 2: WeNaSo_07 ($3.08 in chips) 
Seat 3: lelijkebaas ($6.11 in chips) 
Seat 4: ZAURBEKK2013 ($4.51 in chips) 
Seat 5: miami2k ($4.59 in chips) 
Seat 6: KOCETO_1992 ($4.30 in chips) 
Seat 7: Dorex2007 ($5 in chips) 
Seat 8: Blake45645 ($5.53 in chips) 
Seat 9: RawManimal27 ($6.49 in chips) 
WeNaSo_07: posts small blind $0.02
lelijkebaas: posts big blind $0.05
*** HOLE CARDS ***
Dealt to Dorex2007 [6c Jh]
ZAURBEKK2013: folds 
miami2k: folds 
KOCETO_1992: folds 
Dorex2007: folds 
Blake45645: folds 
RawManimal27: folds 
daro506: raises $0.10 to $0.15
WeNaSo_07: folds 
lelijkebaas: folds 
Uncalled bet ($0.10) returned to daro506
daro506 collected $0.12 from pot
*** SUMMARY ***
Total pot $0.12 | Rake $0 
Seat 1: daro506 (button) collected ($0.12)
Seat 2: WeNaSo_07 (small blind) folded before Flop
Seat 3: lelijkebaas (big blind) folded before Flop
Seat 4: ZAURBEKK2013 folded before Flop (didn't bet)
Seat 5: miami2k folded before Flop (didn't bet)
Seat 6: KOCETO_1992 folded before Flop (didn't bet)
Seat 7: Dorex2007 folded before Flop (didn't bet)
Seat 8: Blake45645 folded before Flop (didn't bet)
Seat 9: RawManimal27 folded before Flop (didn't bet)



PokerStars Hand #238820804512:  Hold'em No Limit ($0.02/$0.05 USD) - 2022/09/23 15:11:01 PT [2022/09/23 18:11:01 ET]
Table 'Izar IV' 9-max Seat #2 is the button
Seat 1: daro506 ($6.14 in chips) 
Seat 2: WeNaSo_07 ($3.06 in chips) 
Seat 3: lelijkebaas ($6.06 in chips) 
Seat 4: ZAURBEKK2013 ($4.51 in chips) 
Seat 5: miami2k ($4.59 in chips) 
Seat 6: KOCETO_1992 ($4.30 in chips) 
Seat 7: Dorex2007 ($5 in chips) 
Seat 8: Blake45645 ($5.53 in chips) 
Seat 9: RawManimal27 ($6.49 in chips) 
lelijkebaas: posts small blind $0.02
ZAURBEKK2013: posts big blind $0.05
*** HOLE CARDS ***
Dealt to Dorex2007 [Jh 2h]
miami2k: raises $0.05 to $0.10
KOCETO_1992: folds 
Dorex2007: folds 
Blake45645: folds 
RawManimal27: folds 
daro506: folds 
WeNaSo_07: folds 
lelijkebaas: calls $0.08
ZAURBEKK2013: folds 
*** FLOP *** [3s Ac 9c]
lelijkebaas: checks 
miami2k: bets $0.15
lelijkebaas: folds 
Uncalled bet ($0.15) returned to miami2k
miami2k collected $0.24 from pot
miami2k: doesn't show hand 
*** SUMMARY ***
Total pot $0.25 | Rake $0.01 
Board [3s Ac 9c]
Seat 1: daro506 folded before Flop (didn't bet)
Seat 2: WeNaSo_07 (button) folded before Flop (didn't bet)
Seat 3: lelijkebaas (small blind) folded on the Flop
Seat 4: ZAURBEKK2013 (big blind) folded before Flop
Seat 5: miami2k collected ($0.24)
Seat 6: KOCETO_1992 folded before Flop (didn't bet)
Seat 7: Dorex2007 folded before Flop (didn't bet)
Seat 8: Blake45645 folded before Flop (didn't bet)
Seat 9: RawManimal27 folded before Flop (didn't bet)



PokerStars Hand #238820819770:  Hold'em No Limit ($0.02/$0.05 USD) - 2022/09/23 15:11:45 PT [2022/09/23 18:11:45 ET]
Table 'Izar IV' 9-max Seat #3 is the button
Seat 1: daro506 ($6.14 in chips) 
Seat 2: WeNaSo_07 ($3.06 in chips) 
Seat 3: lelijkebaas ($5.96 in chips) 
Seat 4: ZAURBEKK2013 ($4.46 in chips) 
Seat 5: miami2k ($4.73 in chips) 
Seat 6: KOCETO_1992 ($4.30 in chips) 
Seat 7: Dorex2007 ($5 in chips) 
Seat 8: Blake45645 ($5.53 in chips) 
Seat 9: RawManimal27 ($6.49 in chips) 
ZAURBEKK2013: posts small blind $0.02
miami2k: posts big blind $0.05
*** HOLE CARDS ***
Dealt to Dorex2007 [Qd 7h]
KOCETO_1992: folds 
Dorex2007: folds 
Blake45645: raises $0.12 to $0.17
RawManimal27: folds 
daro506: raises $0.28 to $0.45
WeNaSo_07: folds 
lelijkebaas: folds 
ZAURBEKK2013: folds 
miami2k: folds 
Blake45645: calls $0.28
*** FLOP *** [Qc 6h 5c]
Blake45645: checks 
daro506: bets $0.65
Blake45645: folds 
Uncalled bet ($0.65) returned to daro506
daro506 collected $0.93 from pot
*** SUMMARY ***
Total pot $0.97 | Rake $0.04 
Board [Qc 6h 5c]
Seat 1: daro506 collected ($0.93)
Seat 2: WeNaSo_07 folded before Flop (didn't bet)
Seat 3: lelijkebaas (button) folded before Flop (didn't bet)
Seat 4: ZAURBEKK2013 (small blind) folded before Flop
Seat 5: miami2k (big blind) folded before Flop
Seat 6: KOCETO_1992 folded before Flop (didn't bet)
Seat 7: Dorex2007 folded before Flop (didn't bet)
Seat 8: Blake45645 folded on the Flop
Seat 9: RawManimal27 folded before Flop (didn't bet)



PokerStars Hand #238820834875:  Hold'em No Limit ($0.02/$0.05 USD) - 2022/09/23 15:12:28 PT [2022/09/23 18:12:28 ET]
Table 'Izar IV' 9-max Seat #4 is the button
Seat 1: daro506 ($6.62 in chips) 
Seat 2: WeNaSo_07 ($3.06 in chips) 
Seat 3: lelijkebaas ($5.96 in chips) 
Seat 4: ZAURBEKK2013 ($4.44 in chips) 
Seat 5: miami2k ($4.68 in chips) 
Seat 6: KOCETO_1992 ($4.30 in chips) 
Seat 7: Dorex2007 ($5 in chips) 
Seat 8: Blake45645 ($5.08 in chips) 
Seat 9: RawManimal27 ($6.49 in chips) 
miami2k: posts small blind $0.02
KOCETO_1992: posts big blind $0.05
*** HOLE CARDS ***
Dealt to Dorex2007 [Kc Kd]
Dorex2007: raises $0.10 to $0.15
Blake45645: raises $0.37 to $0.52
RawManimal27: folds 
daro506: folds 
WeNaSo_07: folds 
lelijkebaas: folds 
ZAURBEKK2013: folds 
miami2k: folds 
KOCETO_1992: folds 
Dorex2007: calls $0.37
*** FLOP *** [Jc 9c 4d]
Dorex2007: checks 
Blake45645: bets $0.53
Dorex2007: raises $3.95 to $4.48 and is all-in
Blake45645: folds 
Uncalled bet ($3.95) returned to Dorex2007
Dorex2007 collected $2.08 from pot
Dorex2007: doesn't show hand 
*** SUMMARY ***
Total pot $2.17 | Rake $0.09 
Board [Jc 9c 4d]
Seat 1: daro506 folded before Flop (didn't bet)
Seat 2: WeNaSo_07 folded before Flop (didn't bet)
Seat 3: lelijkebaas folded before Flop (didn't bet)
Seat 4: ZAURBEKK2013 (button) folded before Flop (didn't bet)
Seat 5: miami2k (small blind) folded before Flop
Seat 6: KOCETO_1992 (big blind) folded before Flop
Seat 7: Dorex2007 collected ($2.08)
Seat 8: Blake45645 folded on the Flop
Seat 9: RawManimal27 folded before Flop (didn't bet)



PokerStars Hand #238820846620:  Hold'em No Limit ($0.02/$0.05 USD) - 2022/09/23 15:13:02 PT [2022/09/23 18:13:02 ET]
Table 'Izar IV' 9-max Seat #5 is the button
Seat 1: daro506 ($6.62 in chips) 
Seat 2: WeNaSo_07 ($3.06 in chips) 
Seat 3: lelijkebaas ($5.96 in chips) 
Seat 4: ZAURBEKK2013 ($4.44 in chips) 
Seat 5: miami2k ($4.66 in chips) 
Seat 6: KOCETO_1992 ($4.25 in chips) 
Seat 7: Dorex2007 ($6.03 in chips) 
Seat 8: Blake45645 ($5 in chips) 
Seat 9: RawManimal27 ($6.49 in chips) 
KOCETO_1992: posts small blind $0.02
Dorex2007: posts big blind $0.05
*** HOLE CARDS ***
Dealt to Dorex2007 [Ts 9d]
Blake45645: folds 
RawManimal27: folds 
daro506: folds 
WeNaSo_07: folds 
lelijkebaas: folds 
ZAURBEKK2013: folds 
miami2k: folds 
KOCETO_1992: folds 
Uncalled bet ($0.03) returned to Dorex2007
Dorex2007 collected $0.04 from pot
Dorex2007: doesn't show hand 
*** SUMMARY ***
Total pot $0.04 | Rake $0 
Seat 1: daro506 folded before Flop (didn't bet)
Seat 2: WeNaSo_07 folded before Flop (didn't bet)
Seat 3: lelijkebaas folded before Flop (didn't bet)
Seat 4: ZAURBEKK2013 folded before Flop (didn't bet)
Seat 5: miami2k (button) folded before Flop (didn't bet)
Seat 6: KOCETO_1992 (small blind) folded before Flop
Seat 7: Dorex2007 (big blind) collected ($0.04)
Seat 8: Blake45645 folded before Flop (didn't bet)
Seat 9: RawManimal27 folded before Flop (didn't bet)



PokerStars Hand #238820854731:  Hold'em No Limit ($0.02/$0.05 USD) - 2022/09/23 15:13:25 PT [2022/09/23 18:13:25 ET]
Table 'Izar IV' 9-max Seat #6 is the button
Seat 1: daro506 ($6.62 in chips) 
Seat 2: WeNaSo_07 ($3.06 in chips) 
Seat 3: lelijkebaas ($5.96 in chips) 
Seat 4: ZAURBEKK2013 ($4.44 in chips) 
Seat 5: miami2k ($4.66 in chips) 
Seat 6: KOCETO_1992 ($4.23 in chips) 
Seat 7: Dorex2007 ($6.05 in chips) 
Seat 8: Blake45645 ($5 in chips) 
Seat 9: RawManimal27 ($6.49 in chips) 
Dorex2007: posts small blind $0.02
Blake45645: posts big blind $0.05
*** HOLE CARDS ***
Dealt to Dorex2007 [Ac 8s]
RawManimal27: folds 
daro506: folds 
WeNaSo_07: folds 
lelijkebaas: folds 
ZAURBEKK2013: raises $0.10 to $0.15
miami2k: calls $0.15
KOCETO_1992: folds 
Dorex2007: folds 
Blake45645: folds 
*** FLOP *** [Jc 8c Jh]
ZAURBEKK2013: bets $0.20
miami2k: folds 
Uncalled bet ($0.20) returned to ZAURBEKK2013
ZAURBEKK2013 collected $0.35 from pot
ZAURBEKK2013: doesn't show hand 
*** SUMMARY ***
Total pot $0.37 | Rake $0.02 
Board [Jc 8c Jh]
Seat 1: daro506 folded before Flop (didn't bet)
Seat 2: WeNaSo_07 folded before Flop (didn't bet)
Seat 3: lelijkebaas folded before Flop (didn't bet)
Seat 4: ZAURBEKK2013 collected ($0.35)
Seat 5: miami2k folded on the Flop
Seat 6: KOCETO_1992 (button) folded before Flop (didn't bet)
Seat 7: Dorex2007 (small blind) folded before Flop
Seat 8: Blake45645 (big blind) folded before Flop
Seat 9: RawManimal27 folded before Flop (didn't bet)



PokerStars Hand #238820869509:  Hold'em No Limit ($0.02/$0.05 USD) - 2022/09/23 15:14:07 PT [2022/09/23 18:14:07 ET]
Table 'Izar IV' 9-max Seat #7 is the button
Seat 1: daro506 ($6.62 in chips) 
Seat 2: WeNaSo_07 ($3.06 in chips) 
Seat 3: lelijkebaas ($5.96 in chips) 
Seat 4: ZAURBEKK2013 ($4.64 in chips) 
Seat 5: miami2k ($4.51 in chips) 
Seat 6: KOCETO_1992 ($4.23 in chips) 
Seat 7: Dorex2007 ($6.03 in chips) 
Seat 8: Blake45645 ($5 in chips) 
Seat 9: RawManimal27 ($6.49 in chips) 
Blake45645: posts small blind $0.02
RawManimal27: posts big blind $0.05
*** HOLE CARDS ***
Dealt to Dorex2007 [Ah 3h]
daro506: folds 
WeNaSo_07: folds 
lelijkebaas: folds 
ZAURBEKK2013: folds 
miami2k: folds 
KOCETO_1992: folds 
Dorex2007: raises $0.10 to $0.15
Blake45645: folds 
RawManimal27: calls $0.10
*** FLOP *** [Th Qh 8h]
RawManimal27: checks 
Dorex2007: checks 
*** TURN *** [Th Qh 8h] [As]
ZAURBEKK2013 is disconnected 
RawManimal27: checks 
Dorex2007: bets $0.15
RawManimal27: folds 
Uncalled bet ($0.15) returned to Dorex2007
Dorex2007 collected $0.31 from pot
Dorex2007: doesn't show hand 
*** SUMMARY ***
Total pot $0.32 | Rake $0.01 
Board [Th Qh 8h As]
Seat 1: daro506 folded before Flop (didn't bet)
Seat 2: WeNaSo_07 folded before Flop (didn't bet)
Seat 3: lelijkebaas folded before Flop (didn't bet)
Seat 4: ZAURBEKK2013 folded before Flop (didn't bet)
Seat 5: miami2k folded before Flop (didn't bet)
Seat 6: KOCETO_1992 folded before Flop (didn't bet)
Seat 7: Dorex2007 (button) collected ($0.31)
Seat 8: Blake45645 (small blind) folded before Flop
Seat 9: RawManimal27 (big blind) folded on the Turn



PokerStars Hand #238820884513:  Hold'em No Limit ($0.02/$0.05 USD) - 2022/09/23 15:14:50 PT [2022/09/23 18:14:50 ET]
Table 'Izar IV' 9-max Seat #8 is the button
Seat 1: daro506 ($6.62 in chips) 
Seat 2: WeNaSo_07 ($3.06 in chips) 
Seat 3: lelijkebaas ($5.96 in chips) 
Seat 4: ZAURBEKK2013 ($4.64 in chips) 
Seat 5: miami2k ($4.51 in chips) 
Seat 6: KOCETO_1992 ($4.23 in chips) 
Seat 7: Dorex2007 ($6.19 in chips) 
Seat 8: Blake45645 ($5 in chips) 
Seat 9: RawManimal27 ($6.34 in chips) 
RawManimal27: posts small blind $0.02
daro506: posts big blind $0.05
*** HOLE CARDS ***
Dealt to Dorex2007 [8h Ts]
WeNaSo_07: folds 
lelijkebaas: folds 
ZAURBEKK2013: folds 
miami2k: raises $0.05 to $0.10
KOCETO_1992: folds 
Dorex2007: folds 
Blake45645: folds 
RawManimal27: folds 
daro506: folds 
Uncalled bet ($0.05) returned to miami2k
miami2k collected $0.12 from pot
miami2k: doesn't show hand 
*** SUMMARY ***
Total pot $0.12 | Rake $0 
Seat 1: daro506 (big blind) folded before Flop
Seat 2: WeNaSo_07 folded before Flop (didn't bet)
Seat 3: lelijkebaas folded before Flop (didn't bet)
Seat 4: ZAURBEKK2013 folded before Flop (didn't bet)
Seat 5: miami2k collected ($0.12)
Seat 6: KOCETO_1992 folded before Flop (didn't bet)
Seat 7: Dorex2007 folded before Flop (didn't bet)
Seat 8: Blake45645 (button) folded before Flop (didn't bet)
Seat 9: RawManimal27 (small blind) folded before Flop



PokerStars Hand #238820893469:  Hold'em No Limit ($0.02/$0.05 USD) - 2022/09/23 15:15:15 PT [2022/09/23 18:15:15 ET]
Table 'Izar IV' 9-max Seat #9 is the button
Seat 1: daro506 ($6.57 in chips) 
Seat 2: WeNaSo_07 ($3.06 in chips) 
Seat 3: lelijkebaas ($5.96 in chips) 
Seat 4: ZAURBEKK2013 ($4.64 in chips) 
Seat 5: miami2k ($4.58 in chips) 
Seat 6: KOCETO_1992 ($4.23 in chips) 
Seat 7: Dorex2007 ($6.19 in chips) 
Seat 8: Blake45645 ($5 in chips) 
Seat 9: RawManimal27 ($6.32 in chips) 
daro506: posts small blind $0.02
WeNaSo_07: posts big blind $0.05
*** HOLE CARDS ***
Dealt to Dorex2007 [Ac Qs]
lelijkebaas: folds 
ZAURBEKK2013: raises $0.10 to $0.15
miami2k: calls $0.15
KOCETO_1992: folds 
Dorex2007: calls $0.15
Blake45645: raises $0.75 to $0.90
RawManimal27: folds 
daro506: folds 
WeNaSo_07: folds 
ZAURBEKK2013: raises $3.74 to $4.64 and is all-in
miami2k: folds 
Dorex2007: folds 
Blake45645: calls $3.74
*** FLOP *** [5s 4c 6d]
*** TURN *** [5s 4c 6d] [3s]
*** RIVER *** [5s 4c 6d 3s] [4h]
*** SHOW DOWN ***
ZAURBEKK2013: shows [Kd Ks] (two pair, Kings and Fours)
Blake45645: shows [Qc Qd] (two pair, Queens and Fours)
ZAURBEKK2013 collected $9.25 from pot
*** SUMMARY ***
Total pot $9.65 | Rake $0.40 
Board [5s 4c 6d 3s 4h]
Seat 1: daro506 (small blind) folded before Flop
Seat 2: WeNaSo_07 (big blind) folded before Flop
Seat 3: lelijkebaas folded before Flop (didn't bet)
Seat 4: ZAURBEKK2013 showed [Kd Ks] and won ($9.25) with two pair, Kings and Fours
Seat 5: miami2k folded before Flop
Seat 6: KOCETO_1992 folded before Flop (didn't bet)
Seat 7: Dorex2007 folded before Flop
Seat 8: Blake45645 showed [Qc Qd] and lost with two pair, Queens and Fours
Seat 9: RawManimal27 (button) folded before Flop (didn't bet)



PokerStars Hand #238820914593:  Hold'em No Limit ($0.02/$0.05 USD) - 2022/09/23 15:16:16 PT [2022/09/23 18:16:16 ET]
Table 'Izar IV' 9-max Seat #1 is the button
Seat 1: daro506 ($6.55 in chips) 
Seat 2: WeNaSo_07 ($3.01 in chips) 
Seat 3: lelijkebaas ($5.96 in chips) 
Seat 4: ZAURBEKK2013 ($9.25 in chips) 
Seat 5: miami2k ($4.43 in chips) 
Seat 6: KOCETO_1992 ($4.23 in chips) 
Seat 7: Dorex2007 ($6.04 in chips) 
Seat 8: Blake45645 ($5 in chips) 
Seat 9: RawManimal27 ($6.32 in chips) 
WeNaSo_07: posts small blind $0.02
lelijkebaas: posts big blind $0.05
*** HOLE CARDS ***
Dealt to Dorex2007 [Qs 3h]
ZAURBEKK2013: folds 
miami2k: folds 
KOCETO_1992: folds 
Dorex2007: folds 
Blake45645: raises $0.12 to $0.17
RawManimal27: folds 
daro506: folds 
WeNaSo_07: folds 
lelijkebaas: folds 
Uncalled bet ($0.12) returned to Blake45645
Blake45645 collected $0.12 from pot
Blake45645: doesn't show hand 
*** SUMMARY ***
Total pot $0.12 | Rake $0 
Seat 1: daro506 (button) folded before Flop (didn't bet)
Seat 2: WeNaSo_07 (small blind) folded before Flop
Seat 3: lelijkebaas (big blind) folded before Flop
Seat 4: ZAURBEKK2013 folded before Flop (didn't bet)
Seat 5: miami2k folded before Flop (didn't bet)
Seat 6: KOCETO_1992 folded before Flop (didn't bet)
Seat 7: Dorex2007 folded before Flop (didn't bet)
Seat 8: Blake45645 collected ($0.12)
Seat 9: RawManimal27 folded before Flop (didn't bet)



PokerStars Hand #238820923054:  Hold'em No Limit ($0.02/$0.05 USD) - 2022/09/23 15:16:41 PT [2022/09/23 18:16:41 ET]
Table 'Izar IV' 9-max Seat #2 is the button
Seat 1: daro506 ($6.55 in chips) 
Seat 2: WeNaSo_07 ($2.99 in chips) 
Seat 3: lelijkebaas ($5.91 in chips) 
Seat 4: ZAURBEKK2013 ($9.25 in chips) 
Seat 5: miami2k ($4.43 in chips) 
Seat 6: KOCETO_1992 ($4.23 in chips) 
Seat 7: Dorex2007 ($6.04 in chips) 
Seat 8: Blake45645 ($5.07 in chips) 
Seat 9: RawManimal27 ($6.32 in chips) 
lelijkebaas: posts small blind $0.02
ZAURBEKK2013: posts big blind $0.05
*** HOLE CARDS ***
Dealt to Dorex2007 [3s Qc]
miami2k: folds 
KOCETO_1992: folds 
Dorex2007: folds 
Blake45645: folds 
RawManimal27: folds 
daro506: folds 
WeNaSo_07: raises $0.10 to $0.15
lelijkebaas: folds 
ZAURBEKK2013: folds 
Uncalled bet ($0.10) returned to WeNaSo_07
WeNaSo_07 collected $0.12 from pot
WeNaSo_07: doesn't show hand 
*** SUMMARY ***
Total pot $0.12 | Rake $0 
Seat 1: daro506 folded before Flop (didn't bet)
Seat 2: WeNaSo_07 (button) collected ($0.12)
Seat 3: lelijkebaas (small blind) folded before Flop
Seat 4: ZAURBEKK2013 (big blind) folded before Flop
Seat 5: miami2k folded before Flop (didn't bet)
Seat 6: KOCETO_1992 folded before Flop (didn't bet)
Seat 7: Dorex2007 folded before Flop (didn't bet)
Seat 8: Blake45645 folded before Flop (didn't bet)
Seat 9: RawManimal27 folded before Flop (didn't bet)



PokerStars Hand #238820933518:  Hold'em No Limit ($0.02/$0.05 USD) - 2022/09/23 15:17:11 PT [2022/09/23 18:17:11 ET]
Table 'Izar IV' 9-max Seat #3 is the button
Seat 1: daro506 ($6.55 in chips) 
Seat 2: WeNaSo_07 ($3.06 in chips) 
Seat 3: lelijkebaas ($5.89 in chips) 
Seat 4: ZAURBEKK2013 ($9.20 in chips) 
Seat 5: miami2k ($4.43 in chips) 
Seat 6: KOCETO_1992 ($4.23 in chips) 
Seat 7: Dorex2007 ($6.04 in chips) 
Seat 8: Blake45645 ($5.07 in chips) 
Seat 9: RawManimal27 ($6.32 in chips) 
ZAURBEKK2013: posts small blind $0.02
miami2k: posts big blind $0.05
*** HOLE CARDS ***
Dealt to Dorex2007 [Kc Th]
KOCETO_1992: folds 
Dorex2007: folds 
Blake45645: folds 
RawManimal27: folds 
daro506: folds 
WeNaSo_07: folds 
lelijkebaas: folds 
ZAURBEKK2013: raises $0.10 to $0.15
miami2k: folds 
Uncalled bet ($0.10) returned to ZAURBEKK2013
ZAURBEKK2013 collected $0.10 from pot
ZAURBEKK2013: doesn't show hand 
*** SUMMARY ***
Total pot $0.10 | Rake $0 
Seat 1: daro506 folded before Flop (didn't bet)
Seat 2: WeNaSo_07 folded before Flop (didn't bet)
Seat 3: lelijkebaas (button) folded before Flop (didn't bet)
Seat 4: ZAURBEKK2013 (small blind) collected ($0.10)
Seat 5: miami2k (big blind) folded before Flop
Seat 6: KOCETO_1992 folded before Flop (didn't bet)
Seat 7: Dorex2007 folded before Flop (didn't bet)
Seat 8: Blake45645 folded before Flop (didn't bet)
Seat 9: RawManimal27 folded before Flop (didn't bet)



PokerStars Hand #238820942421:  Hold'em No Limit ($0.02/$0.05 USD) - 2022/09/23 15:17:37 PT [2022/09/23 18:17:37 ET]
Table 'Izar IV' 9-max Seat #4 is the button
Seat 1: daro506 ($6.55 in chips) 
Seat 2: WeNaSo_07 ($3.06 in chips) 
Seat 3: lelijkebaas ($5.89 in chips) 
Seat 4: ZAURBEKK2013 ($9.25 in chips) 
Seat 5: miami2k ($4.38 in chips) 
Seat 6: KOCETO_1992 ($4.23 in chips) 
Seat 7: Dorex2007 ($6.04 in chips) 
Seat 8: Blake45645 ($5.07 in chips) 
Seat 9: RawManimal27 ($6.32 in chips) 
miami2k: posts small blind $0.02
KOCETO_1992: posts big blind $0.05
*** HOLE CARDS ***
Dealt to Dorex2007 [9h Kd]
Dorex2007: folds 
Blake45645: folds 
RawManimal27: folds 
daro506: folds 
WeNaSo_07: folds 
lelijkebaas: folds 
ZAURBEKK2013: folds 
miami2k: folds 
Uncalled bet ($0.03) returned to KOCETO_1992
KOCETO_1992 collected $0.04 from pot
*** SUMMARY ***
Total pot $0.04 | Rake $0 
Seat 1: daro506 folded before Flop (didn't bet)
Seat 2: WeNaSo_07 folded before Flop (didn't bet)
Seat 3: lelijkebaas folded before Flop (didn't bet)
Seat 4: ZAURBEKK2013 (button) folded before Flop (didn't bet)
Seat 5: miami2k (small blind) folded before Flop
Seat 6: KOCETO_1992 (big blind) collected ($0.04)
Seat 7: Dorex2007 folded before Flop (didn't bet)
Seat 8: Blake45645 folded before Flop (didn't bet)
Seat 9: RawManimal27 folded before Flop (didn't bet)



PokerStars Hand #238820950585:  Hold'em No Limit ($0.02/$0.05 USD) - 2022/09/23 15:18:01 PT [2022/09/23 18:18:01 ET]
Table 'Izar IV' 9-max Seat #5 is the button
Seat 1: daro506 ($6.55 in chips) 
Seat 2: WeNaSo_07 ($3.06 in chips) 
Seat 3: lelijkebaas ($5.89 in chips) 
Seat 4: ZAURBEKK2013 ($9.25 in chips) 
Seat 5: miami2k ($4.36 in chips) 
Seat 6: KOCETO_1992 ($4.25 in chips) 
Seat 7: Dorex2007 ($6.04 in chips) 
Seat 8: Blake45645 ($5.07 in chips) 
Seat 9: RawManimal27 ($6.32 in chips) 
KOCETO_1992: posts small blind $0.02
Dorex2007: posts big blind $0.05
*** HOLE CARDS ***
Dealt to Dorex2007 [5h Th]
Blake45645: raises $0.12 to $0.17
RawManimal27: folds 
daro506: calls $0.17
WeNaSo_07: folds 
WeNaSo_07 leaves the table
lelijkebaas: folds 
ZAURBEKK2013: folds 
miami2k: folds 
KOCETO_1992: folds 
shakalakabom joins the table at seat #2 
Dorex2007: folds 
*** FLOP *** [7d Jd 7c]
Blake45645: checks 
daro506: bets $0.30
Blake45645: calls $0.30
*** TURN *** [7d Jd 7c] [6d]
Blake45645: checks 
daro506: checks 
*** RIVER *** [7d Jd 7c 6d] [Kh]
Blake45645: checks 
daro506: checks 
*** SHOW DOWN ***
Blake45645: shows [Ah Qd] (a pair of Sevens)
daro506: shows [Qh Qc] (two pair, Queens and Sevens)
daro506 collected $0.97 from pot
*** SUMMARY ***
Total pot $1.01 | Rake $0.04 
Board [7d Jd 7c 6d Kh]
Seat 1: daro506 showed [Qh Qc] and won ($0.97) with two pair, Queens and Sevens
Seat 2: WeNaSo_07 folded before Flop (didn't bet)
Seat 3: lelijkebaas folded before Flop (didn't bet)
Seat 4: ZAURBEKK2013 folded before Flop (didn't bet)
Seat 5: miami2k (button) folded before Flop (didn't bet)
Seat 6: KOCETO_1992 (small blind) folded before Flop
Seat 7: Dorex2007 (big blind) folded before Flop
Seat 8: Blake45645 showed [Ah Qd] and lost with a pair of Sevens
Seat 9: RawManimal27 folded before Flop (didn't bet)



PokerStars Hand #238820974798:  Hold'em No Limit ($0.02/$0.05 USD) - 2022/09/23 15:19:12 PT [2022/09/23 18:19:12 ET]
Table 'Izar IV' 9-max Seat #6 is the button
Seat 1: daro506 ($7.05 in chips) 
Seat 3: lelijkebaas ($5.89 in chips) 
Seat 4: ZAURBEKK2013 ($9.25 in chips) 
Seat 5: miami2k ($4.36 in chips) 
Seat 6: KOCETO_1992 ($4.23 in chips) 
Seat 7: Dorex2007 ($5.99 in chips) 
Seat 8: Blake45645 ($5 in chips) 
Seat 9: RawManimal27 ($6.32 in chips) 
Dorex2007: posts small blind $0.02
Blake45645: posts big blind $0.05
shakalakabom: sits out 
*** HOLE CARDS ***
Dealt to Dorex2007 [6s Qs]
RawManimal27: raises $0.10 to $0.15
daro506: folds 
lelijkebaas: folds 
ZAURBEKK2013: folds 
miami2k: calls $0.15
KOCETO_1992: folds 
Dorex2007: folds 
Blake45645: folds 
*** FLOP *** [Kh Js 7d]
RawManimal27: checks 
miami2k: bets $0.15
RawManimal27: folds 
Uncalled bet ($0.15) returned to miami2k
miami2k collected $0.35 from pot
miami2k: doesn't show hand 
*** SUMMARY ***
Total pot $0.37 | Rake $0.02 
Board [Kh Js 7d]
Seat 1: daro506 folded before Flop (didn't bet)
Seat 3: lelijkebaas folded before Flop (didn't bet)
Seat 4: ZAURBEKK2013 folded before Flop (didn't bet)
Seat 5: miami2k collected ($0.35)
Seat 6: KOCETO_1992 (button) folded before Flop (didn't bet)
Seat 7: Dorex2007 (small blind) folded before Flop
Seat 8: Blake45645 (big blind) folded before Flop
Seat 9: RawManimal27 folded on the Flop



PokerStars Hand #238820986741:  Hold'em No Limit ($0.02/$0.05 USD) - 2022/09/23 15:19:47 PT [2022/09/23 18:19:47 ET]
Table 'Izar IV' 9-max Seat #7 is the button
Seat 1: daro506 ($7.05 in chips) 
Seat 3: lelijkebaas ($5.89 in chips) 
Seat 4: ZAURBEKK2013 ($9.25 in chips) 
Seat 5: miami2k ($4.56 in chips) 
Seat 6: KOCETO_1992 ($4.23 in chips) 
Seat 7: Dorex2007 ($5.97 in chips) 
Seat 8: Blake45645 ($5 in chips) 
Seat 9: RawManimal27 ($6.17 in chips) 
Blake45645: posts small blind $0.02
RawManimal27: posts big blind $0.05
shakalakabom: sits out 
*** HOLE CARDS ***
Dealt to Dorex2007 [Ah 2c]
daro506: folds 
lelijkebaas: raises $0.10 to $0.15
ZAURBEKK2013: folds 
miami2k: folds 
KOCETO_1992: folds 
Dorex2007: folds 
Blake45645: folds 
RawManimal27: calls $0.10
*** FLOP *** [Kd 3d 2s]
RawManimal27: checks 
lelijkebaas: bets $0.19
RawManimal27: folds 
Uncalled bet ($0.19) returned to lelijkebaas
lelijkebaas collected $0.31 from pot
lelijkebaas: doesn't show hand 
*** SUMMARY ***
Total pot $0.32 | Rake $0.01 
Board [Kd 3d 2s]
Seat 1: daro506 folded before Flop (didn't bet)
Seat 3: lelijkebaas collected ($0.31)
Seat 4: ZAURBEKK2013 folded before Flop (didn't bet)
Seat 5: miami2k folded before Flop (didn't bet)
Seat 6: KOCETO_1992 folded before Flop (didn't bet)
Seat 7: Dorex2007 (button) folded before Flop (didn't bet)
Seat 8: Blake45645 (small blind) folded before Flop
Seat 9: RawManimal27 (big blind) folded on the Flop



PokerStars Hand #238820997946:  Hold'em No Limit ($0.02/$0.05 USD) - 2022/09/23 15:20:20 PT [2022/09/23 18:20:20 ET]
Table 'Izar IV' 9-max Seat #8 is the button
Seat 1: daro506 ($7.05 in chips) 
Seat 3: lelijkebaas ($6.05 in chips) 
Seat 4: ZAURBEKK2013 ($9.25 in chips) 
Seat 5: miami2k ($4.56 in chips) 
Seat 6: KOCETO_1992 ($4.23 in chips) 
Seat 7: Dorex2007 ($5.97 in chips) 
Seat 8: Blake45645 ($5 in chips) 
Seat 9: RawManimal27 ($6.02 in chips) 
RawManimal27: posts small blind $0.02
daro506: posts big blind $0.05
shakalakabom: sits out 
*** HOLE CARDS ***
Dealt to Dorex2007 [4c Qd]
lelijkebaas: raises $0.10 to $0.15
ZAURBEKK2013: folds 
miami2k: folds 
KOCETO_1992: folds 
Dorex2007: folds 
Blake45645: folds 
RawManimal27: folds 
daro506: folds 
Uncalled bet ($0.10) returned to lelijkebaas
lelijkebaas collected $0.12 from pot
lelijkebaas: doesn't show hand 
*** SUMMARY ***
Total pot $0.12 | Rake $0 
Seat 1: daro506 (big blind) folded before Flop
Seat 3: lelijkebaas collected ($0.12)
Seat 4: ZAURBEKK2013 folded before Flop (didn't bet)
Seat 5: miami2k folded before Flop (didn't bet)
Seat 6: KOCETO_1992 folded before Flop (didn't bet)
Seat 7: Dorex2007 folded before Flop (didn't bet)
Seat 8: Blake45645 (button) folded before Flop (didn't bet)
Seat 9: RawManimal27 (small blind) folded before Flop



PokerStars Hand #238821004099:  Hold'em No Limit ($0.02/$0.05 USD) - 2022/09/23 15:20:38 PT [2022/09/23 18:20:38 ET]
Table 'Izar IV' 9-max Seat #9 is the button
Seat 1: daro506 ($7 in chips) 
Seat 2: shakalakabom ($5 in chips) 
Seat 3: lelijkebaas ($6.12 in chips) 
Seat 4: ZAURBEKK2013 ($9.25 in chips) 
Seat 5: miami2k ($4.56 in chips) 
Seat 6: KOCETO_1992 ($4.23 in chips) 
Seat 7: Dorex2007 ($5.97 in chips) 
Seat 8: Blake45645 ($5 in chips) 
Seat 9: RawManimal27 ($6 in chips) 
daro506: posts small blind $0.02
shakalakabom: posts big blind $0.05
*** HOLE CARDS ***
Dealt to Dorex2007 [Qc Ac]
lelijkebaas: folds 
ZAURBEKK2013: raises $0.10 to $0.15
miami2k: calls $0.15
KOCETO_1992: folds 
Dorex2007: calls $0.15
Blake45645: folds 
RawManimal27: folds 
daro506: folds 
shakalakabom: calls $0.10
*** FLOP *** [9c 3c 2s]
shakalakabom: checks 
ZAURBEKK2013: bets $0.32
miami2k: folds 
Dorex2007: calls $0.32
shakalakabom: calls $0.32
*** TURN *** [9c 3c 2s] [Qs]
shakalakabom: checks 
ZAURBEKK2013: checks 
Dorex2007: bets $5.50 and is all-in
shakalakabom: folds 
ZAURBEKK2013: folds 
Uncalled bet ($5.50) returned to Dorex2007
Dorex2007 collected $1.51 from pot
Dorex2007: doesn't show hand 
*** SUMMARY ***
Total pot $1.58 | Rake $0.07 
Board [9c 3c 2s Qs]
Seat 1: daro506 (small blind) folded before Flop
Seat 2: shakalakabom (big blind) folded on the Turn
Seat 3: lelijkebaas folded before Flop (didn't bet)
Seat 4: ZAURBEKK2013 folded on the Turn
Seat 5: miami2k folded on the Flop
Seat 6: KOCETO_1992 folded before Flop (didn't bet)
Seat 7: Dorex2007 collected ($1.51)
Seat 8: Blake45645 folded before Flop (didn't bet)
Seat 9: RawManimal27 (button) folded before Flop (didn't bet)



PokerStars Hand #238821032489:  Hold'em No Limit ($0.02/$0.05 USD) - 2022/09/23 15:22:02 PT [2022/09/23 18:22:02 ET]
Table 'Izar IV' 9-max Seat #1 is the button
Seat 1: daro506 ($6.98 in chips) 
Seat 2: shakalakabom ($5 in chips) 
Seat 3: lelijkebaas ($6.12 in chips) 
Seat 4: ZAURBEKK2013 ($8.78 in chips) 
Seat 5: miami2k ($4.41 in chips) 
Seat 6: KOCETO_1992 ($4.23 in chips) 
Seat 7: Dorex2007 ($7.01 in chips) 
Seat 8: Blake45645 ($5 in chips) 
Seat 9: RawManimal27 ($6 in chips) 
shakalakabom: posts small blind $0.02
lelijkebaas: posts big blind $0.05
*** HOLE CARDS ***
Dealt to Dorex2007 [Td 7d]
ZAURBEKK2013: folds 
miami2k: raises $0.05 to $0.10
KOCETO_1992: folds 
Dorex2007: folds 
Blake45645: folds 
RawManimal27: folds 
daro506: calls $0.10
shakalakabom: calls $0.08
lelijkebaas: folds 
*** FLOP *** [Ts 3h Qs]
shakalakabom: checks 
miami2k: bets $0.20
daro506: folds 
shakalakabom: calls $0.20
*** TURN *** [Ts 3h Qs] [Qd]
shakalakabom: checks 
miami2k: bets $0.40
shakalakabom: folds 
Uncalled bet ($0.40) returned to miami2k
miami2k collected $0.72 from pot
miami2k: doesn't show hand 
*** SUMMARY ***
Total pot $0.75 | Rake $0.03 
Board [Ts 3h Qs Qd]
Seat 1: daro506 (button) folded on the Flop
Seat 2: shakalakabom (small blind) folded on the Turn
Seat 3: lelijkebaas (big blind) folded before Flop
Seat 4: ZAURBEKK2013 folded before Flop (didn't bet)
Seat 5: miami2k collected ($0.72)
Seat 6: KOCETO_1992 folded before Flop (didn't bet)
Seat 7: Dorex2007 folded before Flop (didn't bet)
Seat 8: Blake45645 folded before Flop (didn't bet)
Seat 9: RawManimal27 folded before Flop (didn't bet)



PokerStars Hand #238821054857:  Hold'em No Limit ($0.02/$0.05 USD) - 2022/09/23 15:23:08 PT [2022/09/23 18:23:08 ET]
Table 'Izar IV' 9-max Seat #2 is the button
Seat 1: daro506 ($6.88 in chips) 
Seat 2: shakalakabom ($4.70 in chips) 
Seat 3: lelijkebaas ($6.07 in chips) 
Seat 4: ZAURBEKK2013 ($8.78 in chips) 
Seat 5: miami2k ($4.83 in chips) 
Seat 6: KOCETO_1992 ($4.23 in chips) 
Seat 7: Dorex2007 ($7.01 in chips) 
Seat 8: Blake45645 ($5 in chips) 
Seat 9: RawManimal27 ($6 in chips) 
lelijkebaas: posts small blind $0.02
ZAURBEKK2013: posts big blind $0.05
*** HOLE CARDS ***
Dealt to Dorex2007 [Ks 5s]
miami2k: raises $0.05 to $0.10
KOCETO_1992: calls $0.10
Dorex2007: folds 
Blake45645: folds 
RawManimal27: calls $0.10
daro506: calls $0.10
shakalakabom: calls $0.10
lelijkebaas: folds 
ZAURBEKK2013: calls $0.05
*** FLOP *** [9d 2c 5d]
ZAURBEKK2013: checks 
miami2k: checks 
KOCETO_1992: checks 
RawManimal27: checks 
daro506: checks 
shakalakabom: checks 
*** TURN *** [9d 2c 5d] [Qd]
ZAURBEKK2013: checks 
miami2k: checks 
KOCETO_1992: checks 
RawManimal27: bets $0.19
daro506: folds 
shakalakabom: folds 
ZAURBEKK2013: folds 
miami2k: folds 
KOCETO_1992: folds 
Uncalled bet ($0.19) returned to RawManimal27
RawManimal27 collected $0.59 from pot
RawManimal27: doesn't show hand 
*** SUMMARY ***
Total pot $0.62 | Rake $0.03 
Board [9d 2c 5d Qd]
Seat 1: daro506 folded on the Turn
Seat 2: shakalakabom (button) folded on the Turn
Seat 3: lelijkebaas (small blind) folded before Flop
Seat 4: ZAURBEKK2013 (big blind) folded on the Turn
Seat 5: miami2k folded on the Turn
Seat 6: KOCETO_1992 folded on the Turn
Seat 7: Dorex2007 folded before Flop (didn't bet)
Seat 8: Blake45645 folded before Flop (didn't bet)
Seat 9: RawManimal27 collected ($0.59)



PokerStars Hand #238821086002:  Hold'em No Limit ($0.02/$0.05 USD) - 2022/09/23 15:24:41 PT [2022/09/23 18:24:41 ET]
Table 'Izar IV' 9-max Seat #3 is the button
Seat 1: daro506 ($6.78 in chips) 
Seat 2: shakalakabom ($4.60 in chips) 
Seat 3: lelijkebaas ($6.05 in chips) 
Seat 4: ZAURBEKK2013 ($8.68 in chips) 
Seat 5: miami2k ($4.73 in chips) 
Seat 6: KOCETO_1992 ($4.13 in chips) 
Seat 7: Dorex2007 ($7.01 in chips) 
Seat 8: Blake45645 ($5 in chips) 
Seat 9: RawManimal27 ($6.49 in chips) 
ZAURBEKK2013: posts small blind $0.02
miami2k: posts big blind $0.05
*** HOLE CARDS ***
Dealt to Dorex2007 [9h 9d]
KOCETO_1992: folds 
Dorex2007: raises $0.10 to $0.15
Blake45645: folds 
RawManimal27: folds 
daro506: folds 
shakalakabom: folds 
lelijkebaas: folds 
ZAURBEKK2013: folds 
miami2k: folds 
Uncalled bet ($0.10) returned to Dorex2007
Dorex2007 collected $0.12 from pot
Dorex2007: doesn't show hand 
*** SUMMARY ***
Total pot $0.12 | Rake $0 
Seat 1: daro506 folded before Flop (didn't bet)
Seat 2: shakalakabom folded before Flop (didn't bet)
Seat 3: lelijkebaas (button) folded before Flop (didn't bet)
Seat 4: ZAURBEKK2013 (small blind) folded before Flop
Seat 5: miami2k (big blind) folded before Flop
Seat 6: KOCETO_1992 folded before Flop (didn't bet)
Seat 7: Dorex2007 collected ($0.12)
Seat 8: Blake45645 folded before Flop (didn't bet)
Seat 9: RawManimal27 folded before Flop (didn't bet)



PokerStars Hand #238821097450:  Hold'em No Limit ($0.02/$0.05 USD) - 2022/09/23 15:25:15 PT [2022/09/23 18:25:15 ET]
Table 'Izar IV' 9-max Seat #4 is the button
Seat 1: daro506 ($6.78 in chips) 
Seat 2: shakalakabom ($4.60 in chips) 
Seat 3: lelijkebaas ($6.05 in chips) 
Seat 4: ZAURBEKK2013 ($8.66 in chips) 
Seat 5: miami2k ($4.68 in chips) 
Seat 6: KOCETO_1992 ($4.13 in chips) 
Seat 7: Dorex2007 ($7.08 in chips) 
Seat 8: Blake45645 ($5 in chips) 
Seat 9: RawManimal27 ($6.49 in chips) 
miami2k: posts small blind $0.02
KOCETO_1992: posts big blind $0.05
*** HOLE CARDS ***
Dealt to Dorex2007 [5c 2d]
Dorex2007: folds 
Blake45645: folds 
RawManimal27: raises $0.10 to $0.15
daro506: folds 
shakalakabom: folds 
lelijkebaas: folds 
ZAURBEKK2013: raises $0.41 to $0.56
miami2k: folds 
KOCETO_1992: folds 
RawManimal27: folds 
Uncalled bet ($0.41) returned to ZAURBEKK2013
ZAURBEKK2013 collected $0.37 from pot
ZAURBEKK2013: doesn't show hand 
*** SUMMARY ***
Total pot $0.37 | Rake $0 
Seat 1: daro506 folded before Flop (didn't bet)
Seat 2: shakalakabom folded before Flop (didn't bet)
Seat 3: lelijkebaas folded before Flop (didn't bet)
Seat 4: ZAURBEKK2013 (button) collected ($0.37)
Seat 5: miami2k (small blind) folded before Flop
Seat 6: KOCETO_1992 (big blind) folded before Flop
Seat 7: Dorex2007 folded before Flop (didn't bet)
Seat 8: Blake45645 folded before Flop (didn't bet)
Seat 9: RawManimal27 folded before Flop



PokerStars Hand #238821117122:  Hold'em No Limit ($0.02/$0.05 USD) - 2022/09/23 15:26:14 PT [2022/09/23 18:26:14 ET]
Table 'Izar IV' 9-max Seat #5 is the button
Seat 1: daro506 ($6.78 in chips) 
Seat 2: shakalakabom ($4.60 in chips) 
Seat 3: lelijkebaas ($6.05 in chips) 
Seat 4: ZAURBEKK2013 ($8.88 in chips) 
Seat 5: miami2k ($4.66 in chips) 
Seat 6: KOCETO_1992 ($4.08 in chips) 
Seat 7: Dorex2007 ($7.08 in chips) 
Seat 8: Blake45645 ($5 in chips) 
Seat 9: RawManimal27 ($6.34 in chips) 
KOCETO_1992: posts small blind $0.02
Dorex2007: posts big blind $0.05
*** HOLE CARDS ***
Dealt to Dorex2007 [3c Kh]
Blake45645: folds 
RawManimal27: folds 
daro506: folds 
shakalakabom: folds 
lelijkebaas has timed out
lelijkebaas: folds 
ZAURBEKK2013: folds 
miami2k: folds 
KOCETO_1992: folds 
Uncalled bet ($0.03) returned to Dorex2007
Dorex2007 collected $0.04 from pot
Dorex2007: doesn't show hand 
*** SUMMARY ***
Total pot $0.04 | Rake $0 
Seat 1: daro506 folded before Flop (didn't bet)
Seat 2: shakalakabom folded before Flop (didn't bet)
Seat 3: lelijkebaas folded before Flop (didn't bet)
Seat 4: ZAURBEKK2013 folded before Flop (didn't bet)
Seat 5: miami2k (button) folded before Flop (didn't bet)
Seat 6: KOCETO_1992 (small blind) folded before Flop
Seat 7: Dorex2007 (big blind) collected ($0.04)
Seat 8: Blake45645 folded before Flop (didn't bet)
Seat 9: RawManimal27 folded before Flop (didn't bet)



PokerStars Hand #238821128078:  Hold'em No Limit ($0.02/$0.05 USD) - 2022/09/23 15:26:47 PT [2022/09/23 18:26:47 ET]
Table 'Izar IV' 9-max Seat #6 is the button
Seat 1: daro506 ($6.78 in chips) 
Seat 2: shakalakabom ($4.60 in chips) 
Seat 3: lelijkebaas ($6.05 in chips) 
Seat 4: ZAURBEKK2013 ($8.88 in chips) 
Seat 5: miami2k ($4.66 in chips) 
Seat 6: KOCETO_1992 ($4.06 in chips) 
Seat 7: Dorex2007 ($7.10 in chips) 
Seat 8: Blake45645 ($5 in chips) 
Seat 9: RawManimal27 ($6.34 in chips) 
Dorex2007: posts small blind $0.02
Blake45645: posts big blind $0.05
*** HOLE CARDS ***
Dealt to Dorex2007 [4h Jh]
RawManimal27: folds 
daro506: folds 
shakalakabom: folds 
lelijkebaas: folds 
ZAURBEKK2013: folds 
miami2k: folds 
KOCETO_1992: folds 
Dorex2007: folds 
Uncalled bet ($0.03) returned to Blake45645
Blake45645 collected $0.04 from pot
Blake45645: doesn't show hand 
*** SUMMARY ***
Total pot $0.04 | Rake $0 
Seat 1: daro506 folded before Flop (didn't bet)
Seat 2: shakalakabom folded before Flop (didn't bet)
Seat 3: lelijkebaas folded before Flop (didn't bet)
Seat 4: ZAURBEKK2013 folded before Flop (didn't bet)
Seat 5: miami2k folded before Flop (didn't bet)
Seat 6: KOCETO_1992 (button) folded before Flop (didn't bet)
Seat 7: Dorex2007 (small blind) folded before Flop
Seat 8: Blake45645 (big blind) collected ($0.04)
Seat 9: RawManimal27 folded before Flop (didn't bet)



PokerStars Hand #238821131655:  Hold'em No Limit ($0.02/$0.05 USD) - 2022/09/23 15:26:58 PT [2022/09/23 18:26:58 ET]
Table 'Izar IV' 9-max Seat #7 is the button
Seat 1: daro506 ($6.78 in chips) 
Seat 2: shakalakabom ($4.60 in chips) 
Seat 3: lelijkebaas ($6.05 in chips) 
Seat 4: ZAURBEKK2013 ($8.88 in chips) 
Seat 5: miami2k ($4.66 in chips) 
Seat 6: KOCETO_1992 ($4.06 in chips) 
Seat 7: Dorex2007 ($7.08 in chips) 
Seat 8: Blake45645 ($5.02 in chips) 
Seat 9: RawManimal27 ($6.34 in chips) 
Blake45645: posts small blind $0.02
RawManimal27: posts big blind $0.05
*** HOLE CARDS ***
Dealt to Dorex2007 [3s 5s]
daro506: folds 
shakalakabom: folds 
lelijkebaas: raises $0.10 to $0.15
ZAURBEKK2013: folds 
miami2k: folds 
KOCETO_1992: folds 
Dorex2007: folds 
Blake45645: folds 
RawManimal27: calls $0.10
*** FLOP *** [Kh 7c 9s]
RawManimal27: checks 
lelijkebaas: bets $0.19
RawManimal27: calls $0.19
*** TURN *** [Kh 7c 9s] [Qd]
RawManimal27: checks 
lelijkebaas: bets $0.53
RawManimal27: folds 
Uncalled bet ($0.53) returned to lelijkebaas
lelijkebaas collected $0.67 from pot
lelijkebaas: doesn't show hand 
*** SUMMARY ***
Total pot $0.70 | Rake $0.03 
Board [Kh 7c 9s Qd]
Seat 1: daro506 folded before Flop (didn't bet)
Seat 2: shakalakabom folded before Flop (didn't bet)
Seat 3: lelijkebaas collected ($0.67)
Seat 4: ZAURBEKK2013 folded before Flop (didn't bet)
Seat 5: miami2k folded before Flop (didn't bet)
Seat 6: KOCETO_1992 folded before Flop (didn't bet)
Seat 7: Dorex2007 (button) folded before Flop (didn't bet)
Seat 8: Blake45645 (small blind) folded before Flop
Seat 9: RawManimal27 (big blind) folded on the Turn



