PokerStars Hand #237809923489:  Hold'em No Limit ($0.02/$0.05 USD) - 2022/08/05 13:39:15 PT [2022/08/05 16:39:15 ET]
Table 'Antilia III' 9-max Seat #6 is the button
Seat 1: yakfolge ($5 in chips) 
Seat 2: Lulu.reym ($3.86 in chips) 
Seat 3: scrapyyy88-.- ($2.45 in chips) 
Seat 4: mangiopesce ($5.34 in chips) 
Seat 5: Dorex2007 ($5 in chips) 
Seat 6: shakadevirgo90 ($3.89 in chips) 
Seat 7: PremiumKill96 ($5.01 in chips) 
Seat 8: andrewcupkovic ($13.27 in chips) 
PremiumKill96: posts small blind $0.02
andrewcupkovic: posts big blind $0.05
Dorex2007: posts big blind $0.05
*** HOLE CARDS ***
Dealt to Dorex2007 [6d 8s]
yakfolge: calls $0.05
Lulu.reym has timed out
Lulu.reym: folds 
scrapyyy88-.-: raises $0.40 to $0.45
mangiopesce: folds 
Dorex2007: folds 
shakadevirgo90: folds 
PremiumKill96: folds 
andrewcupkovic: calls $0.40
yakfolge: calls $0.40
*** FLOP *** [Ts 9s 5h]
andrewcupkovic: bets $0.25
yakfolge: calls $0.25
scrapyyy88-.-: calls $0.25
*** TURN *** [Ts 9s 5h] [6h]
andrewcupkovic: bets $0.20
yakfolge: calls $0.20
scrapyyy88-.-: calls $0.20
*** RIVER *** [Ts 9s 5h 6h] [3s]
andrewcupkovic: bets $0.10
yakfolge: folds 
scrapyyy88-.-: raises $1.45 to $1.55 and is all-in
andrewcupkovic: calls $1.45
*** SHOW DOWN ***
scrapyyy88-.-: shows [7d 6s] (a pair of Sixes)
andrewcupkovic: shows [Kd 5s] (a pair of Fives)
scrapyyy88-.- collected $5.63 from pot
*** SUMMARY ***
Total pot $5.87 | Rake $0.24 
Board [Ts 9s 5h 6h 3s]
Seat 1: yakfolge folded on the River
Seat 2: Lulu.reym folded before Flop (didn't bet)
Seat 3: scrapyyy88-.- showed [7d 6s] and won ($5.63) with a pair of Sixes
Seat 4: mangiopesce folded before Flop (didn't bet)
Seat 5: Dorex2007 folded before Flop (didn't bet)
Seat 6: shakadevirgo90 (button) folded before Flop (didn't bet)
Seat 7: PremiumKill96 (small blind) folded before Flop
Seat 8: andrewcupkovic (big blind) showed [Kd 5s] and lost with a pair of Fives



PokerStars Hand #237809948121:  Hold'em No Limit ($0.02/$0.05 USD) - 2022/08/05 13:40:23 PT [2022/08/05 16:40:23 ET]
Table 'Antilia III' 9-max Seat #7 is the button
Seat 1: yakfolge ($4.10 in chips) 
Seat 2: Lulu.reym ($3.86 in chips) 
Seat 3: scrapyyy88-.- ($5.63 in chips) 
Seat 4: mangiopesce ($5.34 in chips) 
Seat 5: Dorex2007 ($5 in chips) 
Seat 6: shakadevirgo90 ($3.89 in chips) 
Seat 7: PremiumKill96 ($4.99 in chips) 
Seat 8: andrewcupkovic ($10.82 in chips) 
andrewcupkovic: posts small blind $0.02
yakfolge: posts big blind $0.05
*** HOLE CARDS ***
Dealt to Dorex2007 [Ac Qh]
Lulu.reym: calls $0.05
scrapyyy88-.-: folds 
mangiopesce: folds 
Dorex2007: raises $0.15 to $0.20
shakadevirgo90 has timed out
shakadevirgo90: folds 
PremiumKill96: folds 
andrewcupkovic: raises $0.15 to $0.35
yakfolge: folds 
Lulu.reym: folds 
Dorex2007: calls $0.15
*** FLOP *** [4s 2c 7c]
andrewcupkovic: bets $0.05
Dorex2007: calls $0.05
*** TURN *** [4s 2c 7c] [4h]
andrewcupkovic: bets $0.10
Dorex2007: calls $0.10
*** RIVER *** [4s 2c 7c 4h] [8d]
andrewcupkovic: bets $0.05
Dorex2007: raises $0.58 to $0.63
andrewcupkovic: calls $0.58
*** SHOW DOWN ***
Dorex2007: shows [Ac Qh] (a pair of Fours)
andrewcupkovic: mucks hand 
Dorex2007 collected $2.26 from pot
*** SUMMARY ***
Total pot $2.36 | Rake $0.10 
Board [4s 2c 7c 4h 8d]
Seat 1: yakfolge (big blind) folded before Flop
Seat 2: Lulu.reym folded before Flop
Seat 3: scrapyyy88-.- folded before Flop (didn't bet)
Seat 4: mangiopesce folded before Flop (didn't bet)
Seat 5: Dorex2007 showed [Ac Qh] and won ($2.26) with a pair of Fours
Seat 6: shakadevirgo90 folded before Flop (didn't bet)
Seat 7: PremiumKill96 (button) folded before Flop (didn't bet)
Seat 8: andrewcupkovic (small blind) mucked [6c Qd]



PokerStars Hand #237809978278:  Hold'em No Limit ($0.02/$0.05 USD) - 2022/08/05 13:41:27 PT [2022/08/05 16:41:27 ET]
Table 'Antilia III' 9-max Seat #8 is the button
Seat 1: yakfolge ($4.05 in chips) 
Seat 2: Lulu.reym ($3.81 in chips) 
Seat 3: scrapyyy88-.- ($5.63 in chips) 
Seat 4: mangiopesce ($5.34 in chips) 
Seat 5: Dorex2007 ($6.13 in chips) 
Seat 7: PremiumKill96 ($4.99 in chips) 
Seat 8: andrewcupkovic ($9.69 in chips) 
yakfolge: posts small blind $0.02
Lulu.reym: posts big blind $0.05
*** HOLE CARDS ***
Dealt to Dorex2007 [8h 6h]
scrapyyy88-.-: folds 
mangiopesce: folds 
Dorex2007: folds 
PremiumKill96: folds 
andrewcupkovic: calls $0.05
yakfolge: folds 
Lulu.reym: checks 
*** FLOP *** [Jd Qs 7c]
Lulu.reym: checks 
andrewcupkovic: bets $0.05
Lulu.reym: folds 
Uncalled bet ($0.05) returned to andrewcupkovic
andrewcupkovic collected $0.12 from pot
*** SUMMARY ***
Total pot $0.12 | Rake $0 
Board [Jd Qs 7c]
Seat 1: yakfolge (small blind) folded before Flop
Seat 2: Lulu.reym (big blind) folded on the Flop
Seat 3: scrapyyy88-.- folded before Flop (didn't bet)
Seat 4: mangiopesce folded before Flop (didn't bet)
Seat 5: Dorex2007 folded before Flop (didn't bet)
Seat 7: PremiumKill96 folded before Flop (didn't bet)
Seat 8: andrewcupkovic (button) collected ($0.12)



PokerStars Hand #237809986898:  Hold'em No Limit ($0.02/$0.05 USD) - 2022/08/05 13:41:51 PT [2022/08/05 16:41:51 ET]
Table 'Antilia III' 9-max Seat #1 is the button
Seat 1: yakfolge ($4.03 in chips) 
Seat 2: Lulu.reym ($3.76 in chips) 
Seat 3: scrapyyy88-.- ($5.63 in chips) 
Seat 4: mangiopesce ($5.34 in chips) 
Seat 5: Dorex2007 ($6.13 in chips) 
Seat 7: PremiumKill96 ($4.99 in chips) 
Seat 8: andrewcupkovic ($9.76 in chips) 
Lulu.reym: posts small blind $0.02
scrapyyy88-.-: posts big blind $0.05
*** HOLE CARDS ***
Dealt to Dorex2007 [Ks Td]
mangiopesce: folds 
Dorex2007: folds 
PremiumKill96: raises $0.10 to $0.15
andrewcupkovic: raises $0.10 to $0.25
yakfolge: folds 
Lulu.reym: folds 
scrapyyy88-.-: folds 
PremiumKill96: calls $0.10
*** FLOP *** [5h Ad 8h]
PremiumKill96: bets $0.27
andrewcupkovic: calls $0.27
*** TURN *** [5h Ad 8h] [Qs]
PremiumKill96: bets $0.53
andrewcupkovic: raises $0.53 to $1.06
PremiumKill96: folds 
Uncalled bet ($0.53) returned to andrewcupkovic
andrewcupkovic collected $2.08 from pot
*** SUMMARY ***
Total pot $2.17 | Rake $0.09 
Board [5h Ad 8h Qs]
Seat 1: yakfolge (button) folded before Flop (didn't bet)
Seat 2: Lulu.reym (small blind) folded before Flop
Seat 3: scrapyyy88-.- (big blind) folded before Flop
Seat 4: mangiopesce folded before Flop (didn't bet)
Seat 5: Dorex2007 folded before Flop (didn't bet)
Seat 7: PremiumKill96 folded on the Turn
Seat 8: andrewcupkovic collected ($2.08)



PokerStars Hand #237810000242:  Hold'em No Limit ($0.02/$0.05 USD) - 2022/08/05 13:42:28 PT [2022/08/05 16:42:28 ET]
Table 'Antilia III' 9-max Seat #2 is the button
Seat 1: yakfolge ($4.03 in chips) 
Seat 2: Lulu.reym ($3.74 in chips) 
Seat 3: scrapyyy88-.- ($5.58 in chips) 
Seat 4: mangiopesce ($5.34 in chips) 
Seat 5: Dorex2007 ($6.13 in chips) 
Seat 7: PremiumKill96 ($3.94 in chips) 
Seat 8: andrewcupkovic ($10.79 in chips) 
scrapyyy88-.-: posts small blind $0.02
mangiopesce: posts big blind $0.05
*** HOLE CARDS ***
Dealt to Dorex2007 [9h 6h]
Dorex2007: folds 
PremiumKill96: folds 
andrewcupkovic: calls $0.05
yakfolge: folds 
Lulu.reym: folds 
scrapyyy88-.-: calls $0.03
mangiopesce: checks 
*** FLOP *** [4s 8c 6d]
scrapyyy88-.-: bets $0.07
mangiopesce: calls $0.07
andrewcupkovic: calls $0.07
*** TURN *** [4s 8c 6d] [9d]
scrapyyy88-.-: bets $0.17
mangiopesce: folds 
andrewcupkovic: calls $0.17
*** RIVER *** [4s 8c 6d 9d] [Qd]
scrapyyy88-.-: checks 
andrewcupkovic: checks 
*** SHOW DOWN ***
scrapyyy88-.-: shows [9c 7d] (a pair of Nines)
andrewcupkovic: mucks hand 
scrapyyy88-.- collected $0.67 from pot
*** SUMMARY ***
Total pot $0.70 | Rake $0.03 
Board [4s 8c 6d 9d Qd]
Seat 1: yakfolge folded before Flop (didn't bet)
Seat 2: Lulu.reym (button) folded before Flop (didn't bet)
Seat 3: scrapyyy88-.- (small blind) showed [9c 7d] and won ($0.67) with a pair of Nines
Seat 4: mangiopesce (big blind) folded on the Turn
Seat 5: Dorex2007 folded before Flop (didn't bet)
Seat 7: PremiumKill96 folded before Flop (didn't bet)
Seat 8: andrewcupkovic mucked [Ac Jc]



PokerStars Hand #237810016524:  Hold'em No Limit ($0.02/$0.05 USD) - 2022/08/05 13:43:13 PT [2022/08/05 16:43:13 ET]
Table 'Antilia III' 9-max Seat #3 is the button
Seat 1: yakfolge ($4.03 in chips) 
Seat 2: Lulu.reym ($3.74 in chips) 
Seat 3: scrapyyy88-.- ($5.96 in chips) 
Seat 4: mangiopesce ($5.22 in chips) 
Seat 5: Dorex2007 ($6.13 in chips) 
Seat 6: shakadevirgo90 ($3.89 in chips) 
Seat 7: PremiumKill96 ($3.94 in chips) 
Seat 8: andrewcupkovic ($10.50 in chips) 
mangiopesce: posts small blind $0.02
Dorex2007: posts big blind $0.05
*** HOLE CARDS ***
Dealt to Dorex2007 [7c Th]
shakadevirgo90: folds 
PremiumKill96: raises $0.10 to $0.15
andrewcupkovic: calls $0.15
yakfolge: calls $0.15
Lulu.reym: folds 
scrapyyy88-.-: folds 
mangiopesce: raises $5.07 to $5.22 and is all-in
Dorex2007: folds 
PremiumKill96: calls $3.79 and is all-in
andrewcupkovic: calls $5.07
yakfolge: folds 
*** FLOP *** [4h 3s 4c]
*** TURN *** [4h 3s 4c] [7h]
*** RIVER *** [4h 3s 4c 7h] [2d]
*** SHOW DOWN ***
mangiopesce: shows [Kd Ac] (a pair of Fours)
andrewcupkovic: shows [Tc Jd] (a pair of Fours - lower kicker)
mangiopesce collected $2.45 from side pot
PremiumKill96: shows [6d 6h] (two pair, Sixes and Fours)
PremiumKill96 collected $11.52 from main pot
*** SUMMARY ***
Total pot $14.58 Main pot $11.52. Side pot $2.45. | Rake $0.61 
Board [4h 3s 4c 7h 2d]
Seat 1: yakfolge folded before Flop
Seat 2: Lulu.reym folded before Flop (didn't bet)
Seat 3: scrapyyy88-.- (button) folded before Flop (didn't bet)
Seat 4: mangiopesce (small blind) showed [Kd Ac] and won ($2.45) with a pair of Fours
Seat 5: Dorex2007 (big blind) folded before Flop
Seat 6: shakadevirgo90 folded before Flop (didn't bet)
Seat 7: PremiumKill96 showed [6d 6h] and won ($11.52) with two pair, Sixes and Fours
Seat 8: andrewcupkovic showed [Tc Jd] and lost with a pair of Fours



PokerStars Hand #237810031961:  Hold'em No Limit ($0.02/$0.05 USD) - 2022/08/05 13:43:57 PT [2022/08/05 16:43:57 ET]
Table 'Antilia III' 9-max Seat #4 is the button
Seat 1: yakfolge ($3.88 in chips) 
Seat 2: Lulu.reym ($3.74 in chips) 
Seat 3: scrapyyy88-.- ($5.96 in chips) 
Seat 4: mangiopesce ($5 in chips) 
Seat 5: Dorex2007 ($6.08 in chips) 
Seat 6: shakadevirgo90 ($3.89 in chips) 
Seat 7: PremiumKill96 ($11.52 in chips) 
Seat 8: andrewcupkovic ($5.28 in chips) 
Dorex2007: posts small blind $0.02
shakadevirgo90: posts big blind $0.05
*** HOLE CARDS ***
Dealt to Dorex2007 [5h 2h]
PremiumKill96: raises $0.10 to $0.15
andrewcupkovic: calls $0.15
yakfolge: raises $3.73 to $3.88 and is all-in
Lulu.reym: folds 
scrapyyy88-.-: folds 
mangiopesce: folds 
Dorex2007: folds 
shakadevirgo90: folds 
PremiumKill96: folds 
andrewcupkovic: calls $3.73
*** FLOP *** [Js 6c 9d]
*** TURN *** [Js 6c 9d] [4s]
*** RIVER *** [Js 6c 9d 4s] [9s]
*** SHOW DOWN ***
andrewcupkovic: shows [7d 9h] (three of a kind, Nines)
yakfolge: shows [Kc Ad] (a pair of Nines)
andrewcupkovic collected $7.65 from pot
*** SUMMARY ***
Total pot $7.98 | Rake $0.33 
Board [Js 6c 9d 4s 9s]
Seat 1: yakfolge showed [Kc Ad] and lost with a pair of Nines
Seat 2: Lulu.reym folded before Flop (didn't bet)
Seat 3: scrapyyy88-.- folded before Flop (didn't bet)
Seat 4: mangiopesce (button) folded before Flop (didn't bet)
Seat 5: Dorex2007 (small blind) folded before Flop
Seat 6: shakadevirgo90 (big blind) folded before Flop
Seat 7: PremiumKill96 folded before Flop
Seat 8: andrewcupkovic showed [7d 9h] and won ($7.65) with three of a kind, Nines



PokerStars Hand #237810049268:  Hold'em No Limit ($0.02/$0.05 USD) - 2022/08/05 13:44:45 PT [2022/08/05 16:44:45 ET]
Table 'Antilia III' 9-max Seat #5 is the button
Seat 2: Lulu.reym ($3.74 in chips) 
Seat 3: scrapyyy88-.- ($5.96 in chips) 
Seat 4: mangiopesce ($5 in chips) 
Seat 5: Dorex2007 ($6.06 in chips) 
Seat 6: shakadevirgo90 ($3.84 in chips) 
Seat 7: PremiumKill96 ($11.37 in chips) 
Seat 8: andrewcupkovic ($9.05 in chips) 
shakadevirgo90: posts small blind $0.02
PremiumKill96: posts big blind $0.05
*** HOLE CARDS ***
Dealt to Dorex2007 [7h 8s]
andrewcupkovic: calls $0.05
Lulu.reym: calls $0.05
scrapyyy88-.-: folds 
mangiopesce: folds 
Dorex2007 has timed out
Dorex2007: folds 
shakadevirgo90: folds 
PremiumKill96: checks 
*** FLOP *** [9c 4s 5s]
PremiumKill96: checks 
andrewcupkovic: bets $0.30
Lulu.reym: folds 
PremiumKill96: folds 
Uncalled bet ($0.30) returned to andrewcupkovic
andrewcupkovic collected $0.16 from pot
*** SUMMARY ***
Total pot $0.17 | Rake $0.01 
Board [9c 4s 5s]
Seat 2: Lulu.reym folded on the Flop
Seat 3: scrapyyy88-.- folded before Flop (didn't bet)
Seat 4: mangiopesce folded before Flop (didn't bet)
Seat 5: Dorex2007 (button) folded before Flop (didn't bet)
Seat 6: shakadevirgo90 (small blind) folded before Flop
Seat 7: PremiumKill96 (big blind) folded on the Flop
Seat 8: andrewcupkovic collected ($0.16)



PokerStars Hand #237810082505:  Hold'em No Limit ($0.02/$0.05 USD) - 2022/08/05 13:46:16 PT [2022/08/05 16:46:16 ET]
Table 'Antilia III' 9-max Seat #7 is the button
Seat 1: yakfolge ($4.66 in chips) 
Seat 2: Lulu.reym ($3.69 in chips) 
Seat 3: scrapyyy88-.- ($6.40 in chips) 
Seat 4: mangiopesce ($5 in chips) 
Seat 5: Dorex2007 ($6.06 in chips) 
Seat 6: shakadevirgo90 ($3.82 in chips) 
Seat 7: PremiumKill96 ($11.30 in chips) 
Seat 8: andrewcupkovic ($8.91 in chips) 
andrewcupkovic: posts small blind $0.02
yakfolge: posts big blind $0.05
*** HOLE CARDS ***
Dealt to Dorex2007 [7d Jd]
Lulu.reym: folds 
scrapyyy88-.-: folds 
mangiopesce: folds 
Dorex2007: folds 
shakadevirgo90: raises $0.10 to $0.15
PremiumKill96: folds 
andrewcupkovic: folds 
yakfolge: folds 
Uncalled bet ($0.10) returned to shakadevirgo90
shakadevirgo90 collected $0.12 from pot
Schieko7 leaves the table
shakadevirgo90: doesn't show hand 
*** SUMMARY ***
Total pot $0.12 | Rake $0 
Seat 1: yakfolge (big blind) folded before Flop
Seat 2: Lulu.reym folded before Flop (didn't bet)
Seat 3: scrapyyy88-.- folded before Flop (didn't bet)
Seat 4: mangiopesce folded before Flop (didn't bet)
Seat 5: Dorex2007 folded before Flop (didn't bet)
Seat 6: shakadevirgo90 collected ($0.12)
Seat 7: PremiumKill96 (button) folded before Flop (didn't bet)
Seat 8: andrewcupkovic (small blind) folded before Flop



PokerStars Hand #237810093953:  Hold'em No Limit ($0.02/$0.05 USD) - 2022/08/05 13:46:34 PT [2022/08/05 16:46:34 ET]
Table 'Antilia III' 9-max Seat #8 is the button
Seat 1: yakfolge ($4.61 in chips) 
Seat 2: Lulu.reym ($3.69 in chips) 
Seat 3: scrapyyy88-.- ($6.40 in chips) 
Seat 4: mangiopesce ($5 in chips) 
Seat 5: Dorex2007 ($6.06 in chips) 
Seat 6: shakadevirgo90 ($3.89 in chips) 
Seat 7: PremiumKill96 ($11.30 in chips) 
Seat 8: andrewcupkovic ($8.89 in chips) 
yakfolge: posts small blind $0.02
Lulu.reym: posts big blind $0.05
*** HOLE CARDS ***
Dealt to Dorex2007 [5d Qd]
scrapyyy88-.-: folds 
mangiopesce: folds 
Dorex2007: folds 
shakadevirgo90: folds 
tanyaa1956 joins the table at seat #9 
PremiumKill96: folds 
andrewcupkovic: calls $0.05
yakfolge: folds 
Lulu.reym: checks 
*** FLOP *** [8s 2s 3s]
Lulu.reym: checks 
andrewcupkovic: bets $0.05
Lulu.reym: folds 
Uncalled bet ($0.05) returned to andrewcupkovic
andrewcupkovic collected $0.12 from pot
*** SUMMARY ***
Total pot $0.12 | Rake $0 
Board [8s 2s 3s]
Seat 1: yakfolge (small blind) folded before Flop
Seat 2: Lulu.reym (big blind) folded on the Flop
Seat 3: scrapyyy88-.- folded before Flop (didn't bet)
Seat 4: mangiopesce folded before Flop (didn't bet)
Seat 5: Dorex2007 folded before Flop (didn't bet)
Seat 6: shakadevirgo90 folded before Flop (didn't bet)
Seat 7: PremiumKill96 folded before Flop (didn't bet)
Seat 8: andrewcupkovic (button) collected ($0.12)



PokerStars Hand #237810104082:  Hold'em No Limit ($0.02/$0.05 USD) - 2022/08/05 13:47:02 PT [2022/08/05 16:47:02 ET]
Table 'Antilia III' 9-max Seat #1 is the button
Seat 1: yakfolge ($4.59 in chips) 
Seat 2: Lulu.reym ($3.64 in chips) 
Seat 3: scrapyyy88-.- ($6.40 in chips) 
Seat 4: mangiopesce ($5 in chips) 
Seat 5: Dorex2007 ($6.06 in chips) 
Seat 6: shakadevirgo90 ($3.89 in chips) 
Seat 7: PremiumKill96 ($11.30 in chips) 
Seat 8: andrewcupkovic ($8.96 in chips) 
Lulu.reym: posts small blind $0.02
scrapyyy88-.-: posts big blind $0.05
tanyaa1956: sits out 
*** HOLE CARDS ***
Dealt to Dorex2007 [2h 6s]
mangiopesce: folds 
Dorex2007: folds 
shakadevirgo90: folds 
PremiumKill96: raises $0.10 to $0.15
andrewcupkovic: calls $0.15
yakfolge: calls $0.15
Lulu.reym: folds 
scrapyyy88-.-: calls $0.10
*** FLOP *** [Ac Jd 8s]
scrapyyy88-.-: checks 
PremiumKill96: checks 
andrewcupkovic: checks 
yakfolge: checks 
*** TURN *** [Ac Jd 8s] [7d]
scrapyyy88-.-: bets $0.29
PremiumKill96: folds 
andrewcupkovic: folds 
yakfolge: calls $0.29
*** RIVER *** [Ac Jd 8s 7d] [Th]
scrapyyy88-.-: checks 
yakfolge: checks 
*** SHOW DOWN ***
scrapyyy88-.-: shows [6c Ks] (high card Ace)
yakfolge: shows [Td Kd] (a pair of Tens)
yakfolge collected $1.14 from pot
*** SUMMARY ***
Total pot $1.20 | Rake $0.06 
Board [Ac Jd 8s 7d Th]
Seat 1: yakfolge (button) showed [Td Kd] and won ($1.14) with a pair of Tens
Seat 2: Lulu.reym (small blind) folded before Flop
Seat 3: scrapyyy88-.- (big blind) showed [6c Ks] and lost with high card Ace
Seat 4: mangiopesce folded before Flop (didn't bet)
Seat 5: Dorex2007 folded before Flop (didn't bet)
Seat 6: shakadevirgo90 folded before Flop (didn't bet)
Seat 7: PremiumKill96 folded on the Turn
Seat 8: andrewcupkovic folded on the Turn



PokerStars Hand #237810120735:  Hold'em No Limit ($0.02/$0.05 USD) - 2022/08/05 13:47:48 PT [2022/08/05 16:47:48 ET]
Table 'Antilia III' 9-max Seat #2 is the button
Seat 1: yakfolge ($5.29 in chips) 
Seat 2: Lulu.reym ($3.62 in chips) 
Seat 3: scrapyyy88-.- ($5.96 in chips) 
Seat 4: mangiopesce ($5 in chips) 
Seat 5: Dorex2007 ($6.06 in chips) 
Seat 6: shakadevirgo90 ($3.89 in chips) 
Seat 7: PremiumKill96 ($11.15 in chips) 
Seat 8: andrewcupkovic ($8.81 in chips) 
scrapyyy88-.-: posts small blind $0.02
mangiopesce: posts big blind $0.05
tanyaa1956: sits out 
*** HOLE CARDS ***
Dealt to Dorex2007 [4d Qs]
Dorex2007: folds 
shakadevirgo90: folds 
PremiumKill96: folds 
andrewcupkovic: calls $0.05
yakfolge: folds 
Lulu.reym: folds 
scrapyyy88-.-: calls $0.03
mangiopesce: checks 
*** FLOP *** [Qd 7d 6d]
scrapyyy88-.-: checks 
mangiopesce: checks 
andrewcupkovic: bets $0.20
scrapyyy88-.-: folds 
mangiopesce: folds 
Uncalled bet ($0.20) returned to andrewcupkovic
andrewcupkovic collected $0.14 from pot
*** SUMMARY ***
Total pot $0.15 | Rake $0.01 
Board [Qd 7d 6d]
Seat 1: yakfolge folded before Flop (didn't bet)
Seat 2: Lulu.reym (button) folded before Flop (didn't bet)
Seat 3: scrapyyy88-.- (small blind) folded on the Flop
Seat 4: mangiopesce (big blind) folded on the Flop
Seat 5: Dorex2007 folded before Flop (didn't bet)
Seat 6: shakadevirgo90 folded before Flop (didn't bet)
Seat 7: PremiumKill96 folded before Flop (didn't bet)
Seat 8: andrewcupkovic collected ($0.14)



PokerStars Hand #237810137047:  Hold'em No Limit ($0.02/$0.05 USD) - 2022/08/05 13:48:32 PT [2022/08/05 16:48:32 ET]
Table 'Antilia III' 9-max Seat #3 is the button
Seat 1: yakfolge ($5.29 in chips) 
Seat 2: Lulu.reym ($3.62 in chips) 
Seat 3: scrapyyy88-.- ($5.91 in chips) 
Seat 4: mangiopesce ($5 in chips) 
Seat 5: Dorex2007 ($6.06 in chips) 
Seat 6: shakadevirgo90 ($3.89 in chips) 
Seat 7: PremiumKill96 ($11.15 in chips) 
Seat 8: andrewcupkovic ($8.90 in chips) 
mangiopesce: posts small blind $0.02
Dorex2007: posts big blind $0.05
tanyaa1956: sits out 
*** HOLE CARDS ***
Dealt to Dorex2007 [Th 2h]
shakadevirgo90 has timed out
shakadevirgo90: folds 
PremiumKill96: raises $0.10 to $0.15
tanyaa1956 leaves the table
andrewcupkovic: calls $0.15
yakfolge: folds 
Lulu.reym: calls $0.15
scrapyyy88-.-: raises $0.67 to $0.82
mangiopesce: folds 
Dorex2007: folds 
PremiumKill96: folds 
andrewcupkovic: calls $0.67
granddrfunk joins the table at seat #9 
Lulu.reym: raises $2.80 to $3.62 and is all-in
scrapyyy88-.-: raises $2.29 to $5.91 and is all-in
andrewcupkovic: calls $5.09
*** FLOP *** [3d 2s 7d]
*** TURN *** [3d 2s 7d] [Kc]
*** RIVER *** [3d 2s 7d Kc] [2d]
*** SHOW DOWN ***
andrewcupkovic: shows [Ad 6h] (a pair of Deuces)
scrapyyy88-.-: shows [9c Ac] (a pair of Deuces - Ace+King+Nine kicker)
scrapyyy88-.- collected $4.39 from side pot
Lulu.reym: shows [Jd Jh] (two pair, Jacks and Deuces)
Lulu.reym collected $10.62 from main pot
*** SUMMARY ***
Total pot $15.66 Main pot $10.62. Side pot $4.39. | Rake $0.65 
Board [3d 2s 7d Kc 2d]
Seat 1: yakfolge folded before Flop (didn't bet)
Seat 2: Lulu.reym showed [Jd Jh] and won ($10.62) with two pair, Jacks and Deuces
Seat 3: scrapyyy88-.- (button) showed [9c Ac] and won ($4.39) with a pair of Deuces
Seat 4: mangiopesce (small blind) folded before Flop
Seat 5: Dorex2007 (big blind) folded before Flop
Seat 6: shakadevirgo90 folded before Flop (didn't bet)
Seat 7: PremiumKill96 folded before Flop
Seat 8: andrewcupkovic showed [Ad 6h] and lost with a pair of Deuces



PokerStars Hand #237810168975:  Hold'em No Limit ($0.02/$0.05 USD) - 2022/08/05 13:49:59 PT [2022/08/05 16:49:59 ET]
Table 'Antilia III' 9-max Seat #4 is the button
Seat 1: yakfolge ($5.29 in chips) 
Seat 2: Lulu.reym ($10.62 in chips) 
Seat 3: scrapyyy88-.- ($4.39 in chips) 
Seat 4: mangiopesce ($5 in chips) 
Seat 5: Dorex2007 ($6.01 in chips) 
Seat 6: shakadevirgo90 ($3.89 in chips) 
Seat 7: PremiumKill96 ($11 in chips) 
Seat 8: andrewcupkovic ($2.99 in chips) 
Seat 9: granddrfunk ($5 in chips) 
Dorex2007: posts small blind $0.02
shakadevirgo90: posts big blind $0.05
granddrfunk: posts big blind $0.05
*** HOLE CARDS ***
Dealt to Dorex2007 [6d 4c]
PremiumKill96: raises $0.10 to $0.15
andrewcupkovic: calls $0.15
granddrfunk: calls $0.10
yakfolge: folds 
Lulu.reym: folds 
scrapyyy88-.-: raises $0.35 to $0.50
mangiopesce: raises $4.50 to $5 and is all-in
Dorex2007: folds 
shakadevirgo90: folds 
PremiumKill96: folds 
andrewcupkovic: calls $2.84 and is all-in
granddrfunk: folds 
scrapyyy88-.-: calls $3.89 and is all-in
Uncalled bet ($0.61) returned to mangiopesce
*** FLOP *** [6h 3c 5h]
*** TURN *** [6h 3c 5h] [2h]
*** RIVER *** [6h 3c 5h 2h] [7c]
*** SHOW DOWN ***
scrapyyy88-.-: shows [Kd Ad] (high card Ace)
mangiopesce: shows [Ac Ks] (high card Ace)
scrapyyy88-.- collected $1.35 from side pot
mangiopesce collected $1.34 from side pot
andrewcupkovic: shows [Qd Td] (high card Queen)
scrapyyy88-.- collected $4.48 from main pot
mangiopesce collected $4.47 from main pot
*** SUMMARY ***
Total pot $12.14 Main pot $8.95. Side pot $2.69. | Rake $0.50 
Board [6h 3c 5h 2h 7c]
Seat 1: yakfolge folded before Flop (didn't bet)
Seat 2: Lulu.reym folded before Flop (didn't bet)
Seat 3: scrapyyy88-.- showed [Kd Ad] and won ($5.83) with high card Ace
Seat 4: mangiopesce (button) showed [Ac Ks] and won ($5.81) with high card Ace
Seat 5: Dorex2007 (small blind) folded before Flop
Seat 6: shakadevirgo90 (big blind) folded before Flop
Seat 7: PremiumKill96 folded before Flop
Seat 8: andrewcupkovic showed [Qd Td] and lost with high card Queen
Seat 9: granddrfunk folded before Flop



PokerStars Hand #237810185288:  Hold'em No Limit ($0.02/$0.05 USD) - 2022/08/05 13:50:44 PT [2022/08/05 16:50:44 ET]
Table 'Antilia III' 9-max Seat #5 is the button
Seat 1: yakfolge ($5.29 in chips) 
Seat 2: Lulu.reym ($10.62 in chips) 
Seat 3: scrapyyy88-.- ($5.83 in chips) 
Seat 4: mangiopesce ($6.42 in chips) 
Seat 5: Dorex2007 ($5.99 in chips) 
Seat 6: shakadevirgo90 ($3.84 in chips) 
Seat 7: PremiumKill96 ($10.85 in chips) 
Seat 9: granddrfunk ($4.85 in chips) 
shakadevirgo90: posts small blind $0.02
PremiumKill96: posts big blind $0.05
*** HOLE CARDS ***
Dealt to Dorex2007 [3c Kh]
granddrfunk: calls $0.05
yakfolge: folds 
Lulu.reym: folds 
scrapyyy88-.-: folds 
mangiopesce: folds 
Dorex2007: folds 
shakadevirgo90: folds 
PremiumKill96: checks 
*** FLOP *** [4d 8d 8c]
PremiumKill96: checks 
granddrfunk: bets $0.05
PremiumKill96: calls $0.05
*** TURN *** [4d 8d 8c] [6s]
PremiumKill96: checks 
granddrfunk: bets $0.25
PremiumKill96: calls $0.25
*** RIVER *** [4d 8d 8c 6s] [Ad]
PremiumKill96: checks 
granddrfunk: checks 
*** SHOW DOWN ***
PremiumKill96: shows [9h 5d] (a pair of Eights)
granddrfunk: shows [Kc Th] (a pair of Eights - Ace+King kicker)
granddrfunk collected $0.69 from pot
*** SUMMARY ***
Total pot $0.72 | Rake $0.03 
Board [4d 8d 8c 6s Ad]
Seat 1: yakfolge folded before Flop (didn't bet)
Seat 2: Lulu.reym folded before Flop (didn't bet)
Seat 3: scrapyyy88-.- folded before Flop (didn't bet)
Seat 4: mangiopesce folded before Flop (didn't bet)
Seat 5: Dorex2007 (button) folded before Flop (didn't bet)
Seat 6: shakadevirgo90 (small blind) folded before Flop
Seat 7: PremiumKill96 (big blind) showed [9h 5d] and lost with a pair of Eights
Seat 9: granddrfunk showed [Kc Th] and won ($0.69) with a pair of Eights



PokerStars Hand #237810203441:  Hold'em No Limit ($0.02/$0.05 USD) - 2022/08/05 13:51:34 PT [2022/08/05 16:51:34 ET]
Table 'Antilia III' 9-max Seat #6 is the button
Seat 1: yakfolge ($5.29 in chips) 
Seat 2: Lulu.reym ($10.62 in chips) 
Seat 3: scrapyyy88-.- ($5.83 in chips) 
Seat 4: mangiopesce ($6.42 in chips) 
Seat 5: Dorex2007 ($5.99 in chips) 
Seat 6: shakadevirgo90 ($3.82 in chips) 
Seat 7: PremiumKill96 ($10.50 in chips) 
Seat 8: andrewcupkovic ($5 in chips) 
Seat 9: granddrfunk ($5.19 in chips) 
PremiumKill96: posts small blind $0.02
andrewcupkovic: posts big blind $0.05
*** HOLE CARDS ***
Dealt to Dorex2007 [3d Qs]
granddrfunk: calls $0.05
yakfolge: calls $0.05
Lulu.reym: folds 
scrapyyy88-.-: calls $0.05
mangiopesce: folds 
Dorex2007: folds 
shakadevirgo90 has timed out
shakadevirgo90: folds 
PremiumKill96: folds 
andrewcupkovic: raises $0.05 to $0.10
granddrfunk: calls $0.05
yakfolge: calls $0.05
scrapyyy88-.-: calls $0.05
*** FLOP *** [3h Tc 4h]
andrewcupkovic: bets $0.15
granddrfunk: folds 
yakfolge: folds 
scrapyyy88-.-: folds 
Uncalled bet ($0.15) returned to andrewcupkovic
andrewcupkovic collected $0.40 from pot
*** SUMMARY ***
Total pot $0.42 | Rake $0.02 
Board [3h Tc 4h]
Seat 1: yakfolge folded on the Flop
Seat 2: Lulu.reym folded before Flop (didn't bet)
Seat 3: scrapyyy88-.- folded on the Flop
Seat 4: mangiopesce folded before Flop (didn't bet)
Seat 5: Dorex2007 folded before Flop (didn't bet)
Seat 6: shakadevirgo90 (button) folded before Flop (didn't bet)
Seat 7: PremiumKill96 (small blind) folded before Flop
Seat 8: andrewcupkovic (big blind) collected ($0.40)
Seat 9: granddrfunk folded on the Flop



PokerStars Hand #237810219100:  Hold'em No Limit ($0.02/$0.05 USD) - 2022/08/05 13:52:16 PT [2022/08/05 16:52:16 ET]
Table 'Antilia III' 9-max Seat #7 is the button
Seat 1: yakfolge ($5.19 in chips) 
Seat 2: Lulu.reym ($10.62 in chips) 
Seat 3: scrapyyy88-.- ($5.73 in chips) 
Seat 4: mangiopesce ($6.42 in chips) 
Seat 5: Dorex2007 ($5.99 in chips) 
Seat 6: shakadevirgo90 ($3.82 in chips) 
Seat 7: PremiumKill96 ($10.48 in chips) 
Seat 8: andrewcupkovic ($5.30 in chips) 
Seat 9: granddrfunk ($5.09 in chips) 
andrewcupkovic: posts small blind $0.02
granddrfunk: posts big blind $0.05
*** HOLE CARDS ***
Dealt to Dorex2007 [Jc 3s]
yakfolge: folds 
Lulu.reym: calls $0.05
scrapyyy88-.-: folds 
mangiopesce: folds 
Dorex2007: folds 
shakadevirgo90 has timed out
shakadevirgo90: folds 
PremiumKill96: folds 
andrewcupkovic: calls $0.03
granddrfunk: checks 
*** FLOP *** [As 2s 3d]
andrewcupkovic: checks 
granddrfunk: checks 
Lulu.reym: checks 
*** TURN *** [As 2s 3d] [Jh]
andrewcupkovic: checks 
granddrfunk: checks 
Lulu.reym: checks 
*** RIVER *** [As 2s 3d Jh] [6d]
andrewcupkovic: checks 
granddrfunk: checks 
Lulu.reym: bets $0.10
andrewcupkovic: folds 
granddrfunk: folds 
Uncalled bet ($0.10) returned to Lulu.reym
Lulu.reym collected $0.14 from pot
Lulu.reym: doesn't show hand 
*** SUMMARY ***
Total pot $0.15 | Rake $0.01 
Board [As 2s 3d Jh 6d]
Seat 1: yakfolge folded before Flop (didn't bet)
Seat 2: Lulu.reym collected ($0.14)
Seat 3: scrapyyy88-.- folded before Flop (didn't bet)
Seat 4: mangiopesce folded before Flop (didn't bet)
Seat 5: Dorex2007 folded before Flop (didn't bet)
Seat 6: shakadevirgo90 folded before Flop (didn't bet)
Seat 7: PremiumKill96 (button) folded before Flop (didn't bet)
Seat 8: andrewcupkovic (small blind) folded on the River
Seat 9: granddrfunk (big blind) folded on the River



PokerStars Hand #237810247748:  Hold'em No Limit ($0.02/$0.05 USD) - 2022/08/05 13:53:18 PT [2022/08/05 16:53:18 ET]
Table 'Antilia III' 9-max Seat #8 is the button
Seat 1: yakfolge ($5.19 in chips) 
Seat 2: Lulu.reym ($10.71 in chips) 
Seat 3: scrapyyy88-.- ($5.73 in chips) 
Seat 4: mangiopesce ($6.42 in chips) 
Seat 5: Dorex2007 ($5.99 in chips) 
Seat 6: shakadevirgo90 ($3.82 in chips) 
Seat 7: PremiumKill96 ($10.48 in chips) 
Seat 8: andrewcupkovic ($5.25 in chips) 
Seat 9: granddrfunk ($5.04 in chips) 
granddrfunk: posts small blind $0.02
yakfolge: posts big blind $0.05
*** HOLE CARDS ***
Dealt to Dorex2007 [Qc 2h]
Lulu.reym: raises $0.05 to $0.10
scrapyyy88-.-: folds 
mangiopesce: folds 
Dorex2007: folds 
shakadevirgo90: folds 
PremiumKill96: folds 
andrewcupkovic: calls $0.10
granddrfunk: folds 
yakfolge: folds 
*** FLOP *** [8d Jc 2d]
Lulu.reym: bets $0.10
andrewcupkovic: calls $0.10
*** TURN *** [8d Jc 2d] [5d]
Lulu.reym: checks 
andrewcupkovic: checks 
*** RIVER *** [8d Jc 2d 5d] [6h]
Lulu.reym: checks 
andrewcupkovic: checks 
*** SHOW DOWN ***
Lulu.reym: shows [Ks Qh] (high card King)
andrewcupkovic: shows [3h Kd] (high card King - lower kicker)
Lulu.reym collected $0.45 from pot
*** SUMMARY ***
Total pot $0.47 | Rake $0.02 
Board [8d Jc 2d 5d 6h]
Seat 1: yakfolge (big blind) folded before Flop
Seat 2: Lulu.reym showed [Ks Qh] and won ($0.45) with high card King
Seat 3: scrapyyy88-.- folded before Flop (didn't bet)
Seat 4: mangiopesce folded before Flop (didn't bet)
Seat 5: Dorex2007 folded before Flop (didn't bet)
Seat 6: shakadevirgo90 folded before Flop (didn't bet)
Seat 7: PremiumKill96 folded before Flop (didn't bet)
Seat 8: andrewcupkovic (button) showed [3h Kd] and lost with high card King
Seat 9: granddrfunk (small blind) folded before Flop



PokerStars Hand #237810268148:  Hold'em No Limit ($0.02/$0.05 USD) - 2022/08/05 13:54:15 PT [2022/08/05 16:54:15 ET]
Table 'Antilia III' 9-max Seat #9 is the button
Seat 1: yakfolge ($5.14 in chips) 
Seat 2: Lulu.reym ($10.96 in chips) 
Seat 3: scrapyyy88-.- ($5.73 in chips) 
Seat 4: mangiopesce ($6.42 in chips) 
Seat 5: Dorex2007 ($5.99 in chips) 
Seat 6: shakadevirgo90 ($3.82 in chips) 
Seat 7: PremiumKill96 ($10.48 in chips) 
Seat 8: andrewcupkovic ($5.05 in chips) 
Seat 9: granddrfunk ($5.02 in chips) 
yakfolge: posts small blind $0.02
Lulu.reym: posts big blind $0.05
*** HOLE CARDS ***
Dealt to Dorex2007 [3d Js]
scrapyyy88-.-: raises $0.12 to $0.17
mangiopesce: folds 
Dorex2007: folds 
shakadevirgo90: folds 
PremiumKill96: folds 
andrewcupkovic: calls $0.17
granddrfunk: folds 
yakfolge: folds 
Lulu.reym: calls $0.12
*** FLOP *** [7c 4d Ah]
Lulu.reym: checks 
scrapyyy88-.-: checks 
andrewcupkovic: bets $0.25
Lulu.reym: folds 
scrapyyy88-.-: calls $0.25
*** TURN *** [7c 4d Ah] [Qh]
scrapyyy88-.-: checks 
andrewcupkovic: bets $0.25
scrapyyy88-.-: calls $0.25
*** RIVER *** [7c 4d Ah Qh] [7d]
scrapyyy88-.-: bets $5.06 and is all-in
andrewcupkovic: calls $4.38 and is all-in
Uncalled bet ($0.68) returned to scrapyyy88-.-
*** SHOW DOWN ***
scrapyyy88-.-: shows [Ad Jh] (two pair, Aces and Sevens)
andrewcupkovic: shows [7h Tc] (three of a kind, Sevens)
andrewcupkovic collected $9.86 from pot
*** SUMMARY ***
Total pot $10.29 | Rake $0.43 
Board [7c 4d Ah Qh 7d]
Seat 1: yakfolge (small blind) folded before Flop
Seat 2: Lulu.reym (big blind) folded on the Flop
Seat 3: scrapyyy88-.- showed [Ad Jh] and lost with two pair, Aces and Sevens
Seat 4: mangiopesce folded before Flop (didn't bet)
Seat 5: Dorex2007 folded before Flop (didn't bet)
Seat 6: shakadevirgo90 folded before Flop (didn't bet)
Seat 7: PremiumKill96 folded before Flop (didn't bet)
Seat 8: andrewcupkovic showed [7h Tc] and won ($9.86) with three of a kind, Sevens
Seat 9: granddrfunk (button) folded before Flop (didn't bet)



PokerStars Hand #237810286684:  Hold'em No Limit ($0.02/$0.05 USD) - 2022/08/05 13:55:06 PT [2022/08/05 16:55:06 ET]
Table 'Antilia III' 9-max Seat #1 is the button
Seat 1: yakfolge ($5.12 in chips) 
Seat 2: Lulu.reym ($10.79 in chips) 
Seat 3: scrapyyy88-.- ($0.68 in chips) 
Seat 4: mangiopesce ($6.42 in chips) 
Seat 5: Dorex2007 ($5.99 in chips) 
Seat 6: shakadevirgo90 ($3.82 in chips) 
Seat 7: PremiumKill96 ($10.48 in chips) 
Seat 8: andrewcupkovic ($9.86 in chips) 
Seat 9: granddrfunk ($5.02 in chips) 
Lulu.reym: posts small blind $0.02
scrapyyy88-.-: posts big blind $0.05
*** HOLE CARDS ***
Dealt to Dorex2007 [6h Js]
mangiopesce: folds 
Dorex2007: folds 
shakadevirgo90: raises $0.05 to $0.10
PremiumKill96: folds 
andrewcupkovic: calls $0.10
granddrfunk: folds 
yakfolge: folds 
Lulu.reym: folds 
scrapyyy88-.-: raises $0.58 to $0.68 and is all-in
shakadevirgo90: folds 
andrewcupkovic: calls $0.58
*** FLOP *** [3h Kd Ts]
*** TURN *** [3h Kd Ts] [Qd]
*** RIVER *** [3h Kd Ts Qd] [Ac]
*** SHOW DOWN ***
scrapyyy88-.-: shows [Ks Jh] (a straight, Ten to Ace)
andrewcupkovic: shows [8d 4s] (high card Ace)
scrapyyy88-.- collected $1.42 from pot
*** SUMMARY ***
Total pot $1.48 | Rake $0.06 
Board [3h Kd Ts Qd Ac]
Seat 1: yakfolge (button) folded before Flop (didn't bet)
Seat 2: Lulu.reym (small blind) folded before Flop
Seat 3: scrapyyy88-.- (big blind) showed [Ks Jh] and won ($1.42) with a straight, Ten to Ace
Seat 4: mangiopesce folded before Flop (didn't bet)
Seat 5: Dorex2007 folded before Flop (didn't bet)
Seat 6: shakadevirgo90 folded before Flop
Seat 7: PremiumKill96 folded before Flop (didn't bet)
Seat 8: andrewcupkovic showed [8d 4s] and lost with high card Ace
Seat 9: granddrfunk folded before Flop (didn't bet)



PokerStars Hand #237810302271:  Hold'em No Limit ($0.02/$0.05 USD) - 2022/08/05 13:56:02 PT [2022/08/05 16:56:02 ET]
Table 'Antilia III' 9-max Seat #2 is the button
Seat 1: yakfolge ($5.12 in chips) 
Seat 2: Lulu.reym ($10.77 in chips) 
Seat 3: scrapyyy88-.- ($1.42 in chips) 
Seat 4: mangiopesce ($6.42 in chips) 
Seat 5: Dorex2007 ($5.99 in chips) 
Seat 6: shakadevirgo90 ($3.72 in chips) 
Seat 7: PremiumKill96 ($10.48 in chips) 
Seat 8: andrewcupkovic ($9.18 in chips) 
Seat 9: granddrfunk ($5.02 in chips) 
scrapyyy88-.-: posts small blind $0.02
mangiopesce: posts big blind $0.05
*** HOLE CARDS ***
Dealt to Dorex2007 [7d 2d]
Dorex2007: folds 
shakadevirgo90: raises $0.05 to $0.10
PremiumKill96: folds 
andrewcupkovic: raises $0.05 to $0.15
granddrfunk: folds 
yakfolge: folds 
Lulu.reym: folds 
scrapyyy88-.-: calls $0.13
mangiopesce: calls $0.10
shakadevirgo90: calls $0.05
*** FLOP *** [Qd 9h Ah]
scrapyyy88-.-: folds 
scrapyyy88-.- leaves the table
mangiopesce: checks 
shakadevirgo90: checks 
andrewcupkovic: checks 
*** TURN *** [Qd 9h Ah] [3s]
mangiopesce: checks 
Alex366296 joins the table at seat #3 
shakadevirgo90: checks 
andrewcupkovic: checks 
*** RIVER *** [Qd 9h Ah 3s] [Qc]
mangiopesce: checks 
shakadevirgo90: checks 
andrewcupkovic: checks 
*** SHOW DOWN ***
mangiopesce: shows [Kd Jd] (a pair of Queens)
shakadevirgo90: shows [8h 8d] (two pair, Queens and Eights)
andrewcupkovic: mucks hand 
shakadevirgo90 collected $0.58 from pot
*** SUMMARY ***
Total pot $0.60 | Rake $0.02 
Board [Qd 9h Ah 3s Qc]
Seat 1: yakfolge folded before Flop (didn't bet)
Seat 2: Lulu.reym (button) folded before Flop (didn't bet)
Seat 3: scrapyyy88-.- (small blind) folded on the Flop
Seat 4: mangiopesce (big blind) showed [Kd Jd] and lost with a pair of Queens
Seat 5: Dorex2007 folded before Flop (didn't bet)
Seat 6: shakadevirgo90 showed [8h 8d] and won ($0.58) with two pair, Queens and Eights
Seat 7: PremiumKill96 folded before Flop (didn't bet)
Seat 8: andrewcupkovic mucked [Td 8c]
Seat 9: granddrfunk folded before Flop (didn't bet)



PokerStars Hand #237810315138:  Hold'em No Limit ($0.02/$0.05 USD) - 2022/08/05 13:56:49 PT [2022/08/05 16:56:49 ET]
Table 'Antilia III' 9-max Seat #4 is the button
Seat 1: yakfolge ($5.12 in chips) 
Seat 2: Lulu.reym ($10.77 in chips) 
Seat 4: mangiopesce ($6.27 in chips) 
Seat 5: Dorex2007 ($5.99 in chips) 
Seat 6: shakadevirgo90 ($4.15 in chips) 
Seat 7: PremiumKill96 ($10.48 in chips) 
Seat 8: andrewcupkovic ($9.03 in chips) 
Seat 9: granddrfunk ($5.02 in chips) 
Dorex2007: posts small blind $0.02
shakadevirgo90: posts big blind $0.05
Alex366296: sits out 
*** HOLE CARDS ***
Dealt to Dorex2007 [5h Ts]
PremiumKill96: raises $0.10 to $0.15
andrewcupkovic: calls $0.15
granddrfunk: folds 
yakfolge: folds 
Lulu.reym: folds 
mangiopesce: folds 
Dorex2007: folds 
shakadevirgo90: calls $0.10
*** FLOP *** [3c 6h Ad]
shakadevirgo90: checks 
PremiumKill96: bets $0.22
andrewcupkovic: raises $0.22 to $0.44
shakadevirgo90: folds 
PremiumKill96: folds 
Uncalled bet ($0.22) returned to andrewcupkovic
andrewcupkovic collected $0.87 from pot
*** SUMMARY ***
Total pot $0.91 | Rake $0.04 
Board [3c 6h Ad]
Seat 1: yakfolge folded before Flop (didn't bet)
Seat 2: Lulu.reym folded before Flop (didn't bet)
Seat 4: mangiopesce (button) folded before Flop (didn't bet)
Seat 5: Dorex2007 (small blind) folded before Flop
Seat 6: shakadevirgo90 (big blind) folded on the Flop
Seat 7: PremiumKill96 folded on the Flop
Seat 8: andrewcupkovic collected ($0.87)
Seat 9: granddrfunk folded before Flop (didn't bet)



PokerStars Hand #237810324873:  Hold'em No Limit ($0.02/$0.05 USD) - 2022/08/05 13:57:23 PT [2022/08/05 16:57:23 ET]
Table 'Antilia III' 9-max Seat #5 is the button
Seat 1: yakfolge ($5.12 in chips) 
Seat 2: Lulu.reym ($10.77 in chips) 
Seat 4: mangiopesce ($6.27 in chips) 
Seat 5: Dorex2007 ($5.97 in chips) 
Seat 6: shakadevirgo90 ($4 in chips) 
Seat 7: PremiumKill96 ($10.11 in chips) 
Seat 8: andrewcupkovic ($9.53 in chips) 
Seat 9: granddrfunk ($5.02 in chips) 
shakadevirgo90: posts small blind $0.02
PremiumKill96: posts big blind $0.05
Alex366296: sits out 
*** HOLE CARDS ***
Dealt to Dorex2007 [As Td]
andrewcupkovic: raises $0.05 to $0.10
granddrfunk: folds 
yakfolge: folds 
Lulu.reym: folds 
mangiopesce: folds 
Dorex2007: folds 
shakadevirgo90: folds 
PremiumKill96: calls $0.05
*** FLOP *** [Jh Js Qs]
PremiumKill96: checks 
andrewcupkovic: bets $0.30
PremiumKill96: folds 
Uncalled bet ($0.30) returned to andrewcupkovic
andrewcupkovic collected $0.21 from pot
*** SUMMARY ***
Total pot $0.22 | Rake $0.01 
Board [Jh Js Qs]
Seat 1: yakfolge folded before Flop (didn't bet)
Seat 2: Lulu.reym folded before Flop (didn't bet)
Seat 4: mangiopesce folded before Flop (didn't bet)
Seat 5: Dorex2007 (button) folded before Flop (didn't bet)
Seat 6: shakadevirgo90 (small blind) folded before Flop
Seat 7: PremiumKill96 (big blind) folded on the Flop
Seat 8: andrewcupkovic collected ($0.21)
Seat 9: granddrfunk folded before Flop (didn't bet)



PokerStars Hand #237810333085:  Hold'em No Limit ($0.02/$0.05 USD) - 2022/08/05 13:57:52 PT [2022/08/05 16:57:52 ET]
Table 'Antilia III' 9-max Seat #6 is the button
Seat 1: yakfolge ($5.12 in chips) 
Seat 2: Lulu.reym ($10.77 in chips) 
Seat 4: mangiopesce ($6.27 in chips) 
Seat 5: Dorex2007 ($5.97 in chips) 
Seat 6: shakadevirgo90 ($3.98 in chips) 
Seat 7: PremiumKill96 ($10.01 in chips) 
Seat 8: andrewcupkovic ($9.64 in chips) 
Seat 9: granddrfunk ($5.02 in chips) 
PremiumKill96: posts small blind $0.02
andrewcupkovic: posts big blind $0.05
Alex366296: sits out 
*** HOLE CARDS ***
Dealt to Dorex2007 [2c 4s]
granddrfunk: folds 
yakfolge: folds 
Lulu.reym: raises $0.05 to $0.10
mangiopesce: folds 
Dorex2007: folds 
shakadevirgo90: folds 
PremiumKill96: folds 
andrewcupkovic: raises $0.05 to $0.15
Lulu.reym: calls $0.05
*** FLOP *** [7d Qh 9c]
andrewcupkovic: checks 
Lulu.reym: checks 
*** TURN *** [7d Qh 9c] [Td]
andrewcupkovic: bets $1.40
Lulu.reym: calls $1.40
*** RIVER *** [7d Qh 9c Td] [5d]
andrewcupkovic: bets $3.50
Lulu.reym: calls $3.50
*** SHOW DOWN ***
andrewcupkovic: shows [Jd 8h] (a straight, Eight to Queen)
Lulu.reym: shows [Js Ks] (a straight, Nine to King)
Lulu.reym collected $9.70 from pot
*** SUMMARY ***
Total pot $10.12 | Rake $0.42 
Board [7d Qh 9c Td 5d]
Seat 1: yakfolge folded before Flop (didn't bet)
Seat 2: Lulu.reym showed [Js Ks] and won ($9.70) with a straight, Nine to King
Seat 4: mangiopesce folded before Flop (didn't bet)
Seat 5: Dorex2007 folded before Flop (didn't bet)
Seat 6: shakadevirgo90 (button) folded before Flop (didn't bet)
Seat 7: PremiumKill96 (small blind) folded before Flop
Seat 8: andrewcupkovic (big blind) showed [Jd 8h] and lost with a straight, Eight to Queen
Seat 9: granddrfunk folded before Flop (didn't bet)



PokerStars Hand #237810349196:  Hold'em No Limit ($0.02/$0.05 USD) - 2022/08/05 13:58:50 PT [2022/08/05 16:58:50 ET]
Table 'Antilia III' 9-max Seat #7 is the button
Seat 1: yakfolge ($5.12 in chips) 
Seat 2: Lulu.reym ($15.42 in chips) 
Seat 4: mangiopesce ($6.27 in chips) 
Seat 5: Dorex2007 ($5.97 in chips) 
Seat 6: shakadevirgo90 ($3.98 in chips) 
Seat 7: PremiumKill96 ($9.99 in chips) 
Seat 8: andrewcupkovic ($4.59 in chips) 
Seat 9: granddrfunk ($5.02 in chips) 
andrewcupkovic: posts small blind $0.02
granddrfunk: posts big blind $0.05
Alex366296: sits out 
*** HOLE CARDS ***
Dealt to Dorex2007 [As Qs]
yakfolge: calls $0.05
Lulu.reym: folds 
mangiopesce: folds 
Dorex2007: raises $0.10 to $0.15
shakadevirgo90 has timed out
shakadevirgo90: folds 
PremiumKill96: folds 
andrewcupkovic: calls $0.13
granddrfunk: calls $0.10
yakfolge: calls $0.10
*** FLOP *** [Ks Js Th]
andrewcupkovic: bets $0.05
granddrfunk: folds 
yakfolge: raises $0.68 to $0.73
Dorex2007: raises $5.09 to $5.82 and is all-in
andrewcupkovic: calls $4.39 and is all-in
yakfolge: calls $4.24 and is all-in
Uncalled bet ($0.85) returned to Dorex2007
*** TURN *** [Ks Js Th] [2d]
*** RIVER *** [Ks Js Th 2d] [Kh]
*** SHOW DOWN ***
yakfolge: shows [Jh Ts] (two pair, Kings and Jacks)
Dorex2007: shows [As Qs] (a straight, Ten to Ace)
andrewcupkovic: shows [9c 3s] (a pair of Kings)
Dorex2007 cashed out the hand for $11.51 | Cash Out Fee $0.12
*** SUMMARY ***
Total pot $14.98 Main pot $13.34. Side pot $1.02. | Rake $0.62 
Board [Ks Js Th 2d Kh]
Seat 1: yakfolge showed [Jh Ts] and lost with two pair, Kings and Jacks
Seat 2: Lulu.reym folded before Flop (didn't bet)
Seat 4: mangiopesce folded before Flop (didn't bet)
Seat 5: Dorex2007 showed [As Qs] and won ($14.36) with a straight, Ten to Ace (pot not awarded as player cashed out)
Seat 6: shakadevirgo90 folded before Flop (didn't bet)
Seat 7: PremiumKill96 (button) folded before Flop (didn't bet)
Seat 8: andrewcupkovic (small blind) showed [9c 3s] and lost with a pair of Kings
Seat 9: granddrfunk (big blind) folded on the Flop



PokerStars Hand #237810371530:  Hold'em No Limit ($0.02/$0.05 USD) - 2022/08/05 14:00:09 PT [2022/08/05 17:00:09 ET]
Table 'Antilia III' 9-max Seat #9 is the button
Seat 2: Lulu.reym ($15.42 in chips) 
Seat 3: Alex366296 ($5 in chips) 
Seat 4: mangiopesce ($6.27 in chips) 
Seat 5: Dorex2007 ($12.36 in chips) 
Seat 6: shakadevirgo90 ($3.98 in chips) 
Seat 7: PremiumKill96 ($9.99 in chips) 
Seat 9: granddrfunk ($4.87 in chips) 
Lulu.reym: posts small blind $0.02
Alex366296: posts big blind $0.05
*** HOLE CARDS ***
Dealt to Dorex2007 [Ac As]
mangiopesce: folds 
Dorex2007: raises $0.10 to $0.15
andrewcupkovic leaves the table
LUKIANOV777 joins the table at seat #8 
shakadevirgo90: folds 
PremiumKill96: folds 
granddrfunk: folds 
Lulu.reym: folds 
Alex366296: calls $0.10
*** FLOP *** [5c 2c Kc]
yakfolge leaves the table
laureano290 joins the table at seat #1 
Alex366296: checks 
Dorex2007: checks 
*** TURN *** [5c 2c Kc] [6d]
Alex366296: checks 
Dorex2007: checks 
*** RIVER *** [5c 2c Kc 6d] [Qs]
Alex366296: checks 
Dorex2007: checks 
*** SHOW DOWN ***
Alex366296: shows [8s 8c] (a pair of Eights)
Dorex2007: shows [Ac As] (a pair of Aces)
Dorex2007 collected $0.31 from pot
*** SUMMARY ***
Total pot $0.32 | Rake $0.01 
Board [5c 2c Kc 6d Qs]
Seat 2: Lulu.reym (small blind) folded before Flop
Seat 3: Alex366296 (big blind) showed [8s 8c] and lost with a pair of Eights
Seat 4: mangiopesce folded before Flop (didn't bet)
Seat 5: Dorex2007 showed [Ac As] and won ($0.31) with a pair of Aces
Seat 6: shakadevirgo90 folded before Flop (didn't bet)
Seat 7: PremiumKill96 folded before Flop (didn't bet)
Seat 9: granddrfunk (button) folded before Flop (didn't bet)



PokerStars Hand #237810385727:  Hold'em No Limit ($0.02/$0.05 USD) - 2022/08/05 14:00:56 PT [2022/08/05 17:00:56 ET]
Table 'Antilia III' 9-max Seat #2 is the button
Seat 2: Lulu.reym ($15.40 in chips) 
Seat 3: Alex366296 ($5 in chips) 
Seat 5: Dorex2007 ($12.52 in chips) 
Seat 6: shakadevirgo90 ($3.98 in chips) 
Seat 7: PremiumKill96 ($9.99 in chips) 
Seat 9: granddrfunk ($4.87 in chips) 
Alex366296: posts small blind $0.02
mangiopesce is disconnected 
mangiopesce has timed out while disconnected
mangiopesce: is sitting out 
Dorex2007: posts big blind $0.05
LUKIANOV777: sits out 
laureano290: sits out 
*** HOLE CARDS ***
Dealt to Dorex2007 [2s Ac]
shakadevirgo90: folds 
PremiumKill96: folds 
granddrfunk: folds 
PremiumKill96 leaves the table
Lulu.reym: folds 
Gatzin joins the table at seat #7 
Alex366296: raises $0.13 to $0.18
Dorex2007: folds 
Uncalled bet ($0.13) returned to Alex366296
Alex366296 collected $0.10 from pot
Alex366296: doesn't show hand 
*** SUMMARY ***
Total pot $0.10 | Rake $0 
Seat 2: Lulu.reym (button) folded before Flop (didn't bet)
Seat 3: Alex366296 (small blind) collected ($0.10)
Seat 5: Dorex2007 (big blind) folded before Flop
Seat 6: shakadevirgo90 folded before Flop (didn't bet)
Seat 7: PremiumKill96 folded before Flop (didn't bet)
Seat 9: granddrfunk folded before Flop (didn't bet)



PokerStars Hand #237810397250:  Hold'em No Limit ($0.02/$0.05 USD) - 2022/08/05 14:01:31 PT [2022/08/05 17:01:31 ET]
Table 'Antilia III' 9-max Seat #3 is the button
Seat 2: Lulu.reym ($15.40 in chips) 
Seat 3: Alex366296 ($5.05 in chips) 
Seat 5: Dorex2007 ($12.47 in chips) 
Seat 6: shakadevirgo90 ($3.98 in chips) 
Seat 9: granddrfunk ($4.87 in chips) 
Dorex2007: posts small blind $0.02
shakadevirgo90: posts big blind $0.05
Gatzin: sits out 
LUKIANOV777: sits out 
laureano290: sits out 
*** HOLE CARDS ***
Dealt to Dorex2007 [Ts Qc]
granddrfunk: folds 
Lulu.reym: folds 
Alex366296: folds 
Dorex2007: calls $0.03
shakadevirgo90: checks 
*** FLOP *** [2d 2c Kd]
Dorex2007: checks 
shakadevirgo90: checks 
*** TURN *** [2d 2c Kd] [Qh]
Dorex2007: checks 
shakadevirgo90: bets $0.07
mangiopesce leaves the table
Dorex2007: folds 
Uncalled bet ($0.07) returned to shakadevirgo90
shakadevirgo90 collected $0.10 from pot
shakadevirgo90: doesn't show hand 
rossco2020 joins the table at seat #4 
*** SUMMARY ***
Total pot $0.10 | Rake $0 
Board [2d 2c Kd Qh]
Seat 2: Lulu.reym folded before Flop (didn't bet)
Seat 3: Alex366296 (button) folded before Flop (didn't bet)
Seat 5: Dorex2007 (small blind) folded on the Turn
Seat 6: shakadevirgo90 (big blind) collected ($0.10)
Seat 9: granddrfunk folded before Flop (didn't bet)



PokerStars Hand #237810422194:  Hold'em No Limit ($0.02/$0.05 USD) - 2022/08/05 14:02:39 PT [2022/08/05 17:02:39 ET]
Table 'Antilia III' 9-max Seat #5 is the button
Seat 2: Lulu.reym ($15.40 in chips) 
Seat 3: Alex366296 ($5.05 in chips) 
Seat 5: Dorex2007 ($12.42 in chips) 
Seat 6: shakadevirgo90 ($4.03 in chips) 
Seat 7: Gatzin ($5 in chips) 
Seat 9: granddrfunk ($4.87 in chips) 
shakadevirgo90: posts small blind $0.02
Gatzin: posts big blind $0.05
LUKIANOV777: sits out 
laureano290: sits out 
rossco2020: sits out 
*** HOLE CARDS ***
Dealt to Dorex2007 [Ah Jh]
granddrfunk: calls $0.05
Lulu.reym: folds 
Alex366296: folds 
Dorex2007: calls $0.05
shakadevirgo90: folds 
Gatzin: checks 
*** FLOP *** [Jd Ac Td]
Gatzin: checks 
granddrfunk: bets $0.10
Dorex2007: raises $0.36 to $0.46
Gatzin: folds 
granddrfunk: calls $0.36
*** TURN *** [Jd Ac Td] [6c]
granddrfunk: checks 
Dorex2007: bets $0.69
granddrfunk: calls $0.69
*** RIVER *** [Jd Ac Td 6c] [8d]
granddrfunk: checks 
Dorex2007: checks 
*** SHOW DOWN ***
granddrfunk: shows [3c 5c] (high card Ace)
Dorex2007: shows [Ah Jh] (two pair, Aces and Jacks)
Dorex2007 collected $2.37 from pot
*** SUMMARY ***
Total pot $2.47 | Rake $0.10 
Board [Jd Ac Td 6c 8d]
Seat 2: Lulu.reym folded before Flop (didn't bet)
Seat 3: Alex366296 folded before Flop (didn't bet)
Seat 5: Dorex2007 (button) showed [Ah Jh] and won ($2.37) with two pair, Aces and Jacks
Seat 6: shakadevirgo90 (small blind) folded before Flop
Seat 7: Gatzin (big blind) folded on the Flop
Seat 9: granddrfunk showed [3c 5c] and lost with high card Ace



PokerStars Hand #237810459170:  Hold'em No Limit ($0.02/$0.05 USD) - 2022/08/05 14:04:12 PT [2022/08/05 17:04:12 ET]
Table 'Antilia III' 9-max Seat #6 is the button
Seat 2: Lulu.reym ($15.40 in chips) 
Seat 3: Alex366296 ($5.05 in chips) 
Seat 4: rossco2020 ($5 in chips) 
Seat 5: Dorex2007 ($13.59 in chips) 
Seat 6: shakadevirgo90 ($4.01 in chips) 
Seat 7: Gatzin ($5 in chips) 
Seat 8: LUKIANOV777 ($5.97 in chips) 
Seat 9: granddrfunk ($3.67 in chips) 
Gatzin: posts small blind $0.02
LUKIANOV777: posts big blind $0.05
laureano290: sits out 
rossco2020: posts big blind $0.05
*** HOLE CARDS ***
Dealt to Dorex2007 [6d 8s]
granddrfunk: folds 
Lulu.reym: folds 
Alex366296: raises $0.30 to $0.35
rossco2020: folds 
Dorex2007: folds 
shakadevirgo90: folds 
Gatzin: calls $0.33
LUKIANOV777: folds 
*** FLOP *** [3d 7c Qc]
Gatzin: checks 
Alex366296: bets $0.72
Gatzin: calls $0.72
*** TURN *** [3d 7c Qc] [As]
Gatzin: checks 
Alex366296: checks 
*** RIVER *** [3d 7c Qc As] [Td]
Gatzin: bets $0.71
Alex366296: calls $0.71
*** SHOW DOWN ***
Gatzin: shows [Kd Ac] (a pair of Aces)
Alex366296: mucks hand 
Gatzin collected $3.51 from pot
*** SUMMARY ***
Total pot $3.66 | Rake $0.15 
Board [3d 7c Qc As Td]
Seat 2: Lulu.reym folded before Flop (didn't bet)
Seat 3: Alex366296 mucked [6h Ah]
Seat 4: rossco2020 folded before Flop (didn't bet)
Seat 5: Dorex2007 folded before Flop (didn't bet)
Seat 6: shakadevirgo90 (button) folded before Flop (didn't bet)
Seat 7: Gatzin (small blind) showed [Kd Ac] and won ($3.51) with a pair of Aces
Seat 8: LUKIANOV777 (big blind) folded before Flop
Seat 9: granddrfunk folded before Flop (didn't bet)



PokerStars Hand #237810489254:  Hold'em No Limit ($0.02/$0.05 USD) - 2022/08/05 14:05:33 PT [2022/08/05 17:05:33 ET]
Table 'Antilia III' 9-max Seat #7 is the button
Seat 2: Lulu.reym ($15.40 in chips) 
Seat 3: Alex366296 ($5 in chips) 
Seat 4: rossco2020 ($4.95 in chips) 
Seat 5: Dorex2007 ($13.59 in chips) 
Seat 6: shakadevirgo90 ($4.01 in chips) 
Seat 7: Gatzin ($6.73 in chips) 
Seat 8: LUKIANOV777 ($5.92 in chips) 
Seat 9: granddrfunk ($3.67 in chips) 
LUKIANOV777: posts small blind $0.02
granddrfunk: posts big blind $0.05
laureano290: sits out 
*** HOLE CARDS ***
Dealt to Dorex2007 [Tc 7c]
Lulu.reym: calls $0.05
Alex366296: folds 
rossco2020: folds 
Dorex2007: folds 
shakadevirgo90: folds 
Gatzin: folds 
LUKIANOV777: folds 
granddrfunk: checks 
*** FLOP *** [8h 5h Kd]
granddrfunk: checks 
Lulu.reym: bets $0.12
granddrfunk: folds 
Uncalled bet ($0.12) returned to Lulu.reym
Lulu.reym collected $0.12 from pot
Lulu.reym: doesn't show hand 
*** SUMMARY ***
Total pot $0.12 | Rake $0 
Board [8h 5h Kd]
Seat 2: Lulu.reym collected ($0.12)
Seat 3: Alex366296 folded before Flop (didn't bet)
Seat 4: rossco2020 folded before Flop (didn't bet)
Seat 5: Dorex2007 folded before Flop (didn't bet)
Seat 6: shakadevirgo90 folded before Flop (didn't bet)
Seat 7: Gatzin (button) folded before Flop (didn't bet)
Seat 8: LUKIANOV777 (small blind) folded before Flop
Seat 9: granddrfunk (big blind) folded on the Flop



PokerStars Hand #237810501601:  Hold'em No Limit ($0.02/$0.05 USD) - 2022/08/05 14:06:06 PT [2022/08/05 17:06:06 ET]
Table 'Antilia III' 9-max Seat #8 is the button
Seat 1: laureano290 ($5 in chips) 
Seat 2: Lulu.reym ($15.47 in chips) 
Seat 3: Alex366296 ($5 in chips) 
Seat 4: rossco2020 ($4.95 in chips) 
Seat 5: Dorex2007 ($13.59 in chips) 
Seat 6: shakadevirgo90 ($4.01 in chips) 
Seat 7: Gatzin ($6.73 in chips) 
Seat 8: LUKIANOV777 ($5.90 in chips) 
Seat 9: granddrfunk ($3.62 in chips) 
granddrfunk: posts small blind $0.02
laureano290: posts big blind $0.05
*** HOLE CARDS ***
Dealt to Dorex2007 [5s Qh]
Lulu.reym: calls $0.05
Alex366296: folds 
rossco2020: folds 
Dorex2007: folds 
shakadevirgo90: folds 
Gatzin: raises $0.10 to $0.15
LUKIANOV777: calls $0.15
granddrfunk: folds 
laureano290: folds 
Lulu.reym: calls $0.10
*** FLOP *** [Ah 4d 8h]
Lulu.reym: checks 
Gatzin: checks 
LUKIANOV777: bets $0.25
Lulu.reym: folds 
Gatzin: folds 
Uncalled bet ($0.25) returned to LUKIANOV777
LUKIANOV777 collected $0.50 from pot
*** SUMMARY ***
Total pot $0.52 | Rake $0.02 
Board [Ah 4d 8h]
Seat 1: laureano290 (big blind) folded before Flop
Seat 2: Lulu.reym folded on the Flop
Seat 3: Alex366296 folded before Flop (didn't bet)
Seat 4: rossco2020 folded before Flop (didn't bet)
Seat 5: Dorex2007 folded before Flop (didn't bet)
Seat 6: shakadevirgo90 folded before Flop (didn't bet)
Seat 7: Gatzin folded on the Flop
Seat 8: LUKIANOV777 (button) collected ($0.50)
Seat 9: granddrfunk (small blind) folded before Flop



PokerStars Hand #237810521627:  Hold'em No Limit ($0.02/$0.05 USD) - 2022/08/05 14:07:00 PT [2022/08/05 17:07:00 ET]
Table 'Antilia III' 9-max Seat #9 is the button
Seat 1: laureano290 ($5 in chips) 
Seat 2: Lulu.reym ($15.32 in chips) 
Seat 3: Alex366296 ($5 in chips) 
Seat 4: rossco2020 ($4.95 in chips) 
Seat 5: Dorex2007 ($13.59 in chips) 
Seat 6: shakadevirgo90 ($4.01 in chips) 
Seat 7: Gatzin ($6.58 in chips) 
Seat 8: LUKIANOV777 ($6.25 in chips) 
Seat 9: granddrfunk ($3.60 in chips) 
laureano290: posts small blind $0.02
Lulu.reym: posts big blind $0.05
*** HOLE CARDS ***
Dealt to Dorex2007 [Jc Jd]
Alex366296: folds 
rossco2020: folds 
Dorex2007: raises $0.05 to $0.10
shakadevirgo90: folds 
Gatzin: raises $0.15 to $0.25
LUKIANOV777: folds 
granddrfunk: folds 
laureano290: folds 
Lulu.reym: folds 
Dorex2007: calls $0.15
*** FLOP *** [6d 2d 8h]
Dorex2007: bets $0.37
Gatzin: folds 
Uncalled bet ($0.37) returned to Dorex2007
Dorex2007 collected $0.55 from pot
Dorex2007: doesn't show hand 
*** SUMMARY ***
Total pot $0.57 | Rake $0.02 
Board [6d 2d 8h]
Seat 1: laureano290 (small blind) folded before Flop
Seat 2: Lulu.reym (big blind) folded before Flop
Seat 3: Alex366296 folded before Flop (didn't bet)
Seat 4: rossco2020 folded before Flop (didn't bet)
Seat 5: Dorex2007 collected ($0.55)
Seat 6: shakadevirgo90 folded before Flop (didn't bet)
Seat 7: Gatzin folded on the Flop
Seat 8: LUKIANOV777 folded before Flop (didn't bet)
Seat 9: granddrfunk (button) folded before Flop (didn't bet)



PokerStars Hand #237810537666:  Hold'em No Limit ($0.02/$0.05 USD) - 2022/08/05 14:07:43 PT [2022/08/05 17:07:43 ET]
Table 'Antilia III' 9-max Seat #1 is the button
Seat 1: laureano290 ($5 in chips) 
Seat 2: Lulu.reym ($15.27 in chips) 
Seat 3: Alex366296 ($5 in chips) 
Seat 4: rossco2020 ($4.95 in chips) 
Seat 5: Dorex2007 ($13.89 in chips) 
Seat 6: shakadevirgo90 ($4.01 in chips) 
Seat 7: Gatzin ($6.33 in chips) 
Seat 8: LUKIANOV777 ($6.25 in chips) 
Seat 9: granddrfunk ($3.60 in chips) 
Lulu.reym: posts small blind $0.02
Alex366296: posts big blind $0.05
*** HOLE CARDS ***
Dealt to Dorex2007 [4c 7c]
rossco2020: folds 
Dorex2007: folds 
shakadevirgo90: raises $0.10 to $0.15
Gatzin: raises $0.25 to $0.40
LUKIANOV777: folds 
granddrfunk: folds 
laureano290: folds 
Lulu.reym: folds 
Alex366296: folds 
shakadevirgo90: raises $0.85 to $1.25
Gatzin: calls $0.85
*** FLOP *** [8h Kc Ac]
shakadevirgo90: bets $0.74
Gatzin: folds 
Uncalled bet ($0.74) returned to shakadevirgo90
shakadevirgo90 collected $2.46 from pot
shakadevirgo90: doesn't show hand 
*** SUMMARY ***
Total pot $2.57 | Rake $0.11 
Board [8h Kc Ac]
Seat 1: laureano290 (button) folded before Flop (didn't bet)
Seat 2: Lulu.reym (small blind) folded before Flop
Seat 3: Alex366296 (big blind) folded before Flop
Seat 4: rossco2020 folded before Flop (didn't bet)
Seat 5: Dorex2007 folded before Flop (didn't bet)
Seat 6: shakadevirgo90 collected ($2.46)
Seat 7: Gatzin folded on the Flop
Seat 8: LUKIANOV777 folded before Flop (didn't bet)
Seat 9: granddrfunk folded before Flop (didn't bet)



PokerStars Hand #237810563137:  Hold'em No Limit ($0.02/$0.05 USD) - 2022/08/05 14:08:52 PT [2022/08/05 17:08:52 ET]
Table 'Antilia III' 9-max Seat #2 is the button
Seat 1: laureano290 ($5 in chips) 
Seat 2: Lulu.reym ($15.25 in chips) 
Seat 3: Alex366296 ($5 in chips) 
Seat 4: rossco2020 ($4.95 in chips) 
Seat 5: Dorex2007 ($13.89 in chips) 
Seat 6: shakadevirgo90 ($5.22 in chips) 
Seat 7: Gatzin ($5.08 in chips) 
Seat 8: LUKIANOV777 ($6.25 in chips) 
Seat 9: granddrfunk ($3.60 in chips) 
Alex366296: posts small blind $0.02
rossco2020: posts big blind $0.05
*** HOLE CARDS ***
Dealt to Dorex2007 [4s 9s]
Dorex2007: folds 
shakadevirgo90: raises $0.05 to $0.10
Gatzin: folds 
LUKIANOV777: calls $0.10
granddrfunk: calls $0.10
laureano290: calls $0.10
Lulu.reym: folds 
Alex366296: calls $0.08
rossco2020: calls $0.05
*** FLOP *** [2d Jc 5c]
Alex366296: checks 
rossco2020: checks 
shakadevirgo90: checks 
LUKIANOV777: checks 
granddrfunk: checks 
laureano290: checks 
*** TURN *** [2d Jc 5c] [6s]
Alex366296: checks 
rossco2020: bets $0.29
shakadevirgo90: folds 
LUKIANOV777: folds 
granddrfunk: folds 
laureano290: calls $0.29
Alex366296: folds 
*** RIVER *** [2d Jc 5c 6s] [Js]
rossco2020: bets $0.56
laureano290: raises $0.89 to $1.45
rossco2020: calls $0.89
*** SHOW DOWN ***
laureano290: shows [6d 6c] (a full house, Sixes full of Jacks)
rossco2020: mucks hand 
laureano290 collected $3.91 from pot
*** SUMMARY ***
Total pot $4.08 | Rake $0.17 
Board [2d Jc 5c 6s Js]
Seat 1: laureano290 showed [6d 6c] and won ($3.91) with a full house, Sixes full of Jacks
Seat 2: Lulu.reym (button) folded before Flop (didn't bet)
Seat 3: Alex366296 (small blind) folded on the Turn
Seat 4: rossco2020 (big blind) mucked [Qc Jh]
Seat 5: Dorex2007 folded before Flop (didn't bet)
Seat 6: shakadevirgo90 folded on the Turn
Seat 7: Gatzin folded before Flop (didn't bet)
Seat 8: LUKIANOV777 folded on the Turn
Seat 9: granddrfunk folded on the Turn



PokerStars Hand #237810596196:  Hold'em No Limit ($0.02/$0.05 USD) - 2022/08/05 14:10:22 PT [2022/08/05 17:10:22 ET]
Table 'Antilia III' 9-max Seat #3 is the button
Seat 1: laureano290 ($7.07 in chips) 
Seat 2: Lulu.reym ($15.25 in chips) 
Seat 3: Alex366296 ($5 in chips) 
Seat 4: rossco2020 ($3.11 in chips) 
Seat 5: Dorex2007 ($13.89 in chips) 
Seat 6: shakadevirgo90 ($5.12 in chips) 
Seat 7: Gatzin ($5.08 in chips) 
Seat 8: LUKIANOV777 ($6.15 in chips) 
Seat 9: granddrfunk ($3.50 in chips) 
rossco2020: posts small blind $0.02
Dorex2007: posts big blind $0.05
*** HOLE CARDS ***
Dealt to Dorex2007 [2h As]
shakadevirgo90: folds 
Gatzin: raises $0.10 to $0.15
LUKIANOV777 has timed out
LUKIANOV777: folds 
granddrfunk: folds 
laureano290: folds 
Lulu.reym: folds 
Alex366296: folds 
rossco2020: calls $0.13
Dorex2007: folds 
*** FLOP *** [6d 3h Qc]
rossco2020: checks 
Gatzin: bets $0.15
rossco2020: calls $0.15
*** TURN *** [6d 3h Qc] [Qd]
rossco2020: checks 
Gatzin: bets $0.20
rossco2020: calls $0.20
*** RIVER *** [6d 3h Qc Qd] [8c]
rossco2020: checks 
Gatzin: bets $0.45
rossco2020: calls $0.45
*** SHOW DOWN ***
Gatzin: shows [Js Qh] (three of a kind, Queens)
rossco2020: mucks hand 
Gatzin collected $1.87 from pot
*** SUMMARY ***
Total pot $1.95 | Rake $0.08 
Board [6d 3h Qc Qd 8c]
Seat 1: laureano290 folded before Flop (didn't bet)
Seat 2: Lulu.reym folded before Flop (didn't bet)
Seat 3: Alex366296 (button) folded before Flop (didn't bet)
Seat 4: rossco2020 (small blind) mucked [Td Qs]
Seat 5: Dorex2007 (big blind) folded before Flop
Seat 6: shakadevirgo90 folded before Flop (didn't bet)
Seat 7: Gatzin showed [Js Qh] and won ($1.87) with three of a kind, Queens
Seat 8: LUKIANOV777 folded before Flop (didn't bet)
Seat 9: granddrfunk folded before Flop (didn't bet)



PokerStars Hand #237810616752:  Hold'em No Limit ($0.02/$0.05 USD) - 2022/08/05 14:11:18 PT [2022/08/05 17:11:18 ET]
Table 'Antilia III' 9-max Seat #4 is the button
Seat 1: laureano290 ($7.07 in chips) 
Seat 2: Lulu.reym ($15.25 in chips) 
Seat 3: Alex366296 ($5 in chips) 
Seat 4: rossco2020 ($4.05 in chips) 
Seat 5: Dorex2007 ($13.84 in chips) 
Seat 6: shakadevirgo90 ($5.12 in chips) 
Seat 7: Gatzin ($6 in chips) 
Seat 9: granddrfunk ($3.50 in chips) 
Dorex2007: posts small blind $0.02
shakadevirgo90: posts big blind $0.05
*** HOLE CARDS ***
Dealt to Dorex2007 [4s Jd]
Gatzin: folds 
granddrfunk: folds 
laureano290: folds 
Lulu.reym: folds 
Alex366296: folds 
rossco2020: folds 
Dorex2007: folds 
Uncalled bet ($0.03) returned to shakadevirgo90
shakadevirgo90 collected $0.04 from pot
shakadevirgo90: doesn't show hand 
*** SUMMARY ***
Total pot $0.04 | Rake $0 
Seat 1: laureano290 folded before Flop (didn't bet)
Seat 2: Lulu.reym folded before Flop (didn't bet)
Seat 3: Alex366296 folded before Flop (didn't bet)
Seat 4: rossco2020 (button) folded before Flop (didn't bet)
Seat 5: Dorex2007 (small blind) folded before Flop
Seat 6: shakadevirgo90 (big blind) collected ($0.04)
Seat 7: Gatzin folded before Flop (didn't bet)
Seat 9: granddrfunk folded before Flop (didn't bet)



PokerStars Hand #237810621497:  Hold'em No Limit ($0.02/$0.05 USD) - 2022/08/05 14:11:31 PT [2022/08/05 17:11:31 ET]
Table 'Antilia III' 9-max Seat #5 is the button
Seat 1: laureano290 ($7.07 in chips) 
Seat 2: Lulu.reym ($15.25 in chips) 
Seat 3: Alex366296 ($5 in chips) 
Seat 4: rossco2020 ($4.05 in chips) 
Seat 5: Dorex2007 ($13.82 in chips) 
Seat 6: shakadevirgo90 ($5.14 in chips) 
Seat 7: Gatzin ($6 in chips) 
Seat 9: granddrfunk ($3.50 in chips) 
shakadevirgo90: posts small blind $0.02
Gatzin: posts big blind $0.05
*** HOLE CARDS ***
Dealt to Dorex2007 [5d As]
granddrfunk: folds 
laureano290: folds 
Lulu.reym: folds 
Alex366296: folds 
rossco2020: raises $0.05 to $0.10
Dorex2007: calls $0.10
shakadevirgo90: folds 
Gatzin: calls $0.05
*** FLOP *** [9h 4d Th]
Gatzin: checks 
rossco2020: bets $0.15
Dorex2007: folds 
Gatzin: calls $0.15
*** TURN *** [9h 4d Th] [3s]
Gatzin: checks 
rossco2020: bets $0.29
Gatzin: calls $0.29
*** RIVER *** [9h 4d Th 3s] [Ah]
Gatzin: checks 
rossco2020: checks 
*** SHOW DOWN ***
Gatzin: shows [Qd Js] (high card Ace)
rossco2020: mucks hand 
Gatzin collected $1.15 from pot
*** SUMMARY ***
Total pot $1.20 | Rake $0.05 
Board [9h 4d Th 3s Ah]
Seat 1: laureano290 folded before Flop (didn't bet)
Seat 2: Lulu.reym folded before Flop (didn't bet)
Seat 3: Alex366296 folded before Flop (didn't bet)
Seat 4: rossco2020 mucked [6c 5s]
Seat 5: Dorex2007 (button) folded on the Flop
Seat 6: shakadevirgo90 (small blind) folded before Flop
Seat 7: Gatzin (big blind) showed [Qd Js] and won ($1.15) with high card Ace
Seat 9: granddrfunk folded before Flop (didn't bet)



PokerStars Hand #237810642312:  Hold'em No Limit ($0.02/$0.05 USD) - 2022/08/05 14:12:28 PT [2022/08/05 17:12:28 ET]
Table 'Antilia III' 9-max Seat #6 is the button
Seat 1: laureano290 ($7.07 in chips) 
Seat 2: Lulu.reym ($15.25 in chips) 
Seat 3: Alex366296 ($5 in chips) 
Seat 4: rossco2020 ($3.51 in chips) 
Seat 5: Dorex2007 ($13.72 in chips) 
Seat 6: shakadevirgo90 ($5.12 in chips) 
Seat 7: Gatzin ($6.61 in chips) 
Seat 9: granddrfunk ($3.50 in chips) 
Gatzin: posts small blind $0.02
granddrfunk: posts big blind $0.05
*** HOLE CARDS ***
Dealt to Dorex2007 [7h 5s]
laureano290: folds 
Lulu.reym: folds 
Alex366296: folds 
rossco2020: raises $0.05 to $0.10
Dorex2007: folds 
shakadevirgo90: raises $0.05 to $0.15
Gatzin: folds 
granddrfunk: calls $0.10
rossco2020: calls $0.05
*** FLOP *** [3c Td Jh]
granddrfunk: checks 
rossco2020: bets $0.22
shakadevirgo90: calls $0.22
granddrfunk: folds 
*** TURN *** [3c Td Jh] [Th]
rossco2020: checks 
shakadevirgo90: bets $0.35
rossco2020: calls $0.35
*** RIVER *** [3c Td Jh Th] [4c]
rossco2020: checks 
shakadevirgo90: bets $0.80
rossco2020: calls $0.80
*** SHOW DOWN ***
shakadevirgo90: shows [Kd Kh] (two pair, Kings and Tens)
rossco2020: mucks hand 
shakadevirgo90 collected $3.08 from pot
*** SUMMARY ***
Total pot $3.21 | Rake $0.13 
Board [3c Td Jh Th 4c]
Seat 1: laureano290 folded before Flop (didn't bet)
Seat 2: Lulu.reym folded before Flop (didn't bet)
Seat 3: Alex366296 folded before Flop (didn't bet)
Seat 4: rossco2020 mucked [Ah Js]
Seat 5: Dorex2007 folded before Flop (didn't bet)
Seat 6: shakadevirgo90 (button) showed [Kd Kh] and won ($3.08) with two pair, Kings and Tens
Seat 7: Gatzin (small blind) folded before Flop
Seat 9: granddrfunk (big blind) folded on the Flop



PokerStars Hand #237810670085:  Hold'em No Limit ($0.02/$0.05 USD) - 2022/08/05 14:13:38 PT [2022/08/05 17:13:38 ET]
Table 'Antilia III' 9-max Seat #7 is the button
Seat 1: laureano290 ($7.07 in chips) 
Seat 2: Lulu.reym ($15.25 in chips) 
Seat 3: Alex366296 ($5 in chips) 
Seat 4: rossco2020 ($1.99 in chips) 
Seat 5: Dorex2007 ($13.72 in chips) 
Seat 6: shakadevirgo90 ($6.68 in chips) 
Seat 7: Gatzin ($6.59 in chips) 
Seat 9: granddrfunk ($3.35 in chips) 
granddrfunk: posts small blind $0.02
laureano290: posts big blind $0.05
*** HOLE CARDS ***
Dealt to Dorex2007 [3d 5h]
Lulu.reym: calls $0.05
Alex366296: folds 
rossco2020: folds 
Dorex2007: folds 
shakadevirgo90: folds 
Gatzin: folds 
rossco2020 leaves the table
granddrfunk: calls $0.03
laureano290: checks 
*** FLOP *** [Jc Qc Qs]
granddrfunk: checks 
laureano290: checks 
Lulu.reym: bets $0.05
granddrfunk: folds 
laureano290: folds 
Uncalled bet ($0.05) returned to Lulu.reym
Lulu.reym collected $0.14 from pot
Lulu.reym: doesn't show hand 
*** SUMMARY ***
Total pot $0.15 | Rake $0.01 
Board [Jc Qc Qs]
Seat 1: laureano290 (big blind) folded on the Flop
Seat 2: Lulu.reym collected ($0.14)
Seat 3: Alex366296 folded before Flop (didn't bet)
Seat 4: rossco2020 folded before Flop (didn't bet)
Seat 5: Dorex2007 folded before Flop (didn't bet)
Seat 6: shakadevirgo90 folded before Flop (didn't bet)
Seat 7: Gatzin (button) folded before Flop (didn't bet)
Seat 9: granddrfunk (small blind) folded on the Flop



PokerStars Hand #237810679173:  Hold'em No Limit ($0.02/$0.05 USD) - 2022/08/05 14:14:03 PT [2022/08/05 17:14:03 ET]
Table 'Antilia III' 9-max Seat #9 is the button
Seat 1: laureano290 ($7.02 in chips) 
Seat 2: Lulu.reym ($15.34 in chips) 
Seat 3: Alex366296 ($5 in chips) 
Seat 5: Dorex2007 ($13.72 in chips) 
Seat 6: shakadevirgo90 ($6.68 in chips) 
Seat 7: Gatzin ($6.59 in chips) 
Seat 9: granddrfunk ($3.30 in chips) 
laureano290: posts small blind $0.02
Lulu.reym: posts big blind $0.05
LUKIANOV777: sits out 
*** HOLE CARDS ***
Dealt to Dorex2007 [Ac Js]
Alex366296: folds 
Dorex2007: raises $0.15 to $0.20
shakadevirgo90: folds 
Gatzin: folds 
granddrfunk: folds 
laureano290: folds 
Lulu.reym: raises $0.15 to $0.35
Dorex2007: calls $0.15
*** FLOP *** [6c 3s 8d]
Lulu.reym: checks 
Dorex2007: checks 
*** TURN *** [6c 3s 8d] [As]
Lulu.reym: bets $0.34
Dorex2007: calls $0.34
*** RIVER *** [6c 3s 8d As] [6s]
Lulu.reym: checks 
Dorex2007: checks 
*** SHOW DOWN ***
Lulu.reym: shows [Jc Qs] (a pair of Sixes)
Dorex2007: shows [Ac Js] (two pair, Aces and Sixes)
Dorex2007 collected $1.34 from pot
*** SUMMARY ***
Total pot $1.40 | Rake $0.06 
Board [6c 3s 8d As 6s]
Seat 1: laureano290 (small blind) folded before Flop
Seat 2: Lulu.reym (big blind) showed [Jc Qs] and lost with a pair of Sixes
Seat 3: Alex366296 folded before Flop (didn't bet)
Seat 5: Dorex2007 showed [Ac Js] and won ($1.34) with two pair, Aces and Sixes
Seat 6: shakadevirgo90 folded before Flop (didn't bet)
Seat 7: Gatzin folded before Flop (didn't bet)
Seat 9: granddrfunk (button) folded before Flop (didn't bet)



PokerStars Hand #237810702480:  Hold'em No Limit ($0.02/$0.05 USD) - 2022/08/05 14:15:06 PT [2022/08/05 17:15:06 ET]
Table 'Antilia III' 9-max Seat #1 is the button
Seat 1: laureano290 ($7 in chips) 
Seat 2: Lulu.reym ($14.65 in chips) 
Seat 3: Alex366296 ($5 in chips) 
Seat 5: Dorex2007 ($14.37 in chips) 
Seat 6: shakadevirgo90 ($6.68 in chips) 
Seat 7: Gatzin ($6.59 in chips) 
Seat 9: granddrfunk ($3.30 in chips) 
Lulu.reym: posts small blind $0.02
Alex366296: posts big blind $0.05
LUKIANOV777: sits out 
*** HOLE CARDS ***
Dealt to Dorex2007 [9s 8h]
Dorex2007: folds 
westhamas joins the table at seat #4 
shakadevirgo90: folds 
Gatzin: folds 
granddrfunk: folds 
laureano290: folds 
Lulu.reym: folds 
Uncalled bet ($0.03) returned to Alex366296
Alex366296 collected $0.04 from pot
Alex366296: doesn't show hand 
*** SUMMARY ***
Total pot $0.04 | Rake $0 
Seat 1: laureano290 (button) folded before Flop (didn't bet)
Seat 2: Lulu.reym (small blind) folded before Flop
Seat 3: Alex366296 (big blind) collected ($0.04)
Seat 5: Dorex2007 folded before Flop (didn't bet)
Seat 6: shakadevirgo90 folded before Flop (didn't bet)
Seat 7: Gatzin folded before Flop (didn't bet)
Seat 9: granddrfunk folded before Flop (didn't bet)



