PokerStars Hand #232828720110:  Hold'em No Limit ($0.01/$0.02 USD) - 2022/01/04 18:48:49 PT [2022/01/04 21:48:49 ET]
Table 'Ottegebe V' 9-max Seat #8 is the button
Seat 1: EuEraUmBebado ($2.83 in chips) 
Seat 2: MelchiorF1 ($3.63 in chips) 
Seat 3: GianniML ($2.21 in chips) 
Seat 6: Dorex2007 ($2 in chips) 
Seat 7: lucasmacedoic ($0.97 in chips) 
Seat 8: rabbidsquirl ($1.68 in chips) 
Seat 9: Sysrq03 ($3.82 in chips) 
Sysrq03: posts small blind $0.01
EuEraUmBebado: posts big blind $0.02
yur4ik777: sits out 
Dorex2007: posts big blind $0.02
*** HOLE CARDS ***
Dealt to Dorex2007 [Ac Jc]
MelchiorF1: folds 
GianniML: folds 
Dorex2007: raises $0.06 to $0.08
lucasmacedoic: folds 
rabbidsquirl: folds 
Sysrq03: folds 
EuEraUmBebado: folds 
Uncalled bet ($0.06) returned to Dorex2007
Dorex2007 collected $0.05 from pot
Dorex2007: doesn't show hand 
*** SUMMARY ***
Total pot $0.05 | Rake $0 
Seat 1: EuEraUmBebado (big blind) folded before Flop
Seat 2: MelchiorF1 folded before Flop (didn't bet)
Seat 3: GianniML folded before Flop (didn't bet)
Seat 6: Dorex2007 collected ($0.05)
Seat 7: lucasmacedoic folded before Flop (didn't bet)
Seat 8: rabbidsquirl (button) folded before Flop (didn't bet)
Seat 9: Sysrq03 (small blind) folded before Flop



PokerStars Hand #232828725956:  Hold'em No Limit ($0.01/$0.02 USD) - 2022/01/04 18:49:12 PT [2022/01/04 21:49:12 ET]
Table 'Ottegebe V' 9-max Seat #9 is the button
Seat 1: EuEraUmBebado ($2.81 in chips) 
Seat 2: MelchiorF1 ($3.63 in chips) 
Seat 3: GianniML ($2.21 in chips) 
Seat 6: Dorex2007 ($2.03 in chips) 
Seat 7: lucasmacedoic ($0.97 in chips) 
Seat 8: rabbidsquirl ($1.68 in chips) 
Seat 9: Sysrq03 ($3.81 in chips) 
EuEraUmBebado: posts small blind $0.01
MelchiorF1: posts big blind $0.02
yur4ik777: sits out 
*** HOLE CARDS ***
Dealt to Dorex2007 [5d 7h]
GianniML: calls $0.02
Dorex2007: folds 
lucasmacedoic: folds 
rabbidsquirl: folds 
Sysrq03: folds 
EuEraUmBebado: calls $0.01
MelchiorF1: checks 
*** FLOP *** [5h Js 3d]
marialazar joins the table at seat #5 
EuEraUmBebado: checks 
MelchiorF1: checks 
GianniML: checks 
*** TURN *** [5h Js 3d] [Jh]
EuEraUmBebado: checks 
MelchiorF1: checks 
GianniML: checks 
*** RIVER *** [5h Js 3d Jh] [Kd]
EuEraUmBebado: checks 
MelchiorF1: checks 
GianniML: checks 
*** SHOW DOWN ***
EuEraUmBebado: shows [7d 6c] (a pair of Jacks)
MelchiorF1: shows [9d Ad] (a pair of Jacks - Ace kicker)
GianniML: mucks hand 
MelchiorF1 collected $0.06 from pot
*** SUMMARY ***
Total pot $0.06 | Rake $0 
Board [5h Js 3d Jh Kd]
Seat 1: EuEraUmBebado (small blind) showed [7d 6c] and lost with a pair of Jacks
Seat 2: MelchiorF1 (big blind) showed [9d Ad] and won ($0.06) with a pair of Jacks
Seat 3: GianniML mucked [Th Qh]
Seat 6: Dorex2007 folded before Flop (didn't bet)
Seat 7: lucasmacedoic folded before Flop (didn't bet)
Seat 8: rabbidsquirl folded before Flop (didn't bet)
Seat 9: Sysrq03 (button) folded before Flop (didn't bet)



PokerStars Hand #232828741289:  Hold'em No Limit ($0.01/$0.02 USD) - 2022/01/04 18:50:11 PT [2022/01/04 21:50:11 ET]
Table 'Ottegebe V' 9-max Seat #1 is the button
Seat 1: EuEraUmBebado ($2.79 in chips) 
Seat 2: MelchiorF1 ($3.67 in chips) 
Seat 3: GianniML ($2.19 in chips) 
Seat 6: Dorex2007 ($2.03 in chips) 
Seat 7: lucasmacedoic ($0.97 in chips) 
Seat 8: rabbidsquirl ($1.68 in chips) 
Seat 9: Sysrq03 ($3.81 in chips) 
MelchiorF1: posts small blind $0.01
GianniML: posts big blind $0.02
yur4ik777: sits out 
marialazar: sits out 
*** HOLE CARDS ***
Dealt to Dorex2007 [9d 2d]
Dorex2007: folds 
lucasmacedoic: raises $0.02 to $0.04
rabbidsquirl: raises $0.10 to $0.14
Sysrq03: folds 
EuEraUmBebado: folds 
MelchiorF1: folds 
GianniML: folds 
lucasmacedoic: folds 
Uncalled bet ($0.10) returned to rabbidsquirl
rabbidsquirl collected $0.11 from pot
rabbidsquirl: doesn't show hand 
*** SUMMARY ***
Total pot $0.11 | Rake $0 
Seat 1: EuEraUmBebado (button) folded before Flop (didn't bet)
Seat 2: MelchiorF1 (small blind) folded before Flop
Seat 3: GianniML (big blind) folded before Flop
Seat 6: Dorex2007 folded before Flop (didn't bet)
Seat 7: lucasmacedoic folded before Flop
Seat 8: rabbidsquirl collected ($0.11)
Seat 9: Sysrq03 folded before Flop (didn't bet)



PokerStars Hand #232828745968:  Hold'em No Limit ($0.01/$0.02 USD) - 2022/01/04 18:50:29 PT [2022/01/04 21:50:29 ET]
Table 'Ottegebe V' 9-max Seat #2 is the button
Seat 1: EuEraUmBebado ($2.79 in chips) 
Seat 2: MelchiorF1 ($3.66 in chips) 
Seat 3: GianniML ($2.17 in chips) 
Seat 4: yur4ik777 ($1.60 in chips) 
Seat 6: Dorex2007 ($2.03 in chips) 
Seat 7: lucasmacedoic ($0.93 in chips) 
Seat 8: rabbidsquirl ($1.75 in chips) 
Seat 9: Sysrq03 ($3.81 in chips) 
GianniML: posts small blind $0.01
yur4ik777: posts big blind $0.02
marialazar: sits out 
*** HOLE CARDS ***
Dealt to Dorex2007 [Jd Ts]
Dorex2007: folds 
lucasmacedoic: folds 
rabbidsquirl: raises $0.04 to $0.06
Sysrq03: folds 
EuEraUmBebado: folds 
MelchiorF1: folds 
GianniML: folds 
yur4ik777: calls $0.04
*** FLOP *** [6d 3s 9d]
yur4ik777: checks 
rabbidsquirl: checks 
*** TURN *** [6d 3s 9d] [4s]
yur4ik777: checks 
rabbidsquirl: checks 
*** RIVER *** [6d 3s 9d 4s] [Qd]
yur4ik777: checks 
rabbidsquirl: checks 
*** SHOW DOWN ***
yur4ik777: shows [As Jh] (high card Ace)
rabbidsquirl: mucks hand 
yur4ik777 collected $0.13 from pot
*** SUMMARY ***
Total pot $0.13 | Rake $0 
Board [6d 3s 9d 4s Qd]
Seat 1: EuEraUmBebado folded before Flop (didn't bet)
Seat 2: MelchiorF1 (button) folded before Flop (didn't bet)
Seat 3: GianniML (small blind) folded before Flop
Seat 4: yur4ik777 (big blind) showed [As Jh] and won ($0.13) with high card Ace
Seat 6: Dorex2007 folded before Flop (didn't bet)
Seat 7: lucasmacedoic folded before Flop (didn't bet)
Seat 8: rabbidsquirl mucked [Js Ks]
Seat 9: Sysrq03 folded before Flop (didn't bet)



PokerStars Hand #232828760475:  Hold'em No Limit ($0.01/$0.02 USD) - 2022/01/04 18:51:25 PT [2022/01/04 21:51:25 ET]
Table 'Ottegebe V' 9-max Seat #3 is the button
Seat 1: EuEraUmBebado ($2.79 in chips) 
Seat 2: MelchiorF1 ($3.66 in chips) 
Seat 3: GianniML ($2.16 in chips) 
Seat 4: yur4ik777 ($1.67 in chips) 
Seat 5: marialazar ($2 in chips) 
Seat 6: Dorex2007 ($2.03 in chips) 
Seat 7: lucasmacedoic ($0.93 in chips) 
Seat 8: rabbidsquirl ($1.69 in chips) 
Seat 9: Sysrq03 ($3.81 in chips) 
yur4ik777: posts small blind $0.01
marialazar: posts big blind $0.02
*** HOLE CARDS ***
Dealt to Dorex2007 [As Ks]
Dorex2007: raises $0.04 to $0.06
lucasmacedoic: folds 
rabbidsquirl: folds 
Sysrq03: folds 
EuEraUmBebado: folds 
MelchiorF1: folds 
GianniML: folds 
yur4ik777: folds 
marialazar: folds 
Uncalled bet ($0.04) returned to Dorex2007
Dorex2007 collected $0.05 from pot
Dorex2007: doesn't show hand 
*** SUMMARY ***
Total pot $0.05 | Rake $0 
Seat 1: EuEraUmBebado folded before Flop (didn't bet)
Seat 2: MelchiorF1 folded before Flop (didn't bet)
Seat 3: GianniML (button) folded before Flop (didn't bet)
Seat 4: yur4ik777 (small blind) folded before Flop
Seat 5: marialazar (big blind) folded before Flop
Seat 6: Dorex2007 collected ($0.05)
Seat 7: lucasmacedoic folded before Flop (didn't bet)
Seat 8: rabbidsquirl folded before Flop (didn't bet)
Seat 9: Sysrq03 folded before Flop (didn't bet)



PokerStars Hand #232828774534:  Hold'em No Limit ($0.01/$0.02 USD) - 2022/01/04 18:51:47 PT [2022/01/04 21:51:47 ET]
Table 'Ottegebe V' 9-max Seat #4 is the button
Seat 1: EuEraUmBebado ($2.79 in chips) 
Seat 2: MelchiorF1 ($3.66 in chips) 
Seat 3: GianniML ($2.16 in chips) 
Seat 4: yur4ik777 ($1.66 in chips) 
Seat 5: marialazar ($1.98 in chips) 
Seat 6: Dorex2007 ($2.06 in chips) 
Seat 7: lucasmacedoic ($0.93 in chips) 
Seat 8: rabbidsquirl ($1.69 in chips) 
Seat 9: Sysrq03 ($3.81 in chips) 
marialazar: posts small blind $0.01
Dorex2007: posts big blind $0.02
*** HOLE CARDS ***
Dealt to Dorex2007 [5d 9c]
lucasmacedoic: folds 
rabbidsquirl: folds 
Sysrq03: folds 
EuEraUmBebado: folds 
MelchiorF1: folds 
GianniML: calls $0.02
yur4ik777: folds 
marialazar: folds 
Dorex2007: checks 
*** FLOP *** [Kh Ks Ac]
Dorex2007: checks 
GianniML: checks 
*** TURN *** [Kh Ks Ac] [8h]
Dorex2007: checks 
GianniML: bets $0.02
Dorex2007: folds 
Uncalled bet ($0.02) returned to GianniML
GianniML collected $0.05 from pot
GianniML: doesn't show hand 
*** SUMMARY ***
Total pot $0.05 | Rake $0 
Board [Kh Ks Ac 8h]
Seat 1: EuEraUmBebado folded before Flop (didn't bet)
Seat 2: MelchiorF1 folded before Flop (didn't bet)
Seat 3: GianniML collected ($0.05)
Seat 4: yur4ik777 (button) folded before Flop (didn't bet)
Seat 5: marialazar (small blind) folded before Flop
Seat 6: Dorex2007 (big blind) folded on the Turn
Seat 7: lucasmacedoic folded before Flop (didn't bet)
Seat 8: rabbidsquirl folded before Flop (didn't bet)
Seat 9: Sysrq03 folded before Flop (didn't bet)



PokerStars Hand #232828786759:  Hold'em No Limit ($0.01/$0.02 USD) - 2022/01/04 18:52:35 PT [2022/01/04 21:52:35 ET]
Table 'Ottegebe V' 9-max Seat #5 is the button
Seat 1: EuEraUmBebado ($2.79 in chips) 
Seat 2: MelchiorF1 ($3.66 in chips) 
Seat 3: GianniML ($2.19 in chips) 
Seat 4: yur4ik777 ($1.66 in chips) 
Seat 5: marialazar ($1.97 in chips) 
Seat 6: Dorex2007 ($2.04 in chips) 
Seat 7: lucasmacedoic ($0.93 in chips) 
Seat 8: rabbidsquirl ($1.69 in chips) 
Seat 9: Sysrq03 ($3.81 in chips) 
Dorex2007: posts small blind $0.01
lucasmacedoic: posts big blind $0.02
*** HOLE CARDS ***
Dealt to Dorex2007 [3s Jh]
rabbidsquirl: raises $0.04 to $0.06
Sysrq03: folds 
EuEraUmBebado: folds 
MelchiorF1: folds 
GianniML: folds 
yur4ik777: folds 
marialazar: folds 
Dorex2007: folds 
lucasmacedoic: folds 
Uncalled bet ($0.04) returned to rabbidsquirl
rabbidsquirl collected $0.05 from pot
rabbidsquirl: doesn't show hand 
*** SUMMARY ***
Total pot $0.05 | Rake $0 
Seat 1: EuEraUmBebado folded before Flop (didn't bet)
Seat 2: MelchiorF1 folded before Flop (didn't bet)
Seat 3: GianniML folded before Flop (didn't bet)
Seat 4: yur4ik777 folded before Flop (didn't bet)
Seat 5: marialazar (button) folded before Flop (didn't bet)
Seat 6: Dorex2007 (small blind) folded before Flop
Seat 7: lucasmacedoic (big blind) folded before Flop
Seat 8: rabbidsquirl collected ($0.05)
Seat 9: Sysrq03 folded before Flop (didn't bet)



PokerStars Hand #232828792353:  Hold'em No Limit ($0.01/$0.02 USD) - 2022/01/04 18:52:57 PT [2022/01/04 21:52:57 ET]
Table 'Ottegebe V' 9-max Seat #6 is the button
Seat 1: EuEraUmBebado ($2.79 in chips) 
Seat 2: MelchiorF1 ($3.66 in chips) 
Seat 3: GianniML ($2.19 in chips) 
Seat 4: yur4ik777 ($1.66 in chips) 
Seat 5: marialazar ($1.97 in chips) 
Seat 6: Dorex2007 ($2.03 in chips) 
Seat 7: lucasmacedoic ($0.91 in chips) 
Seat 8: rabbidsquirl ($1.72 in chips) 
Seat 9: Sysrq03 ($3.81 in chips) 
lucasmacedoic: posts small blind $0.01
rabbidsquirl: posts big blind $0.02
*** HOLE CARDS ***
Dealt to Dorex2007 [Ad 9d]
Sysrq03: folds 
EuEraUmBebado: raises $0.04 to $0.06
MelchiorF1: folds 
GianniML: folds 
yur4ik777: folds 
marialazar: folds 
Dorex2007: calls $0.06
lucasmacedoic: folds 
rabbidsquirl: folds 
*** FLOP *** [6s 8c Ts]
EuEraUmBebado: bets $0.09
Dorex2007: calls $0.09
*** TURN *** [6s 8c Ts] [8d]
EuEraUmBebado: checks 
Dorex2007: bets $0.21
EuEraUmBebado: folds 
Uncalled bet ($0.21) returned to Dorex2007
Dorex2007 collected $0.32 from pot
Dorex2007: doesn't show hand 
*** SUMMARY ***
Total pot $0.33 | Rake $0.01 
Board [6s 8c Ts 8d]
Seat 1: EuEraUmBebado folded on the Turn
Seat 2: MelchiorF1 folded before Flop (didn't bet)
Seat 3: GianniML folded before Flop (didn't bet)
Seat 4: yur4ik777 folded before Flop (didn't bet)
Seat 5: marialazar folded before Flop (didn't bet)
Seat 6: Dorex2007 (button) collected ($0.32)
Seat 7: lucasmacedoic (small blind) folded before Flop
Seat 8: rabbidsquirl (big blind) folded before Flop
Seat 9: Sysrq03 folded before Flop (didn't bet)



PokerStars Hand #232828807189:  Hold'em No Limit ($0.01/$0.02 USD) - 2022/01/04 18:53:54 PT [2022/01/04 21:53:54 ET]
Table 'Ottegebe V' 9-max Seat #7 is the button
Seat 1: EuEraUmBebado ($2.64 in chips) 
Seat 2: MelchiorF1 ($3.66 in chips) 
Seat 3: GianniML ($2.19 in chips) 
Seat 4: yur4ik777 ($1.66 in chips) 
Seat 5: marialazar ($1.97 in chips) 
Seat 6: Dorex2007 ($2.20 in chips) 
Seat 7: lucasmacedoic ($0.90 in chips) 
Seat 8: rabbidsquirl ($1.70 in chips) 
Seat 9: Sysrq03 ($3.81 in chips) 
rabbidsquirl: posts small blind $0.01
Sysrq03: posts big blind $0.02
*** HOLE CARDS ***
Dealt to Dorex2007 [2h Qd]
EuEraUmBebado: folds 
MelchiorF1: folds 
GianniML: folds 
yur4ik777: folds 
marialazar: folds 
Dorex2007: folds 
lucasmacedoic: folds 
rabbidsquirl: folds 
Uncalled bet ($0.01) returned to Sysrq03
Sysrq03 collected $0.02 from pot
*** SUMMARY ***
Total pot $0.02 | Rake $0 
Seat 1: EuEraUmBebado folded before Flop (didn't bet)
Seat 2: MelchiorF1 folded before Flop (didn't bet)
Seat 3: GianniML folded before Flop (didn't bet)
Seat 4: yur4ik777 folded before Flop (didn't bet)
Seat 5: marialazar folded before Flop (didn't bet)
Seat 6: Dorex2007 folded before Flop (didn't bet)
Seat 7: lucasmacedoic (button) folded before Flop (didn't bet)
Seat 8: rabbidsquirl (small blind) folded before Flop
Seat 9: Sysrq03 (big blind) collected ($0.02)



PokerStars Hand #232828812767:  Hold'em No Limit ($0.01/$0.02 USD) - 2022/01/04 18:54:15 PT [2022/01/04 21:54:15 ET]
Table 'Ottegebe V' 9-max Seat #8 is the button
Seat 1: EuEraUmBebado ($2.64 in chips) 
Seat 2: MelchiorF1 ($3.66 in chips) 
Seat 3: GianniML ($2.19 in chips) 
Seat 4: yur4ik777 ($1.66 in chips) 
Seat 5: marialazar ($1.97 in chips) 
Seat 6: Dorex2007 ($2.20 in chips) 
Seat 7: lucasmacedoic ($0.90 in chips) 
Seat 8: rabbidsquirl ($1.69 in chips) 
Seat 9: Sysrq03 ($3.82 in chips) 
Sysrq03: posts small blind $0.01
EuEraUmBebado: posts big blind $0.02
*** HOLE CARDS ***
Dealt to Dorex2007 [5c 3s]
MelchiorF1: raises $0.04 to $0.06
GianniML: raises $0.12 to $0.18
yur4ik777: folds 
marialazar: folds 
Dorex2007: folds 
lucasmacedoic: folds 
rabbidsquirl: folds 
Sysrq03: folds 
lucasmacedoic leaves the table
EuEraUmBebado: folds 
MelchiorF1: folds 
Uncalled bet ($0.12) returned to GianniML
GianniML collected $0.15 from pot
GianniML: doesn't show hand 
*** SUMMARY ***
Total pot $0.15 | Rake $0 
Seat 1: EuEraUmBebado (big blind) folded before Flop
Seat 2: MelchiorF1 folded before Flop
Seat 3: GianniML collected ($0.15)
Seat 4: yur4ik777 folded before Flop (didn't bet)
Seat 5: marialazar folded before Flop (didn't bet)
Seat 6: Dorex2007 folded before Flop (didn't bet)
Seat 7: lucasmacedoic folded before Flop (didn't bet)
Seat 8: rabbidsquirl (button) folded before Flop (didn't bet)
Seat 9: Sysrq03 (small blind) folded before Flop



PokerStars Hand #232828819803:  Hold'em No Limit ($0.01/$0.02 USD) - 2022/01/04 18:54:43 PT [2022/01/04 21:54:43 ET]
Table 'Ottegebe V' 9-max Seat #9 is the button
Seat 1: EuEraUmBebado ($2.62 in chips) 
Seat 3: GianniML ($2.28 in chips) 
Seat 4: yur4ik777 ($1.66 in chips) 
Seat 5: marialazar ($1.97 in chips) 
Seat 6: Dorex2007 ($2.20 in chips) 
Seat 8: rabbidsquirl ($1.69 in chips) 
Seat 9: Sysrq03 ($3.81 in chips) 
EuEraUmBebado: posts small blind $0.01
GianniML: posts big blind $0.02
*** HOLE CARDS ***
Dealt to Dorex2007 [4h 3h]
MelchiorF1 leaves the table
yur4ik777: folds 
marialazar: raises $0.04 to $0.06
Dorex2007: folds 
rabbidsquirl: folds 
Sysrq03: folds 
EuEraUmBebado: folds 
GianniML: calls $0.04
*** FLOP *** [Ts 8s 7h]
GianniML: checks 
perffect16 joins the table at seat #7 
marialazar: bets $0.04
GianniML: calls $0.04
*** TURN *** [Ts 8s 7h] [Qc]
GianniML: checks 
marialazar: checks 
*** RIVER *** [Ts 8s 7h Qc] [8h]
GianniML: bets $0.08
marialazar: folds 
Uncalled bet ($0.08) returned to GianniML
GianniML collected $0.20 from pot
GianniML: doesn't show hand 
*** SUMMARY ***
Total pot $0.21 | Rake $0.01 
Board [Ts 8s 7h Qc 8h]
Seat 1: EuEraUmBebado (small blind) folded before Flop
Seat 3: GianniML (big blind) collected ($0.20)
Seat 4: yur4ik777 folded before Flop (didn't bet)
Seat 5: marialazar folded on the River
Seat 6: Dorex2007 folded before Flop (didn't bet)
Seat 8: rabbidsquirl folded before Flop (didn't bet)
Seat 9: Sysrq03 (button) folded before Flop (didn't bet)



PokerStars Hand #232828829590:  Hold'em No Limit ($0.01/$0.02 USD) - 2022/01/04 18:55:26 PT [2022/01/04 21:55:26 ET]
Table 'Ottegebe V' 9-max Seat #1 is the button
Seat 1: EuEraUmBebado ($2.61 in chips) 
Seat 3: GianniML ($2.38 in chips) 
Seat 4: yur4ik777 ($1.66 in chips) 
Seat 5: marialazar ($1.87 in chips) 
Seat 6: Dorex2007 ($2.20 in chips) 
Seat 8: rabbidsquirl ($1.69 in chips) 
Seat 9: Sysrq03 ($3.81 in chips) 
GianniML: posts small blind $0.01
yur4ik777: posts big blind $0.02
perffect16: sits out 
*** HOLE CARDS ***
Dealt to Dorex2007 [2s 4c]
marialazar: folds 
Dorex2007: folds 
rabbidsquirl: raises $0.04 to $0.06
Sysrq03: folds 
EuEraUmBebado: folds 
GianniML: calls $0.05
yur4ik777: folds 
*** FLOP *** [9d Jh 5s]
GianniML: checks 
rabbidsquirl: bets $0.10
GianniML: raises $0.10 to $0.20
rabbidsquirl: calls $0.10
*** TURN *** [9d Jh 5s] [Th]
GianniML: bets $0.30
rabbidsquirl: calls $0.30
*** RIVER *** [9d Jh 5s Th] [Qs]
GianniML: checks 
rabbidsquirl: bets $1.13 and is all-in
GianniML: folds 
Uncalled bet ($1.13) returned to rabbidsquirl
rabbidsquirl collected $1.10 from pot
rabbidsquirl: doesn't show hand 
*** SUMMARY ***
Total pot $1.14 | Rake $0.04 
Board [9d Jh 5s Th Qs]
Seat 1: EuEraUmBebado (button) folded before Flop (didn't bet)
Seat 3: GianniML (small blind) folded on the River
Seat 4: yur4ik777 (big blind) folded before Flop
Seat 5: marialazar folded before Flop (didn't bet)
Seat 6: Dorex2007 folded before Flop (didn't bet)
Seat 8: rabbidsquirl collected ($1.10)
Seat 9: Sysrq03 folded before Flop (didn't bet)



PokerStars Hand #232828843054:  Hold'em No Limit ($0.01/$0.02 USD) - 2022/01/04 18:56:33 PT [2022/01/04 21:56:33 ET]
Table 'Ottegebe V' 9-max Seat #3 is the button
Seat 1: EuEraUmBebado ($2.61 in chips) 
Seat 3: GianniML ($1.82 in chips) 
Seat 4: yur4ik777 ($1.64 in chips) 
Seat 5: marialazar ($2 in chips) 
Seat 6: Dorex2007 ($2.20 in chips) 
Seat 8: rabbidsquirl ($2.23 in chips) 
Seat 9: Sysrq03 ($3.81 in chips) 
yur4ik777: posts small blind $0.01
marialazar: posts big blind $0.02
perffect16: sits out 
*** HOLE CARDS ***
Dealt to Dorex2007 [5d 2s]
Dorex2007: folds 
rabbidsquirl: folds 
Sysrq03: folds 
EuEraUmBebado has timed out
EuEraUmBebado: folds 
GianniML: folds 
yur4ik777: raises $0.04 to $0.06
marialazar: folds 
Uncalled bet ($0.04) returned to yur4ik777
yur4ik777 collected $0.04 from pot
yur4ik777: doesn't show hand 
*** SUMMARY ***
Total pot $0.04 | Rake $0 
Seat 1: EuEraUmBebado folded before Flop (didn't bet)
Seat 3: GianniML (button) folded before Flop (didn't bet)
Seat 4: yur4ik777 (small blind) collected ($0.04)
Seat 5: marialazar (big blind) folded before Flop
Seat 6: Dorex2007 folded before Flop (didn't bet)
Seat 8: rabbidsquirl folded before Flop (didn't bet)
Seat 9: Sysrq03 folded before Flop (didn't bet)



PokerStars Hand #232828848298:  Hold'em No Limit ($0.01/$0.02 USD) - 2022/01/04 18:57:00 PT [2022/01/04 21:57:00 ET]
Table 'Ottegebe V' 9-max Seat #4 is the button
Seat 3: GianniML ($1.82 in chips) 
Seat 4: yur4ik777 ($1.66 in chips) 
Seat 5: marialazar ($1.98 in chips) 
Seat 6: Dorex2007 ($2.20 in chips) 
Seat 8: rabbidsquirl ($2.23 in chips) 
Seat 9: Sysrq03 ($3.81 in chips) 
marialazar: posts small blind $0.01
Dorex2007: posts big blind $0.02
perffect16: sits out 
*** HOLE CARDS ***
Dealt to Dorex2007 [8d As]
rabbidsquirl: folds 
Sysrq03: folds 
GianniML: folds 
yur4ik777: raises $0.04 to $0.06
marialazar: folds 
Dorex2007: folds 
Uncalled bet ($0.04) returned to yur4ik777
yur4ik777 collected $0.05 from pot
yur4ik777: doesn't show hand 
*** SUMMARY ***
Total pot $0.05 | Rake $0 
Seat 3: GianniML folded before Flop (didn't bet)
Seat 4: yur4ik777 (button) collected ($0.05)
Seat 5: marialazar (small blind) folded before Flop
Seat 6: Dorex2007 (big blind) folded before Flop
Seat 8: rabbidsquirl folded before Flop (didn't bet)
Seat 9: Sysrq03 folded before Flop (didn't bet)



PokerStars Hand #232828852009:  Hold'em No Limit ($0.01/$0.02 USD) - 2022/01/04 18:57:18 PT [2022/01/04 21:57:18 ET]
Table 'Ottegebe V' 9-max Seat #5 is the button
Seat 3: GianniML ($1.82 in chips) 
Seat 4: yur4ik777 ($1.69 in chips) 
Seat 5: marialazar ($1.97 in chips) 
Seat 6: Dorex2007 ($2.18 in chips) 
Seat 7: perffect16 ($2 in chips) 
Seat 8: rabbidsquirl ($2.23 in chips) 
Seat 9: Sysrq03 ($3.81 in chips) 
Dorex2007: posts small blind $0.01
perffect16: posts big blind $0.02
*** HOLE CARDS ***
Dealt to Dorex2007 [Qc 5s]
rabbidsquirl: folds 
Sysrq03: raises $0.04 to $0.06
GianniML: folds 
yur4ik777: calls $0.06
marialazar: folds 
Dorex2007: folds 
perffect16: calls $0.04
*** FLOP *** [5h Qs Tc]
fuerte12 joins the table at seat #2 
perffect16: checks 
Sysrq03: checks 
yur4ik777: bets $0.11
perffect16: folds 
Sysrq03: folds 
Uncalled bet ($0.11) returned to yur4ik777
yur4ik777 collected $0.18 from pot
yur4ik777: doesn't show hand 
*** SUMMARY ***
Total pot $0.19 | Rake $0.01 
Board [5h Qs Tc]
Seat 3: GianniML folded before Flop (didn't bet)
Seat 4: yur4ik777 collected ($0.18)
Seat 5: marialazar (button) folded before Flop (didn't bet)
Seat 6: Dorex2007 (small blind) folded before Flop
Seat 7: perffect16 (big blind) folded on the Flop
Seat 8: rabbidsquirl folded before Flop (didn't bet)
Seat 9: Sysrq03 folded on the Flop



PokerStars Hand #232828859017:  Hold'em No Limit ($0.01/$0.02 USD) - 2022/01/04 18:57:53 PT [2022/01/04 21:57:53 ET]
Table 'Ottegebe V' 9-max Seat #6 is the button
Seat 1: EuEraUmBebado ($2.61 in chips) 
Seat 3: GianniML ($1.82 in chips) 
Seat 4: yur4ik777 ($1.81 in chips) 
Seat 5: marialazar ($1.97 in chips) 
Seat 6: Dorex2007 ($2.17 in chips) 
Seat 7: perffect16 ($1.94 in chips) 
Seat 8: rabbidsquirl ($2.23 in chips) 
Seat 9: Sysrq03 ($3.75 in chips) 
perffect16: posts small blind $0.01
rabbidsquirl: posts big blind $0.02
fuerte12: sits out 
*** HOLE CARDS ***
Dealt to Dorex2007 [8d Jc]
Sysrq03: folds 
EuEraUmBebado: folds 
GianniML: folds 
yur4ik777: folds 
marialazar: folds 
Dorex2007: folds 
perffect16: calls $0.01
rabbidsquirl: raises $0.06 to $0.08
perffect16: folds 
Uncalled bet ($0.06) returned to rabbidsquirl
rabbidsquirl collected $0.04 from pot
rabbidsquirl: doesn't show hand 
*** SUMMARY ***
Total pot $0.04 | Rake $0 
Seat 1: EuEraUmBebado folded before Flop (didn't bet)
Seat 3: GianniML folded before Flop (didn't bet)
Seat 4: yur4ik777 folded before Flop (didn't bet)
Seat 5: marialazar folded before Flop (didn't bet)
Seat 6: Dorex2007 (button) folded before Flop (didn't bet)
Seat 7: perffect16 (small blind) folded before Flop
Seat 8: rabbidsquirl (big blind) collected ($0.04)
Seat 9: Sysrq03 folded before Flop (didn't bet)



PokerStars Hand #232828864242:  Hold'em No Limit ($0.01/$0.02 USD) - 2022/01/04 18:58:19 PT [2022/01/04 21:58:19 ET]
Table 'Ottegebe V' 9-max Seat #7 is the button
Seat 1: EuEraUmBebado ($2.61 in chips) 
Seat 3: GianniML ($1.82 in chips) 
Seat 4: yur4ik777 ($1.81 in chips) 
Seat 5: marialazar ($1.97 in chips) 
Seat 6: Dorex2007 ($2.17 in chips) 
Seat 7: perffect16 ($1.92 in chips) 
Seat 8: rabbidsquirl ($2.25 in chips) 
Seat 9: Sysrq03 ($3.75 in chips) 
rabbidsquirl: posts small blind $0.01
Sysrq03: posts big blind $0.02
fuerte12: sits out 
*** HOLE CARDS ***
Dealt to Dorex2007 [7h Kc]
EuEraUmBebado: raises $0.05 to $0.07
GianniML: calls $0.07
yur4ik777: folds 
marialazar: folds 
Dorex2007: folds 
perffect16: folds 
rabbidsquirl: folds 
Sysrq03: folds 
*** FLOP *** [5c Td 9d]
EuEraUmBebado: checks 
GianniML: bets $0.08
EuEraUmBebado: calls $0.08
*** TURN *** [5c Td 9d] [Ac]
EuEraUmBebado: checks 
GianniML: checks 
*** RIVER *** [5c Td 9d Ac] [8d]
EuEraUmBebado: bets $0.16
GianniML: calls $0.16
*** SHOW DOWN ***
EuEraUmBebado: shows [As Qs] (a pair of Aces)
GianniML: shows [9s 8s] (two pair, Nines and Eights)
GianniML collected $0.63 from pot
*** SUMMARY ***
Total pot $0.65 | Rake $0.02 
Board [5c Td 9d Ac 8d]
Seat 1: EuEraUmBebado showed [As Qs] and lost with a pair of Aces
Seat 3: GianniML showed [9s 8s] and won ($0.63) with two pair, Nines and Eights
Seat 4: yur4ik777 folded before Flop (didn't bet)
Seat 5: marialazar folded before Flop (didn't bet)
Seat 6: Dorex2007 folded before Flop (didn't bet)
Seat 7: perffect16 (button) folded before Flop (didn't bet)
Seat 8: rabbidsquirl (small blind) folded before Flop
Seat 9: Sysrq03 (big blind) folded before Flop



PokerStars Hand #232828878393:  Hold'em No Limit ($0.01/$0.02 USD) - 2022/01/04 18:59:30 PT [2022/01/04 21:59:30 ET]
Table 'Ottegebe V' 9-max Seat #8 is the button
Seat 1: EuEraUmBebado ($2.30 in chips) 
Seat 3: GianniML ($2.14 in chips) 
Seat 4: yur4ik777 ($1.81 in chips) 
Seat 5: marialazar ($1.97 in chips) 
Seat 6: Dorex2007 ($2.17 in chips) 
Seat 7: perffect16 ($1.92 in chips) 
Seat 8: rabbidsquirl ($2.24 in chips) 
Seat 9: Sysrq03 ($3.73 in chips) 
Sysrq03: posts small blind $0.01
EuEraUmBebado: posts big blind $0.02
fuerte12: sits out 
*** HOLE CARDS ***
Dealt to Dorex2007 [6c 8c]
GianniML: folds 
yur4ik777: folds 
marialazar: raises $0.04 to $0.06
Dorex2007: folds 
perffect16: folds 
rabbidsquirl: folds 
Sysrq03: folds 
EuEraUmBebado: calls $0.04
*** FLOP *** [7d 8d As]
EuEraUmBebado: checks 
marialazar: checks 
*** TURN *** [7d 8d As] [4h]
EuEraUmBebado: bets $0.09
marialazar: folds 
Uncalled bet ($0.09) returned to EuEraUmBebado
EuEraUmBebado collected $0.13 from pot
EuEraUmBebado: doesn't show hand 
*** SUMMARY ***
Total pot $0.13 | Rake $0 
Board [7d 8d As 4h]
Seat 1: EuEraUmBebado (big blind) collected ($0.13)
Seat 3: GianniML folded before Flop (didn't bet)
Seat 4: yur4ik777 folded before Flop (didn't bet)
Seat 5: marialazar folded on the Turn
Seat 6: Dorex2007 folded before Flop (didn't bet)
Seat 7: perffect16 folded before Flop (didn't bet)
Seat 8: rabbidsquirl (button) folded before Flop (didn't bet)
Seat 9: Sysrq03 (small blind) folded before Flop



PokerStars Hand #232828885410:  Hold'em No Limit ($0.01/$0.02 USD) - 2022/01/04 19:00:04 PT [2022/01/04 22:00:04 ET]
Table 'Ottegebe V' 9-max Seat #9 is the button
Seat 1: EuEraUmBebado ($2.37 in chips) 
Seat 2: fuerte12 ($1.08 in chips) 
Seat 3: GianniML ($2.14 in chips) 
Seat 4: yur4ik777 ($1.81 in chips) 
Seat 5: marialazar ($1.91 in chips) 
Seat 6: Dorex2007 ($2.17 in chips) 
Seat 7: perffect16 ($1.92 in chips) 
Seat 8: rabbidsquirl ($2.24 in chips) 
Seat 9: Sysrq03 ($3.72 in chips) 
EuEraUmBebado: posts small blind $0.01
fuerte12: posts big blind $0.02
*** HOLE CARDS ***
Dealt to Dorex2007 [7s Ts]
GianniML: folds 
yur4ik777: raises $0.04 to $0.06
marialazar: folds 
Dorex2007: folds 
perffect16: folds 
rabbidsquirl: calls $0.06
Sysrq03: folds 
EuEraUmBebado: folds 
fuerte12: calls $0.04
*** FLOP *** [9c Td 2h]
fuerte12: checks 
yur4ik777: checks 
rabbidsquirl: bets $0.10
fuerte12: folds 
yur4ik777: calls $0.10
*** TURN *** [9c Td 2h] [Kd]
yur4ik777: checks 
rabbidsquirl: checks 
*** RIVER *** [9c Td 2h Kd] [9d]
yur4ik777: bets $0.38
rabbidsquirl: folds 
Uncalled bet ($0.38) returned to yur4ik777
yur4ik777 collected $0.38 from pot
yur4ik777: doesn't show hand 
*** SUMMARY ***
Total pot $0.39 | Rake $0.01 
Board [9c Td 2h Kd 9d]
Seat 1: EuEraUmBebado (small blind) folded before Flop
Seat 2: fuerte12 (big blind) folded on the Flop
Seat 3: GianniML folded before Flop (didn't bet)
Seat 4: yur4ik777 collected ($0.38)
Seat 5: marialazar folded before Flop (didn't bet)
Seat 6: Dorex2007 folded before Flop (didn't bet)
Seat 7: perffect16 folded before Flop (didn't bet)
Seat 8: rabbidsquirl folded on the River
Seat 9: Sysrq03 (button) folded before Flop (didn't bet)



PokerStars Hand #232828900393:  Hold'em No Limit ($0.01/$0.02 USD) - 2022/01/04 19:01:11 PT [2022/01/04 22:01:11 ET]
Table 'Ottegebe V' 9-max Seat #1 is the button
Seat 1: EuEraUmBebado ($2.36 in chips) 
Seat 2: fuerte12 ($1.02 in chips) 
Seat 3: GianniML ($2.14 in chips) 
Seat 4: yur4ik777 ($2.03 in chips) 
Seat 5: marialazar ($1.91 in chips) 
Seat 6: Dorex2007 ($2.17 in chips) 
Seat 7: perffect16 ($1.92 in chips) 
Seat 8: rabbidsquirl ($2.08 in chips) 
Seat 9: Sysrq03 ($3.72 in chips) 
fuerte12: posts small blind $0.01
GianniML: posts big blind $0.02
*** HOLE CARDS ***
Dealt to Dorex2007 [Jh 8s]
yur4ik777: folds 
marialazar: folds 
Dorex2007: folds 
perffect16: folds 
rabbidsquirl: raises $0.04 to $0.06
Sysrq03: folds 
EuEraUmBebado: folds 
fuerte12: calls $0.05
GianniML: folds 
*** FLOP *** [7d 2s 5d]
fuerte12: bets $0.02
rabbidsquirl: calls $0.02
*** TURN *** [7d 2s 5d] [Ts]
fuerte12: bets $0.09
rabbidsquirl: calls $0.09
*** RIVER *** [7d 2s 5d Ts] [6s]
fuerte12: checks 
rabbidsquirl: bets $0.16
fuerte12: folds 
Uncalled bet ($0.16) returned to rabbidsquirl
rabbidsquirl collected $0.35 from pot
rabbidsquirl: doesn't show hand 
*** SUMMARY ***
Total pot $0.36 | Rake $0.01 
Board [7d 2s 5d Ts 6s]
Seat 1: EuEraUmBebado (button) folded before Flop (didn't bet)
Seat 2: fuerte12 (small blind) folded on the River
Seat 3: GianniML (big blind) folded before Flop
Seat 4: yur4ik777 folded before Flop (didn't bet)
Seat 5: marialazar folded before Flop (didn't bet)
Seat 6: Dorex2007 folded before Flop (didn't bet)
Seat 7: perffect16 folded before Flop (didn't bet)
Seat 8: rabbidsquirl collected ($0.35)
Seat 9: Sysrq03 folded before Flop (didn't bet)



PokerStars Hand #232828919293:  Hold'em No Limit ($0.01/$0.02 USD) - 2022/01/04 19:02:26 PT [2022/01/04 22:02:26 ET]
Table 'Ottegebe V' 9-max Seat #2 is the button
Seat 1: EuEraUmBebado ($2.36 in chips) 
Seat 2: fuerte12 ($0.85 in chips) 
Seat 3: GianniML ($2.12 in chips) 
Seat 4: yur4ik777 ($2.03 in chips) 
Seat 5: marialazar ($1.91 in chips) 
Seat 6: Dorex2007 ($2.17 in chips) 
Seat 7: perffect16 ($1.92 in chips) 
Seat 8: rabbidsquirl ($2.26 in chips) 
Seat 9: Sysrq03 ($3.72 in chips) 
GianniML: posts small blind $0.01
yur4ik777: posts big blind $0.02
*** HOLE CARDS ***
Dealt to Dorex2007 [5c 6c]
marialazar: folds 
Dorex2007: folds 
perffect16 has timed out
perffect16: folds 
rabbidsquirl: folds 
Sysrq03: folds 
EuEraUmBebado: raises $0.04 to $0.06
fuerte12: folds 
GianniML: calls $0.05
yur4ik777: calls $0.04
*** FLOP *** [Qc Th 2h]
GianniML: checks 
yur4ik777: checks 
EuEraUmBebado: bets $0.11
GianniML: folds 
yur4ik777: folds 
Uncalled bet ($0.11) returned to EuEraUmBebado
EuEraUmBebado collected $0.17 from pot
EuEraUmBebado: doesn't show hand 
*** SUMMARY ***
Total pot $0.18 | Rake $0.01 
Board [Qc Th 2h]
Seat 1: EuEraUmBebado collected ($0.17)
Seat 2: fuerte12 (button) folded before Flop (didn't bet)
Seat 3: GianniML (small blind) folded on the Flop
Seat 4: yur4ik777 (big blind) folded on the Flop
Seat 5: marialazar folded before Flop (didn't bet)
Seat 6: Dorex2007 folded before Flop (didn't bet)
Seat 7: perffect16 folded before Flop (didn't bet)
Seat 8: rabbidsquirl folded before Flop (didn't bet)
Seat 9: Sysrq03 folded before Flop (didn't bet)



PokerStars Hand #232828934657:  Hold'em No Limit ($0.01/$0.02 USD) - 2022/01/04 19:03:20 PT [2022/01/04 22:03:20 ET]
Table 'Ottegebe V' 9-max Seat #3 is the button
Seat 1: EuEraUmBebado ($2.47 in chips) 
Seat 2: fuerte12 ($0.85 in chips) 
Seat 3: GianniML ($2.06 in chips) 
Seat 4: yur4ik777 ($1.97 in chips) 
Seat 5: marialazar ($1.91 in chips) 
Seat 6: Dorex2007 ($2.17 in chips) 
Seat 8: rabbidsquirl ($2.26 in chips) 
Seat 9: Sysrq03 ($3.72 in chips) 
yur4ik777: posts small blind $0.01
marialazar: posts big blind $0.02
*** HOLE CARDS ***
Dealt to Dorex2007 [4d 5h]
Dorex2007: folds 
rabbidsquirl: folds 
Sysrq03: folds 
EuEraUmBebado: folds 
fuerte12: folds 
GianniML: folds 
yur4ik777: raises $0.04 to $0.06
marialazar: folds 
Uncalled bet ($0.04) returned to yur4ik777
yur4ik777 collected $0.04 from pot
yur4ik777: doesn't show hand 
*** SUMMARY ***
Total pot $0.04 | Rake $0 
Seat 1: EuEraUmBebado folded before Flop (didn't bet)
Seat 2: fuerte12 folded before Flop (didn't bet)
Seat 3: GianniML (button) folded before Flop (didn't bet)
Seat 4: yur4ik777 (small blind) collected ($0.04)
Seat 5: marialazar (big blind) folded before Flop
Seat 6: Dorex2007 folded before Flop (didn't bet)
Seat 8: rabbidsquirl folded before Flop (didn't bet)
Seat 9: Sysrq03 folded before Flop (didn't bet)



PokerStars Hand #232828940293:  Hold'em No Limit ($0.01/$0.02 USD) - 2022/01/04 19:03:43 PT [2022/01/04 22:03:43 ET]
Table 'Ottegebe V' 9-max Seat #4 is the button
Seat 1: EuEraUmBebado ($2.47 in chips) 
Seat 2: fuerte12 ($0.85 in chips) 
Seat 3: GianniML ($2.06 in chips) 
Seat 4: yur4ik777 ($1.99 in chips) 
Seat 5: marialazar ($1.89 in chips) 
Seat 6: Dorex2007 ($2.17 in chips) 
Seat 7: perffect16 ($1.92 in chips) 
Seat 8: rabbidsquirl ($2.26 in chips) 
Seat 9: Sysrq03 ($3.72 in chips) 
marialazar: posts small blind $0.01
Dorex2007: posts big blind $0.02
*** HOLE CARDS ***
Dealt to Dorex2007 [9d 5h]
perffect16: folds 
rabbidsquirl: raises $0.04 to $0.06
Sysrq03: calls $0.06
EuEraUmBebado: folds 
fuerte12: folds 
GianniML: folds 
yur4ik777: folds 
marialazar: calls $0.05
Dorex2007: folds 
*** FLOP *** [9s Qc 3c]
marialazar: checks 
rabbidsquirl: checks 
Sysrq03: bets $0.06
marialazar: folds 
rabbidsquirl: calls $0.06
*** TURN *** [9s Qc 3c] [9c]
rabbidsquirl: checks 
Sysrq03: bets $0.12
rabbidsquirl: calls $0.12
*** RIVER *** [9s Qc 3c 9c] [6d]
rabbidsquirl: checks 
Sysrq03 is disconnected 
Sysrq03 has timed out while disconnected
Sysrq03: checks 
*** SHOW DOWN ***
rabbidsquirl: shows [3s 6s] (two pair, Nines and Sixes)
Sysrq03: shows [Qd Kd] (two pair, Queens and Nines)
Sysrq03 collected $0.54 from pot
*** SUMMARY ***
Total pot $0.56 | Rake $0.02 
Board [9s Qc 3c 9c 6d]
Seat 1: EuEraUmBebado folded before Flop (didn't bet)
Seat 2: fuerte12 folded before Flop (didn't bet)
Seat 3: GianniML folded before Flop (didn't bet)
Seat 4: yur4ik777 (button) folded before Flop (didn't bet)
Seat 5: marialazar (small blind) folded on the Flop
Seat 6: Dorex2007 (big blind) folded before Flop
Seat 7: perffect16 folded before Flop (didn't bet)
Seat 8: rabbidsquirl showed [3s 6s] and lost with two pair, Nines and Sixes
Seat 9: Sysrq03 showed [Qd Kd] and won ($0.54) with two pair, Queens and Nines



PokerStars Hand #232828985600:  Hold'em No Limit ($0.01/$0.02 USD) - 2022/01/04 19:06:43 PT [2022/01/04 22:06:43 ET]
Table 'Ottegebe V' 9-max Seat #5 is the button
Seat 1: EuEraUmBebado ($2.47 in chips) 
Seat 2: fuerte12 ($0.85 in chips) 
Seat 3: GianniML ($2.06 in chips) 
Seat 4: yur4ik777 ($1.99 in chips) 
Seat 5: marialazar ($1.83 in chips) 
Seat 6: Dorex2007 ($2.15 in chips) 
Seat 7: perffect16 ($1.92 in chips) 
Seat 8: rabbidsquirl ($2.02 in chips) 
Seat 9: Sysrq03 ($4.02 in chips) 
Dorex2007: posts small blind $0.01
perffect16: posts big blind $0.02
*** HOLE CARDS ***
Dealt to Dorex2007 [Kd 3d]
rabbidsquirl: folds 
Sysrq03 has timed out while disconnected
Sysrq03: folds 
EuEraUmBebado: folds 
fuerte12: folds 
GianniML: folds 
yur4ik777: folds 
marialazar: folds 
Dorex2007: folds 
Uncalled bet ($0.01) returned to perffect16
perffect16 collected $0.02 from pot
perffect16: doesn't show hand 
*** SUMMARY ***
Total pot $0.02 | Rake $0 
Seat 1: EuEraUmBebado folded before Flop (didn't bet)
Seat 2: fuerte12 folded before Flop (didn't bet)
Seat 3: GianniML folded before Flop (didn't bet)
Seat 4: yur4ik777 folded before Flop (didn't bet)
Seat 5: marialazar (button) folded before Flop (didn't bet)
Seat 6: Dorex2007 (small blind) folded before Flop
Seat 7: perffect16 (big blind) collected ($0.02)
Seat 8: rabbidsquirl folded before Flop (didn't bet)
Seat 9: Sysrq03 folded before Flop (didn't bet)



PokerStars Hand #232828992832:  Hold'em No Limit ($0.01/$0.02 USD) - 2022/01/04 19:07:12 PT [2022/01/04 22:07:12 ET]
Table 'Ottegebe V' 9-max Seat #6 is the button
Seat 1: EuEraUmBebado ($2.47 in chips) 
Seat 2: fuerte12 ($0.85 in chips) 
Seat 3: GianniML ($2.06 in chips) 
Seat 4: yur4ik777 ($1.99 in chips) 
Seat 5: marialazar ($1.83 in chips) 
Seat 6: Dorex2007 ($2.14 in chips) 
Seat 7: perffect16 ($1.93 in chips) 
Seat 8: rabbidsquirl ($2.02 in chips) 
perffect16: posts small blind $0.01
rabbidsquirl: posts big blind $0.02
*** HOLE CARDS ***
Dealt to Dorex2007 [5d 7h]
EuEraUmBebado: raises $0.06 to $0.08
fuerte12: folds 
GianniML: folds 
yur4ik777: folds 
marialazar: folds 
Dorex2007: folds 
perffect16: folds 
rabbidsquirl: calls $0.06
*** FLOP *** [Ks 6d Kc]
rabbidsquirl: checks 
EuEraUmBebado: bets $0.11
rabbidsquirl: calls $0.11
*** TURN *** [Ks 6d Kc] [3s]
rabbidsquirl: checks 
EuEraUmBebado: checks 
*** RIVER *** [Ks 6d Kc 3s] [As]
rabbidsquirl: checks 
EuEraUmBebado: bets $0.19
rabbidsquirl: calls $0.19
*** SHOW DOWN ***
EuEraUmBebado: shows [Tc Ac] (two pair, Aces and Kings)
rabbidsquirl: mucks hand 
EuEraUmBebado collected $0.74 from pot
*** SUMMARY ***
Total pot $0.77 | Rake $0.03 
Board [Ks 6d Kc 3s As]
Seat 1: EuEraUmBebado showed [Tc Ac] and won ($0.74) with two pair, Aces and Kings
Seat 2: fuerte12 folded before Flop (didn't bet)
Seat 3: GianniML folded before Flop (didn't bet)
Seat 4: yur4ik777 folded before Flop (didn't bet)
Seat 5: marialazar folded before Flop (didn't bet)
Seat 6: Dorex2007 (button) folded before Flop (didn't bet)
Seat 7: perffect16 (small blind) folded before Flop
Seat 8: rabbidsquirl (big blind) mucked [2d 2s]



PokerStars Hand #232829006956:  Hold'em No Limit ($0.01/$0.02 USD) - 2022/01/04 19:08:09 PT [2022/01/04 22:08:09 ET]
Table 'Ottegebe V' 9-max Seat #7 is the button
Seat 1: EuEraUmBebado ($2.83 in chips) 
Seat 2: fuerte12 ($0.85 in chips) 
Seat 3: GianniML ($2.06 in chips) 
Seat 4: yur4ik777 ($1.99 in chips) 
Seat 5: marialazar ($1.83 in chips) 
Seat 6: Dorex2007 ($2.14 in chips) 
Seat 7: perffect16 ($1.92 in chips) 
Seat 8: rabbidsquirl ($1.64 in chips) 
Seat 9: Sysrq03 ($4.02 in chips) 
rabbidsquirl: posts small blind $0.01
Sysrq03: posts big blind $0.02
*** HOLE CARDS ***
Dealt to Dorex2007 [3c Qd]
EuEraUmBebado: folds 
fuerte12: folds 
GianniML: folds 
yur4ik777: folds 
marialazar: raises $0.04 to $0.06
Dorex2007: folds 
perffect16: folds 
rabbidsquirl: folds 
Sysrq03: folds 
Uncalled bet ($0.04) returned to marialazar
marialazar collected $0.05 from pot
*** SUMMARY ***
Total pot $0.05 | Rake $0 
Seat 1: EuEraUmBebado folded before Flop (didn't bet)
Seat 2: fuerte12 folded before Flop (didn't bet)
Seat 3: GianniML folded before Flop (didn't bet)
Seat 4: yur4ik777 folded before Flop (didn't bet)
Seat 5: marialazar collected ($0.05)
Seat 6: Dorex2007 folded before Flop (didn't bet)
Seat 7: perffect16 (button) folded before Flop (didn't bet)
Seat 8: rabbidsquirl (small blind) folded before Flop
Seat 9: Sysrq03 (big blind) folded before Flop



PokerStars Hand #232829011284:  Hold'em No Limit ($0.01/$0.02 USD) - 2022/01/04 19:08:27 PT [2022/01/04 22:08:27 ET]
Table 'Ottegebe V' 9-max Seat #8 is the button
Seat 1: EuEraUmBebado ($2.83 in chips) 
Seat 2: fuerte12 ($0.85 in chips) 
Seat 3: GianniML ($2.06 in chips) 
Seat 4: yur4ik777 ($1.99 in chips) 
Seat 5: marialazar ($1.86 in chips) 
Seat 6: Dorex2007 ($2.14 in chips) 
Seat 7: perffect16 ($1.92 in chips) 
Seat 8: rabbidsquirl ($1.63 in chips) 
Seat 9: Sysrq03 ($4 in chips) 
Sysrq03: posts small blind $0.01
EuEraUmBebado: posts big blind $0.02
*** HOLE CARDS ***
Dealt to Dorex2007 [Th Td]
fuerte12: folds 
GianniML: folds 
yur4ik777: folds 
marialazar: folds 
Dorex2007: raises $0.02 to $0.04
perffect16: folds 
rabbidsquirl: folds 
Sysrq03: folds 
EuEraUmBebado: calls $0.02
*** FLOP *** [Tc Kc Qd]
EuEraUmBebado: checks 
Dorex2007: bets $0.09
EuEraUmBebado: calls $0.09
*** TURN *** [Tc Kc Qd] [9h]
EuEraUmBebado: checks 
Dorex2007: bets $0.26
EuEraUmBebado: raises $0.36 to $0.62
Dorex2007: calls $0.36
*** RIVER *** [Tc Kc Qd 9h] [5s]
EuEraUmBebado: bets $2.08 and is all-in
yur4ik777 leaves the table
Dorex2007: calls $1.39 and is all-in
Uncalled bet ($0.69) returned to EuEraUmBebado
*** SHOW DOWN ***
EuEraUmBebado: shows [9s Jc] (a straight, Nine to King)
Dorex2007: shows [Th Td] (three of a kind, Tens)
EuEraUmBebado collected $4.14 from pot
*** SUMMARY ***
Total pot $4.29 | Rake $0.15 
Board [Tc Kc Qd 9h 5s]
Seat 1: EuEraUmBebado (big blind) showed [9s Jc] and won ($4.14) with a straight, Nine to King
Seat 2: fuerte12 folded before Flop (didn't bet)
Seat 3: GianniML folded before Flop (didn't bet)
Seat 4: yur4ik777 folded before Flop (didn't bet)
Seat 5: marialazar folded before Flop (didn't bet)
Seat 6: Dorex2007 showed [Th Td] and lost with three of a kind, Tens
Seat 7: perffect16 folded before Flop (didn't bet)
Seat 8: rabbidsquirl (button) folded before Flop (didn't bet)
Seat 9: Sysrq03 (small blind) folded before Flop



PokerStars Hand #232829054120:  Hold'em No Limit ($0.01/$0.02 USD) - 2022/01/04 19:10:25 PT [2022/01/04 22:10:25 ET]
Table 'Ottegebe V' 9-max Seat #9 is the button
Seat 1: EuEraUmBebado ($4.83 in chips) 
Seat 2: fuerte12 ($0.85 in chips) 
Seat 3: GianniML ($2.06 in chips) 
Seat 5: marialazar ($1.86 in chips) 
Seat 6: Dorex2007 ($2 in chips) 
Seat 7: perffect16 ($1.92 in chips) 
Seat 8: rabbidsquirl ($1.63 in chips) 
Seat 9: Sysrq03 ($3.99 in chips) 
EuEraUmBebado: posts small blind $0.01
fuerte12: posts big blind $0.02
*** HOLE CARDS ***
Dealt to Dorex2007 [Kd Ts]
GianniML: folds 
marialazar: folds 
Dorex2007 said, "had to see"
marialazar leaves the table
Dorex2007: calls $0.02
EuEraUmBebado said, ":)"
perffect16: calls $0.02
rabbidsquirl: folds 
Sysrq03: folds 
EuEraUmBebado: folds 
fuerte12: checks 
*** FLOP *** [Kh Ks 4c]
fuerte12: checks 
Dorex2007: bets $0.07
perffect16: folds 
fuerte12: calls $0.07
*** TURN *** [Kh Ks 4c] [5c]
fuerte12: checks 
Dorex2007: bets $0.20
fuerte12: calls $0.20
*** RIVER *** [Kh Ks 4c 5c] [8d]
fuerte12: checks 
Dorex2007: bets $0.59
fuerte12: calls $0.56 and is all-in
Uncalled bet ($0.03) returned to Dorex2007
*** SHOW DOWN ***
Dorex2007: shows [Kd Ts] (three of a kind, Kings)
fuerte12: shows [4d Kc] (a full house, Kings full of Fours)
fuerte12 collected $1.67 from pot
*** SUMMARY ***
Total pot $1.73 | Rake $0.06 
Board [Kh Ks 4c 5c 8d]
Seat 1: EuEraUmBebado (small blind) folded before Flop
Seat 2: fuerte12 (big blind) showed [4d Kc] and won ($1.67) with a full house, Kings full of Fours
Seat 3: GianniML folded before Flop (didn't bet)
Seat 5: marialazar folded before Flop (didn't bet)
Seat 6: Dorex2007 showed [Kd Ts] and lost with three of a kind, Kings
Seat 7: perffect16 folded on the Flop
Seat 8: rabbidsquirl folded before Flop (didn't bet)
Seat 9: Sysrq03 (button) folded before Flop (didn't bet)



PokerStars Hand #232829078432:  Hold'em No Limit ($0.01/$0.02 USD) - 2022/01/04 19:12:03 PT [2022/01/04 22:12:03 ET]
Table 'Ottegebe V' 9-max Seat #1 is the button
Seat 1: EuEraUmBebado ($4.82 in chips) 
Seat 2: fuerte12 ($1.67 in chips) 
Seat 3: GianniML ($2.06 in chips) 
Seat 6: Dorex2007 ($2 in chips) 
Seat 7: perffect16 ($1.90 in chips) 
Seat 8: rabbidsquirl ($1.63 in chips) 
Seat 9: Sysrq03 ($3.99 in chips) 
fuerte12: posts small blind $0.01
GianniML: posts big blind $0.02
*** HOLE CARDS ***
Dealt to Dorex2007 [6s 5h]
VTN*81 joins the table at seat #4 
Dorex2007: folds 
perffect16: folds 
rabbidsquirl: raises $0.04 to $0.06
insidevoom joins the table at seat #5 
Sysrq03: folds 
EuEraUmBebado: folds 
fuerte12: folds 
GianniML has timed out
GianniML: folds 
Uncalled bet ($0.04) returned to rabbidsquirl
rabbidsquirl collected $0.05 from pot
rabbidsquirl: doesn't show hand 
*** SUMMARY ***
Total pot $0.05 | Rake $0 
Seat 1: EuEraUmBebado (button) folded before Flop (didn't bet)
Seat 2: fuerte12 (small blind) folded before Flop
Seat 3: GianniML (big blind) folded before Flop
Seat 6: Dorex2007 folded before Flop (didn't bet)
Seat 7: perffect16 folded before Flop (didn't bet)
Seat 8: rabbidsquirl collected ($0.05)
Seat 9: Sysrq03 folded before Flop (didn't bet)



PokerStars Hand #232829096712:  Hold'em No Limit ($0.01/$0.02 USD) - 2022/01/04 19:12:57 PT [2022/01/04 22:12:57 ET]
Table 'Ottegebe V' 9-max Seat #2 is the button
Seat 1: EuEraUmBebado ($4.82 in chips) 
Seat 2: fuerte12 ($1.66 in chips) 
Seat 6: Dorex2007 ($2 in chips) 
Seat 7: perffect16 ($1.90 in chips) 
Seat 8: rabbidsquirl ($1.66 in chips) 
Seat 9: Sysrq03 ($3.99 in chips) 
Dorex2007: posts small blind $0.01
perffect16: posts big blind $0.02
*** HOLE CARDS ***
Dealt to Dorex2007 [Ah 7h]
rabbidsquirl: folds 
Sysrq03: folds 
EuEraUmBebado: folds 
fuerte12: folds 
Dorex2007: calls $0.01
perffect16: checks 
*** FLOP *** [7s Kd Qs]
Dorex2007: checks 
perffect16: checks 
*** TURN *** [7s Kd Qs] [Kh]
Dorex2007: checks 
perffect16: checks 
*** RIVER *** [7s Kd Qs Kh] [9s]
Dorex2007: checks 
perffect16: checks 
*** SHOW DOWN ***
Dorex2007: shows [Ah 7h] (two pair, Kings and Sevens)
perffect16: mucks hand 
Dorex2007 collected $0.04 from pot
*** SUMMARY ***
Total pot $0.04 | Rake $0 
Board [7s Kd Qs Kh 9s]
Seat 1: EuEraUmBebado folded before Flop (didn't bet)
Seat 2: fuerte12 (button) folded before Flop (didn't bet)
Seat 6: Dorex2007 (small blind) showed [Ah 7h] and won ($0.04) with two pair, Kings and Sevens
Seat 7: perffect16 (big blind) mucked [Tc 8h]
Seat 8: rabbidsquirl folded before Flop (didn't bet)
Seat 9: Sysrq03 folded before Flop (didn't bet)



PokerStars Hand #232829105526:  Hold'em No Limit ($0.01/$0.02 USD) - 2022/01/04 19:13:32 PT [2022/01/04 22:13:32 ET]
Table 'Ottegebe V' 9-max Seat #6 is the button
Seat 1: EuEraUmBebado ($4.82 in chips) 
Seat 2: fuerte12 ($1.66 in chips) 
Seat 6: Dorex2007 ($2.02 in chips) 
Seat 7: perffect16 ($1.88 in chips) 
Seat 8: rabbidsquirl ($1.66 in chips) 
Seat 9: Sysrq03 ($3.99 in chips) 
perffect16: posts small blind $0.01
rabbidsquirl: posts big blind $0.02
VTN*81: sits out 
insidevoom: sits out 
*** HOLE CARDS ***
Dealt to Dorex2007 [2d 3d]
Sysrq03: folds 
EuEraUmBebado: folds 
fuerte12: folds 
Dorex2007: folds 
perffect16: calls $0.01
rabbidsquirl: raises $0.06 to $0.08
perffect16: folds 
Uncalled bet ($0.06) returned to rabbidsquirl
rabbidsquirl collected $0.04 from pot
rabbidsquirl: doesn't show hand 
*** SUMMARY ***
Total pot $0.04 | Rake $0 
Seat 1: EuEraUmBebado folded before Flop (didn't bet)
Seat 2: fuerte12 folded before Flop (didn't bet)
Seat 6: Dorex2007 (button) folded before Flop (didn't bet)
Seat 7: perffect16 (small blind) folded before Flop
Seat 8: rabbidsquirl (big blind) collected ($0.04)
Seat 9: Sysrq03 folded before Flop (didn't bet)



PokerStars Hand #232829113832:  Hold'em No Limit ($0.01/$0.02 USD) - 2022/01/04 19:14:06 PT [2022/01/04 22:14:06 ET]
Table 'Ottegebe V' 9-max Seat #7 is the button
Seat 1: EuEraUmBebado ($4.82 in chips) 
Seat 2: fuerte12 ($1.66 in chips) 
Seat 5: insidevoom ($0.80 in chips) 
Seat 6: Dorex2007 ($2.02 in chips) 
Seat 7: perffect16 ($1.86 in chips) 
Seat 8: rabbidsquirl ($1.68 in chips) 
Seat 9: Sysrq03 ($3.99 in chips) 
rabbidsquirl: posts small blind $0.01
Sysrq03: posts big blind $0.02
VTN*81: sits out 
insidevoom: posts big blind $0.02
*** HOLE CARDS ***
Dealt to Dorex2007 [3h 7d]
EuEraUmBebado: folds 
fuerte12: folds 
insidevoom: checks 
Dorex2007: folds 
perffect16: raises $0.04 to $0.06
rabbidsquirl: folds 
Sysrq03: calls $0.04
insidevoom: calls $0.04
*** FLOP *** [3c Ts 9d]
Sysrq03: checks 
insidevoom: checks 
perffect16: bets $0.09
Sysrq03: folds 
insidevoom: folds 
Uncalled bet ($0.09) returned to perffect16
perffect16 collected $0.18 from pot
perffect16: doesn't show hand 
*** SUMMARY ***
Total pot $0.19 | Rake $0.01 
Board [3c Ts 9d]
Seat 1: EuEraUmBebado folded before Flop (didn't bet)
Seat 2: fuerte12 folded before Flop (didn't bet)
Seat 5: insidevoom folded on the Flop
Seat 6: Dorex2007 folded before Flop (didn't bet)
Seat 7: perffect16 (button) collected ($0.18)
Seat 8: rabbidsquirl (small blind) folded before Flop
Seat 9: Sysrq03 (big blind) folded on the Flop



PokerStars Hand #232829122911:  Hold'em No Limit ($0.01/$0.02 USD) - 2022/01/04 19:14:44 PT [2022/01/04 22:14:44 ET]
Table 'Ottegebe V' 9-max Seat #8 is the button
Seat 1: EuEraUmBebado ($4.82 in chips) 
Seat 2: fuerte12 ($1.66 in chips) 
Seat 5: insidevoom ($0.74 in chips) 
Seat 6: Dorex2007 ($2.02 in chips) 
Seat 7: perffect16 ($1.98 in chips) 
Seat 8: rabbidsquirl ($1.67 in chips) 
Seat 9: Sysrq03 ($3.93 in chips) 
Sysrq03: posts small blind $0.01
EuEraUmBebado: posts big blind $0.02
VTN*81: sits out 
*** HOLE CARDS ***
Dealt to Dorex2007 [Ac 9c]
fuerte12: calls $0.02
insidevoom: folds 
Dorex2007: folds 
perffect16: folds 
rabbidsquirl: folds 
Sysrq03: calls $0.01
EuEraUmBebado: checks 
*** FLOP *** [Ts 2d 6s]
Sysrq03: checks 
EuEraUmBebado: checks 
fuerte12: bets $0.06
Sysrq03: folds 
EuEraUmBebado: folds 
Uncalled bet ($0.06) returned to fuerte12
fuerte12 collected $0.06 from pot
*** SUMMARY ***
Total pot $0.06 | Rake $0 
Board [Ts 2d 6s]
Seat 1: EuEraUmBebado (big blind) folded on the Flop
Seat 2: fuerte12 collected ($0.06)
Seat 5: insidevoom folded before Flop (didn't bet)
Seat 6: Dorex2007 folded before Flop (didn't bet)
Seat 7: perffect16 folded before Flop (didn't bet)
Seat 8: rabbidsquirl (button) folded before Flop (didn't bet)
Seat 9: Sysrq03 (small blind) folded on the Flop



PokerStars Hand #232829133503:  Hold'em No Limit ($0.01/$0.02 USD) - 2022/01/04 19:15:28 PT [2022/01/04 22:15:28 ET]
Table 'Ottegebe V' 9-max Seat #9 is the button
Seat 1: EuEraUmBebado ($4.80 in chips) 
Seat 2: fuerte12 ($1.70 in chips) 
Seat 5: insidevoom ($0.74 in chips) 
Seat 6: Dorex2007 ($2.02 in chips) 
Seat 7: perffect16 ($1.98 in chips) 
Seat 8: rabbidsquirl ($1.67 in chips) 
Seat 9: Sysrq03 ($3.91 in chips) 
EuEraUmBebado: posts small blind $0.01
fuerte12: posts big blind $0.02
VTN*81: sits out 
*** HOLE CARDS ***
Dealt to Dorex2007 [4h 6d]
insidevoom: folds 
Dorex2007: folds 
perffect16: folds 
rabbidsquirl: folds 
Sysrq03: raises $0.04 to $0.06
EuEraUmBebado: calls $0.05
fuerte12: folds 
*** FLOP *** [Jh 9s 3c]
EuEraUmBebado: checks 
perffect16 leaves the table
Sysrq03: bets $0.06
GaboChula joins the table at seat #7 
EuEraUmBebado: folds 
Uncalled bet ($0.06) returned to Sysrq03
Sysrq03 collected $0.14 from pot
*** SUMMARY ***
Total pot $0.14 | Rake $0 
Board [Jh 9s 3c]
Seat 1: EuEraUmBebado (small blind) folded on the Flop
Seat 2: fuerte12 (big blind) folded before Flop
Seat 5: insidevoom folded before Flop (didn't bet)
Seat 6: Dorex2007 folded before Flop (didn't bet)
Seat 7: perffect16 folded before Flop (didn't bet)
Seat 8: rabbidsquirl folded before Flop (didn't bet)
Seat 9: Sysrq03 (button) collected ($0.14)



PokerStars Hand #232829147394:  Hold'em No Limit ($0.01/$0.02 USD) - 2022/01/04 19:16:25 PT [2022/01/04 22:16:25 ET]
Table 'Ottegebe V' 9-max Seat #1 is the button
Seat 1: EuEraUmBebado ($4.74 in chips) 
Seat 2: fuerte12 ($1.68 in chips) 
Seat 4: VTN*81 ($2 in chips) 
Seat 5: insidevoom ($0.74 in chips) 
Seat 6: Dorex2007 ($2.02 in chips) 
Seat 8: rabbidsquirl ($1.67 in chips) 
Seat 9: Sysrq03 ($3.99 in chips) 
fuerte12: posts small blind $0.01
VTN*81: posts big blind $0.02
GaboChula: sits out 
*** HOLE CARDS ***
Dealt to Dorex2007 [Ad 7s]
insidevoom: folds 
Dorex2007: folds 
rabbidsquirl: raises $0.04 to $0.06
Sysrq03: folds 
EuEraUmBebado: folds 
fuerte12: calls $0.05
VTN*81: calls $0.04
*** FLOP *** [5h Js 2s]
fuerte12: checks 
VTN*81: checks 
rabbidsquirl: bets $0.10
fuerte12: folds 
VTN*81: folds 
Uncalled bet ($0.10) returned to rabbidsquirl
rabbidsquirl collected $0.17 from pot
rabbidsquirl: doesn't show hand 
*** SUMMARY ***
Total pot $0.18 | Rake $0.01 
Board [5h Js 2s]
Seat 1: EuEraUmBebado (button) folded before Flop (didn't bet)
Seat 2: fuerte12 (small blind) folded on the Flop
Seat 4: VTN*81 (big blind) folded on the Flop
Seat 5: insidevoom folded before Flop (didn't bet)
Seat 6: Dorex2007 folded before Flop (didn't bet)
Seat 8: rabbidsquirl collected ($0.17)
Seat 9: Sysrq03 folded before Flop (didn't bet)



PokerStars Hand #232829157258:  Hold'em No Limit ($0.01/$0.02 USD) - 2022/01/04 19:17:05 PT [2022/01/04 22:17:05 ET]
Table 'Ottegebe V' 9-max Seat #2 is the button
Seat 1: EuEraUmBebado ($4.74 in chips) 
Seat 2: fuerte12 ($1.62 in chips) 
Seat 4: VTN*81 ($1.94 in chips) 
Seat 5: insidevoom ($0.74 in chips) 
Seat 6: Dorex2007 ($2.02 in chips) 
Seat 8: rabbidsquirl ($1.78 in chips) 
Seat 9: Sysrq03 ($3.99 in chips) 
VTN*81: posts small blind $0.01
insidevoom: posts big blind $0.02
GaboChula: sits out 
*** HOLE CARDS ***
Dealt to Dorex2007 [2h 6d]
Dorex2007: folds 
rabbidsquirl: folds 
Sysrq03: folds 
EuEraUmBebado: raises $0.04 to $0.06
fuerte12: folds 
VTN*81: calls $0.05
insidevoom: calls $0.04
*** FLOP *** [Kd 3c 9c]
VTN*81: checks 
insidevoom: checks 
EuEraUmBebado: bets $0.09
VTN*81: calls $0.09
insidevoom: calls $0.09
*** TURN *** [Kd 3c 9c] [Td]
VTN*81: checks 
insidevoom: checks 
EuEraUmBebado: checks 
*** RIVER *** [Kd 3c 9c Td] [Jc]
VTN*81: bets $0.43
insidevoom: folds 
EuEraUmBebado: folds 
Uncalled bet ($0.43) returned to VTN*81
VTN*81 collected $0.43 from pot
VTN*81: doesn't show hand 
*** SUMMARY ***
Total pot $0.45 | Rake $0.02 
Board [Kd 3c 9c Td Jc]
Seat 1: EuEraUmBebado folded on the River
Seat 2: fuerte12 (button) folded before Flop (didn't bet)
Seat 4: VTN*81 (small blind) collected ($0.43)
Seat 5: insidevoom (big blind) folded on the River
Seat 6: Dorex2007 folded before Flop (didn't bet)
Seat 8: rabbidsquirl folded before Flop (didn't bet)
Seat 9: Sysrq03 folded before Flop (didn't bet)



PokerStars Hand #232829173245:  Hold'em No Limit ($0.01/$0.02 USD) - 2022/01/04 19:18:11 PT [2022/01/04 22:18:11 ET]
Table 'Ottegebe V' 9-max Seat #4 is the button
Seat 1: EuEraUmBebado ($4.59 in chips) 
Seat 2: fuerte12 ($1.62 in chips) 
Seat 4: VTN*81 ($2.22 in chips) 
Seat 5: insidevoom ($0.59 in chips) 
Seat 6: Dorex2007 ($2.02 in chips) 
Seat 7: GaboChula ($1 in chips) 
Seat 8: rabbidsquirl ($1.78 in chips) 
Seat 9: Sysrq03 ($3.99 in chips) 
insidevoom: posts small blind $0.01
Dorex2007: posts big blind $0.02
GaboChula: posts big blind $0.02
*** HOLE CARDS ***
Dealt to Dorex2007 [Qs 7h]
GaboChula: checks 
rabbidsquirl: folds 
Sysrq03: folds 
EuEraUmBebado: raises $0.04 to $0.06
fuerte12: folds 
VTN*81: folds 
insidevoom: folds 
Dorex2007: folds 
GaboChula: folds 
Uncalled bet ($0.04) returned to EuEraUmBebado
EuEraUmBebado collected $0.07 from pot
EuEraUmBebado: doesn't show hand 
*** SUMMARY ***
Total pot $0.07 | Rake $0 
Seat 1: EuEraUmBebado collected ($0.07)
Seat 2: fuerte12 folded before Flop (didn't bet)
Seat 4: VTN*81 (button) folded before Flop (didn't bet)
Seat 5: insidevoom (small blind) folded before Flop
Seat 6: Dorex2007 (big blind) folded before Flop
Seat 7: GaboChula folded before Flop (didn't bet)
Seat 8: rabbidsquirl folded before Flop (didn't bet)
Seat 9: Sysrq03 folded before Flop (didn't bet)



PokerStars Hand #232829179952:  Hold'em No Limit ($0.01/$0.02 USD) - 2022/01/04 19:18:39 PT [2022/01/04 22:18:39 ET]
Table 'Ottegebe V' 9-max Seat #5 is the button
Seat 1: EuEraUmBebado ($4.64 in chips) 
Seat 2: fuerte12 ($1.62 in chips) 
Seat 4: VTN*81 ($2.22 in chips) 
Seat 5: insidevoom ($0.58 in chips) 
Seat 6: Dorex2007 ($2 in chips) 
Seat 7: GaboChula ($0.98 in chips) 
Seat 8: rabbidsquirl ($1.78 in chips) 
Seat 9: Sysrq03 ($3.99 in chips) 
Dorex2007: posts small blind $0.01
GaboChula: posts big blind $0.02
*** HOLE CARDS ***
Dealt to Dorex2007 [Jh Ks]
rabbidsquirl: folds 
Sysrq03: raises $0.04 to $0.06
EuEraUmBebado: folds 
fuerte12: folds 
VTN*81: calls $0.06
insidevoom: folds 
Dorex2007: folds 
GaboChula: folds 
*** FLOP *** [8h Ts 3d]
Sysrq03: checks 
VTN*81: bets $0.07
Sysrq03: calls $0.07
*** TURN *** [8h Ts 3d] [7c]
Sysrq03: checks 
VTN*81: bets $0.18
Sysrq03: raises $0.28 to $0.46
VTN*81: folds 
Uncalled bet ($0.28) returned to Sysrq03
Sysrq03 collected $0.63 from pot
*** SUMMARY ***
Total pot $0.65 | Rake $0.02 
Board [8h Ts 3d 7c]
Seat 1: EuEraUmBebado folded before Flop (didn't bet)
Seat 2: fuerte12 folded before Flop (didn't bet)
Seat 4: VTN*81 folded on the Turn
Seat 5: insidevoom (button) folded before Flop (didn't bet)
Seat 6: Dorex2007 (small blind) folded before Flop
Seat 7: GaboChula (big blind) folded before Flop
Seat 8: rabbidsquirl folded before Flop (didn't bet)
Seat 9: Sysrq03 collected ($0.63)



PokerStars Hand #232829195608:  Hold'em No Limit ($0.01/$0.02 USD) - 2022/01/04 19:19:45 PT [2022/01/04 22:19:45 ET]
Table 'Ottegebe V' 9-max Seat #6 is the button
Seat 1: EuEraUmBebado ($4.64 in chips) 
Seat 2: fuerte12 ($1.62 in chips) 
Seat 4: VTN*81 ($1.91 in chips) 
Seat 5: insidevoom ($0.58 in chips) 
Seat 6: Dorex2007 ($2 in chips) 
Seat 7: GaboChula ($0.96 in chips) 
Seat 8: rabbidsquirl ($1.78 in chips) 
Seat 9: Sysrq03 ($4.31 in chips) 
GaboChula: posts small blind $0.01
rabbidsquirl: posts big blind $0.02
*** HOLE CARDS ***
Dealt to Dorex2007 [Qh Kc]
Sysrq03: folds 
EuEraUmBebado: folds 
fuerte12: calls $0.02
VTN*81: calls $0.02
insidevoom: folds 
Dorex2007: calls $0.02
GaboChula: folds 
rabbidsquirl: checks 
*** FLOP *** [9c Kd 7s]
rabbidsquirl: checks 
fuerte12: bets $0.09
VTN*81: folds 
Dorex2007: raises $0.11 to $0.20
rabbidsquirl: folds 
fuerte12: calls $0.11
*** TURN *** [9c Kd 7s] [4s]
fuerte12: checks 
Dorex2007: checks 
*** RIVER *** [9c Kd 7s 4s] [8d]
fuerte12: checks 
Dorex2007: checks 
*** SHOW DOWN ***
fuerte12: shows [Jc Ks] (a pair of Kings)
Dorex2007: shows [Qh Kc] (a pair of Kings - Queen kicker)
Dorex2007 collected $0.47 from pot
*** SUMMARY ***
Total pot $0.49 | Rake $0.02 
Board [9c Kd 7s 4s 8d]
Seat 1: EuEraUmBebado folded before Flop (didn't bet)
Seat 2: fuerte12 showed [Jc Ks] and lost with a pair of Kings
Seat 4: VTN*81 folded on the Flop
Seat 5: insidevoom folded before Flop (didn't bet)
Seat 6: Dorex2007 (button) showed [Qh Kc] and won ($0.47) with a pair of Kings
Seat 7: GaboChula (small blind) folded before Flop
Seat 8: rabbidsquirl (big blind) folded on the Flop
Seat 9: Sysrq03 folded before Flop (didn't bet)



PokerStars Hand #232829211087:  Hold'em No Limit ($0.01/$0.02 USD) - 2022/01/04 19:20:51 PT [2022/01/04 22:20:51 ET]
Table 'Ottegebe V' 9-max Seat #7 is the button
Seat 1: EuEraUmBebado ($4.64 in chips) 
Seat 2: fuerte12 ($1.40 in chips) 
Seat 4: VTN*81 ($1.89 in chips) 
Seat 5: insidevoom ($0.58 in chips) 
Seat 6: Dorex2007 ($2.25 in chips) 
Seat 7: GaboChula ($0.95 in chips) 
Seat 8: rabbidsquirl ($1.76 in chips) 
Seat 9: Sysrq03 ($4.31 in chips) 
rabbidsquirl: posts small blind $0.01
Sysrq03: posts big blind $0.02
*** HOLE CARDS ***
Dealt to Dorex2007 [Qs 3d]
EuEraUmBebado: folds 
fuerte12: calls $0.02
VTN*81: raises $0.04 to $0.06
insidevoom: folds 
Dorex2007: folds 
GaboChula: folds 
rabbidsquirl: folds 
Sysrq03: folds 
fuerte12: calls $0.04
*** FLOP *** [5c 7s 7h]
fuerte12: bets $0.02
VTN*81: calls $0.02
*** TURN *** [5c 7s 7h] [Qh]
fuerte12: bets $0.02
VTN*81: calls $0.02
*** RIVER *** [5c 7s 7h Qh] [Jc]
fuerte12: bets $0.11
VTN*81: folds 
Uncalled bet ($0.11) returned to fuerte12
fuerte12 collected $0.22 from pot
*** SUMMARY ***
Total pot $0.23 | Rake $0.01 
Board [5c 7s 7h Qh Jc]
Seat 1: EuEraUmBebado folded before Flop (didn't bet)
Seat 2: fuerte12 collected ($0.22)
Seat 4: VTN*81 folded on the River
Seat 5: insidevoom folded before Flop (didn't bet)
Seat 6: Dorex2007 folded before Flop (didn't bet)
Seat 7: GaboChula (button) folded before Flop (didn't bet)
Seat 8: rabbidsquirl (small blind) folded before Flop
Seat 9: Sysrq03 (big blind) folded before Flop



PokerStars Hand #232829222972:  Hold'em No Limit ($0.01/$0.02 USD) - 2022/01/04 19:21:42 PT [2022/01/04 22:21:42 ET]
Table 'Ottegebe V' 9-max Seat #8 is the button
Seat 1: EuEraUmBebado ($4.64 in chips) 
Seat 4: VTN*81 ($1.79 in chips) 
Seat 5: insidevoom ($0.58 in chips) 
Seat 6: Dorex2007 ($2.25 in chips) 
Seat 7: GaboChula ($0.95 in chips) 
Seat 8: rabbidsquirl ($1.75 in chips) 
Seat 9: Sysrq03 ($4.29 in chips) 
Sysrq03: posts small blind $0.01
EuEraUmBebado: posts big blind $0.02
*** HOLE CARDS ***
Dealt to Dorex2007 [Js Qs]
VTN*81: folds 
insidevoom: folds 
Dorex2007: folds 
GaboChula: folds 
rabbidsquirl: raises $0.04 to $0.06
Sysrq03: folds 
EuEraUmBebado: folds 
Uncalled bet ($0.04) returned to rabbidsquirl
rabbidsquirl collected $0.05 from pot
rabbidsquirl: doesn't show hand 
*** SUMMARY ***
Total pot $0.05 | Rake $0 
Seat 1: EuEraUmBebado (big blind) folded before Flop
Seat 4: VTN*81 folded before Flop (didn't bet)
Seat 5: insidevoom folded before Flop (didn't bet)
Seat 6: Dorex2007 folded before Flop (didn't bet)
Seat 7: GaboChula folded before Flop (didn't bet)
Seat 8: rabbidsquirl (button) collected ($0.05)
Seat 9: Sysrq03 (small blind) folded before Flop



PokerStars Hand #232829229969:  Hold'em No Limit ($0.01/$0.02 USD) - 2022/01/04 19:22:12 PT [2022/01/04 22:22:12 ET]
Table 'Ottegebe V' 9-max Seat #9 is the button
Seat 1: EuEraUmBebado ($4.62 in chips) 
Seat 4: VTN*81 ($1.79 in chips) 
Seat 5: insidevoom ($0.58 in chips) 
Seat 6: Dorex2007 ($2.25 in chips) 
Seat 7: GaboChula ($0.95 in chips) 
Seat 8: rabbidsquirl ($1.78 in chips) 
Seat 9: Sysrq03 ($4.28 in chips) 
EuEraUmBebado: posts small blind $0.01
VTN*81: posts big blind $0.02
*** HOLE CARDS ***
Dealt to Dorex2007 [6c 6d]
insidevoom: folds 
Dorex2007: folds 
GaboChula: folds 
rabbidsquirl: folds 
Sysrq03: folds 
EuEraUmBebado: raises $0.04 to $0.06
VTN*81: calls $0.04
*** FLOP *** [Ah Th 9d]
EuEraUmBebado: bets $0.06
VTN*81: calls $0.06
*** TURN *** [Ah Th 9d] [4d]
EuEraUmBebado: checks 
VTN*81: checks 
*** RIVER *** [Ah Th 9d 4d] [8s]
EuEraUmBebado: bets $0.15
VTN*81: calls $0.15
*** SHOW DOWN ***
EuEraUmBebado: shows [4h Qh] (a pair of Fours)
VTN*81: shows [Kh Ts] (a pair of Tens)
VTN*81 collected $0.52 from pot
*** SUMMARY ***
Total pot $0.54 | Rake $0.02 
Board [Ah Th 9d 4d 8s]
Seat 1: EuEraUmBebado (small blind) showed [4h Qh] and lost with a pair of Fours
Seat 4: VTN*81 (big blind) showed [Kh Ts] and won ($0.52) with a pair of Tens
Seat 5: insidevoom folded before Flop (didn't bet)
Seat 6: Dorex2007 folded before Flop (didn't bet)
Seat 7: GaboChula folded before Flop (didn't bet)
Seat 8: rabbidsquirl folded before Flop (didn't bet)
Seat 9: Sysrq03 (button) folded before Flop (didn't bet)



PokerStars Hand #232829240245:  Hold'em No Limit ($0.01/$0.02 USD) - 2022/01/04 19:22:56 PT [2022/01/04 22:22:56 ET]
Table 'Ottegebe V' 9-max Seat #1 is the button
Seat 1: EuEraUmBebado ($4.35 in chips) 
Seat 4: VTN*81 ($2.04 in chips) 
Seat 5: insidevoom ($0.58 in chips) 
Seat 6: Dorex2007 ($2.25 in chips) 
Seat 7: GaboChula ($0.95 in chips) 
Seat 8: rabbidsquirl ($1.78 in chips) 
Seat 9: Sysrq03 ($4.28 in chips) 
VTN*81: posts small blind $0.01
insidevoom: posts big blind $0.02
*** HOLE CARDS ***
Dealt to Dorex2007 [2c 8s]
Dorex2007: folds 
GaboChula: folds 
rabbidsquirl: raises $0.04 to $0.06
Sysrq03: folds 
EuEraUmBebado: calls $0.06
VTN*81: folds 
insidevoom: calls $0.04
*** FLOP *** [2d 7h Ac]
insidevoom: checks 
rabbidsquirl: checks 
EuEraUmBebado: checks 
*** TURN *** [2d 7h Ac] [4h]
insidevoom: checks 
rabbidsquirl: bets $0.10
EuEraUmBebado: folds 
insidevoom: folds 
Uncalled bet ($0.10) returned to rabbidsquirl
rabbidsquirl collected $0.18 from pot
rabbidsquirl: doesn't show hand 
*** SUMMARY ***
Total pot $0.19 | Rake $0.01 
Board [2d 7h Ac 4h]
Seat 1: EuEraUmBebado (button) folded on the Turn
Seat 4: VTN*81 (small blind) folded before Flop
Seat 5: insidevoom (big blind) folded on the Turn
Seat 6: Dorex2007 folded before Flop (didn't bet)
Seat 7: GaboChula folded before Flop (didn't bet)
Seat 8: rabbidsquirl collected ($0.18)
Seat 9: Sysrq03 folded before Flop (didn't bet)



PokerStars Hand #232829258304:  Hold'em No Limit ($0.01/$0.02 USD) - 2022/01/04 19:23:40 PT [2022/01/04 22:23:40 ET]
Table 'Ottegebe V' 9-max Seat #4 is the button
Seat 1: EuEraUmBebado ($4.29 in chips) 
Seat 4: VTN*81 ($2.03 in chips) 
Seat 5: insidevoom ($0.52 in chips) 
Seat 6: Dorex2007 ($2.25 in chips) 
Seat 7: GaboChula ($0.95 in chips) 
Seat 8: rabbidsquirl ($1.90 in chips) 
Seat 9: Sysrq03 ($4.28 in chips) 
insidevoom: posts small blind $0.01
Dorex2007: posts big blind $0.02
*** HOLE CARDS ***
Dealt to Dorex2007 [3c 5d]
GaboChula: folds 
rabbidsquirl: folds 
Sysrq03: folds 
EuEraUmBebado: raises $0.04 to $0.06
VTN*81: folds 
insidevoom: folds 
Dorex2007: folds 
Uncalled bet ($0.04) returned to EuEraUmBebado
EuEraUmBebado collected $0.05 from pot
EuEraUmBebado: doesn't show hand 
*** SUMMARY ***
Total pot $0.05 | Rake $0 
Seat 1: EuEraUmBebado collected ($0.05)
Seat 4: VTN*81 (button) folded before Flop (didn't bet)
Seat 5: insidevoom (small blind) folded before Flop
Seat 6: Dorex2007 (big blind) folded before Flop
Seat 7: GaboChula folded before Flop (didn't bet)
Seat 8: rabbidsquirl folded before Flop (didn't bet)
Seat 9: Sysrq03 folded before Flop (didn't bet)



PokerStars Hand #232829262279:  Hold'em No Limit ($0.01/$0.02 USD) - 2022/01/04 19:23:57 PT [2022/01/04 22:23:57 ET]
Table 'Ottegebe V' 9-max Seat #5 is the button
Seat 1: EuEraUmBebado ($4.32 in chips) 
Seat 4: VTN*81 ($2.03 in chips) 
Seat 5: insidevoom ($0.51 in chips) 
Seat 6: Dorex2007 ($2.23 in chips) 
Seat 7: GaboChula ($0.95 in chips) 
Seat 8: rabbidsquirl ($1.90 in chips) 
Seat 9: Sysrq03 ($4.28 in chips) 
Dorex2007: posts small blind $0.01
GaboChula: posts big blind $0.02
*** HOLE CARDS ***
Dealt to Dorex2007 [Ac 7d]
rabbidsquirl: folds 
Sysrq03: folds 
EuEraUmBebado: folds 
VTN*81: folds 
insidevoom: folds 
Dorex2007: folds 
Uncalled bet ($0.01) returned to GaboChula
GaboChula collected $0.02 from pot
rabbidsquirl leaves the table
GaboChula: doesn't show hand 
*** SUMMARY ***
Total pot $0.02 | Rake $0 
Seat 1: EuEraUmBebado folded before Flop (didn't bet)
Seat 4: VTN*81 folded before Flop (didn't bet)
Seat 5: insidevoom (button) folded before Flop (didn't bet)
Seat 6: Dorex2007 (small blind) folded before Flop
Seat 7: GaboChula (big blind) collected ($0.02)
Seat 8: rabbidsquirl folded before Flop (didn't bet)
Seat 9: Sysrq03 folded before Flop (didn't bet)



PokerStars Hand #232829264498:  Hold'em No Limit ($0.01/$0.02 USD) - 2022/01/04 19:24:07 PT [2022/01/04 22:24:07 ET]
Table 'Ottegebe V' 9-max Seat #6 is the button
Seat 1: EuEraUmBebado ($4.32 in chips) 
Seat 4: VTN*81 ($2.03 in chips) 
Seat 5: insidevoom ($0.51 in chips) 
Seat 6: Dorex2007 ($2.22 in chips) 
Seat 7: GaboChula ($0.96 in chips) 
Seat 9: Sysrq03 ($4.28 in chips) 
GaboChula: posts small blind $0.01
Sysrq03: posts big blind $0.02
*** HOLE CARDS ***
Dealt to Dorex2007 [Ts Js]
EuEraUmBebado: folds 
VTN*81: calls $0.02
insidevoom: calls $0.02
Dorex2007: calls $0.02
GaboChula: folds 
Sysrq03: checks 
*** FLOP *** [8d Kc 6d]
Sysrq03: checks 
VTN*81: checks 
Chercov313 joins the table at seat #8 
insidevoom: checks 
Dorex2007: checks 
*** TURN *** [8d Kc 6d] [4h]
Sysrq03: checks 
VTN*81: checks 
insidevoom: checks 
Dorex2007: checks 
*** RIVER *** [8d Kc 6d 4h] [7s]
Sysrq03: checks 
VTN*81: bets $0.12
insidevoom: folds 
Dorex2007: folds 
Sysrq03: folds 
Uncalled bet ($0.12) returned to VTN*81
VTN*81 collected $0.09 from pot
VTN*81: doesn't show hand 
*** SUMMARY ***
Total pot $0.09 | Rake $0 
Board [8d Kc 6d 4h 7s]
Seat 1: EuEraUmBebado folded before Flop (didn't bet)
Seat 4: VTN*81 collected ($0.09)
Seat 5: insidevoom folded on the River
Seat 6: Dorex2007 (button) folded on the River
Seat 7: GaboChula (small blind) folded before Flop
Seat 9: Sysrq03 (big blind) folded on the River



PokerStars Hand #232829281772:  Hold'em No Limit ($0.01/$0.02 USD) - 2022/01/04 19:25:20 PT [2022/01/04 22:25:20 ET]
Table 'Ottegebe V' 9-max Seat #7 is the button
Seat 1: EuEraUmBebado ($4.32 in chips) 
Seat 4: VTN*81 ($2.10 in chips) 
Seat 5: insidevoom ($0.49 in chips) 
Seat 6: Dorex2007 ($2.20 in chips) 
Seat 7: GaboChula ($0.95 in chips) 
Seat 9: Sysrq03 ($4.26 in chips) 
Sysrq03: posts small blind $0.01
EuEraUmBebado: posts big blind $0.02
*** HOLE CARDS ***
Dealt to Dorex2007 [Kd 5c]
VTN*81: folds 
insidevoom: folds 
Dorex2007: folds 
GaboChula: folds 
Sysrq03: calls $0.01
EuEraUmBebado: checks 
*** FLOP *** [6d 8h Qh]
Sysrq03: checks 
EuEraUmBebado: bets $0.06
Sysrq03: folds 
Uncalled bet ($0.06) returned to EuEraUmBebado
EuEraUmBebado collected $0.04 from pot
EuEraUmBebado: doesn't show hand 
*** SUMMARY ***
Total pot $0.04 | Rake $0 
Board [6d 8h Qh]
Seat 1: EuEraUmBebado (big blind) collected ($0.04)
Seat 4: VTN*81 folded before Flop (didn't bet)
Seat 5: insidevoom folded before Flop (didn't bet)
Seat 6: Dorex2007 folded before Flop (didn't bet)
Seat 7: GaboChula (button) folded before Flop (didn't bet)
Seat 9: Sysrq03 (small blind) folded on the Flop



PokerStars Hand #232829292130:  Hold'em No Limit ($0.01/$0.02 USD) - 2022/01/04 19:25:59 PT [2022/01/04 22:25:59 ET]
Table 'Ottegebe V' 9-max Seat #9 is the button
Seat 1: EuEraUmBebado ($4.34 in chips) 
Seat 4: VTN*81 ($2.10 in chips) 
Seat 5: insidevoom ($0.49 in chips) 
Seat 6: Dorex2007 ($2.20 in chips) 
Seat 7: GaboChula ($0.95 in chips) 
Seat 8: Chercov313 ($1.38 in chips) 
Seat 9: Sysrq03 ($4.24 in chips) 
EuEraUmBebado: posts small blind $0.01
VTN*81: posts big blind $0.02
Chercov313: posts big blind $0.02
*** HOLE CARDS ***
Dealt to Dorex2007 [3s Ad]
insidevoom: folds 
Dorex2007: folds 
GaboChula: calls $0.02
Chercov313: checks 
Sysrq03: folds 
EuEraUmBebado: calls $0.01
VTN*81: checks 
*** FLOP *** [4c 7s 8s]
EuEraUmBebado: checks 
VTN*81: checks 
GaboChula: checks 
Chercov313: checks 
*** TURN *** [4c 7s 8s] [3h]
EuEraUmBebado: bets $0.05
VTN*81: folds 
GaboChula: calls $0.05
Chercov313: folds 
*** RIVER *** [4c 7s 8s 3h] [Tc]
EuEraUmBebado: bets $0.13
GaboChula: folds 
Uncalled bet ($0.13) returned to EuEraUmBebado
EuEraUmBebado collected $0.17 from pot
GianniML leaves the table
EuEraUmBebado: doesn't show hand 
*** SUMMARY ***
Total pot $0.18 | Rake $0.01 
Board [4c 7s 8s 3h Tc]
Seat 1: EuEraUmBebado (small blind) collected ($0.17)
Seat 4: VTN*81 (big blind) folded on the Turn
Seat 5: insidevoom folded before Flop (didn't bet)
Seat 6: Dorex2007 folded before Flop (didn't bet)
Seat 7: GaboChula folded on the River
Seat 8: Chercov313 folded on the Turn (didn't bet)
Seat 9: Sysrq03 (button) folded before Flop (didn't bet)



PokerStars Hand #232829307299:  Hold'em No Limit ($0.01/$0.02 USD) - 2022/01/04 19:27:05 PT [2022/01/04 22:27:05 ET]
Table 'Ottegebe V' 9-max Seat #1 is the button
Seat 1: EuEraUmBebado ($4.44 in chips) 
Seat 4: VTN*81 ($2.08 in chips) 
Seat 5: insidevoom ($0.49 in chips) 
Seat 6: Dorex2007 ($2.20 in chips) 
Seat 7: GaboChula ($0.88 in chips) 
Seat 8: Chercov313 ($1.36 in chips) 
Seat 9: Sysrq03 ($4.24 in chips) 
VTN*81: posts small blind $0.01
insidevoom: posts big blind $0.02
*** HOLE CARDS ***
Dealt to Dorex2007 [7h 5h]
Dorex2007: folds 
GaboChula: folds 
Chercov313: calls $0.02
Sysrq03: folds 
EuEraUmBebado: folds 
VTN*81: folds 
insidevoom: raises $0.04 to $0.06
Chercov313: calls $0.04
*** FLOP *** [8s Jd 3h]
insidevoom: bets $0.06
Chercov313: calls $0.06
*** TURN *** [8s Jd 3h] [4h]
insidevoom: bets $0.10
Chercov313: folds 
Uncalled bet ($0.10) returned to insidevoom
insidevoom collected $0.24 from pot
insidevoom: doesn't show hand 
*** SUMMARY ***
Total pot $0.25 | Rake $0.01 
Board [8s Jd 3h 4h]
Seat 1: EuEraUmBebado (button) folded before Flop (didn't bet)
Seat 4: VTN*81 (small blind) folded before Flop
Seat 5: insidevoom (big blind) collected ($0.24)
Seat 6: Dorex2007 folded before Flop (didn't bet)
Seat 7: GaboChula folded before Flop (didn't bet)
Seat 8: Chercov313 folded on the Turn
Seat 9: Sysrq03 folded before Flop (didn't bet)



PokerStars Hand #232829317863:  Hold'em No Limit ($0.01/$0.02 USD) - 2022/01/04 19:27:50 PT [2022/01/04 22:27:50 ET]
Table 'Ottegebe V' 9-max Seat #4 is the button
Seat 1: EuEraUmBebado ($4.44 in chips) 
Seat 2: fuerte12 ($1.52 in chips) 
Seat 4: VTN*81 ($2.07 in chips) 
Seat 5: insidevoom ($0.61 in chips) 
Seat 6: Dorex2007 ($2.20 in chips) 
Seat 7: GaboChula ($0.88 in chips) 
Seat 8: Chercov313 ($1.24 in chips) 
Seat 9: Sysrq03 ($4.24 in chips) 
insidevoom: posts small blind $0.01
Dorex2007: posts big blind $0.02
fuerte12: posts small & big blinds $0.03
*** HOLE CARDS ***
Dealt to Dorex2007 [Td 2s]
GaboChula: folds 
Chercov313: folds 
Sysrq03: raises $0.06 to $0.08
EuEraUmBebado: folds 
fuerte12: folds 
VTN*81: folds 
insidevoom: folds 
Dorex2007: folds 
Uncalled bet ($0.06) returned to Sysrq03
Sysrq03 collected $0.08 from pot
*** SUMMARY ***
Total pot $0.08 | Rake $0 
Seat 1: EuEraUmBebado folded before Flop (didn't bet)
Seat 2: fuerte12 folded before Flop (didn't bet)
Seat 4: VTN*81 (button) folded before Flop (didn't bet)
Seat 5: insidevoom (small blind) folded before Flop
Seat 6: Dorex2007 (big blind) folded before Flop
Seat 7: GaboChula folded before Flop (didn't bet)
Seat 8: Chercov313 folded before Flop (didn't bet)
Seat 9: Sysrq03 collected ($0.08)



PokerStars Hand #232829322501:  Hold'em No Limit ($0.01/$0.02 USD) - 2022/01/04 19:28:10 PT [2022/01/04 22:28:10 ET]
Table 'Ottegebe V' 9-max Seat #5 is the button
Seat 1: EuEraUmBebado ($4.44 in chips) 
Seat 2: fuerte12 ($1.49 in chips) 
Seat 4: VTN*81 ($2.07 in chips) 
Seat 5: insidevoom ($0.60 in chips) 
Seat 6: Dorex2007 ($2.18 in chips) 
Seat 7: GaboChula ($0.88 in chips) 
Seat 8: Chercov313 ($1.24 in chips) 
Seat 9: Sysrq03 ($4.30 in chips) 
Dorex2007: posts small blind $0.01
GaboChula: posts big blind $0.02
*** HOLE CARDS ***
Dealt to Dorex2007 [2h Th]
Chercov313: folds 
Sysrq03: folds 
EuEraUmBebado: folds 
fuerte12: raises $0.05 to $0.07
VTN*81: folds 
insidevoom: folds 
Dorex2007: folds 
GaboChula: folds 
Uncalled bet ($0.05) returned to fuerte12
fuerte12 collected $0.05 from pot
*** SUMMARY ***
Total pot $0.05 | Rake $0 
Seat 1: EuEraUmBebado folded before Flop (didn't bet)
Seat 2: fuerte12 collected ($0.05)
Seat 4: VTN*81 folded before Flop (didn't bet)
Seat 5: insidevoom (button) folded before Flop (didn't bet)
Seat 6: Dorex2007 (small blind) folded before Flop
Seat 7: GaboChula (big blind) folded before Flop
Seat 8: Chercov313 folded before Flop (didn't bet)
Seat 9: Sysrq03 folded before Flop (didn't bet)



PokerStars Hand #232829329303:  Hold'em No Limit ($0.01/$0.02 USD) - 2022/01/04 19:28:40 PT [2022/01/04 22:28:40 ET]
Table 'Ottegebe V' 9-max Seat #6 is the button
Seat 1: EuEraUmBebado ($4.44 in chips) 
Seat 2: fuerte12 ($1.52 in chips) 
Seat 4: VTN*81 ($2.07 in chips) 
Seat 5: insidevoom ($0.60 in chips) 
Seat 6: Dorex2007 ($2.17 in chips) 
Seat 7: GaboChula ($0.86 in chips) 
Seat 8: Chercov313 ($1.24 in chips) 
Seat 9: Sysrq03 ($4.30 in chips) 
GaboChula: posts small blind $0.01
Chercov313: posts big blind $0.02
*** HOLE CARDS ***
Dealt to Dorex2007 [6d 6c]
Sysrq03: folds 
EuEraUmBebado: folds 
fuerte12: folds 
VTN*81: folds 
insidevoom: raises $0.02 to $0.04
Dorex2007: calls $0.04
GaboChula: folds 
Chercov313: calls $0.02
*** FLOP *** [6h Kh As]
Chercov313: checks 
insidevoom: checks 
Dorex2007: bets $0.09
Chercov313: folds 
insidevoom: folds 
Uncalled bet ($0.09) returned to Dorex2007
Dorex2007 collected $0.13 from pot
Dorex2007: doesn't show hand 
*** SUMMARY ***
Total pot $0.13 | Rake $0 
Board [6h Kh As]
Seat 1: EuEraUmBebado folded before Flop (didn't bet)
Seat 2: fuerte12 folded before Flop (didn't bet)
Seat 4: VTN*81 folded before Flop (didn't bet)
Seat 5: insidevoom folded on the Flop
Seat 6: Dorex2007 (button) collected ($0.13)
Seat 7: GaboChula (small blind) folded before Flop
Seat 8: Chercov313 (big blind) folded on the Flop
Seat 9: Sysrq03 folded before Flop (didn't bet)



PokerStars Hand #232829346299:  Hold'em No Limit ($0.01/$0.02 USD) - 2022/01/04 19:29:15 PT [2022/01/04 22:29:15 ET]
Table 'Ottegebe V' 9-max Seat #7 is the button
Seat 1: EuEraUmBebado ($4.44 in chips) 
Seat 2: fuerte12 ($1.52 in chips) 
Seat 4: VTN*81 ($2.07 in chips) 
Seat 5: insidevoom ($0.56 in chips) 
Seat 6: Dorex2007 ($2.26 in chips) 
Seat 7: GaboChula ($0.85 in chips) 
Seat 8: Chercov313 ($1.20 in chips) 
Seat 9: Sysrq03 ($4.30 in chips) 
Chercov313: posts small blind $0.01
Sysrq03: posts big blind $0.02
*** HOLE CARDS ***
Dealt to Dorex2007 [3d 7h]
EuEraUmBebado: folds 
fuerte12: calls $0.02
VTN*81: folds 
insidevoom: folds 
cgreek joins the table at seat #3 
Dorex2007: folds 
GaboChula: folds 
Chercov313: calls $0.01
Sysrq03: checks 
*** FLOP *** [8h Ad Ah]
Chercov313: checks 
Sysrq03: checks 
fuerte12: bets $0.03
Chercov313: calls $0.03
Sysrq03: folds 
*** TURN *** [8h Ad Ah] [Th]
Chercov313: checks 
fuerte12: checks 
*** RIVER *** [8h Ad Ah Th] [4d]
Chercov313: bets $0.02
fuerte12: calls $0.02
*** SHOW DOWN ***
Chercov313: shows [8d 5c] (two pair, Aces and Eights)
fuerte12: shows [Kh Td] (two pair, Aces and Tens)
fuerte12 collected $0.15 from pot
*** SUMMARY ***
Total pot $0.16 | Rake $0.01 
Board [8h Ad Ah Th 4d]
Seat 1: EuEraUmBebado folded before Flop (didn't bet)
Seat 2: fuerte12 showed [Kh Td] and won ($0.15) with two pair, Aces and Tens
Seat 4: VTN*81 folded before Flop (didn't bet)
Seat 5: insidevoom folded before Flop (didn't bet)
Seat 6: Dorex2007 folded before Flop (didn't bet)
Seat 7: GaboChula (button) folded before Flop (didn't bet)
Seat 8: Chercov313 (small blind) showed [8d 5c] and lost with two pair, Aces and Eights
Seat 9: Sysrq03 (big blind) folded on the Flop



PokerStars Hand #232829360283:  Hold'em No Limit ($0.01/$0.02 USD) - 2022/01/04 19:30:16 PT [2022/01/04 22:30:16 ET]
Table 'Ottegebe V' 9-max Seat #8 is the button
Seat 1: EuEraUmBebado ($4.44 in chips) 
Seat 2: fuerte12 ($1.60 in chips) 
Seat 4: VTN*81 ($2.07 in chips) 
Seat 5: insidevoom ($0.56 in chips) 
Seat 6: Dorex2007 ($2.26 in chips) 
Seat 7: GaboChula ($0.85 in chips) 
Seat 8: Chercov313 ($1.13 in chips) 
Seat 9: Sysrq03 ($4.28 in chips) 
Sysrq03: posts small blind $0.01
EuEraUmBebado: posts big blind $0.02
cgreek: sits out 
*** HOLE CARDS ***
Dealt to Dorex2007 [2c As]
fuerte12: calls $0.02
VTN*81: folds 
insidevoom: folds 
Dorex2007: folds 
GaboChula: folds 
Chercov313: calls $0.02
Sysrq03: calls $0.01
EuEraUmBebado: raises $0.14 to $0.16
fuerte12: folds 
Chercov313: folds 
Sysrq03: folds 
Uncalled bet ($0.14) returned to EuEraUmBebado
EuEraUmBebado collected $0.08 from pot
EuEraUmBebado: doesn't show hand 
*** SUMMARY ***
Total pot $0.08 | Rake $0 
Seat 1: EuEraUmBebado (big blind) collected ($0.08)
Seat 2: fuerte12 folded before Flop
Seat 4: VTN*81 folded before Flop (didn't bet)
Seat 5: insidevoom folded before Flop (didn't bet)
Seat 6: Dorex2007 folded before Flop (didn't bet)
Seat 7: GaboChula folded before Flop (didn't bet)
Seat 8: Chercov313 (button) folded before Flop
Seat 9: Sysrq03 (small blind) folded before Flop



PokerStars Hand #232829375374:  Hold'em No Limit ($0.01/$0.02 USD) - 2022/01/04 19:30:47 PT [2022/01/04 22:30:47 ET]
Table 'Ottegebe V' 9-max Seat #9 is the button
Seat 1: EuEraUmBebado ($4.50 in chips) 
Seat 2: fuerte12 ($1.58 in chips) 
Seat 4: VTN*81 ($2.07 in chips) 
Seat 5: insidevoom ($0.56 in chips) 
Seat 6: Dorex2007 ($2.26 in chips) 
Seat 7: GaboChula ($0.85 in chips) 
Seat 8: Chercov313 ($1.11 in chips) 
Seat 9: Sysrq03 ($4.26 in chips) 
EuEraUmBebado: posts small blind $0.01
fuerte12: posts big blind $0.02
cgreek: sits out 
*** HOLE CARDS ***
Dealt to Dorex2007 [2h Ks]
VTN*81: folds 
insidevoom: folds 
Dorex2007: folds 
GaboChula: folds 
Chercov313: calls $0.02
Sysrq03: folds 
EuEraUmBebado: folds 
fuerte12: checks 
*** FLOP *** [7c 5c 2d]
fuerte12: bets $0.02
Chercov313: calls $0.02
*** TURN *** [7c 5c 2d] [6h]
fuerte12: checks 
Chercov313: checks 
*** RIVER *** [7c 5c 2d 6h] [Kc]
fuerte12: bets $0.02
Chercov313: calls $0.02
*** SHOW DOWN ***
fuerte12: shows [Kh Qd] (a pair of Kings)
Chercov313: mucks hand 
fuerte12 collected $0.13 from pot
*** SUMMARY ***
Total pot $0.13 | Rake $0 
Board [7c 5c 2d 6h Kc]
Seat 1: EuEraUmBebado (small blind) folded before Flop
Seat 2: fuerte12 (big blind) showed [Kh Qd] and won ($0.13) with a pair of Kings
Seat 4: VTN*81 folded before Flop (didn't bet)
Seat 5: insidevoom folded before Flop (didn't bet)
Seat 6: Dorex2007 folded before Flop (didn't bet)
Seat 7: GaboChula folded before Flop (didn't bet)
Seat 8: Chercov313 mucked [Ad Td]
Seat 9: Sysrq03 (button) folded before Flop (didn't bet)



PokerStars Hand #232829385225:  Hold'em No Limit ($0.01/$0.02 USD) - 2022/01/04 19:31:30 PT [2022/01/04 22:31:30 ET]
Table 'Ottegebe V' 9-max Seat #1 is the button
Seat 1: EuEraUmBebado ($4.49 in chips) 
Seat 2: fuerte12 ($1.65 in chips) 
Seat 3: cgreek ($1.50 in chips) 
Seat 4: VTN*81 ($2.07 in chips) 
Seat 5: insidevoom ($0.56 in chips) 
Seat 6: Dorex2007 ($2.26 in chips) 
Seat 7: GaboChula ($0.85 in chips) 
Seat 8: Chercov313 ($1.05 in chips) 
Seat 9: Sysrq03 ($4.26 in chips) 
fuerte12: posts small blind $0.01
cgreek: posts big blind $0.02
*** HOLE CARDS ***
Dealt to Dorex2007 [Qs 4c]
VTN*81: folds 
insidevoom: calls $0.02
Dorex2007: folds 
GaboChula: calls $0.02
Chercov313: folds 
Sysrq03: folds 
EuEraUmBebado: folds 
fuerte12: calls $0.01
cgreek: checks 
*** FLOP *** [Kh Th Ac]
fuerte12: checks 
cgreek: checks 
insidevoom: checks 
GaboChula: bets $0.02
fuerte12: folds 
cgreek: calls $0.02
insidevoom: calls $0.02
*** TURN *** [Kh Th Ac] [9s]
cgreek: checks 
insidevoom: checks 
GaboChula: checks 
*** RIVER *** [Kh Th Ac 9s] [Ts]
cgreek: checks 
insidevoom: checks 
GaboChula: checks 
*** SHOW DOWN ***
cgreek: shows [4h As] (two pair, Aces and Tens)
insidevoom: mucks hand 
GaboChula: mucks hand 
cgreek collected $0.14 from pot
*** SUMMARY ***
Total pot $0.14 | Rake $0 
Board [Kh Th Ac 9s Ts]
Seat 1: EuEraUmBebado (button) folded before Flop (didn't bet)
Seat 2: fuerte12 (small blind) folded on the Flop
Seat 3: cgreek (big blind) showed [4h As] and won ($0.14) with two pair, Aces and Tens
Seat 4: VTN*81 folded before Flop (didn't bet)
Seat 5: insidevoom mucked [8c 8s]
Seat 6: Dorex2007 folded before Flop (didn't bet)
Seat 7: GaboChula mucked [8h Qh]
Seat 8: Chercov313 folded before Flop (didn't bet)
Seat 9: Sysrq03 folded before Flop (didn't bet)



PokerStars Hand #232829401137:  Hold'em No Limit ($0.01/$0.02 USD) - 2022/01/04 19:32:39 PT [2022/01/04 22:32:39 ET]
Table 'Ottegebe V' 9-max Seat #3 is the button
Seat 1: EuEraUmBebado ($4.49 in chips) 
Seat 3: cgreek ($1.60 in chips) 
Seat 4: VTN*81 ($2.07 in chips) 
Seat 5: insidevoom ($0.52 in chips) 
Seat 6: Dorex2007 ($2.26 in chips) 
Seat 7: GaboChula ($0.81 in chips) 
Seat 8: Chercov313 ($1.05 in chips) 
Seat 9: Sysrq03 ($4.26 in chips) 
VTN*81: posts small blind $0.01
insidevoom: posts big blind $0.02
*** HOLE CARDS ***
Dealt to Dorex2007 [Js 4h]
Dorex2007: folds 
GaboChula: folds 
Chercov313: folds 
Sysrq03: folds 
EuEraUmBebado: raises $0.04 to $0.06
cgreek: calls $0.06
VTN*81: calls $0.05
insidevoom: folds 
*** FLOP *** [Ks Ac 3s]
fuerte12 leaves the table
VTN*81: checks 
EuEraUmBebado: bets $0.10
cgreek: calls $0.10
VTN*81: folds 
*** TURN *** [Ks Ac 3s] [Qs]
EuEraUmBebado: checks 
cgreek: bets $0.20
EuEraUmBebado: folds 
Uncalled bet ($0.20) returned to cgreek
cgreek collected $0.39 from pot
cgreek: doesn't show hand 
*** SUMMARY ***
Total pot $0.40 | Rake $0.01 
Board [Ks Ac 3s Qs]
Seat 1: EuEraUmBebado folded on the Turn
Seat 3: cgreek (button) collected ($0.39)
Seat 4: VTN*81 (small blind) folded on the Flop
Seat 5: insidevoom (big blind) folded before Flop
Seat 6: Dorex2007 folded before Flop (didn't bet)
Seat 7: GaboChula folded before Flop (didn't bet)
Seat 8: Chercov313 folded before Flop (didn't bet)
Seat 9: Sysrq03 folded before Flop (didn't bet)



PokerStars Hand #232829417520:  Hold'em No Limit ($0.01/$0.02 USD) - 2022/01/04 19:33:51 PT [2022/01/04 22:33:51 ET]
Table 'Ottegebe V' 9-max Seat #4 is the button
Seat 1: EuEraUmBebado ($4.33 in chips) 
Seat 3: cgreek ($1.83 in chips) 
Seat 4: VTN*81 ($2.01 in chips) 
Seat 5: insidevoom ($0.50 in chips) 
Seat 6: Dorex2007 ($2.26 in chips) 
Seat 7: GaboChula ($0.81 in chips) 
Seat 8: Chercov313 ($1.05 in chips) 
Seat 9: Sysrq03 ($4.26 in chips) 
insidevoom: posts small blind $0.01
Dorex2007: posts big blind $0.02
*** HOLE CARDS ***
Dealt to Dorex2007 [2s 7s]
GaboChula: folds 
Chercov313: calls $0.02
Sysrq03: raises $0.06 to $0.08
EuEraUmBebado: folds 
cgreek: folds 
VTN*81: folds 
insidevoom: folds 
Dorex2007: folds 
seretanu119 joins the table at seat #2 
Chercov313: calls $0.06
*** FLOP *** [2c 9h 2h]
Chercov313: checks 
Sysrq03: bets $0.08
Chercov313: folds 
Uncalled bet ($0.08) returned to Sysrq03
Sysrq03 collected $0.18 from pot
*** SUMMARY ***
Total pot $0.19 | Rake $0.01 
Board [2c 9h 2h]
Seat 1: EuEraUmBebado folded before Flop (didn't bet)
Seat 3: cgreek folded before Flop (didn't bet)
Seat 4: VTN*81 (button) folded before Flop (didn't bet)
Seat 5: insidevoom (small blind) folded before Flop
Seat 6: Dorex2007 (big blind) folded before Flop
Seat 7: GaboChula folded before Flop (didn't bet)
Seat 8: Chercov313 folded on the Flop
Seat 9: Sysrq03 collected ($0.18)



PokerStars Hand #232829429127:  Hold'em No Limit ($0.01/$0.02 USD) - 2022/01/04 19:34:42 PT [2022/01/04 22:34:42 ET]
Table 'Ottegebe V' 9-max Seat #5 is the button
Seat 1: EuEraUmBebado ($4.33 in chips) 
Seat 2: seretanu119 ($1.60 in chips) 
Seat 3: cgreek ($1.83 in chips) 
Seat 4: VTN*81 ($2.01 in chips) 
Seat 5: insidevoom ($0.49 in chips) 
Seat 6: Dorex2007 ($2.24 in chips) 
Seat 7: GaboChula ($0.81 in chips) 
Seat 8: Chercov313 ($0.97 in chips) 
Seat 9: Sysrq03 ($4.36 in chips) 
Dorex2007: posts small blind $0.01
GaboChula: posts big blind $0.02
seretanu119: posts big blind $0.02
*** HOLE CARDS ***
Dealt to Dorex2007 [Ad 8d]
Chercov313: folds 
Sysrq03: folds 
EuEraUmBebado: folds 
seretanu119: checks 
cgreek: folds 
VTN*81: folds 
insidevoom: calls $0.02
Dorex2007: calls $0.01
GaboChula: checks 
*** FLOP *** [Qd 8s Jh]
Dorex2007: checks 
GaboChula: checks 
seretanu119: checks 
insidevoom: checks 
*** TURN *** [Qd 8s Jh] [Th]
Dorex2007: checks 
GaboChula: checks 
seretanu119: bets $0.22
insidevoom: folds 
Dorex2007: folds 
GaboChula: folds 
Uncalled bet ($0.22) returned to seretanu119
seretanu119 collected $0.08 from pot
*** SUMMARY ***
Total pot $0.08 | Rake $0 
Board [Qd 8s Jh Th]
Seat 1: EuEraUmBebado folded before Flop (didn't bet)
Seat 2: seretanu119 collected ($0.08)
Seat 3: cgreek folded before Flop (didn't bet)
Seat 4: VTN*81 folded before Flop (didn't bet)
Seat 5: insidevoom (button) folded on the Turn
Seat 6: Dorex2007 (small blind) folded on the Turn
Seat 7: GaboChula (big blind) folded on the Turn
Seat 8: Chercov313 folded before Flop (didn't bet)
Seat 9: Sysrq03 folded before Flop (didn't bet)



PokerStars Hand #232829440975:  Hold'em No Limit ($0.01/$0.02 USD) - 2022/01/04 19:35:34 PT [2022/01/04 22:35:34 ET]
Table 'Ottegebe V' 9-max Seat #6 is the button
Seat 1: EuEraUmBebado ($4.33 in chips) 
Seat 2: seretanu119 ($1.66 in chips) 
Seat 3: cgreek ($1.83 in chips) 
Seat 4: VTN*81 ($2.01 in chips) 
Seat 5: insidevoom ($0.47 in chips) 
Seat 6: Dorex2007 ($2.22 in chips) 
Seat 7: GaboChula ($0.79 in chips) 
Seat 8: Chercov313 ($0.97 in chips) 
Seat 9: Sysrq03 ($4.36 in chips) 
GaboChula: posts small blind $0.01
Chercov313: posts big blind $0.02
*** HOLE CARDS ***
Dealt to Dorex2007 [3h Qs]
Sysrq03: calls $0.02
EuEraUmBebado: raises $0.04 to $0.06
seretanu119: folds 
cgreek: folds 
VTN*81: folds 
insidevoom: folds 
Dorex2007: folds 
GaboChula: folds 
Chercov313: raises $0.04 to $0.10
Sysrq03: folds 
EuEraUmBebado: calls $0.04
*** FLOP *** [8d 6h Kc]
Chercov313: bets $0.06
EuEraUmBebado: folds 
Uncalled bet ($0.06) returned to Chercov313
Chercov313 collected $0.22 from pot
Chercov313: doesn't show hand 
*** SUMMARY ***
Total pot $0.23 | Rake $0.01 
Board [8d 6h Kc]
Seat 1: EuEraUmBebado folded on the Flop
Seat 2: seretanu119 folded before Flop (didn't bet)
Seat 3: cgreek folded before Flop (didn't bet)
Seat 4: VTN*81 folded before Flop (didn't bet)
Seat 5: insidevoom folded before Flop (didn't bet)
Seat 6: Dorex2007 (button) folded before Flop (didn't bet)
Seat 7: GaboChula (small blind) folded before Flop
Seat 8: Chercov313 (big blind) collected ($0.22)
Seat 9: Sysrq03 folded before Flop



PokerStars Hand #232829453270:  Hold'em No Limit ($0.01/$0.02 USD) - 2022/01/04 19:36:28 PT [2022/01/04 22:36:28 ET]
Table 'Ottegebe V' 9-max Seat #7 is the button
Seat 1: EuEraUmBebado ($4.23 in chips) 
Seat 2: seretanu119 ($1.66 in chips) 
Seat 3: cgreek ($1.83 in chips) 
Seat 4: VTN*81 ($2.01 in chips) 
Seat 5: insidevoom ($0.47 in chips) 
Seat 6: Dorex2007 ($2.22 in chips) 
Seat 7: GaboChula ($0.78 in chips) 
Seat 8: Chercov313 ($1.09 in chips) 
Seat 9: Sysrq03 ($4.34 in chips) 
Chercov313: posts small blind $0.01
Sysrq03: posts big blind $0.02
*** HOLE CARDS ***
Dealt to Dorex2007 [Js 2s]
EuEraUmBebado: raises $0.04 to $0.06
seretanu119: folds 
cgreek: folds 
VTN*81: folds 
insidevoom: folds 
Dorex2007: folds 
GaboChula: folds 
Chercov313: folds 
Sysrq03: folds 
Uncalled bet ($0.04) returned to EuEraUmBebado
EuEraUmBebado collected $0.05 from pot
EuEraUmBebado: doesn't show hand 
*** SUMMARY ***
Total pot $0.05 | Rake $0 
Seat 1: EuEraUmBebado collected ($0.05)
Seat 2: seretanu119 folded before Flop (didn't bet)
Seat 3: cgreek folded before Flop (didn't bet)
Seat 4: VTN*81 folded before Flop (didn't bet)
Seat 5: insidevoom folded before Flop (didn't bet)
Seat 6: Dorex2007 folded before Flop (didn't bet)
Seat 7: GaboChula (button) folded before Flop (didn't bet)
Seat 8: Chercov313 (small blind) folded before Flop
Seat 9: Sysrq03 (big blind) folded before Flop



PokerStars Hand #232829459472:  Hold'em No Limit ($0.01/$0.02 USD) - 2022/01/04 19:36:55 PT [2022/01/04 22:36:55 ET]
Table 'Ottegebe V' 9-max Seat #8 is the button
Seat 1: EuEraUmBebado ($4.26 in chips) 
Seat 2: seretanu119 ($1.66 in chips) 
Seat 3: cgreek ($1.83 in chips) 
Seat 4: VTN*81 ($2.01 in chips) 
Seat 5: insidevoom ($0.47 in chips) 
Seat 6: Dorex2007 ($2.22 in chips) 
Seat 7: GaboChula ($0.78 in chips) 
Seat 8: Chercov313 ($1.08 in chips) 
Seat 9: Sysrq03 ($4.32 in chips) 
Sysrq03: posts small blind $0.01
EuEraUmBebado: posts big blind $0.02
*** HOLE CARDS ***
Dealt to Dorex2007 [7s Qc]
seretanu119: calls $0.02
cgreek: calls $0.02
VTN*81: folds 
insidevoom: folds 
Dorex2007: folds 
GaboChula: calls $0.02
Chercov313: raises $0.08 to $0.10
Sysrq03: folds 
EuEraUmBebado: folds 
seretanu119: folds 
cgreek: calls $0.08
GaboChula: calls $0.08
*** FLOP *** [Td 5s 4c]
cgreek: checks 
GaboChula: checks 
Chercov313: bets $0.02
cgreek: calls $0.02
GaboChula: folds 
*** TURN *** [Td 5s 4c] [4h]
cgreek: checks 
Chercov313: bets $0.06
cgreek: calls $0.06
*** RIVER *** [Td 5s 4c 4h] [3d]
cgreek: checks 
Chercov313: bets $0.02
cgreek: calls $0.02
*** SHOW DOWN ***
Chercov313: shows [Ks Ad] (a pair of Fours)
cgreek: mucks hand 
Chercov313 collected $0.53 from pot
*** SUMMARY ***
Total pot $0.55 | Rake $0.02 
Board [Td 5s 4c 4h 3d]
Seat 1: EuEraUmBebado (big blind) folded before Flop
Seat 2: seretanu119 folded before Flop
Seat 3: cgreek mucked [Ac Qs]
Seat 4: VTN*81 folded before Flop (didn't bet)
Seat 5: insidevoom folded before Flop (didn't bet)
Seat 6: Dorex2007 folded before Flop (didn't bet)
Seat 7: GaboChula folded on the Flop
Seat 8: Chercov313 (button) showed [Ks Ad] and won ($0.53) with a pair of Fours
Seat 9: Sysrq03 (small blind) folded before Flop



PokerStars Hand #232829482993:  Hold'em No Limit ($0.01/$0.02 USD) - 2022/01/04 19:38:14 PT [2022/01/04 22:38:14 ET]
Table 'Ottegebe V' 9-max Seat #9 is the button
Seat 1: EuEraUmBebado ($4.24 in chips) 
Seat 2: seretanu119 ($1.64 in chips) 
Seat 3: cgreek ($1.63 in chips) 
Seat 4: VTN*81 ($2.01 in chips) 
Seat 5: insidevoom ($0.47 in chips) 
Seat 6: Dorex2007 ($2.22 in chips) 
Seat 7: GaboChula ($0.68 in chips) 
Seat 8: Chercov313 ($1.41 in chips) 
Seat 9: Sysrq03 ($4.31 in chips) 
EuEraUmBebado: posts small blind $0.01
seretanu119: posts big blind $0.02
*** HOLE CARDS ***
Dealt to Dorex2007 [6c Qd]
cgreek: folds 
VTN*81 has timed out
VTN*81: folds 
insidevoom: folds 
Dorex2007: folds 
GaboChula: folds 
Chercov313: calls $0.02
Sysrq03: folds 
EuEraUmBebado: raises $0.06 to $0.08
seretanu119: folds 
Chercov313: calls $0.06
*** FLOP *** [5d Qc Ac]
EuEraUmBebado: checks 
Chercov313: checks 
*** TURN *** [5d Qc Ac] [2h]
EuEraUmBebado: bets $0.09
Chercov313: calls $0.09
*** RIVER *** [5d Qc Ac 2h] [Kd]
EuEraUmBebado: bets $0.23
Chercov313: calls $0.23
*** SHOW DOWN ***
EuEraUmBebado: shows [Jc Tc] (a straight, Ten to Ace)
Chercov313: mucks hand 
EuEraUmBebado collected $0.79 from pot
*** SUMMARY ***
Total pot $0.82 | Rake $0.03 
Board [5d Qc Ac 2h Kd]
Seat 1: EuEraUmBebado (small blind) showed [Jc Tc] and won ($0.79) with a straight, Ten to Ace
Seat 2: seretanu119 (big blind) folded before Flop
Seat 3: cgreek folded before Flop (didn't bet)
Seat 4: VTN*81 folded before Flop (didn't bet)
Seat 5: insidevoom folded before Flop (didn't bet)
Seat 6: Dorex2007 folded before Flop (didn't bet)
Seat 7: GaboChula folded before Flop (didn't bet)
Seat 8: Chercov313 mucked [Qh Jd]
Seat 9: Sysrq03 (button) folded before Flop (didn't bet)



PokerStars Hand #232829497929:  Hold'em No Limit ($0.01/$0.02 USD) - 2022/01/04 19:39:21 PT [2022/01/04 22:39:21 ET]
Table 'Ottegebe V' 9-max Seat #1 is the button
Seat 1: EuEraUmBebado ($4.63 in chips) 
Seat 2: seretanu119 ($1.62 in chips) 
Seat 3: cgreek ($1.63 in chips) 
Seat 5: insidevoom ($0.47 in chips) 
Seat 6: Dorex2007 ($2.22 in chips) 
Seat 7: GaboChula ($0.68 in chips) 
Seat 8: Chercov313 ($1.01 in chips) 
Seat 9: Sysrq03 ($4.31 in chips) 
seretanu119: posts small blind $0.01
cgreek: posts big blind $0.02
*** HOLE CARDS ***
Dealt to Dorex2007 [5h 3d]
insidevoom: folds 
Dorex2007: folds 
GaboChula: folds 
Chercov313: calls $0.02
Sysrq03: folds 
EuEraUmBebado: folds 
seretanu119: folds 
cgreek: checks 
*** FLOP *** [7d Ac 5d]
cgreek: checks 
Chercov313: checks 
*** TURN *** [7d Ac 5d] [Jc]
cgreek: checks 
Chercov313: checks 
*** RIVER *** [7d Ac 5d Jc] [9h]
cgreek: checks 
Chercov313: checks 
*** SHOW DOWN ***
cgreek: shows [Ks Qh] (high card Ace)
Chercov313: shows [As 2h] (a pair of Aces)
Chercov313 collected $0.05 from pot
*** SUMMARY ***
Total pot $0.05 | Rake $0 
Board [7d Ac 5d Jc 9h]
Seat 1: EuEraUmBebado (button) folded before Flop (didn't bet)
Seat 2: seretanu119 (small blind) folded before Flop
Seat 3: cgreek (big blind) showed [Ks Qh] and lost with high card Ace
Seat 5: insidevoom folded before Flop (didn't bet)
Seat 6: Dorex2007 folded before Flop (didn't bet)
Seat 7: GaboChula folded before Flop (didn't bet)
Seat 8: Chercov313 showed [As 2h] and won ($0.05) with a pair of Aces
Seat 9: Sysrq03 folded before Flop (didn't bet)



PokerStars Hand #232829506870:  Hold'em No Limit ($0.01/$0.02 USD) - 2022/01/04 19:40:02 PT [2022/01/04 22:40:02 ET]
Table 'Ottegebe V' 9-max Seat #2 is the button
Seat 1: EuEraUmBebado ($4.63 in chips) 
Seat 2: seretanu119 ($1.61 in chips) 
Seat 3: cgreek ($1.61 in chips) 
Seat 5: insidevoom ($0.47 in chips) 
Seat 6: Dorex2007 ($2.22 in chips) 
Seat 7: GaboChula ($0.68 in chips) 
Seat 8: Chercov313 ($1.04 in chips) 
Seat 9: Sysrq03 ($4.31 in chips) 
cgreek: posts small blind $0.01
insidevoom: posts big blind $0.02
*** HOLE CARDS ***
Dealt to Dorex2007 [Qd 4s]
Dorex2007: folds 
GaboChula: folds 
Chercov313: folds 
Sysrq03: raises $0.04 to $0.06
EuEraUmBebado: folds 
seretanu119: folds 
cgreek: folds 
insidevoom: folds 
Uncalled bet ($0.04) returned to Sysrq03
Sysrq03 collected $0.05 from pot
*** SUMMARY ***
Total pot $0.05 | Rake $0 
Seat 1: EuEraUmBebado folded before Flop (didn't bet)
Seat 2: seretanu119 (button) folded before Flop (didn't bet)
Seat 3: cgreek (small blind) folded before Flop
Seat 5: insidevoom (big blind) folded before Flop
Seat 6: Dorex2007 folded before Flop (didn't bet)
Seat 7: GaboChula folded before Flop (didn't bet)
Seat 8: Chercov313 folded before Flop (didn't bet)
Seat 9: Sysrq03 collected ($0.05)



PokerStars Hand #232829512631:  Hold'em No Limit ($0.01/$0.02 USD) - 2022/01/04 19:40:29 PT [2022/01/04 22:40:29 ET]
Table 'Ottegebe V' 9-max Seat #3 is the button
Seat 1: EuEraUmBebado ($4.63 in chips) 
Seat 2: seretanu119 ($1.61 in chips) 
Seat 3: cgreek ($1.60 in chips) 
Seat 5: insidevoom ($0.45 in chips) 
Seat 6: Dorex2007 ($2.22 in chips) 
Seat 7: GaboChula ($0.68 in chips) 
Seat 8: Chercov313 ($1.04 in chips) 
Seat 9: Sysrq03 ($4.34 in chips) 
insidevoom: posts small blind $0.01
Dorex2007: posts big blind $0.02
*** HOLE CARDS ***
Dealt to Dorex2007 [9c 5d]
GaboChula: folds 
Chercov313: calls $0.02
Sysrq03: folds 
EuEraUmBebado: folds 
seretanu119: folds 
cgreek: folds 
insidevoom: calls $0.01
Dorex2007: checks 
*** FLOP *** [Qs Jc 8c]
insidevoom: checks 
Dorex2007: checks 
Chercov313: bets $0.08
insidevoom: folds 
Dorex2007: folds 
Uncalled bet ($0.08) returned to Chercov313
Chercov313 collected $0.06 from pot
Chercov313: doesn't show hand 
*** SUMMARY ***
Total pot $0.06 | Rake $0 
Board [Qs Jc 8c]
Seat 1: EuEraUmBebado folded before Flop (didn't bet)
Seat 2: seretanu119 folded before Flop (didn't bet)
Seat 3: cgreek (button) folded before Flop (didn't bet)
Seat 5: insidevoom (small blind) folded on the Flop
Seat 6: Dorex2007 (big blind) folded on the Flop
Seat 7: GaboChula folded before Flop (didn't bet)
Seat 8: Chercov313 collected ($0.06)
Seat 9: Sysrq03 folded before Flop (didn't bet)



PokerStars Hand #232829521610:  Hold'em No Limit ($0.01/$0.02 USD) - 2022/01/04 19:41:10 PT [2022/01/04 22:41:10 ET]
Table 'Ottegebe V' 9-max Seat #5 is the button
Seat 1: EuEraUmBebado ($4.63 in chips) 
Seat 2: seretanu119 ($1.61 in chips) 
Seat 3: cgreek ($1.60 in chips) 
Seat 4: VTN*81 ($2.01 in chips) 
Seat 5: insidevoom ($0.43 in chips) 
Seat 6: Dorex2007 ($2.20 in chips) 
Seat 7: GaboChula ($0.68 in chips) 
Seat 8: Chercov313 ($1.08 in chips) 
Seat 9: Sysrq03 ($4.34 in chips) 
Dorex2007: posts small blind $0.01
GaboChula: posts big blind $0.02
VTN*81: posts small & big blinds $0.03
*** HOLE CARDS ***
Dealt to Dorex2007 [Jd 2d]
Chercov313: folds 
Sysrq03: folds 
EuEraUmBebado: folds 
seretanu119: folds 
cgreek: folds 
VTN*81: checks 
insidevoom: folds 
Dorex2007: folds 
GaboChula: raises $0.66 to $0.68 and is all-in
VTN*81: folds 
Uncalled bet ($0.66) returned to GaboChula
GaboChula collected $0.06 from pot
GaboChula: doesn't show hand 
*** SUMMARY ***
Total pot $0.06 | Rake $0 
Seat 1: EuEraUmBebado folded before Flop (didn't bet)
Seat 2: seretanu119 folded before Flop (didn't bet)
Seat 3: cgreek folded before Flop (didn't bet)
Seat 4: VTN*81 folded before Flop (didn't bet)
Seat 5: insidevoom (button) folded before Flop (didn't bet)
Seat 6: Dorex2007 (small blind) folded before Flop
Seat 7: GaboChula (big blind) collected ($0.06)
Seat 8: Chercov313 folded before Flop (didn't bet)
Seat 9: Sysrq03 folded before Flop (didn't bet)



PokerStars Hand #232829528088:  Hold'em No Limit ($0.01/$0.02 USD) - 2022/01/04 19:41:39 PT [2022/01/04 22:41:39 ET]
Table 'Ottegebe V' 9-max Seat #6 is the button
Seat 1: EuEraUmBebado ($4.63 in chips) 
Seat 2: seretanu119 ($1.61 in chips) 
Seat 3: cgreek ($1.60 in chips) 
Seat 4: VTN*81 ($1.98 in chips) 
Seat 5: insidevoom ($0.43 in chips) 
Seat 6: Dorex2007 ($2.19 in chips) 
Seat 7: GaboChula ($0.72 in chips) 
Seat 8: Chercov313 ($1.08 in chips) 
Seat 9: Sysrq03 ($4.34 in chips) 
GaboChula: posts small blind $0.01
Chercov313: posts big blind $0.02
*** HOLE CARDS ***
Dealt to Dorex2007 [3h Kh]
Sysrq03: folds 
EuEraUmBebado: folds 
seretanu119: calls $0.02
cgreek: folds 
VTN*81: raises $0.04 to $0.06
insidevoom: calls $0.06
Dorex2007: folds 
GaboChula: folds 
Chercov313: calls $0.04
seretanu119: calls $0.04
*** FLOP *** [3d 7s 6s]
Chercov313: checks 
seretanu119: checks 
VTN*81: checks 
insidevoom: checks 
*** TURN *** [3d 7s 6s] [6d]
Chercov313: checks 
seretanu119: checks 
VTN*81: checks 
insidevoom: checks 
*** RIVER *** [3d 7s 6s 6d] [5d]
Chercov313: bets $0.14
seretanu119: folds 
VTN*81: folds 
insidevoom: raises $0.23 to $0.37 and is all-in
Chercov313: calls $0.23
*** SHOW DOWN ***
insidevoom: shows [Td Kd] (a flush, King high)
Chercov313: shows [Js 6c] (three of a kind, Sixes)
insidevoom collected $0.96 from pot
*** SUMMARY ***
Total pot $0.99 | Rake $0.03 
Board [3d 7s 6s 6d 5d]
Seat 1: EuEraUmBebado folded before Flop (didn't bet)
Seat 2: seretanu119 folded on the River
Seat 3: cgreek folded before Flop (didn't bet)
Seat 4: VTN*81 folded on the River
Seat 5: insidevoom showed [Td Kd] and won ($0.96) with a flush, King high
Seat 6: Dorex2007 (button) folded before Flop (didn't bet)
Seat 7: GaboChula (small blind) folded before Flop
Seat 8: Chercov313 (big blind) showed [Js 6c] and lost with three of a kind, Sixes
Seat 9: Sysrq03 folded before Flop (didn't bet)



PokerStars Hand #232829541892:  Hold'em No Limit ($0.01/$0.02 USD) - 2022/01/04 19:42:43 PT [2022/01/04 22:42:43 ET]
Table 'Ottegebe V' 9-max Seat #7 is the button
Seat 1: EuEraUmBebado ($4.63 in chips) 
Seat 2: seretanu119 ($1.55 in chips) 
Seat 3: cgreek ($1.60 in chips) 
Seat 4: VTN*81 ($1.92 in chips) 
Seat 5: insidevoom ($0.96 in chips) 
Seat 6: Dorex2007 ($2.19 in chips) 
Seat 7: GaboChula ($0.71 in chips) 
Seat 8: Chercov313 ($0.65 in chips) 
Seat 9: Sysrq03 ($4.34 in chips) 
Chercov313: posts small blind $0.01
Sysrq03: posts big blind $0.02
*** HOLE CARDS ***
Dealt to Dorex2007 [7h 5h]
EuEraUmBebado: folds 
seretanu119: calls $0.02
cgreek: calls $0.02
VTN*81: folds 
insidevoom: folds 
Dorex2007: folds 
GaboChula: raises $0.08 to $0.10
Chercov313: calls $0.09
Sysrq03: folds 
seretanu119: calls $0.08
cgreek: calls $0.08
*** FLOP *** [Kh 8d Jc]
Chercov313: checks 
seretanu119: checks 
cgreek: checks 
GaboChula: checks 
*** TURN *** [Kh 8d Jc] [Ts]
Chercov313: checks 
seretanu119: checks 
cgreek: bets $0.41
GaboChula: calls $0.41
Chercov313: calls $0.41
seretanu119: folds 
*** RIVER *** [Kh 8d Jc Ts] [7c]
Chercov313: checks 
cgreek: bets $1.09 and is all-in
GaboChula: calls $0.20 and is all-in
Chercov313: calls $0.14 and is all-in
Uncalled bet ($0.89) returned to cgreek
*** SHOW DOWN ***
cgreek: shows [Td Kd] (two pair, Kings and Tens)
GaboChula: shows [Qd Ad] (a straight, Ten to Ace)
GaboChula collected $0.11 from side pot
Chercov313: shows [5s Ks] (a pair of Kings)
GaboChula collected $2 from main pot
*** SUMMARY ***
Total pot $2.19 Main pot $2. Side pot $0.11. | Rake $0.08 
Board [Kh 8d Jc Ts 7c]
Seat 1: EuEraUmBebado folded before Flop (didn't bet)
Seat 2: seretanu119 folded on the Turn
Seat 3: cgreek showed [Td Kd] and lost with two pair, Kings and Tens
Seat 4: VTN*81 folded before Flop (didn't bet)
Seat 5: insidevoom folded before Flop (didn't bet)
Seat 6: Dorex2007 folded before Flop (didn't bet)
Seat 7: GaboChula (button) showed [Qd Ad] and won ($2.11) with a straight, Ten to Ace
Seat 8: Chercov313 (small blind) showed [5s Ks] and lost with a pair of Kings
Seat 9: Sysrq03 (big blind) folded before Flop



PokerStars Hand #232829558758:  Hold'em No Limit ($0.01/$0.02 USD) - 2022/01/04 19:44:01 PT [2022/01/04 22:44:01 ET]
Table 'Ottegebe V' 9-max Seat #9 is the button
Seat 1: EuEraUmBebado ($4.63 in chips) 
Seat 2: seretanu119 ($1.45 in chips) 
Seat 3: cgreek ($0.89 in chips) 
Seat 4: VTN*81 ($1.92 in chips) 
Seat 5: insidevoom ($0.96 in chips) 
Seat 6: Dorex2007 ($2.19 in chips) 
Seat 7: GaboChula ($2.11 in chips) 
Seat 9: Sysrq03 ($4.32 in chips) 
EuEraUmBebado: posts small blind $0.01
seretanu119: posts big blind $0.02
*** HOLE CARDS ***
Dealt to Dorex2007 [3c 8h]
cgreek: folds 
VTN*81: folds 
insidevoom: folds 
insidevoom leaves the table
Dorex2007: folds 
GaboChula: folds 
Sysrq03: folds 
sofaking1973 joins the table at seat #5 
EuEraUmBebado: raises $0.04 to $0.06
seretanu119: calls $0.04
*** FLOP *** [3h Ac 2c]
EuEraUmBebado: bets $0.06
seretanu119: calls $0.06
*** TURN *** [3h Ac 2c] [Jh]
EuEraUmBebado: bets $0.15
seretanu119: calls $0.15
*** RIVER *** [3h Ac 2c Jh] [7c]
EuEraUmBebado: checks 
seretanu119: checks 
*** SHOW DOWN ***
EuEraUmBebado: shows [Jc Qd] (a pair of Jacks)
seretanu119: shows [8c As] (a pair of Aces)
seretanu119 collected $0.52 from pot
*** SUMMARY ***
Total pot $0.54 | Rake $0.02 
Board [3h Ac 2c Jh 7c]
Seat 1: EuEraUmBebado (small blind) showed [Jc Qd] and lost with a pair of Jacks
Seat 2: seretanu119 (big blind) showed [8c As] and won ($0.52) with a pair of Aces
Seat 3: cgreek folded before Flop (didn't bet)
Seat 4: VTN*81 folded before Flop (didn't bet)
Seat 5: insidevoom folded before Flop (didn't bet)
Seat 6: Dorex2007 folded before Flop (didn't bet)
Seat 7: GaboChula folded before Flop (didn't bet)
Seat 9: Sysrq03 (button) folded before Flop (didn't bet)



PokerStars Hand #232829567684:  Hold'em No Limit ($0.01/$0.02 USD) - 2022/01/04 19:44:43 PT [2022/01/04 22:44:43 ET]
Table 'Ottegebe V' 9-max Seat #1 is the button
Seat 1: EuEraUmBebado ($4.36 in chips) 
Seat 2: seretanu119 ($1.70 in chips) 
Seat 3: cgreek ($0.89 in chips) 
Seat 4: VTN*81 ($1.92 in chips) 
Seat 6: Dorex2007 ($2.19 in chips) 
Seat 7: GaboChula ($2.11 in chips) 
Seat 8: Chercov313 ($2 in chips) 
Seat 9: Sysrq03 ($4.32 in chips) 
seretanu119: posts small blind $0.01
cgreek: posts big blind $0.02
sofaking1973: sits out 
*** HOLE CARDS ***
Dealt to Dorex2007 [9s 5c]
VTN*81: folds 
Dorex2007: folds 
GaboChula: folds 
Chercov313: calls $0.02
Sysrq03: folds 
EuEraUmBebado: raises $0.04 to $0.06
seretanu119: folds 
cgreek: folds 
Chercov313: folds 
Uncalled bet ($0.04) returned to EuEraUmBebado
EuEraUmBebado collected $0.07 from pot
EuEraUmBebado: doesn't show hand 
*** SUMMARY ***
Total pot $0.07 | Rake $0 
Seat 1: EuEraUmBebado (button) collected ($0.07)
Seat 2: seretanu119 (small blind) folded before Flop
Seat 3: cgreek (big blind) folded before Flop
Seat 4: VTN*81 folded before Flop (didn't bet)
Seat 6: Dorex2007 folded before Flop (didn't bet)
Seat 7: GaboChula folded before Flop (didn't bet)
Seat 8: Chercov313 folded before Flop
Seat 9: Sysrq03 folded before Flop (didn't bet)



PokerStars Hand #232829574690:  Hold'em No Limit ($0.01/$0.02 USD) - 2022/01/04 19:45:15 PT [2022/01/04 22:45:15 ET]
Table 'Ottegebe V' 9-max Seat #2 is the button
Seat 1: EuEraUmBebado ($4.41 in chips) 
Seat 2: seretanu119 ($1.69 in chips) 
Seat 3: cgreek ($0.87 in chips) 
Seat 4: VTN*81 ($1.92 in chips) 
Seat 6: Dorex2007 ($2.19 in chips) 
Seat 7: GaboChula ($2.11 in chips) 
Seat 8: Chercov313 ($1.98 in chips) 
Seat 9: Sysrq03 ($4.32 in chips) 
cgreek: posts small blind $0.01
VTN*81: posts big blind $0.02
sofaking1973: sits out 
*** HOLE CARDS ***
Dealt to Dorex2007 [Kh Jh]
Dorex2007: raises $0.04 to $0.06
GaboChula: folds 
Chercov313: calls $0.06
Sysrq03: folds 
EuEraUmBebado: folds 
seretanu119: calls $0.06
cgreek: calls $0.05
VTN*81: folds 
*** FLOP *** [Qh 4h 9h]
cgreek: checks 
Dorex2007: checks 
Chercov313: checks 
seretanu119: checks 
*** TURN *** [Qh 4h 9h] [2h]
cgreek: checks 
Dorex2007: bets $0.13
Chercov313: folds 
seretanu119: folds 
cgreek: folds 
Uncalled bet ($0.13) returned to Dorex2007
Dorex2007 collected $0.25 from pot
Dorex2007: doesn't show hand 
*** SUMMARY ***
Total pot $0.26 | Rake $0.01 
Board [Qh 4h 9h 2h]
Seat 1: EuEraUmBebado folded before Flop (didn't bet)
Seat 2: seretanu119 (button) folded on the Turn
Seat 3: cgreek (small blind) folded on the Turn
Seat 4: VTN*81 (big blind) folded before Flop
Seat 6: Dorex2007 collected ($0.25)
Seat 7: GaboChula folded before Flop (didn't bet)
Seat 8: Chercov313 folded on the Turn
Seat 9: Sysrq03 folded before Flop (didn't bet)



PokerStars Hand #232829586739:  Hold'em No Limit ($0.01/$0.02 USD) - 2022/01/04 19:46:11 PT [2022/01/04 22:46:11 ET]
Table 'Ottegebe V' 9-max Seat #3 is the button
Seat 1: EuEraUmBebado ($4.41 in chips) 
Seat 2: seretanu119 ($1.63 in chips) 
Seat 3: cgreek ($0.81 in chips) 
Seat 4: VTN*81 ($1.90 in chips) 
Seat 5: sofaking1973 ($2 in chips) 
Seat 6: Dorex2007 ($2.38 in chips) 
Seat 7: GaboChula ($2.11 in chips) 
Seat 8: Chercov313 ($1.92 in chips) 
Seat 9: Sysrq03 ($4.32 in chips) 
VTN*81: posts small blind $0.01
sofaking1973: posts big blind $0.02
*** HOLE CARDS ***
Dealt to Dorex2007 [7d 2s]
Dorex2007: folds 
GaboChula: folds 
Chercov313: calls $0.02
Sysrq03: folds 
EuEraUmBebado: folds 
seretanu119: folds 
cgreek: folds 
VTN*81: folds 
sofaking1973: checks 
*** FLOP *** [4c Ad Ac]
sofaking1973: checks 
Chercov313: checks 
*** TURN *** [4c Ad Ac] [Ah]
sofaking1973: checks 
Chercov313: checks 
*** RIVER *** [4c Ad Ac Ah] [6s]
sofaking1973: checks 
Chercov313: checks 
*** SHOW DOWN ***
sofaking1973: shows [Th Kd] (three of a kind, Aces)
Chercov313: mucks hand 
sofaking1973 collected $0.05 from pot
*** SUMMARY ***
Total pot $0.05 | Rake $0 
Board [4c Ad Ac Ah 6s]
Seat 1: EuEraUmBebado folded before Flop (didn't bet)
Seat 2: seretanu119 folded before Flop (didn't bet)
Seat 3: cgreek (button) folded before Flop (didn't bet)
Seat 4: VTN*81 (small blind) folded before Flop
Seat 5: sofaking1973 (big blind) showed [Th Kd] and won ($0.05) with three of a kind, Aces
Seat 6: Dorex2007 folded before Flop (didn't bet)
Seat 7: GaboChula folded before Flop (didn't bet)
Seat 8: Chercov313 mucked [8d Js]
Seat 9: Sysrq03 folded before Flop (didn't bet)



PokerStars Hand #232829598177:  Hold'em No Limit ($0.01/$0.02 USD) - 2022/01/04 19:47:04 PT [2022/01/04 22:47:04 ET]
Table 'Ottegebe V' 9-max Seat #4 is the button
Seat 1: EuEraUmBebado ($4.41 in chips) 
Seat 2: seretanu119 ($1.63 in chips) 
Seat 3: cgreek ($0.81 in chips) 
Seat 4: VTN*81 ($1.89 in chips) 
Seat 5: sofaking1973 ($2.03 in chips) 
Seat 6: Dorex2007 ($2.38 in chips) 
Seat 7: GaboChula ($2.11 in chips) 
Seat 8: Chercov313 ($1.90 in chips) 
Seat 9: Sysrq03 ($4.32 in chips) 
sofaking1973: posts small blind $0.01
Dorex2007: posts big blind $0.02
*** HOLE CARDS ***
Dealt to Dorex2007 [2c 7h]
GaboChula: folds 
Chercov313: calls $0.02
Sysrq03: folds 
EuEraUmBebado: raises $0.08 to $0.10
seretanu119: folds 
cgreek: calls $0.10
VTN*81: folds 
sofaking1973: folds 
Dorex2007: folds 
Chercov313: folds 
*** FLOP *** [Th 8d Ts]
EuEraUmBebado: bets $0.18
cgreek: folds 
Uncalled bet ($0.18) returned to EuEraUmBebado
EuEraUmBebado collected $0.24 from pot
EuEraUmBebado: doesn't show hand 
*** SUMMARY ***
Total pot $0.25 | Rake $0.01 
Board [Th 8d Ts]
Seat 1: EuEraUmBebado collected ($0.24)
Seat 2: seretanu119 folded before Flop (didn't bet)
Seat 3: cgreek folded on the Flop
Seat 4: VTN*81 (button) folded before Flop (didn't bet)
Seat 5: sofaking1973 (small blind) folded before Flop
Seat 6: Dorex2007 (big blind) folded before Flop
Seat 7: GaboChula folded before Flop (didn't bet)
Seat 8: Chercov313 folded before Flop
Seat 9: Sysrq03 folded before Flop (didn't bet)



PokerStars Hand #232829608747:  Hold'em No Limit ($0.01/$0.02 USD) - 2022/01/04 19:47:54 PT [2022/01/04 22:47:54 ET]
Table 'Ottegebe V' 9-max Seat #5 is the button
Seat 1: EuEraUmBebado ($4.55 in chips) 
Seat 2: seretanu119 ($1.63 in chips) 
Seat 3: cgreek ($0.71 in chips) 
Seat 4: VTN*81 ($1.89 in chips) 
Seat 5: sofaking1973 ($2.02 in chips) 
Seat 6: Dorex2007 ($2.36 in chips) 
Seat 7: GaboChula ($2.11 in chips) 
Seat 8: Chercov313 ($1.88 in chips) 
Seat 9: Sysrq03 ($4.32 in chips) 
Dorex2007: posts small blind $0.01
GaboChula: posts big blind $0.02
*** HOLE CARDS ***
Dealt to Dorex2007 [Kd 8h]
Chercov313: calls $0.02
Sysrq03: folds 
EuEraUmBebado: folds 
seretanu119: folds 
cgreek: folds 
VTN*81: folds 
sofaking1973: folds 
Dorex2007: folds 
GaboChula: checks 
*** FLOP *** [7s 3s Qd]
GaboChula: checks 
Chercov313: checks 
*** TURN *** [7s 3s Qd] [5c]
GaboChula: checks 
Chercov313: checks 
*** RIVER *** [7s 3s Qd 5c] [5s]
GaboChula: checks 
Chercov313: bets $0.16
GaboChula: calls $0.16
*** SHOW DOWN ***
Chercov313: shows [5h Ts] (three of a kind, Fives)
GaboChula: shows [Js 9s] (a flush, Jack high)
GaboChula collected $0.36 from pot
*** SUMMARY ***
Total pot $0.37 | Rake $0.01 
Board [7s 3s Qd 5c 5s]
Seat 1: EuEraUmBebado folded before Flop (didn't bet)
Seat 2: seretanu119 folded before Flop (didn't bet)
Seat 3: cgreek folded before Flop (didn't bet)
Seat 4: VTN*81 folded before Flop (didn't bet)
Seat 5: sofaking1973 (button) folded before Flop (didn't bet)
Seat 6: Dorex2007 (small blind) folded before Flop
Seat 7: GaboChula (big blind) showed [Js 9s] and won ($0.36) with a flush, Jack high
Seat 8: Chercov313 showed [5h Ts] and lost with three of a kind, Fives
Seat 9: Sysrq03 folded before Flop (didn't bet)



PokerStars Hand #232829616634:  Hold'em No Limit ($0.01/$0.02 USD) - 2022/01/04 19:48:31 PT [2022/01/04 22:48:31 ET]
Table 'Ottegebe V' 9-max Seat #6 is the button
Seat 1: EuEraUmBebado ($4.55 in chips) 
Seat 2: seretanu119 ($1.63 in chips) 
Seat 3: cgreek ($0.71 in chips) 
Seat 4: VTN*81 ($1.89 in chips) 
Seat 5: sofaking1973 ($2.02 in chips) 
Seat 6: Dorex2007 ($2.35 in chips) 
Seat 7: GaboChula ($2.29 in chips) 
Seat 8: Chercov313 ($1.70 in chips) 
Seat 9: Sysrq03 ($4.32 in chips) 
GaboChula: posts small blind $0.01
Chercov313: posts big blind $0.02
*** HOLE CARDS ***
Dealt to Dorex2007 [Qs 6s]
Sysrq03: folds 
EuEraUmBebado: folds 
seretanu119: calls $0.02
cgreek: folds 
VTN*81: calls $0.02
sofaking1973: folds 
Dorex2007: folds 
GaboChula: folds 
Chercov313: checks 
*** FLOP *** [Ks 9s Tc]
Chercov313: checks 
seretanu119: bets $0.06
VTN*81: folds 
Chercov313: folds 
Uncalled bet ($0.06) returned to seretanu119
seretanu119 collected $0.07 from pot
*** SUMMARY ***
Total pot $0.07 | Rake $0 
Board [Ks 9s Tc]
Seat 1: EuEraUmBebado folded before Flop (didn't bet)
Seat 2: seretanu119 collected ($0.07)
Seat 3: cgreek folded before Flop (didn't bet)
Seat 4: VTN*81 folded on the Flop
Seat 5: sofaking1973 folded before Flop (didn't bet)
Seat 6: Dorex2007 (button) folded before Flop (didn't bet)
Seat 7: GaboChula (small blind) folded before Flop
Seat 8: Chercov313 (big blind) folded on the Flop
Seat 9: Sysrq03 folded before Flop (didn't bet)



PokerStars Hand #232829624541:  Hold'em No Limit ($0.01/$0.02 USD) - 2022/01/04 19:49:08 PT [2022/01/04 22:49:08 ET]
Table 'Ottegebe V' 9-max Seat #7 is the button
Seat 1: EuEraUmBebado ($4.55 in chips) 
Seat 2: seretanu119 ($1.68 in chips) 
Seat 3: cgreek ($0.71 in chips) 
Seat 4: VTN*81 ($1.87 in chips) 
Seat 5: sofaking1973 ($2.02 in chips) 
Seat 6: Dorex2007 ($2.35 in chips) 
Seat 7: GaboChula ($2.28 in chips) 
Seat 8: Chercov313 ($1.68 in chips) 
Seat 9: Sysrq03 ($4.32 in chips) 
Chercov313: posts small blind $0.01
Sysrq03: posts big blind $0.02
*** HOLE CARDS ***
Dealt to Dorex2007 [8s As]
EuEraUmBebado: folds 
seretanu119: calls $0.02
cgreek: folds 
VTN*81: folds 
sofaking1973: folds 
Dorex2007: raises $0.06 to $0.08
GaboChula: folds 
Chercov313: folds 
Sysrq03: folds 
seretanu119: calls $0.06
*** FLOP *** [2s 9s Kc]
seretanu119: checks 
Dorex2007: bets $0.12
seretanu119: calls $0.12
*** TURN *** [2s 9s Kc] [5s]
seretanu119: checks 
Dorex2007: bets $0.12
seretanu119: folds 
Uncalled bet ($0.12) returned to Dorex2007
Dorex2007 collected $0.41 from pot
Dorex2007: doesn't show hand 
*** SUMMARY ***
Total pot $0.43 | Rake $0.02 
Board [2s 9s Kc 5s]
Seat 1: EuEraUmBebado folded before Flop (didn't bet)
Seat 2: seretanu119 folded on the Turn
Seat 3: cgreek folded before Flop (didn't bet)
Seat 4: VTN*81 folded before Flop (didn't bet)
Seat 5: sofaking1973 folded before Flop (didn't bet)
Seat 6: Dorex2007 collected ($0.41)
Seat 7: GaboChula (button) folded before Flop (didn't bet)
Seat 8: Chercov313 (small blind) folded before Flop
Seat 9: Sysrq03 (big blind) folded before Flop



PokerStars Hand #232829635894:  Hold'em No Limit ($0.01/$0.02 USD) - 2022/01/04 19:50:02 PT [2022/01/04 22:50:02 ET]
Table 'Ottegebe V' 9-max Seat #8 is the button
Seat 1: EuEraUmBebado ($4.55 in chips) 
Seat 2: seretanu119 ($1.48 in chips) 
Seat 3: cgreek ($0.71 in chips) 
Seat 4: VTN*81 ($1.87 in chips) 
Seat 5: sofaking1973 ($2.02 in chips) 
Seat 6: Dorex2007 ($2.56 in chips) 
Seat 7: GaboChula ($2.28 in chips) 
Seat 8: Chercov313 ($1.67 in chips) 
Seat 9: Sysrq03 ($4.30 in chips) 
Sysrq03: posts small blind $0.01
EuEraUmBebado: posts big blind $0.02
*** HOLE CARDS ***
Dealt to Dorex2007 [Kd Ks]
seretanu119: calls $0.02
cgreek: calls $0.02
VTN*81: folds 
sofaking1973: folds 
Dorex2007: raises $0.09 to $0.11
GaboChula: folds 
Chercov313: folds 
Sysrq03: folds 
EuEraUmBebado: folds 
seretanu119: folds 
cgreek: calls $0.09
*** FLOP *** [Jd 8s Ts]
cgreek: checks 
Dorex2007: bets $2.45 and is all-in
cgreek: folds 
Uncalled bet ($2.45) returned to Dorex2007
Dorex2007 collected $0.26 from pot
Dorex2007: doesn't show hand 
*** SUMMARY ***
Total pot $0.27 | Rake $0.01 
Board [Jd 8s Ts]
Seat 1: EuEraUmBebado (big blind) folded before Flop
Seat 2: seretanu119 folded before Flop
Seat 3: cgreek folded on the Flop
Seat 4: VTN*81 folded before Flop (didn't bet)
Seat 5: sofaking1973 folded before Flop (didn't bet)
Seat 6: Dorex2007 collected ($0.26)
Seat 7: GaboChula folded before Flop (didn't bet)
Seat 8: Chercov313 (button) folded before Flop (didn't bet)
Seat 9: Sysrq03 (small blind) folded before Flop



PokerStars Hand #232829645980:  Hold'em No Limit ($0.01/$0.02 USD) - 2022/01/04 19:50:50 PT [2022/01/04 22:50:50 ET]
Table 'Ottegebe V' 9-max Seat #9 is the button
Seat 1: EuEraUmBebado ($4.53 in chips) 
Seat 2: seretanu119 ($1.46 in chips) 
Seat 3: cgreek ($0.60 in chips) 
Seat 4: VTN*81 ($1.87 in chips) 
Seat 5: sofaking1973 ($2.02 in chips) 
Seat 6: Dorex2007 ($2.71 in chips) 
Seat 7: GaboChula ($2.28 in chips) 
Seat 8: Chercov313 ($1.67 in chips) 
Seat 9: Sysrq03 ($4.29 in chips) 
EuEraUmBebado: posts small blind $0.01
seretanu119: posts big blind $0.02
*** HOLE CARDS ***
Dealt to Dorex2007 [Ts 2c]
cgreek: folds 
VTN*81: folds 
sofaking1973: folds 
Dorex2007: folds 
GaboChula: folds 
Chercov313: calls $0.02
Sysrq03: folds 
EuEraUmBebado: folds 
seretanu119: checks 
*** FLOP *** [8c 9d Ac]
seretanu119: checks 
Chercov313: checks 
*** TURN *** [8c 9d Ac] [6d]
seretanu119: checks 
Chercov313: checks 
*** RIVER *** [8c 9d Ac 6d] [Td]
seretanu119: checks 
Chercov313: checks 
*** SHOW DOWN ***
seretanu119: shows [Qh 2d] (high card Ace)
Chercov313: shows [6h Qc] (a pair of Sixes)
Chercov313 collected $0.05 from pot
*** SUMMARY ***
Total pot $0.05 | Rake $0 
Board [8c 9d Ac 6d Td]
Seat 1: EuEraUmBebado (small blind) folded before Flop
Seat 2: seretanu119 (big blind) showed [Qh 2d] and lost with high card Ace
Seat 3: cgreek folded before Flop (didn't bet)
Seat 4: VTN*81 folded before Flop (didn't bet)
Seat 5: sofaking1973 folded before Flop (didn't bet)
Seat 6: Dorex2007 folded before Flop (didn't bet)
Seat 7: GaboChula folded before Flop (didn't bet)
Seat 8: Chercov313 showed [6h Qc] and won ($0.05) with a pair of Sixes
Seat 9: Sysrq03 (button) folded before Flop (didn't bet)



PokerStars Hand #232829660311:  Hold'em No Limit ($0.01/$0.02 USD) - 2022/01/04 19:51:29 PT [2022/01/04 22:51:29 ET]
Table 'Ottegebe V' 9-max Seat #1 is the button
Seat 1: EuEraUmBebado ($4.52 in chips) 
Seat 2: seretanu119 ($1.44 in chips) 
Seat 3: cgreek ($0.60 in chips) 
Seat 4: VTN*81 ($1.87 in chips) 
Seat 5: sofaking1973 ($2.02 in chips) 
Seat 6: Dorex2007 ($2.71 in chips) 
Seat 7: GaboChula ($2.28 in chips) 
Seat 8: Chercov313 ($1.70 in chips) 
Seat 9: Sysrq03 ($4.29 in chips) 
seretanu119: posts small blind $0.01
cgreek: posts big blind $0.02
*** HOLE CARDS ***
Dealt to Dorex2007 [2s 7c]
VTN*81: folds 
sofaking1973: folds 
Dorex2007: folds 
GaboChula: calls $0.02
Chercov313: calls $0.02
Sysrq03: calls $0.02
EuEraUmBebado: folds 
seretanu119: calls $0.01
cgreek: checks 
*** FLOP *** [Js Ad 3s]
seretanu119: checks 
cgreek: checks 
GaboChula: checks 
Chercov313: checks 
Sysrq03: bets $0.05
seretanu119: folds 
cgreek: folds 
GaboChula: calls $0.05
Chercov313: calls $0.05
*** TURN *** [Js Ad 3s] [Qs]
GaboChula: checks 
Chercov313: checks 
Sysrq03: checks 
*** RIVER *** [Js Ad 3s Qs] [5c]
GaboChula: checks 
Chercov313: checks 
Sysrq03: checks 
*** SHOW DOWN ***
GaboChula: shows [Kc Tc] (a straight, Ten to Ace)
Chercov313: mucks hand 
Sysrq03: mucks hand 
GaboChula collected $0.24 from pot
*** SUMMARY ***
Total pot $0.25 | Rake $0.01 
Board [Js Ad 3s Qs 5c]
Seat 1: EuEraUmBebado (button) folded before Flop (didn't bet)
Seat 2: seretanu119 (small blind) folded on the Flop
Seat 3: cgreek (big blind) folded on the Flop
Seat 4: VTN*81 folded before Flop (didn't bet)
Seat 5: sofaking1973 folded before Flop (didn't bet)
Seat 6: Dorex2007 folded before Flop (didn't bet)
Seat 7: GaboChula showed [Kc Tc] and won ($0.24) with a straight, Ten to Ace
Seat 8: Chercov313 mucked [Th Ts]
Seat 9: Sysrq03 mucked [Ac 9c]



PokerStars Hand #232829677826:  Hold'em No Limit ($0.01/$0.02 USD) - 2022/01/04 19:52:53 PT [2022/01/04 22:52:53 ET]
Table 'Ottegebe V' 9-max Seat #2 is the button
Seat 1: EuEraUmBebado ($4.52 in chips) 
Seat 2: seretanu119 ($1.42 in chips) 
Seat 3: cgreek ($0.58 in chips) 
Seat 4: VTN*81 ($1.87 in chips) 
Seat 5: sofaking1973 ($2.02 in chips) 
Seat 6: Dorex2007 ($2.71 in chips) 
Seat 7: GaboChula ($2.45 in chips) 
Seat 8: Chercov313 ($1.63 in chips) 
Seat 9: Sysrq03 ($4.22 in chips) 
cgreek: posts small blind $0.01
VTN*81: posts big blind $0.02
*** HOLE CARDS ***
Dealt to Dorex2007 [3d 2s]
sofaking1973: folds 
Dorex2007: folds 
GaboChula: folds 
Chercov313: calls $0.02
Sysrq03: folds 
EuEraUmBebado: folds 
seretanu119: calls $0.02
cgreek: calls $0.01
VTN*81: checks 
*** FLOP *** [Ah Kh Qd]
cgreek: checks 
VTN*81: checks 
Chercov313: checks 
seretanu119: checks 
*** TURN *** [Ah Kh Qd] [Jh]
cgreek: checks 
VTN*81: checks 
Chercov313: bets $0.02
seretanu119: folds 
cgreek: calls $0.02
VTN*81: folds 
*** RIVER *** [Ah Kh Qd Jh] [3s]
cgreek: checks 
Chercov313: bets $0.54
cgreek: folds 
Uncalled bet ($0.54) returned to Chercov313
Chercov313 collected $0.12 from pot
Chercov313: doesn't show hand 
*** SUMMARY ***
Total pot $0.12 | Rake $0 
Board [Ah Kh Qd Jh 3s]
Seat 1: EuEraUmBebado folded before Flop (didn't bet)
Seat 2: seretanu119 (button) folded on the Turn
Seat 3: cgreek (small blind) folded on the River
Seat 4: VTN*81 (big blind) folded on the Turn
Seat 5: sofaking1973 folded before Flop (didn't bet)
Seat 6: Dorex2007 folded before Flop (didn't bet)
Seat 7: GaboChula folded before Flop (didn't bet)
Seat 8: Chercov313 collected ($0.12)
Seat 9: Sysrq03 folded before Flop (didn't bet)



PokerStars Hand #232829691827:  Hold'em No Limit ($0.01/$0.02 USD) - 2022/01/04 19:54:00 PT [2022/01/04 22:54:00 ET]
Table 'Ottegebe V' 9-max Seat #3 is the button
Seat 1: EuEraUmBebado ($4.52 in chips) 
Seat 2: seretanu119 ($1.40 in chips) 
Seat 3: cgreek ($0.54 in chips) 
Seat 4: VTN*81 ($1.85 in chips) 
Seat 5: sofaking1973 ($2.02 in chips) 
Seat 6: Dorex2007 ($2.71 in chips) 
Seat 7: GaboChula ($2.45 in chips) 
Seat 8: Chercov313 ($1.71 in chips) 
Seat 9: Sysrq03 ($4.22 in chips) 
VTN*81: posts small blind $0.01
sofaking1973: posts big blind $0.02
*** HOLE CARDS ***
Dealt to Dorex2007 [5h 9s]
Dorex2007: folds 
GaboChula: folds 
Chercov313: calls $0.02
Sysrq03: folds 
EuEraUmBebado: folds 
seretanu119: calls $0.02
cgreek: raises $0.09 to $0.11
VTN*81: folds 
sofaking1973: folds 
Chercov313: folds 
seretanu119: calls $0.09
*** FLOP *** [6c 9c 5d]
VTN*81 leaves the table
seretanu119: checks 
cgreek: bets $0.43 and is all-in
seretanu119: folds 
Uncalled bet ($0.43) returned to cgreek
cgreek collected $0.26 from pot
cgreek: doesn't show hand 
*** SUMMARY ***
Total pot $0.27 | Rake $0.01 
Board [6c 9c 5d]
Seat 1: EuEraUmBebado folded before Flop (didn't bet)
Seat 2: seretanu119 folded on the Flop
Seat 3: cgreek (button) collected ($0.26)
Seat 4: VTN*81 (small blind) folded before Flop
Seat 5: sofaking1973 (big blind) folded before Flop
Seat 6: Dorex2007 folded before Flop (didn't bet)
Seat 7: GaboChula folded before Flop (didn't bet)
Seat 8: Chercov313 folded before Flop
Seat 9: Sysrq03 folded before Flop (didn't bet)



PokerStars Hand #232829710923:  Hold'em No Limit ($0.01/$0.02 USD) - 2022/01/04 19:54:53 PT [2022/01/04 22:54:53 ET]
Table 'Ottegebe V' 9-max Seat #5 is the button
Seat 1: EuEraUmBebado ($4.52 in chips) 
Seat 2: seretanu119 ($1.29 in chips) 
Seat 3: cgreek ($0.69 in chips) 
Seat 5: sofaking1973 ($2 in chips) 
Seat 6: Dorex2007 ($2.71 in chips) 
Seat 7: GaboChula ($2.45 in chips) 
Seat 8: Chercov313 ($1.69 in chips) 
Seat 9: Sysrq03 ($4.22 in chips) 
Dorex2007: posts small blind $0.01
GaboChula: posts big blind $0.02
*** HOLE CARDS ***
Dealt to Dorex2007 [3s 7h]
Chercov313: calls $0.02
Sysrq03: folds 
EuEraUmBebado: folds 
seretanu119: folds 
cgreek: folds 
sofaking1973: raises $0.02 to $0.04
Dorex2007: folds 
GaboChula: folds 
Chercov313: calls $0.02
*** FLOP *** [Kd As 6s]
Chercov313: checks 
sofaking1973: bets $0.06
Chercov313: calls $0.06
*** TURN *** [Kd As 6s] [3d]
Chercov313: checks 
sofaking1973: bets $0.10
Chercov313: calls $0.10
*** RIVER *** [Kd As 6s 3d] [4d]
Chercov313: checks 
sofaking1973: checks 
*** SHOW DOWN ***
Chercov313: shows [Ac Js] (a pair of Aces)
sofaking1973: shows [Ad Ah] (three of a kind, Aces)
sofaking1973 collected $0.41 from pot
*** SUMMARY ***
Total pot $0.43 | Rake $0.02 
Board [Kd As 6s 3d 4d]
Seat 1: EuEraUmBebado folded before Flop (didn't bet)
Seat 2: seretanu119 folded before Flop (didn't bet)
Seat 3: cgreek folded before Flop (didn't bet)
Seat 5: sofaking1973 (button) showed [Ad Ah] and won ($0.41) with three of a kind, Aces
Seat 6: Dorex2007 (small blind) folded before Flop
Seat 7: GaboChula (big blind) folded before Flop
Seat 8: Chercov313 showed [Ac Js] and lost with a pair of Aces
Seat 9: Sysrq03 folded before Flop (didn't bet)



PokerStars Hand #232829721048:  Hold'em No Limit ($0.01/$0.02 USD) - 2022/01/04 19:55:48 PT [2022/01/04 22:55:48 ET]
Table 'Ottegebe V' 9-max Seat #6 is the button
Seat 1: EuEraUmBebado ($4.52 in chips) 
Seat 2: seretanu119 ($1.29 in chips) 
Seat 3: cgreek ($0.69 in chips) 
Seat 5: sofaking1973 ($2.21 in chips) 
Seat 6: Dorex2007 ($2.70 in chips) 
Seat 7: GaboChula ($2.43 in chips) 
Seat 8: Chercov313 ($1.49 in chips) 
Seat 9: Sysrq03 ($4.22 in chips) 
GaboChula: posts small blind $0.01
Chercov313: posts big blind $0.02
*** HOLE CARDS ***
Dealt to Dorex2007 [Kh 7d]
Sysrq03: folds 
EuEraUmBebado: folds 
seretanu119: folds 
cgreek: folds 
sofaking1973: folds 
Dorex2007: folds 
GaboChula: folds 
Uncalled bet ($0.01) returned to Chercov313
Chercov313 collected $0.02 from pot
Chercov313: doesn't show hand 
*** SUMMARY ***
Total pot $0.02 | Rake $0 
Seat 1: EuEraUmBebado folded before Flop (didn't bet)
Seat 2: seretanu119 folded before Flop (didn't bet)
Seat 3: cgreek folded before Flop (didn't bet)
Seat 5: sofaking1973 folded before Flop (didn't bet)
Seat 6: Dorex2007 (button) folded before Flop (didn't bet)
Seat 7: GaboChula (small blind) folded before Flop
Seat 8: Chercov313 (big blind) collected ($0.02)
Seat 9: Sysrq03 folded before Flop (didn't bet)



PokerStars Hand #232829723676:  Hold'em No Limit ($0.01/$0.02 USD) - 2022/01/04 19:56:03 PT [2022/01/04 22:56:03 ET]
Table 'Ottegebe V' 9-max Seat #7 is the button
Seat 1: EuEraUmBebado ($4.52 in chips) 
Seat 2: seretanu119 ($1.29 in chips) 
Seat 3: cgreek ($0.69 in chips) 
Seat 5: sofaking1973 ($2.21 in chips) 
Seat 6: Dorex2007 ($2.70 in chips) 
Seat 7: GaboChula ($2.42 in chips) 
Seat 8: Chercov313 ($1.50 in chips) 
Seat 9: Sysrq03 ($4.22 in chips) 
Chercov313: posts small blind $0.01
Sysrq03: posts big blind $0.02
*** HOLE CARDS ***
Dealt to Dorex2007 [7h 8s]
EuEraUmBebado: folds 
seretanu119: calls $0.02
cgreek: folds 
sofaking1973: folds 
Dorex2007: folds 
GaboChula: folds 
Chercov313: calls $0.01
Sysrq03: checks 
*** FLOP *** [9c 6d 3h]
VTN*81 joins the table at seat #4 
Chercov313: checks 
Sysrq03: checks 
seretanu119: checks 
*** TURN *** [9c 6d 3h] [Jd]
Chercov313: checks 
Sysrq03: checks 
seretanu119: bets $0.10
Chercov313: folds 
Sysrq03: folds 
Uncalled bet ($0.10) returned to seretanu119
seretanu119 collected $0.06 from pot
*** SUMMARY ***
Total pot $0.06 | Rake $0 
Board [9c 6d 3h Jd]
Seat 1: EuEraUmBebado folded before Flop (didn't bet)
Seat 2: seretanu119 collected ($0.06)
Seat 3: cgreek folded before Flop (didn't bet)
Seat 5: sofaking1973 folded before Flop (didn't bet)
Seat 6: Dorex2007 folded before Flop (didn't bet)
Seat 7: GaboChula (button) folded before Flop (didn't bet)
Seat 8: Chercov313 (small blind) folded on the Turn
Seat 9: Sysrq03 (big blind) folded on the Turn



PokerStars Hand #232829733416:  Hold'em No Limit ($0.01/$0.02 USD) - 2022/01/04 19:56:58 PT [2022/01/04 22:56:58 ET]
Table 'Ottegebe V' 9-max Seat #8 is the button
Seat 1: EuEraUmBebado ($4.52 in chips) 
Seat 2: seretanu119 ($1.33 in chips) 
Seat 5: sofaking1973 ($2.21 in chips) 
Seat 6: Dorex2007 ($2.70 in chips) 
Seat 7: GaboChula ($2.42 in chips) 
Seat 8: Chercov313 ($1.48 in chips) 
Seat 9: Sysrq03 ($4.20 in chips) 
Sysrq03: posts small blind $0.01
EuEraUmBebado: posts big blind $0.02
VTN*81: sits out 
*** HOLE CARDS ***
Dealt to Dorex2007 [8s 8h]
seretanu119: folds 
sofaking1973: folds 
Dorex2007: raises $0.02 to $0.04
GaboChula: calls $0.04
Chercov313: folds 
Sysrq03: folds 
EuEraUmBebado: raises $0.08 to $0.12
Dorex2007: folds 
GaboChula: calls $0.08
*** FLOP *** [Ks Kd Ts]
EuEraUmBebado: checks 
GaboChula: checks 
*** TURN *** [Ks Kd Ts] [Ad]
EuEraUmBebado: checks 
GaboChula: checks 
*** RIVER *** [Ks Kd Ts Ad] [Jh]
EuEraUmBebado: bets $0.21
GaboChula: raises $0.70 to $0.91
EuEraUmBebado: calls $0.70
*** SHOW DOWN ***
GaboChula: shows [Kh Js] (a full house, Kings full of Jacks)
EuEraUmBebado: mucks hand 
GaboChula collected $2.04 from pot
*** SUMMARY ***
Total pot $2.11 | Rake $0.07 
Board [Ks Kd Ts Ad Jh]
Seat 1: EuEraUmBebado (big blind) mucked [9h Qh]
Seat 2: seretanu119 folded before Flop (didn't bet)
Seat 5: sofaking1973 folded before Flop (didn't bet)
Seat 6: Dorex2007 folded before Flop
Seat 7: GaboChula showed [Kh Js] and won ($2.04) with a full house, Kings full of Jacks
Seat 8: Chercov313 (button) folded before Flop (didn't bet)
Seat 9: Sysrq03 (small blind) folded before Flop



PokerStars Hand #232829747443:  Hold'em No Limit ($0.01/$0.02 USD) - 2022/01/04 19:58:18 PT [2022/01/04 22:58:18 ET]
Table 'Ottegebe V' 9-max Seat #9 is the button
Seat 1: EuEraUmBebado ($3.49 in chips) 
Seat 2: seretanu119 ($1.33 in chips) 
Seat 5: sofaking1973 ($2.21 in chips) 
Seat 6: Dorex2007 ($2.66 in chips) 
Seat 7: GaboChula ($3.43 in chips) 
Seat 8: Chercov313 ($1.48 in chips) 
Seat 9: Sysrq03 ($4.19 in chips) 
EuEraUmBebado: posts small blind $0.01
seretanu119: posts big blind $0.02
VTN*81: sits out 
*** HOLE CARDS ***
Dealt to Dorex2007 [Th 8d]
sofaking1973: calls $0.02
Dorex2007: folds 
GaboChula: folds 
Chercov313: calls $0.02
Sysrq03: folds 
EuEraUmBebado: folds 
seretanu119: checks 
*** FLOP *** [4h Qc 5s]
seretanu119: checks 
sofaking1973: bets $0.02
Chercov313: calls $0.02
seretanu119: calls $0.02
*** TURN *** [4h Qc 5s] [9d]
seretanu119: checks 
sofaking1973: bets $0.06
Chercov313: folds 
seretanu119: folds 
Uncalled bet ($0.06) returned to sofaking1973
sofaking1973 collected $0.13 from pot
sofaking1973: doesn't show hand 
*** SUMMARY ***
Total pot $0.13 | Rake $0 
Board [4h Qc 5s 9d]
Seat 1: EuEraUmBebado (small blind) folded before Flop
Seat 2: seretanu119 (big blind) folded on the Turn
Seat 5: sofaking1973 collected ($0.13)
Seat 6: Dorex2007 folded before Flop (didn't bet)
Seat 7: GaboChula folded before Flop (didn't bet)
Seat 8: Chercov313 folded on the Turn
Seat 9: Sysrq03 (button) folded before Flop (didn't bet)



PokerStars Hand #232829756220:  Hold'em No Limit ($0.01/$0.02 USD) - 2022/01/04 19:59:08 PT [2022/01/04 22:59:08 ET]
Table 'Ottegebe V' 9-max Seat #1 is the button
Seat 1: EuEraUmBebado ($3.48 in chips) 
Seat 2: seretanu119 ($1.29 in chips) 
Seat 4: VTN*81 ($2 in chips) 
Seat 5: sofaking1973 ($2.30 in chips) 
Seat 6: Dorex2007 ($2.66 in chips) 
Seat 7: GaboChula ($3.43 in chips) 
Seat 8: Chercov313 ($1.44 in chips) 
Seat 9: Sysrq03 ($4.19 in chips) 
seretanu119: posts small blind $0.01
VTN*81: posts big blind $0.02
*** HOLE CARDS ***
Dealt to Dorex2007 [5c Th]
sofaking1973: folds 
Dorex2007: folds 
GaboChula: folds 
Chercov313: calls $0.02
Sysrq03: folds 
EuEraUmBebado: folds 
seretanu119: calls $0.01
VTN*81: checks 
*** FLOP *** [6s 9h 2s]
seretanu119: bets $0.10
VTN*81: folds 
Chercov313: calls $0.10
*** TURN *** [6s 9h 2s] [Ts]
seretanu119: bets $0.10
Chercov313: folds 
Uncalled bet ($0.10) returned to seretanu119
seretanu119 collected $0.25 from pot
*** SUMMARY ***
Total pot $0.26 | Rake $0.01 
Board [6s 9h 2s Ts]
Seat 1: EuEraUmBebado (button) folded before Flop (didn't bet)
Seat 2: seretanu119 (small blind) collected ($0.25)
Seat 4: VTN*81 (big blind) folded on the Flop
Seat 5: sofaking1973 folded before Flop (didn't bet)
Seat 6: Dorex2007 folded before Flop (didn't bet)
Seat 7: GaboChula folded before Flop (didn't bet)
Seat 8: Chercov313 folded on the Turn
Seat 9: Sysrq03 folded before Flop (didn't bet)



PokerStars Hand #232829766798:  Hold'em No Limit ($0.01/$0.02 USD) - 2022/01/04 20:00:08 PT [2022/01/04 23:00:08 ET]
Table 'Ottegebe V' 9-max Seat #2 is the button
Seat 1: EuEraUmBebado ($3.48 in chips) 
Seat 2: seretanu119 ($1.42 in chips) 
Seat 4: VTN*81 ($1.98 in chips) 
Seat 5: sofaking1973 ($2.30 in chips) 
Seat 6: Dorex2007 ($2.66 in chips) 
Seat 7: GaboChula ($3.43 in chips) 
Seat 8: Chercov313 ($1.32 in chips) 
Seat 9: Sysrq03 ($4.19 in chips) 
VTN*81: posts small blind $0.01
sofaking1973: posts big blind $0.02
*** HOLE CARDS ***
Dealt to Dorex2007 [Kc 9c]
Dorex2007: folds 
GaboChula: folds 
Chercov313: calls $0.02
Sysrq03: folds 
EuEraUmBebado: folds 
seretanu119: calls $0.02
VTN*81: folds 
sofaking1973: checks 
*** FLOP *** [Th 5s 8s]
sofaking1973: checks 
Chercov313: checks 
seretanu119: checks 
*** TURN *** [Th 5s 8s] [Td]
sofaking1973: checks 
Chercov313: bets $0.02
seretanu119: calls $0.02
sofaking1973: calls $0.02
*** RIVER *** [Th 5s 8s Td] [Qc]
sofaking1973: checks 
Chercov313: bets $0.14
seretanu119: folds 
sofaking1973: folds 
Uncalled bet ($0.14) returned to Chercov313
Chercov313 collected $0.13 from pot
Chercov313: doesn't show hand 
*** SUMMARY ***
Total pot $0.13 | Rake $0 
Board [Th 5s 8s Td Qc]
Seat 1: EuEraUmBebado folded before Flop (didn't bet)
Seat 2: seretanu119 (button) folded on the River
Seat 4: VTN*81 (small blind) folded before Flop
Seat 5: sofaking1973 (big blind) folded on the River
Seat 6: Dorex2007 folded before Flop (didn't bet)
Seat 7: GaboChula folded before Flop (didn't bet)
Seat 8: Chercov313 collected ($0.13)
Seat 9: Sysrq03 folded before Flop (didn't bet)



PokerStars Hand #232829780794:  Hold'em No Limit ($0.01/$0.02 USD) - 2022/01/04 20:01:19 PT [2022/01/04 23:01:19 ET]
Table 'Ottegebe V' 9-max Seat #4 is the button
Seat 1: EuEraUmBebado ($3.48 in chips) 
Seat 2: seretanu119 ($1.38 in chips) 
Seat 4: VTN*81 ($1.97 in chips) 
Seat 5: sofaking1973 ($2.26 in chips) 
Seat 6: Dorex2007 ($2.66 in chips) 
Seat 7: GaboChula ($3.43 in chips) 
Seat 8: Chercov313 ($1.41 in chips) 
Seat 9: Sysrq03 ($4.19 in chips) 
sofaking1973: posts small blind $0.01
Dorex2007: posts big blind $0.02
*** HOLE CARDS ***
Dealt to Dorex2007 [3s 8d]
GaboChula: folds 
Chercov313: calls $0.02
Sysrq03: folds 
EuEraUmBebado: folds 
seretanu119: folds 
VTN*81: calls $0.02
sofaking1973: calls $0.01
Dorex2007: checks 
*** FLOP *** [Kh 4h Ts]
sofaking1973: checks 
Dorex2007: checks 
Chercov313: checks 
VTN*81: checks 
*** TURN *** [Kh 4h Ts] [Jh]
sofaking1973: bets $0.06
Dorex2007: folds 
Chercov313: folds 
VTN*81: raises $0.06 to $0.12
sofaking1973: calls $0.06
*** RIVER *** [Kh 4h Ts Jh] [9d]
sofaking1973: checks 
VTN*81: bets $0.31
sofaking1973: calls $0.31
*** SHOW DOWN ***
VTN*81: shows [9c Qd] (a straight, Nine to King)
sofaking1973: shows [Qh Ad] (a straight, Ten to Ace)
sofaking1973 collected $0.91 from pot
*** SUMMARY ***
Total pot $0.94 | Rake $0.03 
Board [Kh 4h Ts Jh 9d]
Seat 1: EuEraUmBebado folded before Flop (didn't bet)
Seat 2: seretanu119 folded before Flop (didn't bet)
Seat 4: VTN*81 (button) showed [9c Qd] and lost with a straight, Nine to King
Seat 5: sofaking1973 (small blind) showed [Qh Ad] and won ($0.91) with a straight, Ten to Ace
Seat 6: Dorex2007 (big blind) folded on the Turn
Seat 7: GaboChula folded before Flop (didn't bet)
Seat 8: Chercov313 folded on the Turn
Seat 9: Sysrq03 folded before Flop (didn't bet)



PokerStars Hand #232829795286:  Hold'em No Limit ($0.01/$0.02 USD) - 2022/01/04 20:02:31 PT [2022/01/04 23:02:31 ET]
Table 'Ottegebe V' 9-max Seat #5 is the button
Seat 1: EuEraUmBebado ($3.48 in chips) 
Seat 2: seretanu119 ($1.38 in chips) 
Seat 3: cgreek ($0.69 in chips) 
Seat 4: VTN*81 ($1.52 in chips) 
Seat 5: sofaking1973 ($2.72 in chips) 
Seat 6: Dorex2007 ($2.64 in chips) 
Seat 7: GaboChula ($3.43 in chips) 
Seat 8: Chercov313 ($1.39 in chips) 
Seat 9: Sysrq03 ($4.19 in chips) 
Dorex2007: posts small blind $0.01
GaboChula: posts big blind $0.02
cgreek: posts small & big blinds $0.03
*** HOLE CARDS ***
Dealt to Dorex2007 [Kh 4d]
Chercov313: folds 
Sysrq03: folds 
EuEraUmBebado: folds 
seretanu119: folds 
cgreek: checks 
VTN*81: folds 
sofaking1973: folds 
Dorex2007: folds 
GaboChula: raises $0.06 to $0.08
cgreek: folds 
Uncalled bet ($0.06) returned to GaboChula
GaboChula collected $0.06 from pot
GaboChula: doesn't show hand 
*** SUMMARY ***
Total pot $0.06 | Rake $0 
Seat 1: EuEraUmBebado folded before Flop (didn't bet)
Seat 2: seretanu119 folded before Flop (didn't bet)
Seat 3: cgreek folded before Flop (didn't bet)
Seat 4: VTN*81 folded before Flop (didn't bet)
Seat 5: sofaking1973 (button) folded before Flop (didn't bet)
Seat 6: Dorex2007 (small blind) folded before Flop
Seat 7: GaboChula (big blind) collected ($0.06)
Seat 8: Chercov313 folded before Flop (didn't bet)
Seat 9: Sysrq03 folded before Flop (didn't bet)



PokerStars Hand #232829802933:  Hold'em No Limit ($0.01/$0.02 USD) - 2022/01/04 20:03:09 PT [2022/01/04 23:03:09 ET]
Table 'Ottegebe V' 9-max Seat #6 is the button
Seat 1: EuEraUmBebado ($3.48 in chips) 
Seat 2: seretanu119 ($1.38 in chips) 
Seat 3: cgreek ($0.66 in chips) 
Seat 4: VTN*81 ($1.52 in chips) 
Seat 5: sofaking1973 ($2.72 in chips) 
Seat 6: Dorex2007 ($2.63 in chips) 
Seat 7: GaboChula ($3.47 in chips) 
Seat 8: Chercov313 ($1.39 in chips) 
Seat 9: Sysrq03 ($4.19 in chips) 
GaboChula: posts small blind $0.01
Chercov313: posts big blind $0.02
*** HOLE CARDS ***
Dealt to Dorex2007 [Qs Qc]
Sysrq03: calls $0.02
EuEraUmBebado: folds 
seretanu119: folds 
cgreek: calls $0.02
VTN*81 has timed out
VTN*81: folds 
sofaking1973: folds 
Dorex2007: raises $0.06 to $0.08
GaboChula: folds 
Chercov313: folds 
Sysrq03: calls $0.06
cgreek: folds 
*** FLOP *** [5d 4s 5h]
Sysrq03: checks 
Dorex2007: bets $0.20
Sysrq03: calls $0.20
*** TURN *** [5d 4s 5h] [4h]
Sysrq03: checks 
Dorex2007: checks 
*** RIVER *** [5d 4s 5h 4h] [Ad]
Sysrq03: checks 
Dorex2007: checks 
*** SHOW DOWN ***
Sysrq03: shows [6c 6h] (two pair, Sixes and Fives)
Dorex2007: shows [Qs Qc] (two pair, Queens and Fives)
Dorex2007 collected $0.59 from pot
*** SUMMARY ***
Total pot $0.61 | Rake $0.02 
Board [5d 4s 5h 4h Ad]
Seat 1: EuEraUmBebado folded before Flop (didn't bet)
Seat 2: seretanu119 folded before Flop (didn't bet)
Seat 3: cgreek folded before Flop
Seat 4: VTN*81 folded before Flop (didn't bet)
Seat 5: sofaking1973 folded before Flop (didn't bet)
Seat 6: Dorex2007 (button) showed [Qs Qc] and won ($0.59) with two pair, Queens and Fives
Seat 7: GaboChula (small blind) folded before Flop
Seat 8: Chercov313 (big blind) folded before Flop
Seat 9: Sysrq03 showed [6c 6h] and lost with two pair, Sixes and Fives



PokerStars Hand #232829817113:  Hold'em No Limit ($0.01/$0.02 USD) - 2022/01/04 20:04:19 PT [2022/01/04 23:04:19 ET]
Table 'Ottegebe V' 9-max Seat #7 is the button
Seat 1: EuEraUmBebado ($3.48 in chips) 
Seat 2: seretanu119 ($1.38 in chips) 
Seat 3: cgreek ($0.64 in chips) 
Seat 4: VTN*81 ($1.52 in chips) 
Seat 5: sofaking1973 ($2.72 in chips) 
Seat 6: Dorex2007 ($2.94 in chips) 
Seat 7: GaboChula ($3.46 in chips) 
Seat 8: Chercov313 ($1.37 in chips) 
Seat 9: Sysrq03 ($3.91 in chips) 
Chercov313: posts small blind $0.01
Sysrq03: posts big blind $0.02
*** HOLE CARDS ***
Dealt to Dorex2007 [8s 7c]
EuEraUmBebado: folds 
EuEraUmBebado leaves the table
seretanu119: folds 
cgreek: calls $0.02
VTN*81: folds 
sofaking1973: folds 
Dorex2007: folds 
GaboChula: folds 
Chercov313: calls $0.01
Sysrq03: checks 
*** FLOP *** [9d Js 9s]
Chercov313: checks 
Sysrq03: checks 
cgreek: checks 
*** TURN *** [9d Js 9s] [3s]
Chercov313: bets $0.02
Sysrq03: folds 
cgreek: folds 
Uncalled bet ($0.02) returned to Chercov313
Chercov313 collected $0.06 from pot
Chercov313: doesn't show hand 
*** SUMMARY ***
Total pot $0.06 | Rake $0 
Board [9d Js 9s 3s]
Seat 1: EuEraUmBebado folded before Flop (didn't bet)
Seat 2: seretanu119 folded before Flop (didn't bet)
Seat 3: cgreek folded on the Turn
Seat 4: VTN*81 folded before Flop (didn't bet)
Seat 5: sofaking1973 folded before Flop (didn't bet)
Seat 6: Dorex2007 folded before Flop (didn't bet)
Seat 7: GaboChula (button) folded before Flop (didn't bet)
Seat 8: Chercov313 (small blind) collected ($0.06)
Seat 9: Sysrq03 (big blind) folded on the Turn



PokerStars Hand #232829830368:  Hold'em No Limit ($0.01/$0.02 USD) - 2022/01/04 20:05:17 PT [2022/01/04 23:05:17 ET]
Table 'Ottegebe V' 9-max Seat #8 is the button
Seat 2: seretanu119 ($1.38 in chips) 
Seat 3: cgreek ($0.62 in chips) 
Seat 4: VTN*81 ($1.52 in chips) 
Seat 5: sofaking1973 ($2.72 in chips) 
Seat 6: Dorex2007 ($2.94 in chips) 
Seat 7: GaboChula ($3.46 in chips) 
Seat 8: Chercov313 ($1.41 in chips) 
Seat 9: Sysrq03 ($3.89 in chips) 
Sysrq03: posts small blind $0.01
seretanu119: posts big blind $0.02
*** HOLE CARDS ***
Dealt to Dorex2007 [Js 9h]
cgreek: folds 
007_CasRoyal joins the table at seat #1 
VTN*81: calls $0.02
sofaking1973: folds 
Dorex2007: folds 
GaboChula: folds 
Chercov313: folds 
Sysrq03: calls $0.01
seretanu119: checks 
*** FLOP *** [Ac 6s Qc]
Sysrq03: checks 
seretanu119: checks 
VTN*81: bets $0.03
Sysrq03: folds 
seretanu119: folds 
Uncalled bet ($0.03) returned to VTN*81
VTN*81 collected $0.06 from pot
VTN*81: doesn't show hand 
*** SUMMARY ***
Total pot $0.06 | Rake $0 
Board [Ac 6s Qc]
Seat 2: seretanu119 (big blind) folded on the Flop
Seat 3: cgreek folded before Flop (didn't bet)
Seat 4: VTN*81 collected ($0.06)
Seat 5: sofaking1973 folded before Flop (didn't bet)
Seat 6: Dorex2007 folded before Flop (didn't bet)
Seat 7: GaboChula folded before Flop (didn't bet)
Seat 8: Chercov313 (button) folded before Flop (didn't bet)
Seat 9: Sysrq03 (small blind) folded on the Flop



PokerStars Hand #232829837787:  Hold'em No Limit ($0.01/$0.02 USD) - 2022/01/04 20:05:53 PT [2022/01/04 23:05:53 ET]
Table 'Ottegebe V' 9-max Seat #9 is the button
Seat 2: seretanu119 ($1.36 in chips) 
Seat 3: cgreek ($0.62 in chips) 
Seat 4: VTN*81 ($1.56 in chips) 
Seat 5: sofaking1973 ($2.72 in chips) 
Seat 6: Dorex2007 ($2.94 in chips) 
Seat 7: GaboChula ($3.46 in chips) 
Seat 8: Chercov313 ($1.41 in chips) 
Seat 9: Sysrq03 ($3.87 in chips) 
seretanu119: posts small blind $0.01
cgreek: posts big blind $0.02
*** HOLE CARDS ***
Dealt to Dorex2007 [8h 3c]
VTN*81: folds 
sofaking1973: folds 
Dorex2007: folds 
GaboChula: folds 
Chercov313: calls $0.02
Sysrq03: folds 
seretanu119: calls $0.01
cgreek: checks 
*** FLOP *** [4d 6c 7s]
seretanu119: bets $0.06
cgreek: calls $0.06
Chercov313: folds 
*** TURN *** [4d 6c 7s] [4c]
seretanu119: bets $0.08
cgreek: calls $0.08
*** RIVER *** [4d 6c 7s 4c] [Th]
seretanu119: checks 
cgreek: bets $0.17
seretanu119: calls $0.17
*** SHOW DOWN ***
cgreek: shows [8c Ts] (two pair, Tens and Fours)
seretanu119: shows [Jh Js] (two pair, Jacks and Fours)
seretanu119 collected $0.66 from pot
*** SUMMARY ***
Total pot $0.68 | Rake $0.02 
Board [4d 6c 7s 4c Th]
Seat 2: seretanu119 (small blind) showed [Jh Js] and won ($0.66) with two pair, Jacks and Fours
Seat 3: cgreek (big blind) showed [8c Ts] and lost with two pair, Tens and Fours
Seat 4: VTN*81 folded before Flop (didn't bet)
Seat 5: sofaking1973 folded before Flop (didn't bet)
Seat 6: Dorex2007 folded before Flop (didn't bet)
Seat 7: GaboChula folded before Flop (didn't bet)
Seat 8: Chercov313 folded on the Flop
Seat 9: Sysrq03 (button) folded before Flop (didn't bet)



PokerStars Hand #232829857777:  Hold'em No Limit ($0.01/$0.02 USD) - 2022/01/04 20:06:47 PT [2022/01/04 23:06:47 ET]
Table 'Ottegebe V' 9-max Seat #2 is the button
Seat 2: seretanu119 ($1.69 in chips) 
Seat 3: cgreek ($0.29 in chips) 
Seat 4: VTN*81 ($1.56 in chips) 
Seat 5: sofaking1973 ($2.72 in chips) 
Seat 6: Dorex2007 ($2.94 in chips) 
Seat 7: GaboChula ($3.46 in chips) 
Seat 8: Chercov313 ($1.39 in chips) 
Seat 9: Sysrq03 ($3.87 in chips) 
cgreek: posts small blind $0.01
VTN*81: posts big blind $0.02
007_CasRoyal: sits out 
*** HOLE CARDS ***
Dealt to Dorex2007 [9c 8c]
sofaking1973: folds 
Dorex2007: folds 
GaboChula: folds 
Chercov313: calls $0.02
Sysrq03: folds 
seretanu119: folds 
cgreek: calls $0.01
VTN*81: checks 
*** FLOP *** [Qd 3s As]
cgreek: checks 
VTN*81: checks 
Chercov313: checks 
*** TURN *** [Qd 3s As] [Qs]
cgreek: checks 
VTN*81: checks 
Chercov313: checks 
*** RIVER *** [Qd 3s As Qs] [8d]
cgreek: checks 
VTN*81: checks 
Chercov313: checks 
*** SHOW DOWN ***
cgreek: shows [8h Ts] (two pair, Queens and Eights)
VTN*81: mucks hand 
Chercov313: shows [Ah Th] (two pair, Aces and Queens)
Chercov313 collected $0.06 from pot
*** SUMMARY ***
Total pot $0.06 | Rake $0 
Board [Qd 3s As Qs 8d]
Seat 2: seretanu119 (button) folded before Flop (didn't bet)
Seat 3: cgreek (small blind) showed [8h Ts] and lost with two pair, Queens and Eights
Seat 4: VTN*81 (big blind) mucked [3d Kh]
Seat 5: sofaking1973 folded before Flop (didn't bet)
Seat 6: Dorex2007 folded before Flop (didn't bet)
Seat 7: GaboChula folded before Flop (didn't bet)
Seat 8: Chercov313 showed [Ah Th] and won ($0.06) with two pair, Aces and Queens
Seat 9: Sysrq03 folded before Flop (didn't bet)



PokerStars Hand #232829866111:  Hold'em No Limit ($0.01/$0.02 USD) - 2022/01/04 20:07:28 PT [2022/01/04 23:07:28 ET]
Table 'Ottegebe V' 9-max Seat #3 is the button
Seat 2: seretanu119 ($1.69 in chips) 
Seat 3: cgreek ($0.27 in chips) 
Seat 4: VTN*81 ($1.54 in chips) 
Seat 5: sofaking1973 ($2.72 in chips) 
Seat 6: Dorex2007 ($2.94 in chips) 
Seat 7: GaboChula ($3.46 in chips) 
Seat 8: Chercov313 ($1.43 in chips) 
Seat 9: Sysrq03 ($3.87 in chips) 
VTN*81: posts small blind $0.01
sofaking1973: posts big blind $0.02
007_CasRoyal: sits out 
*** HOLE CARDS ***
Dealt to Dorex2007 [Kd 6h]
Dorex2007: folds 
GaboChula: calls $0.02
Chercov313: calls $0.02
Sysrq03: folds 
seretanu119: calls $0.02
cgreek: folds 
VTN*81: calls $0.01
sofaking1973: checks 
*** FLOP *** [Qs Qc 9c]
VTN*81: checks 
sofaking1973: checks 
GaboChula: checks 
Chercov313: checks 
seretanu119: checks 
*** TURN *** [Qs Qc 9c] [3d]
VTN*81: checks 
sofaking1973: checks 
GaboChula: checks 
Chercov313: checks 
seretanu119: bets $0.08
VTN*81: folds 
sofaking1973: folds 
GaboChula: folds 
Chercov313: folds 
Uncalled bet ($0.08) returned to seretanu119
seretanu119 collected $0.10 from pot
*** SUMMARY ***
Total pot $0.10 | Rake $0 
Board [Qs Qc 9c 3d]
Seat 2: seretanu119 collected ($0.10)
Seat 3: cgreek (button) folded before Flop (didn't bet)
Seat 4: VTN*81 (small blind) folded on the Turn
Seat 5: sofaking1973 (big blind) folded on the Turn
Seat 6: Dorex2007 folded before Flop (didn't bet)
Seat 7: GaboChula folded on the Turn
Seat 8: Chercov313 folded on the Turn
Seat 9: Sysrq03 folded before Flop (didn't bet)



PokerStars Hand #232829879137:  Hold'em No Limit ($0.01/$0.02 USD) - 2022/01/04 20:08:32 PT [2022/01/04 23:08:32 ET]
Table 'Ottegebe V' 9-max Seat #4 is the button
Seat 2: seretanu119 ($1.77 in chips) 
Seat 3: cgreek ($0.27 in chips) 
Seat 4: VTN*81 ($1.52 in chips) 
Seat 5: sofaking1973 ($2.70 in chips) 
Seat 6: Dorex2007 ($2.94 in chips) 
Seat 7: GaboChula ($3.44 in chips) 
Seat 8: Chercov313 ($1.41 in chips) 
Seat 9: Sysrq03 ($3.87 in chips) 
sofaking1973: posts small blind $0.01
Dorex2007: posts big blind $0.02
007_CasRoyal: sits out 
*** HOLE CARDS ***
Dealt to Dorex2007 [4d 9h]
GaboChula: folds 
Chercov313: folds 
Sysrq03: folds 
seretanu119: folds 
cgreek: folds 
VTN*81: folds 
sofaking1973: calls $0.01
Dorex2007: checks 
*** FLOP *** [3c 8c Ts]
sofaking1973: bets $0.06
Dorex2007: folds 
Uncalled bet ($0.06) returned to sofaking1973
sofaking1973 collected $0.04 from pot
sofaking1973: doesn't show hand 
*** SUMMARY ***
Total pot $0.04 | Rake $0 
Board [3c 8c Ts]
Seat 2: seretanu119 folded before Flop (didn't bet)
Seat 3: cgreek folded before Flop (didn't bet)
Seat 4: VTN*81 (button) folded before Flop (didn't bet)
Seat 5: sofaking1973 (small blind) collected ($0.04)
Seat 6: Dorex2007 (big blind) folded on the Flop
Seat 7: GaboChula folded before Flop (didn't bet)
Seat 8: Chercov313 folded before Flop (didn't bet)
Seat 9: Sysrq03 folded before Flop (didn't bet)



PokerStars Hand #232829883705:  Hold'em No Limit ($0.01/$0.02 USD) - 2022/01/04 20:08:56 PT [2022/01/04 23:08:56 ET]
Table 'Ottegebe V' 9-max Seat #5 is the button
Seat 2: seretanu119 ($1.77 in chips) 
Seat 3: cgreek ($0.27 in chips) 
Seat 4: VTN*81 ($1.52 in chips) 
Seat 5: sofaking1973 ($2.72 in chips) 
Seat 6: Dorex2007 ($2.92 in chips) 
Seat 7: GaboChula ($3.44 in chips) 
Seat 8: Chercov313 ($1.41 in chips) 
Seat 9: Sysrq03 ($3.87 in chips) 
Dorex2007: posts small blind $0.01
GaboChula: posts big blind $0.02
007_CasRoyal: sits out 
*** HOLE CARDS ***
Dealt to Dorex2007 [4d Qh]
Chercov313: calls $0.02
Sysrq03: calls $0.02
seretanu119: folds 
cgreek: calls $0.02
VTN*81: folds 
sofaking1973: calls $0.02
Dorex2007: folds 
GaboChula: checks 
*** FLOP *** [6d 2h 4h]
GaboChula: checks 
Chercov313: checks 
Sysrq03: bets $0.06
cgreek: folds 
sofaking1973: calls $0.06
GaboChula: folds 
Chercov313: folds 
*** TURN *** [6d 2h 4h] [6h]
Sysrq03: checks 
sofaking1973: checks 
*** RIVER *** [6d 2h 4h 6h] [Jh]
Sysrq03: checks 
sofaking1973: checks 
*** SHOW DOWN ***
Sysrq03: shows [9h 9c] (a flush, Jack high)
sofaking1973: mucks hand 
Sysrq03 collected $0.22 from pot
*** SUMMARY ***
Total pot $0.23 | Rake $0.01 
Board [6d 2h 4h 6h Jh]
Seat 2: seretanu119 folded before Flop (didn't bet)
Seat 3: cgreek folded on the Flop
Seat 4: VTN*81 folded before Flop (didn't bet)
Seat 5: sofaking1973 (button) mucked [5c 5s]
Seat 6: Dorex2007 (small blind) folded before Flop
Seat 7: GaboChula (big blind) folded on the Flop
Seat 8: Chercov313 folded on the Flop
Seat 9: Sysrq03 showed [9h 9c] and won ($0.22) with a flush, Jack high



PokerStars Hand #232829895895:  Hold'em No Limit ($0.01/$0.02 USD) - 2022/01/04 20:09:57 PT [2022/01/04 23:09:57 ET]
Table 'Ottegebe V' 9-max Seat #6 is the button
Seat 2: seretanu119 ($1.77 in chips) 
Seat 3: cgreek ($0.25 in chips) 
Seat 4: VTN*81 ($1.52 in chips) 
Seat 5: sofaking1973 ($2.64 in chips) 
Seat 6: Dorex2007 ($2.91 in chips) 
Seat 7: GaboChula ($3.42 in chips) 
Seat 8: Chercov313 ($1.39 in chips) 
Seat 9: Sysrq03 ($4.01 in chips) 
GaboChula: posts small blind $0.01
Chercov313: posts big blind $0.02
007_CasRoyal: sits out 
*** HOLE CARDS ***
Dealt to Dorex2007 [2s 9h]
Sysrq03: folds 
seretanu119: folds 
cgreek: folds 
VTN*81: folds 
sofaking1973: folds 
Dorex2007: folds 
GaboChula: raises $0.08 to $0.10
Chercov313: folds 
Uncalled bet ($0.08) returned to GaboChula
GaboChula collected $0.04 from pot
GaboChula: doesn't show hand 
*** SUMMARY ***
Total pot $0.04 | Rake $0 
Seat 2: seretanu119 folded before Flop (didn't bet)
Seat 3: cgreek folded before Flop (didn't bet)
Seat 4: VTN*81 folded before Flop (didn't bet)
Seat 5: sofaking1973 folded before Flop (didn't bet)
Seat 6: Dorex2007 (button) folded before Flop (didn't bet)
Seat 7: GaboChula (small blind) collected ($0.04)
Seat 8: Chercov313 (big blind) folded before Flop
Seat 9: Sysrq03 folded before Flop (didn't bet)



PokerStars Hand #232829900160:  Hold'em No Limit ($0.01/$0.02 USD) - 2022/01/04 20:10:18 PT [2022/01/04 23:10:18 ET]
Table 'Ottegebe V' 9-max Seat #7 is the button
Seat 2: seretanu119 ($1.77 in chips) 
Seat 3: cgreek ($0.25 in chips) 
Seat 4: VTN*81 ($1.52 in chips) 
Seat 5: sofaking1973 ($2.64 in chips) 
Seat 6: Dorex2007 ($2.91 in chips) 
Seat 7: GaboChula ($3.44 in chips) 
Seat 8: Chercov313 ($1.37 in chips) 
Seat 9: Sysrq03 ($4.01 in chips) 
Chercov313: posts small blind $0.01
Sysrq03: posts big blind $0.02
007_CasRoyal: sits out 
*** HOLE CARDS ***
Dealt to Dorex2007 [7c Td]
seretanu119: folds 
cgreek: raises $0.05 to $0.07
VTN*81: folds 
sofaking1973: folds 
Dorex2007: folds 
GaboChula: folds 
Chercov313: folds 
Sysrq03: calls $0.05
*** FLOP *** [As 6d Qs]
Sysrq03: checks 
cgreek: bets $0.14
Sysrq03: raises $0.14 to $0.28
cgreek: calls $0.04 and is all-in
Uncalled bet ($0.10) returned to Sysrq03
*** TURN *** [As 6d Qs] [7s]
*** RIVER *** [As 6d Qs 7s] [7h]
*** SHOW DOWN ***
Sysrq03: shows [Jc Ad] (two pair, Aces and Sevens)
cgreek: shows [Ah 9h] (two pair, Aces and Sevens)
Sysrq03 collected $0.25 from pot
cgreek collected $0.24 from pot
*** SUMMARY ***
Total pot $0.51 | Rake $0.02 
Board [As 6d Qs 7s 7h]
Seat 2: seretanu119 folded before Flop (didn't bet)
Seat 3: cgreek showed [Ah 9h] and won ($0.24) with two pair, Aces and Sevens
Seat 4: VTN*81 folded before Flop (didn't bet)
Seat 5: sofaking1973 folded before Flop (didn't bet)
Seat 6: Dorex2007 folded before Flop (didn't bet)
Seat 7: GaboChula (button) folded before Flop (didn't bet)
Seat 8: Chercov313 (small blind) folded before Flop
Seat 9: Sysrq03 (big blind) showed [Jc Ad] and won ($0.25) with two pair, Aces and Sevens



PokerStars Hand #232829908338:  Hold'em No Limit ($0.01/$0.02 USD) - 2022/01/04 20:10:59 PT [2022/01/04 23:10:59 ET]
Table 'Ottegebe V' 9-max Seat #8 is the button
Seat 1: 007_CasRoyal ($0.80 in chips) 
Seat 2: seretanu119 ($1.77 in chips) 
Seat 3: cgreek ($0.24 in chips) 
Seat 4: VTN*81 ($1.52 in chips) 
Seat 5: sofaking1973 ($2.64 in chips) 
Seat 6: Dorex2007 ($2.91 in chips) 
Seat 7: GaboChula ($3.44 in chips) 
Seat 8: Chercov313 ($1.36 in chips) 
Seat 9: Sysrq03 ($4.01 in chips) 
Sysrq03: posts small blind $0.01
007_CasRoyal: posts big blind $0.02
*** HOLE CARDS ***
Dealt to Dorex2007 [As 5h]
seretanu119: folds 
cgreek: folds 
VTN*81: calls $0.02
sofaking1973: folds 
Dorex2007: folds 
GaboChula: calls $0.02
Chercov313: folds 
Sysrq03: folds 
007_CasRoyal: checks 
*** FLOP *** [2h 6c 8c]
007_CasRoyal: checks 
VTN*81: checks 
GaboChula: checks 
*** TURN *** [2h 6c 8c] [Qc]
007_CasRoyal: checks 
VTN*81: checks 
GaboChula: checks 
*** RIVER *** [2h 6c 8c Qc] [9h]
007_CasRoyal: checks 
VTN*81: checks 
GaboChula: bets $0.07
007_CasRoyal: folds 
VTN*81: calls $0.07
*** SHOW DOWN ***
GaboChula: shows [Jh Th] (a straight, Eight to Queen)
VTN*81: mucks hand 
GaboChula collected $0.20 from pot
*** SUMMARY ***
Total pot $0.21 | Rake $0.01 
Board [2h 6c 8c Qc 9h]
Seat 1: 007_CasRoyal (big blind) folded on the River
Seat 2: seretanu119 folded before Flop (didn't bet)
Seat 3: cgreek folded before Flop (didn't bet)
Seat 4: VTN*81 mucked [9s Jc]
Seat 5: sofaking1973 folded before Flop (didn't bet)
Seat 6: Dorex2007 folded before Flop (didn't bet)
Seat 7: GaboChula showed [Jh Th] and won ($0.20) with a straight, Eight to Queen
Seat 8: Chercov313 (button) folded before Flop (didn't bet)
Seat 9: Sysrq03 (small blind) folded before Flop



PokerStars Hand #232829925582:  Hold'em No Limit ($0.01/$0.02 USD) - 2022/01/04 20:12:17 PT [2022/01/04 23:12:17 ET]
Table 'Ottegebe V' 9-max Seat #9 is the button
Seat 1: 007_CasRoyal ($0.78 in chips) 
Seat 2: seretanu119 ($1.77 in chips) 
Seat 3: cgreek ($0.24 in chips) 
Seat 4: VTN*81 ($1.43 in chips) 
Seat 5: sofaking1973 ($2.64 in chips) 
Seat 6: Dorex2007 ($2.91 in chips) 
Seat 7: GaboChula ($3.55 in chips) 
Seat 8: Chercov313 ($1.36 in chips) 
Seat 9: Sysrq03 ($4 in chips) 
007_CasRoyal: posts small blind $0.01
seretanu119: posts big blind $0.02
*** HOLE CARDS ***
Dealt to Dorex2007 [Kc 8s]
cgreek: folds 
VTN*81: folds 
sofaking1973: folds 
Dorex2007: folds 
GaboChula: folds 
Chercov313: calls $0.02
Sysrq03: calls $0.02
007_CasRoyal: raises $0.04 to $0.06
seretanu119: folds 
Chercov313: calls $0.04
Sysrq03: folds 
*** FLOP *** [5c 7s Ac]
007_CasRoyal: bets $0.06
Chercov313: calls $0.06
*** TURN *** [5c 7s Ac] [2s]
007_CasRoyal: bets $0.06
Chercov313: calls $0.06
*** RIVER *** [5c 7s Ac 2s] [8c]
007_CasRoyal: checks 
Chercov313: checks 
*** SHOW DOWN ***
007_CasRoyal: shows [Jc Jd] (a pair of Jacks)
Chercov313: mucks hand 
007_CasRoyal collected $0.39 from pot
*** SUMMARY ***
Total pot $0.40 | Rake $0.01 
Board [5c 7s Ac 2s 8c]
Seat 1: 007_CasRoyal (small blind) showed [Jc Jd] and won ($0.39) with a pair of Jacks
Seat 2: seretanu119 (big blind) folded before Flop
Seat 3: cgreek folded before Flop (didn't bet)
Seat 4: VTN*81 folded before Flop (didn't bet)
Seat 5: sofaking1973 folded before Flop (didn't bet)
Seat 6: Dorex2007 folded before Flop (didn't bet)
Seat 7: GaboChula folded before Flop (didn't bet)
Seat 8: Chercov313 mucked [Ks 3s]
Seat 9: Sysrq03 (button) folded before Flop



PokerStars Hand #232829938561:  Hold'em No Limit ($0.01/$0.02 USD) - 2022/01/04 20:13:23 PT [2022/01/04 23:13:23 ET]
Table 'Ottegebe V' 9-max Seat #1 is the button
Seat 1: 007_CasRoyal ($0.99 in chips) 
Seat 2: seretanu119 ($1.75 in chips) 
Seat 3: cgreek ($0.24 in chips) 
Seat 4: VTN*81 ($1.43 in chips) 
Seat 5: sofaking1973 ($2.64 in chips) 
Seat 6: Dorex2007 ($2.91 in chips) 
Seat 7: GaboChula ($3.55 in chips) 
Seat 8: Chercov313 ($1.18 in chips) 
Seat 9: Sysrq03 ($3.98 in chips) 
seretanu119: posts small blind $0.01
cgreek: posts big blind $0.02
*** HOLE CARDS ***
Dealt to Dorex2007 [Kd Qc]
VTN*81: folds 
sofaking1973: folds 
Dorex2007: raises $0.02 to $0.04
GaboChula: folds 
Chercov313: folds 
Sysrq03: folds 
007_CasRoyal: folds 
seretanu119: folds 
cgreek: calls $0.02
*** FLOP *** [9h 7c Td]
cgreek: checks 
Dorex2007: checks 
*** TURN *** [9h 7c Td] [7d]
cgreek: bets $0.20 and is all-in
Dorex2007: folds 
Uncalled bet ($0.20) returned to cgreek
cgreek collected $0.09 from pot
cgreek: doesn't show hand 
*** SUMMARY ***
Total pot $0.09 | Rake $0 
Board [9h 7c Td 7d]
Seat 1: 007_CasRoyal (button) folded before Flop (didn't bet)
Seat 2: seretanu119 (small blind) folded before Flop
Seat 3: cgreek (big blind) collected ($0.09)
Seat 4: VTN*81 folded before Flop (didn't bet)
Seat 5: sofaking1973 folded before Flop (didn't bet)
Seat 6: Dorex2007 folded on the Turn
Seat 7: GaboChula folded before Flop (didn't bet)
Seat 8: Chercov313 folded before Flop (didn't bet)
Seat 9: Sysrq03 folded before Flop (didn't bet)



PokerStars Hand #232829946569:  Hold'em No Limit ($0.01/$0.02 USD) - 2022/01/04 20:14:03 PT [2022/01/04 23:14:03 ET]
Table 'Ottegebe V' 9-max Seat #2 is the button
Seat 1: 007_CasRoyal ($0.99 in chips) 
Seat 2: seretanu119 ($1.74 in chips) 
Seat 3: cgreek ($0.29 in chips) 
Seat 4: VTN*81 ($1.43 in chips) 
Seat 5: sofaking1973 ($2.64 in chips) 
Seat 6: Dorex2007 ($2.87 in chips) 
Seat 7: GaboChula ($3.55 in chips) 
Seat 8: Chercov313 ($1.18 in chips) 
Seat 9: Sysrq03 ($3.98 in chips) 
cgreek: posts small blind $0.01
VTN*81: posts big blind $0.02
*** HOLE CARDS ***
Dealt to Dorex2007 [4c 6d]
sofaking1973: folds 
Dorex2007: folds 
GaboChula: folds 
Chercov313: calls $0.02
Sysrq03: folds 
007_CasRoyal: calls $0.02
seretanu119: folds 
cgreek: calls $0.01
VTN*81: checks 
*** FLOP *** [4h 5s 5h]
cgreek: checks 
VTN*81: checks 
Chercov313: checks 
007_CasRoyal: checks 
*** TURN *** [4h 5s 5h] [Td]
cgreek: checks 
VTN*81: checks 
Chercov313: checks 
007_CasRoyal: checks 
*** RIVER *** [4h 5s 5h Td] [Jc]
cgreek: checks 
VTN*81: checks 
Chercov313: checks 
007_CasRoyal: checks 
*** SHOW DOWN ***
cgreek: shows [8d Js] (two pair, Jacks and Fives)
VTN*81: mucks hand 
Chercov313: mucks hand 
007_CasRoyal: shows [9h Jh] (two pair, Jacks and Fives)
cgreek collected $0.04 from pot
007_CasRoyal collected $0.04 from pot
*** SUMMARY ***
Total pot $0.08 | Rake $0 
Board [4h 5s 5h Td Jc]
Seat 1: 007_CasRoyal showed [9h Jh] and won ($0.04) with two pair, Jacks and Fives
Seat 2: seretanu119 (button) folded before Flop (didn't bet)
Seat 3: cgreek (small blind) showed [8d Js] and won ($0.04) with two pair, Jacks and Fives
Seat 4: VTN*81 (big blind) mucked [2s 9c]
Seat 5: sofaking1973 folded before Flop (didn't bet)
Seat 6: Dorex2007 folded before Flop (didn't bet)
Seat 7: GaboChula folded before Flop (didn't bet)
Seat 8: Chercov313 mucked [6c Qh]
Seat 9: Sysrq03 folded before Flop (didn't bet)



PokerStars Hand #232829961752:  Hold'em No Limit ($0.01/$0.02 USD) - 2022/01/04 20:15:21 PT [2022/01/04 23:15:21 ET]
Table 'Ottegebe V' 9-max Seat #3 is the button
Seat 1: 007_CasRoyal ($1.01 in chips) 
Seat 2: seretanu119 ($1.74 in chips) 
Seat 3: cgreek ($0.31 in chips) 
Seat 4: VTN*81 ($1.41 in chips) 
Seat 6: Dorex2007 ($2.87 in chips) 
Seat 7: GaboChula ($3.55 in chips) 
Seat 8: Chercov313 ($1.16 in chips) 
Seat 9: Sysrq03 ($3.98 in chips) 
VTN*81: posts small blind $0.01
sofaking1973: is sitting out 
Dorex2007: posts big blind $0.02
*** HOLE CARDS ***
Dealt to Dorex2007 [8c 8s]
GaboChula: calls $0.02
Chercov313: folds 
Sysrq03: calls $0.02
007_CasRoyal: folds 
seretanu119: folds 
cgreek: calls $0.02
VTN*81: raises $0.10 to $0.12
Dorex2007: folds 
GaboChula: folds 
Sysrq03: folds 
cgreek: folds 
Uncalled bet ($0.10) returned to VTN*81
VTN*81 collected $0.10 from pot
VTN*81: doesn't show hand 
*** SUMMARY ***
Total pot $0.10 | Rake $0 
Seat 1: 007_CasRoyal folded before Flop (didn't bet)
Seat 2: seretanu119 folded before Flop (didn't bet)
Seat 3: cgreek (button) folded before Flop
Seat 4: VTN*81 (small blind) collected ($0.10)
Seat 6: Dorex2007 (big blind) folded before Flop
Seat 7: GaboChula folded before Flop
Seat 8: Chercov313 folded before Flop (didn't bet)
Seat 9: Sysrq03 folded before Flop



PokerStars Hand #232829968668:  Hold'em No Limit ($0.01/$0.02 USD) - 2022/01/04 20:15:55 PT [2022/01/04 23:15:55 ET]
Table 'Ottegebe V' 9-max Seat #4 is the button
Seat 1: 007_CasRoyal ($1.01 in chips) 
Seat 2: seretanu119 ($1.74 in chips) 
Seat 3: cgreek ($0.29 in chips) 
Seat 4: VTN*81 ($1.49 in chips) 
Seat 6: Dorex2007 ($2.85 in chips) 
Seat 7: GaboChula ($3.53 in chips) 
Seat 8: Chercov313 ($1.16 in chips) 
Seat 9: Sysrq03 ($3.96 in chips) 
Dorex2007: posts small blind $0.01
GaboChula: posts big blind $0.02
*** HOLE CARDS ***
Dealt to Dorex2007 [Qc 8h]
Chercov313: raises $0.02 to $0.04
Sysrq03: folds 
007_CasRoyal: folds 
seretanu119: folds 
cgreek: folds 
seretanu119 leaves the table
VTN*81: folds 
Dorex2007: folds 
strelenki joins the table at seat #2 
GaboChula: folds 
Uncalled bet ($0.02) returned to Chercov313
Chercov313 collected $0.05 from pot
Chercov313: doesn't show hand 
*** SUMMARY ***
Total pot $0.05 | Rake $0 
Seat 1: 007_CasRoyal folded before Flop (didn't bet)
Seat 2: seretanu119 folded before Flop (didn't bet)
Seat 3: cgreek folded before Flop (didn't bet)
Seat 4: VTN*81 (button) folded before Flop (didn't bet)
Seat 6: Dorex2007 (small blind) folded before Flop
Seat 7: GaboChula (big blind) folded before Flop
Seat 8: Chercov313 collected ($0.05)
Seat 9: Sysrq03 folded before Flop (didn't bet)



PokerStars Hand #232829972219:  Hold'em No Limit ($0.01/$0.02 USD) - 2022/01/04 20:16:13 PT [2022/01/04 23:16:13 ET]
Table 'Ottegebe V' 9-max Seat #6 is the button
Seat 1: 007_CasRoyal ($1.01 in chips) 
Seat 3: cgreek ($0.29 in chips) 
Seat 4: VTN*81 ($1.49 in chips) 
Seat 6: Dorex2007 ($2.84 in chips) 
Seat 7: GaboChula ($3.51 in chips) 
Seat 8: Chercov313 ($1.19 in chips) 
Seat 9: Sysrq03 ($3.96 in chips) 
GaboChula: posts small blind $0.01
Chercov313: posts big blind $0.02
strelenki: sits out 
*** HOLE CARDS ***
Dealt to Dorex2007 [Ts 3s]
Sysrq03: folds 
007_CasRoyal: folds 
cgreek: folds 
VTN*81: folds 
Dorex2007: folds 
GaboChula: folds 
Uncalled bet ($0.01) returned to Chercov313
Chercov313 collected $0.02 from pot
Chercov313: doesn't show hand 
*** SUMMARY ***
Total pot $0.02 | Rake $0 
Seat 1: 007_CasRoyal folded before Flop (didn't bet)
Seat 3: cgreek folded before Flop (didn't bet)
Seat 4: VTN*81 folded before Flop (didn't bet)
Seat 6: Dorex2007 (button) folded before Flop (didn't bet)
Seat 7: GaboChula (small blind) folded before Flop
Seat 8: Chercov313 (big blind) collected ($0.02)
Seat 9: Sysrq03 folded before Flop (didn't bet)



PokerStars Hand #232829974836:  Hold'em No Limit ($0.01/$0.02 USD) - 2022/01/04 20:16:27 PT [2022/01/04 23:16:27 ET]
Table 'Ottegebe V' 9-max Seat #7 is the button
Seat 1: 007_CasRoyal ($1.01 in chips) 
Seat 3: cgreek ($0.29 in chips) 
Seat 4: VTN*81 ($1.49 in chips) 
Seat 6: Dorex2007 ($2.84 in chips) 
Seat 7: GaboChula ($3.50 in chips) 
Seat 8: Chercov313 ($1.20 in chips) 
Seat 9: Sysrq03 ($3.96 in chips) 
Chercov313: posts small blind $0.01
Sysrq03: posts big blind $0.02
strelenki: sits out 
*** HOLE CARDS ***
Dealt to Dorex2007 [4d Js]
007_CasRoyal: calls $0.02
cgreek: raises $0.27 to $0.29 and is all-in
VTN*81: folds 
Dorex2007: folds 
GaboChula: folds 
Chercov313: folds 
Sysrq03: folds 
007_CasRoyal: folds 
Uncalled bet ($0.27) returned to cgreek
cgreek collected $0.07 from pot
cgreek: doesn't show hand 
*** SUMMARY ***
Total pot $0.07 | Rake $0 
Seat 1: 007_CasRoyal folded before Flop
Seat 3: cgreek collected ($0.07)
Seat 4: VTN*81 folded before Flop (didn't bet)
Seat 6: Dorex2007 folded before Flop (didn't bet)
Seat 7: GaboChula (button) folded before Flop (didn't bet)
Seat 8: Chercov313 (small blind) folded before Flop
Seat 9: Sysrq03 (big blind) folded before Flop



PokerStars Hand #232829981476:  Hold'em No Limit ($0.01/$0.02 USD) - 2022/01/04 20:17:00 PT [2022/01/04 23:17:00 ET]
Table 'Ottegebe V' 9-max Seat #8 is the button
Seat 1: 007_CasRoyal ($0.99 in chips) 
Seat 3: cgreek ($0.34 in chips) 
Seat 4: VTN*81 ($1.49 in chips) 
Seat 6: Dorex2007 ($2.84 in chips) 
Seat 7: GaboChula ($3.50 in chips) 
Seat 8: Chercov313 ($1.19 in chips) 
Seat 9: Sysrq03 ($3.94 in chips) 
Sysrq03: posts small blind $0.01
007_CasRoyal: posts big blind $0.02
strelenki: sits out 
*** HOLE CARDS ***
Dealt to Dorex2007 [Jd 2c]
cgreek: calls $0.02
VTN*81: folds 
Dorex2007: folds 
GaboChula: folds 
Chercov313: calls $0.02
Sysrq03: calls $0.01
007_CasRoyal: checks 
*** FLOP *** [4s 2h 3h]
Sysrq03: checks 
007_CasRoyal: bets $0.06
cgreek: folds 
Chercov313: calls $0.06
Sysrq03: calls $0.06
*** TURN *** [4s 2h 3h] [Jc]
Sysrq03: checks 
007_CasRoyal: checks 
Chercov313: checks 
*** RIVER *** [4s 2h 3h Jc] [8h]
Sysrq03: checks 
007_CasRoyal: bets $0.25
Chercov313: calls $0.25
Sysrq03: folds 
*** SHOW DOWN ***
007_CasRoyal: shows [5h 9h] (a flush, Nine high)
Chercov313: shows [Jh Qh] (a flush, Queen high)
Chercov313 collected $0.73 from pot
*** SUMMARY ***
Total pot $0.76 | Rake $0.03 
Board [4s 2h 3h Jc 8h]
Seat 1: 007_CasRoyal (big blind) showed [5h 9h] and lost with a flush, Nine high
Seat 3: cgreek folded on the Flop
Seat 4: VTN*81 folded before Flop (didn't bet)
Seat 6: Dorex2007 folded before Flop (didn't bet)
Seat 7: GaboChula folded before Flop (didn't bet)
Seat 8: Chercov313 (button) showed [Jh Qh] and won ($0.73) with a flush, Queen high
Seat 9: Sysrq03 (small blind) folded on the River



PokerStars Hand #232830000662:  Hold'em No Limit ($0.01/$0.02 USD) - 2022/01/04 20:18:24 PT [2022/01/04 23:18:24 ET]
Table 'Ottegebe V' 9-max Seat #9 is the button
Seat 1: 007_CasRoyal ($0.66 in chips) 
Seat 2: strelenki ($2 in chips) 
Seat 3: cgreek ($0.32 in chips) 
Seat 4: VTN*81 ($1.49 in chips) 
Seat 6: Dorex2007 ($2.84 in chips) 
Seat 7: GaboChula ($3.50 in chips) 
Seat 8: Chercov313 ($1.59 in chips) 
Seat 9: Sysrq03 ($3.86 in chips) 
007_CasRoyal: posts small blind $0.01
strelenki: posts big blind $0.02
*** HOLE CARDS ***
Dealt to Dorex2007 [Th 5s]
cgreek: calls $0.02
VTN*81: folds 
Dorex2007: folds 
GaboChula: folds 
Chercov313: folds 
Sysrq03: folds 
007_CasRoyal: folds 
strelenki: raises $0.06 to $0.08
cgreek: calls $0.06
*** FLOP *** [9h Js 6h]
strelenki: bets $0.11
cgreek: raises $0.13 to $0.24 and is all-in
strelenki: calls $0.13
*** TURN *** [9h Js 6h] [Kc]
*** RIVER *** [9h Js 6h Kc] [4d]
*** SHOW DOWN ***
strelenki: shows [Ks Jh] (two pair, Kings and Jacks)
cgreek: shows [As Ah] (a pair of Aces)
strelenki cashed out the hand for $0.13
*** SUMMARY ***
Total pot $0.65 | Rake $0.02 
Board [9h Js 6h Kc 4d]
Seat 1: 007_CasRoyal (small blind) folded before Flop
Seat 2: strelenki (big blind) showed [Ks Jh] and won ($0.63) with two pair, Kings and Jacks (pot not awarded as player cashed out)
Seat 3: cgreek showed [As Ah] and lost with a pair of Aces
Seat 4: VTN*81 folded before Flop (didn't bet)
Seat 6: Dorex2007 folded before Flop (didn't bet)
Seat 7: GaboChula folded before Flop (didn't bet)
Seat 8: Chercov313 folded before Flop (didn't bet)
Seat 9: Sysrq03 (button) folded before Flop (didn't bet)



PokerStars Hand #232830012389:  Hold'em No Limit ($0.01/$0.02 USD) - 2022/01/04 20:19:23 PT [2022/01/04 23:19:23 ET]
Table 'Ottegebe V' 9-max Seat #1 is the button
Seat 1: 007_CasRoyal ($0.65 in chips) 
Seat 2: strelenki ($2 in chips) 
Seat 4: VTN*81 ($1.49 in chips) 
Seat 6: Dorex2007 ($2.84 in chips) 
Seat 7: GaboChula ($3.50 in chips) 
Seat 8: Chercov313 ($1.59 in chips) 
Seat 9: Sysrq03 ($3.86 in chips) 
strelenki: posts small blind $0.01
VTN*81: posts big blind $0.02
*** HOLE CARDS ***
Dealt to Dorex2007 [9c Jh]
Dorex2007: folds 
GaboChula: calls $0.02
Chercov313: calls $0.02
Sysrq03: folds 
007_CasRoyal: raises $0.09 to $0.11
strelenki: folds 
VTN*81: folds 
GaboChula: folds 
Chercov313: calls $0.09
*** FLOP *** [3s 6s 2d]
Chercov313: checks 
007_CasRoyal: bets $0.26
Chercov313: folds 
Uncalled bet ($0.26) returned to 007_CasRoyal
007_CasRoyal collected $0.26 from pot
*** SUMMARY ***
Total pot $0.27 | Rake $0.01 
Board [3s 6s 2d]
Seat 1: 007_CasRoyal (button) collected ($0.26)
Seat 2: strelenki (small blind) folded before Flop
Seat 4: VTN*81 (big blind) folded before Flop
Seat 6: Dorex2007 folded before Flop (didn't bet)
Seat 7: GaboChula folded before Flop
Seat 8: Chercov313 folded on the Flop
Seat 9: Sysrq03 folded before Flop (didn't bet)



PokerStars Hand #232830020278:  Hold'em No Limit ($0.01/$0.02 USD) - 2022/01/04 20:19:57 PT [2022/01/04 23:19:57 ET]
Table 'Ottegebe V' 9-max Seat #2 is the button
Seat 1: 007_CasRoyal ($0.80 in chips) 
Seat 2: strelenki ($2 in chips) 
Seat 4: VTN*81 ($1.47 in chips) 
Seat 6: Dorex2007 ($2.84 in chips) 
Seat 7: GaboChula ($3.48 in chips) 
Seat 8: Chercov313 ($1.48 in chips) 
Seat 9: Sysrq03 ($3.86 in chips) 
VTN*81: posts small blind $0.01
Dorex2007: posts big blind $0.02
*** HOLE CARDS ***
Dealt to Dorex2007 [Ad 4h]
GaboChula: folds 
Chercov313: calls $0.02
Sysrq03: folds 
007_CasRoyal: folds 
strelenki: raises $0.03 to $0.05
VTN*81: folds 
Dorex2007: folds 
Chercov313: calls $0.03
*** FLOP *** [Jd 8h 5c]
VTN*81 leaves the table
niqiubao joins the table at seat #4 
Chercov313: checks 
strelenki: checks 
*** TURN *** [Jd 8h 5c] [2s]
Chercov313: checks 
strelenki: checks 
*** RIVER *** [Jd 8h 5c 2s] [5d]
Chercov313: checks 
strelenki: checks 
*** SHOW DOWN ***
Chercov313: shows [Qd 2h] (two pair, Fives and Deuces)
strelenki: mucks hand 
Chercov313 collected $0.13 from pot
*** SUMMARY ***
Total pot $0.13 | Rake $0 
Board [Jd 8h 5c 2s 5d]
Seat 1: 007_CasRoyal folded before Flop (didn't bet)
Seat 2: strelenki (button) mucked [Qc Kc]
Seat 4: VTN*81 (small blind) folded before Flop
Seat 6: Dorex2007 (big blind) folded before Flop
Seat 7: GaboChula folded before Flop (didn't bet)
Seat 8: Chercov313 showed [Qd 2h] and won ($0.13) with two pair, Fives and Deuces
Seat 9: Sysrq03 folded before Flop (didn't bet)



PokerStars Hand #232830030421:  Hold'em No Limit ($0.01/$0.02 USD) - 2022/01/04 20:20:49 PT [2022/01/04 23:20:49 ET]
Table 'Ottegebe V' 9-max Seat #6 is the button
Seat 1: 007_CasRoyal ($0.80 in chips) 
Seat 2: strelenki ($2 in chips) 
Seat 3: cgreek ($2 in chips) 
Seat 4: niqiubao ($1.60 in chips) 
Seat 6: Dorex2007 ($2.82 in chips) 
Seat 7: GaboChula ($3.48 in chips) 
Seat 8: Chercov313 ($1.56 in chips) 
Seat 9: Sysrq03 ($3.86 in chips) 
GaboChula: posts small blind $0.01
Chercov313: posts big blind $0.02
cgreek: posts small & big blinds $0.03
niqiubao: posts big blind $0.02
*** HOLE CARDS ***
Dealt to Dorex2007 [Qh Ah]
Sysrq03: folds 
007_CasRoyal: folds 
strelenki: folds 
cgreek: checks 
niqiubao: checks 
Dorex2007: raises $0.16 to $0.18
GaboChula: folds 
Chercov313: folds 
cgreek: folds 
niqiubao has timed out
niqiubao: folds 
Uncalled bet ($0.16) returned to Dorex2007
Dorex2007 collected $0.10 from pot
Dorex2007: doesn't show hand 
*** SUMMARY ***
Total pot $0.10 | Rake $0 
Seat 1: 007_CasRoyal folded before Flop (didn't bet)
Seat 2: strelenki folded before Flop (didn't bet)
Seat 3: cgreek folded before Flop (didn't bet)
Seat 4: niqiubao folded before Flop (didn't bet)
Seat 6: Dorex2007 (button) collected ($0.10)
Seat 7: GaboChula (small blind) folded before Flop
Seat 8: Chercov313 (big blind) folded before Flop
Seat 9: Sysrq03 folded before Flop (didn't bet)



PokerStars Hand #232830042018:  Hold'em No Limit ($0.01/$0.02 USD) - 2022/01/04 20:21:48 PT [2022/01/04 23:21:48 ET]
Table 'Ottegebe V' 9-max Seat #7 is the button
Seat 1: 007_CasRoyal ($0.80 in chips) 
Seat 2: strelenki ($2 in chips) 
Seat 3: cgreek ($1.97 in chips) 
Seat 4: niqiubao ($1.58 in chips) 
Seat 6: Dorex2007 ($2.90 in chips) 
Seat 7: GaboChula ($3.47 in chips) 
Seat 8: Chercov313 ($1.54 in chips) 
Seat 9: Sysrq03 ($3.86 in chips) 
Chercov313: posts small blind $0.01
Sysrq03: posts big blind $0.02
*** HOLE CARDS ***
Dealt to Dorex2007 [2c Jc]
007_CasRoyal: calls $0.02
strelenki: folds 
cgreek: calls $0.02
niqiubao: folds 
Dorex2007: folds 
GaboChula: folds 
Chercov313: calls $0.01
Sysrq03: checks 
*** FLOP *** [4d 8d 4h]
Chercov313: checks 
Sysrq03: checks 
007_CasRoyal: bets $0.08
cgreek: calls $0.08
Chercov313: folds 
Sysrq03: folds 
*** TURN *** [4d 8d 4h] [9d]
007_CasRoyal: checks 
cgreek: checks 
*** RIVER *** [4d 8d 4h 9d] [7s]
007_CasRoyal: bets $0.12
cgreek: raises $0.24 to $0.36
007_CasRoyal: folds 
Uncalled bet ($0.24) returned to cgreek
cgreek collected $0.46 from pot
cgreek: doesn't show hand 
*** SUMMARY ***
Total pot $0.48 | Rake $0.02 
Board [4d 8d 4h 9d 7s]
Seat 1: 007_CasRoyal folded on the River
Seat 2: strelenki folded before Flop (didn't bet)
Seat 3: cgreek collected ($0.46)
Seat 4: niqiubao folded before Flop (didn't bet)
Seat 6: Dorex2007 folded before Flop (didn't bet)
Seat 7: GaboChula (button) folded before Flop (didn't bet)
Seat 8: Chercov313 (small blind) folded on the Flop
Seat 9: Sysrq03 (big blind) folded on the Flop



PokerStars Hand #232830054214:  Hold'em No Limit ($0.01/$0.02 USD) - 2022/01/04 20:22:51 PT [2022/01/04 23:22:51 ET]
Table 'Ottegebe V' 9-max Seat #8 is the button
Seat 1: 007_CasRoyal ($0.58 in chips) 
Seat 2: strelenki ($2 in chips) 
Seat 3: cgreek ($2.21 in chips) 
Seat 4: niqiubao ($1.58 in chips) 
Seat 6: Dorex2007 ($2.90 in chips) 
Seat 7: GaboChula ($3.47 in chips) 
Seat 8: Chercov313 ($1.52 in chips) 
Seat 9: Sysrq03 ($3.84 in chips) 
Sysrq03: posts small blind $0.01
007_CasRoyal: posts big blind $0.02
*** HOLE CARDS ***
Dealt to Dorex2007 [5d Ac]
strelenki: folds 
cgreek: folds 
niqiubao has timed out
niqiubao: folds 
Dorex2007: folds 
GaboChula: folds 
Chercov313: calls $0.02
Sysrq03: calls $0.01
007_CasRoyal: checks 
*** FLOP *** [2c Td 3s]
Sysrq03: checks 
007_CasRoyal: checks 
Chercov313: checks 
*** TURN *** [2c Td 3s] [6c]
Sysrq03: checks 
007_CasRoyal: checks 
Chercov313: checks 
*** RIVER *** [2c Td 3s 6c] [8s]
Sysrq03: checks 
007_CasRoyal: checks 
Chercov313: bets $0.04
Sysrq03: folds 
007_CasRoyal: folds 
Uncalled bet ($0.04) returned to Chercov313
Chercov313 collected $0.06 from pot
Chercov313: doesn't show hand 
*** SUMMARY ***
Total pot $0.06 | Rake $0 
Board [2c Td 3s 6c 8s]
Seat 1: 007_CasRoyal (big blind) folded on the River
Seat 2: strelenki folded before Flop (didn't bet)
Seat 3: cgreek folded before Flop (didn't bet)
Seat 4: niqiubao folded before Flop (didn't bet)
Seat 6: Dorex2007 folded before Flop (didn't bet)
Seat 7: GaboChula folded before Flop (didn't bet)
Seat 8: Chercov313 (button) collected ($0.06)
Seat 9: Sysrq03 (small blind) folded on the River



PokerStars Hand #232830067073:  Hold'em No Limit ($0.01/$0.02 USD) - 2022/01/04 20:23:57 PT [2022/01/04 23:23:57 ET]
Table 'Ottegebe V' 9-max Seat #9 is the button
Seat 1: 007_CasRoyal ($0.56 in chips) 
Seat 2: strelenki ($2 in chips) 
Seat 3: cgreek ($2.21 in chips) 
Seat 4: niqiubao ($1.58 in chips) 
Seat 6: Dorex2007 ($2.90 in chips) 
Seat 7: GaboChula ($3.47 in chips) 
Seat 8: Chercov313 ($1.56 in chips) 
Seat 9: Sysrq03 ($3.82 in chips) 
007_CasRoyal: posts small blind $0.01
strelenki: posts big blind $0.02
sofaking1973: sits out 
*** HOLE CARDS ***
Dealt to Dorex2007 [2h Th]
cgreek: folds 
niqiubao: folds 
Dorex2007: folds 
GaboChula: calls $0.02
Chercov313: calls $0.02
Sysrq03: calls $0.02
007_CasRoyal: calls $0.01
strelenki: checks 
*** FLOP *** [Qd Ks 4d]
007_CasRoyal: checks 
strelenki: checks 
GaboChula: bets $0.05
Chercov313: calls $0.05
Sysrq03: folds 
007_CasRoyal: folds 
strelenki: folds 
*** TURN *** [Qd Ks 4d] [8h]
GaboChula: bets $0.10
Chercov313: calls $0.10
*** RIVER *** [Qd Ks 4d 8h] [3s]
GaboChula: bets $0.20
Chercov313: calls $0.20
*** SHOW DOWN ***
GaboChula: shows [Kd Js] (a pair of Kings)
Chercov313: mucks hand 
GaboChula collected $0.77 from pot
*** SUMMARY ***
Total pot $0.80 | Rake $0.03 
Board [Qd Ks 4d 8h 3s]
Seat 1: 007_CasRoyal (small blind) folded on the Flop
Seat 2: strelenki (big blind) folded on the Flop
Seat 3: cgreek folded before Flop (didn't bet)
Seat 4: niqiubao folded before Flop (didn't bet)
Seat 6: Dorex2007 folded before Flop (didn't bet)
Seat 7: GaboChula showed [Kd Js] and won ($0.77) with a pair of Kings
Seat 8: Chercov313 mucked [Qh Jh]
Seat 9: Sysrq03 (button) folded on the Flop



PokerStars Hand #232830093052:  Hold'em No Limit ($0.01/$0.02 USD) - 2022/01/04 20:25:15 PT [2022/01/04 23:25:15 ET]
Table 'Ottegebe V' 9-max Seat #1 is the button
Seat 1: 007_CasRoyal ($0.54 in chips) 
Seat 2: strelenki ($2 in chips) 
Seat 3: cgreek ($2.21 in chips) 
Seat 4: niqiubao ($1.58 in chips) 
Seat 6: Dorex2007 ($2.90 in chips) 
Seat 7: GaboChula ($3.87 in chips) 
Seat 8: Chercov313 ($1.19 in chips) 
Seat 9: Sysrq03 ($3.80 in chips) 
strelenki: posts small blind $0.01
cgreek: posts big blind $0.02
sofaking1973: sits out 
*** HOLE CARDS ***
Dealt to Dorex2007 [Ts As]
niqiubao: folds 
Dorex2007: raises $0.04 to $0.06
GaboChula: calls $0.06
Chercov313: folds 
Sysrq03: raises $0.12 to $0.18
007_CasRoyal: folds 
strelenki: folds 
cgreek: calls $0.16
Dorex2007: folds 
GaboChula: folds 
*** FLOP *** [Jc 2c 5d]
cgreek: checks 
Sysrq03: bets $0.14
cgreek: calls $0.14
*** TURN *** [Jc 2c 5d] [Ad]
cgreek: checks 
Sysrq03: bets $0.22
cgreek: raises $0.59 to $0.81
Sysrq03: calls $0.59
*** RIVER *** [Jc 2c 5d Ad] [7h]
cgreek: bets $1.08 and is all-in
Sysrq03: calls $1.08
*** SHOW DOWN ***
cgreek: shows [Js Jd] (three of a kind, Jacks)
Sysrq03: shows [Ac Kc] (a pair of Aces)
cgreek collected $4.39 from pot
*** SUMMARY ***
Total pot $4.55 | Rake $0.16 
Board [Jc 2c 5d Ad 7h]
Seat 1: 007_CasRoyal (button) folded before Flop (didn't bet)
Seat 2: strelenki (small blind) folded before Flop
Seat 3: cgreek (big blind) showed [Js Jd] and won ($4.39) with three of a kind, Jacks
Seat 4: niqiubao folded before Flop (didn't bet)
Seat 6: Dorex2007 folded before Flop
Seat 7: GaboChula folded before Flop
Seat 8: Chercov313 folded before Flop (didn't bet)
Seat 9: Sysrq03 showed [Ac Kc] and lost with a pair of Aces



PokerStars Hand #232830108981:  Hold'em No Limit ($0.01/$0.02 USD) - 2022/01/04 20:26:37 PT [2022/01/04 23:26:37 ET]
Table 'Ottegebe V' 9-max Seat #2 is the button
Seat 1: 007_CasRoyal ($0.54 in chips) 
Seat 2: strelenki ($2 in chips) 
Seat 3: cgreek ($4.39 in chips) 
Seat 4: niqiubao ($1.58 in chips) 
Seat 6: Dorex2007 ($2.84 in chips) 
Seat 7: GaboChula ($3.81 in chips) 
Seat 8: Chercov313 ($1.19 in chips) 
Seat 9: Sysrq03 ($2 in chips) 
cgreek: posts small blind $0.01
niqiubao: posts big blind $0.02
sofaking1973: sits out 
*** HOLE CARDS ***
Dealt to Dorex2007 [9d 7d]
Dorex2007: folds 
GaboChula: raises $0.08 to $0.10
Chercov313: folds 
Sysrq03: folds 
007_CasRoyal: folds 
strelenki: folds 
cgreek: folds 
niqiubao: calls $0.08
*** FLOP *** [3s Jc 2d]
niqiubao: checks 
GaboChula: checks 
*** TURN *** [3s Jc 2d] [Ks]
niqiubao: checks 
GaboChula: checks 
*** RIVER *** [3s Jc 2d Ks] [7s]
niqiubao: checks 
GaboChula: checks 
*** SHOW DOWN ***
niqiubao: shows [Th Ah] (high card Ace)
GaboChula: shows [Tc Ts] (a pair of Tens)
GaboChula collected $0.20 from pot
*** SUMMARY ***
Total pot $0.21 | Rake $0.01 
Board [3s Jc 2d Ks 7s]
Seat 1: 007_CasRoyal folded before Flop (didn't bet)
Seat 2: strelenki (button) folded before Flop (didn't bet)
Seat 3: cgreek (small blind) folded before Flop
Seat 4: niqiubao (big blind) showed [Th Ah] and lost with high card Ace
Seat 6: Dorex2007 folded before Flop (didn't bet)
Seat 7: GaboChula showed [Tc Ts] and won ($0.20) with a pair of Tens
Seat 8: Chercov313 folded before Flop (didn't bet)
Seat 9: Sysrq03 folded before Flop (didn't bet)



PokerStars Hand #232830116369:  Hold'em No Limit ($0.01/$0.02 USD) - 2022/01/04 20:27:16 PT [2022/01/04 23:27:16 ET]
Table 'Ottegebe V' 9-max Seat #3 is the button
Seat 1: 007_CasRoyal ($0.54 in chips) 
Seat 2: strelenki ($2 in chips) 
Seat 3: cgreek ($4.38 in chips) 
Seat 4: niqiubao ($1.48 in chips) 
Seat 5: sofaking1973 ($2.64 in chips) 
Seat 6: Dorex2007 ($2.84 in chips) 
Seat 7: GaboChula ($3.91 in chips) 
Seat 8: Chercov313 ($1.19 in chips) 
Seat 9: Sysrq03 ($2 in chips) 
niqiubao: posts small blind $0.01
sofaking1973: posts big blind $0.02
*** HOLE CARDS ***
Dealt to Dorex2007 [Ad 6d]
Dorex2007: folds 
GaboChula: calls $0.02
Chercov313: calls $0.02
Sysrq03: folds 
007_CasRoyal: folds 
strelenki: folds 
cgreek: calls $0.02
niqiubao: folds 
sofaking1973: checks 
*** FLOP *** [3d 9d Jh]
sofaking1973: checks 
GaboChula: checks 
Chercov313: checks 
cgreek: bets $0.09
sofaking1973: folds 
GaboChula: folds 
Chercov313: calls $0.09
*** TURN *** [3d 9d Jh] [2h]
Chercov313: checks 
cgreek: bets $0.13
Chercov313: folds 
Uncalled bet ($0.13) returned to cgreek
cgreek collected $0.26 from pot
cgreek: doesn't show hand 
*** SUMMARY ***
Total pot $0.27 | Rake $0.01 
Board [3d 9d Jh 2h]
Seat 1: 007_CasRoyal folded before Flop (didn't bet)
Seat 2: strelenki folded before Flop (didn't bet)
Seat 3: cgreek (button) collected ($0.26)
Seat 4: niqiubao (small blind) folded before Flop
Seat 5: sofaking1973 (big blind) folded on the Flop
Seat 6: Dorex2007 folded before Flop (didn't bet)
Seat 7: GaboChula folded on the Flop
Seat 8: Chercov313 folded on the Turn
Seat 9: Sysrq03 folded before Flop (didn't bet)



PokerStars Hand #232830126280:  Hold'em No Limit ($0.01/$0.02 USD) - 2022/01/04 20:28:08 PT [2022/01/04 23:28:08 ET]
Table 'Ottegebe V' 9-max Seat #4 is the button
Seat 1: 007_CasRoyal ($0.54 in chips) 
Seat 2: strelenki ($2 in chips) 
Seat 3: cgreek ($4.53 in chips) 
Seat 4: niqiubao ($1.47 in chips) 
Seat 5: sofaking1973 ($2.62 in chips) 
Seat 6: Dorex2007 ($2.84 in chips) 
Seat 7: GaboChula ($3.89 in chips) 
Seat 8: Chercov313 ($1.08 in chips) 
Seat 9: Sysrq03 ($2 in chips) 
sofaking1973: posts small blind $0.01
Dorex2007: posts big blind $0.02
*** HOLE CARDS ***
Dealt to Dorex2007 [5d Kh]
GaboChula: folds 
Chercov313: calls $0.02
Sysrq03: folds 
007_CasRoyal: folds 
strelenki: folds 
cgreek: calls $0.02
niqiubao: folds 
sofaking1973: calls $0.01
Dorex2007: checks 
*** FLOP *** [5h Ts Js]
sofaking1973: checks 
Dorex2007: checks 
Chercov313: checks 
cgreek: checks 
*** TURN *** [5h Ts Js] [As]
sofaking1973: checks 
Dorex2007: checks 
Chercov313: checks 
cgreek: checks 
*** RIVER *** [5h Ts Js As] [Jc]
sofaking1973: checks 
Dorex2007: checks 
Chercov313: checks 
cgreek: bets $0.08
sofaking1973: folds 
Dorex2007: folds 
Chercov313: folds 
Uncalled bet ($0.08) returned to cgreek
cgreek collected $0.08 from pot
cgreek: doesn't show hand 
*** SUMMARY ***
Total pot $0.08 | Rake $0 
Board [5h Ts Js As Jc]
Seat 1: 007_CasRoyal folded before Flop (didn't bet)
Seat 2: strelenki folded before Flop (didn't bet)
Seat 3: cgreek collected ($0.08)
Seat 4: niqiubao (button) folded before Flop (didn't bet)
Seat 5: sofaking1973 (small blind) folded on the River
Seat 6: Dorex2007 (big blind) folded on the River
Seat 7: GaboChula folded before Flop (didn't bet)
Seat 8: Chercov313 folded on the River
Seat 9: Sysrq03 folded before Flop (didn't bet)



PokerStars Hand #232830143444:  Hold'em No Limit ($0.01/$0.02 USD) - 2022/01/04 20:29:17 PT [2022/01/04 23:29:17 ET]
Table 'Ottegebe V' 9-max Seat #5 is the button
Seat 1: 007_CasRoyal ($0.54 in chips) 
Seat 2: strelenki ($2 in chips) 
Seat 3: cgreek ($4.59 in chips) 
Seat 4: niqiubao ($1.47 in chips) 
Seat 5: sofaking1973 ($2.60 in chips) 
Seat 6: Dorex2007 ($2.82 in chips) 
Seat 7: GaboChula ($3.89 in chips) 
Seat 8: Chercov313 ($1.06 in chips) 
Seat 9: Sysrq03 ($2 in chips) 
Dorex2007: posts small blind $0.01
GaboChula: posts big blind $0.02
*** HOLE CARDS ***
Dealt to Dorex2007 [9h 7h]
Chercov313: calls $0.02
Sysrq03: folds 
007_CasRoyal: raises $0.02 to $0.04
strelenki: folds 
cgreek: folds 
niqiubao: folds 
sofaking1973: folds 
Dorex2007: folds 
GaboChula: folds 
Chercov313: calls $0.02
*** FLOP *** [Ad Jh Kh]
Chercov313: checks 
007_CasRoyal: bets $0.07
Chercov313: calls $0.07
*** TURN *** [Ad Jh Kh] [7s]
Chercov313: checks 
007_CasRoyal: checks 
*** RIVER *** [Ad Jh Kh 7s] [2h]
Chercov313: checks 
007_CasRoyal: checks 
*** SHOW DOWN ***
Chercov313: shows [Ks 8h] (a pair of Kings)
007_CasRoyal: mucks hand 
Chercov313 collected $0.24 from pot
*** SUMMARY ***
Total pot $0.25 | Rake $0.01 
Board [Ad Jh Kh 7s 2h]
Seat 1: 007_CasRoyal mucked [9s Qs]
Seat 2: strelenki folded before Flop (didn't bet)
Seat 3: cgreek folded before Flop (didn't bet)
Seat 4: niqiubao folded before Flop (didn't bet)
Seat 5: sofaking1973 (button) folded before Flop (didn't bet)
Seat 6: Dorex2007 (small blind) folded before Flop
Seat 7: GaboChula (big blind) folded before Flop
Seat 8: Chercov313 showed [Ks 8h] and won ($0.24) with a pair of Kings
Seat 9: Sysrq03 folded before Flop (didn't bet)



PokerStars Hand #232830153847:  Hold'em No Limit ($0.01/$0.02 USD) - 2022/01/04 20:30:13 PT [2022/01/04 23:30:13 ET]
Table 'Ottegebe V' 9-max Seat #6 is the button
Seat 1: 007_CasRoyal ($0.43 in chips) 
Seat 2: strelenki ($2 in chips) 
Seat 3: cgreek ($4.59 in chips) 
Seat 5: sofaking1973 ($2.60 in chips) 
Seat 6: Dorex2007 ($2.81 in chips) 
Seat 7: GaboChula ($3.87 in chips) 
Seat 8: Chercov313 ($1.19 in chips) 
Seat 9: Sysrq03 ($2 in chips) 
GaboChula: posts small blind $0.01
Chercov313: posts big blind $0.02
*** HOLE CARDS ***
Dealt to Dorex2007 [7h 7c]
Sysrq03: folds 
niqiubao is disconnected 
007_CasRoyal: raises $0.02 to $0.04
strelenki: folds 
cgreek: folds 
sofaking1973: calls $0.04
Dorex2007: calls $0.04
GaboChula: folds 
Chercov313: calls $0.02
*** FLOP *** [Td Ts Js]
Chercov313: checks 
007_CasRoyal: checks 
sofaking1973: checks 
Dorex2007: checks 
*** TURN *** [Td Ts Js] [Jd]
Chercov313: checks 
007_CasRoyal: checks 
sofaking1973: checks 
Dorex2007: bets $0.08
Chercov313: folds 
007_CasRoyal: folds 
sofaking1973: calls $0.08
*** RIVER *** [Td Ts Js Jd] [7d]
sofaking1973: checks 
Dorex2007: checks 
*** SHOW DOWN ***
sofaking1973: shows [Ac Jc] (a full house, Jacks full of Tens)
Dorex2007: mucks hand 
sofaking1973 collected $0.32 from pot
*** SUMMARY ***
Total pot $0.33 | Rake $0.01 
Board [Td Ts Js Jd 7d]
Seat 1: 007_CasRoyal folded on the Turn
Seat 2: strelenki folded before Flop (didn't bet)
Seat 3: cgreek folded before Flop (didn't bet)
Seat 5: sofaking1973 showed [Ac Jc] and won ($0.32) with a full house, Jacks full of Tens
Seat 6: Dorex2007 (button) mucked [7h 7c]
Seat 7: GaboChula (small blind) folded before Flop
Seat 8: Chercov313 (big blind) folded on the Turn
Seat 9: Sysrq03 folded before Flop (didn't bet)



PokerStars Hand #232830166975:  Hold'em No Limit ($0.01/$0.02 USD) - 2022/01/04 20:31:22 PT [2022/01/04 23:31:22 ET]
Table 'Ottegebe V' 9-max Seat #7 is the button
Seat 1: 007_CasRoyal ($0.39 in chips) 
Seat 2: strelenki ($2 in chips) 
Seat 3: cgreek ($4.59 in chips) 
Seat 5: sofaking1973 ($2.80 in chips) 
Seat 6: Dorex2007 ($2.69 in chips) 
Seat 7: GaboChula ($3.86 in chips) 
Seat 8: Chercov313 ($1.15 in chips) 
Seat 9: Sysrq03 ($2 in chips) 
Chercov313: posts small blind $0.01
Sysrq03: posts big blind $0.02
*** HOLE CARDS ***
Dealt to Dorex2007 [Kh 4h]
007_CasRoyal: folds 
strelenki: calls $0.02
cgreek: calls $0.02
sofaking1973: folds 
Dorex2007: folds 
GaboChula: folds 
Chercov313: calls $0.01
Sysrq03: checks 
*** FLOP *** [5c 9s Qs]
Chercov313: checks 
Sysrq03: checks 
strelenki: checks 
cgreek: checks 
*** TURN *** [5c 9s Qs] [Qh]
Chercov313: checks 
Sysrq03: checks 
strelenki: checks 
cgreek: checks 
*** RIVER *** [5c 9s Qs Qh] [Tc]
Chercov313: checks 
Sysrq03: checks 
strelenki: checks 
cgreek: checks 
*** SHOW DOWN ***
Chercov313: shows [As 3h] (a pair of Queens)
Sysrq03: mucks hand 
strelenki: shows [4c 4d] (two pair, Queens and Fours)
cgreek: mucks hand 
strelenki collected $0.08 from pot
*** SUMMARY ***
Total pot $0.08 | Rake $0 
Board [5c 9s Qs Qh Tc]
Seat 1: 007_CasRoyal folded before Flop (didn't bet)
Seat 2: strelenki showed [4c 4d] and won ($0.08) with two pair, Queens and Fours
Seat 3: cgreek mucked [Ah 2d]
Seat 5: sofaking1973 folded before Flop (didn't bet)
Seat 6: Dorex2007 folded before Flop (didn't bet)
Seat 7: GaboChula (button) folded before Flop (didn't bet)
Seat 8: Chercov313 (small blind) showed [As 3h] and lost with a pair of Queens
Seat 9: Sysrq03 (big blind) mucked [2c 3d]



PokerStars Hand #232830182172:  Hold'em No Limit ($0.01/$0.02 USD) - 2022/01/04 20:32:43 PT [2022/01/04 23:32:43 ET]
Table 'Ottegebe V' 9-max Seat #8 is the button
Seat 1: 007_CasRoyal ($0.39 in chips) 
Seat 2: strelenki ($2.06 in chips) 
Seat 3: cgreek ($4.57 in chips) 
Seat 5: sofaking1973 ($2.80 in chips) 
Seat 6: Dorex2007 ($2.69 in chips) 
Seat 7: GaboChula ($3.86 in chips) 
Seat 8: Chercov313 ($1.13 in chips) 
Seat 9: Sysrq03 ($2 in chips) 
Sysrq03: posts small blind $0.01
007_CasRoyal: posts big blind $0.02
*** HOLE CARDS ***
Dealt to Dorex2007 [5s Kh]
strelenki: folds 
cgreek: folds 
sofaking1973: folds 
Dorex2007: folds 
GaboChula: folds 
Chercov313: calls $0.02
Sysrq03: calls $0.01
007_CasRoyal: checks 
*** FLOP *** [Tc Ah Kd]
Sysrq03: checks 
007_CasRoyal: checks 
Chercov313: checks 
*** TURN *** [Tc Ah Kd] [7h]
Sysrq03: checks 
007_CasRoyal: checks 
Chercov313: checks 
*** RIVER *** [Tc Ah Kd 7h] [8s]
Sysrq03: checks 
007_CasRoyal: checks 
Chercov313: checks 
*** SHOW DOWN ***
Sysrq03: shows [4c Qd] (high card Ace)
007_CasRoyal: shows [2c 8h] (a pair of Eights)
Chercov313: mucks hand 
007_CasRoyal collected $0.06 from pot
*** SUMMARY ***
Total pot $0.06 | Rake $0 
Board [Tc Ah Kd 7h 8s]
Seat 1: 007_CasRoyal (big blind) showed [2c 8h] and won ($0.06) with a pair of Eights
Seat 2: strelenki folded before Flop (didn't bet)
Seat 3: cgreek folded before Flop (didn't bet)
Seat 5: sofaking1973 folded before Flop (didn't bet)
Seat 6: Dorex2007 folded before Flop (didn't bet)
Seat 7: GaboChula folded before Flop (didn't bet)
Seat 8: Chercov313 (button) mucked [Jd 5d]
Seat 9: Sysrq03 (small blind) showed [4c Qd] and lost with high card Ace



PokerStars Hand #232830200296:  Hold'em No Limit ($0.01/$0.02 USD) - 2022/01/04 20:33:42 PT [2022/01/04 23:33:42 ET]
Table 'Ottegebe V' 9-max Seat #9 is the button
Seat 1: 007_CasRoyal ($0.43 in chips) 
Seat 2: strelenki ($2.06 in chips) 
Seat 3: cgreek ($4.57 in chips) 
Seat 5: sofaking1973 ($2.80 in chips) 
Seat 6: Dorex2007 ($2.69 in chips) 
Seat 7: GaboChula ($3.86 in chips) 
Seat 8: Chercov313 ($1.11 in chips) 
Seat 9: Sysrq03 ($2 in chips) 
007_CasRoyal: posts small blind $0.01
strelenki: posts big blind $0.02
*** HOLE CARDS ***
Dealt to Dorex2007 [Tc 6c]
cgreek: folds 
sofaking1973: folds 
Dorex2007: folds 
GaboChula: calls $0.02
Chercov313: calls $0.02
Sysrq03: folds 
007_CasRoyal: folds 
strelenki: checks 
*** FLOP *** [Ac 5d 9h]
strelenki: checks 
GaboChula: checks 
Chercov313: checks 
*** TURN *** [Ac 5d 9h] [2s]
strelenki: checks 
GaboChula: checks 
Chercov313: checks 
*** RIVER *** [Ac 5d 9h 2s] [Qs]
strelenki: checks 
GaboChula: checks 
Chercov313: checks 
*** SHOW DOWN ***
strelenki: shows [4h 4c] (a pair of Fours)
GaboChula: mucks hand 
Chercov313: mucks hand 
strelenki collected $0.07 from pot
*** SUMMARY ***
Total pot $0.07 | Rake $0 
Board [Ac 5d 9h 2s Qs]
Seat 1: 007_CasRoyal (small blind) folded before Flop
Seat 2: strelenki (big blind) showed [4h 4c] and won ($0.07) with a pair of Fours
Seat 3: cgreek folded before Flop (didn't bet)
Seat 5: sofaking1973 folded before Flop (didn't bet)
Seat 6: Dorex2007 folded before Flop (didn't bet)
Seat 7: GaboChula mucked [6h Kh]
Seat 8: Chercov313 mucked [7c Jc]
Seat 9: Sysrq03 (button) folded before Flop (didn't bet)



PokerStars Hand #232830208554:  Hold'em No Limit ($0.01/$0.02 USD) - 2022/01/04 20:34:27 PT [2022/01/04 23:34:27 ET]
Table 'Ottegebe V' 9-max Seat #1 is the button
Seat 1: 007_CasRoyal ($0.42 in chips) 
Seat 2: strelenki ($2.11 in chips) 
Seat 3: cgreek ($4.57 in chips) 
Seat 5: sofaking1973 ($2.80 in chips) 
Seat 6: Dorex2007 ($2.69 in chips) 
Seat 7: GaboChula ($3.84 in chips) 
Seat 8: Chercov313 ($1.09 in chips) 
Seat 9: Sysrq03 ($2 in chips) 
strelenki: posts small blind $0.01
cgreek: posts big blind $0.02
*** HOLE CARDS ***
Dealt to Dorex2007 [2c 9c]
sofaking1973: folds 
Dorex2007: folds 
GaboChula: folds 
Chercov313: calls $0.02
Sysrq03: folds 
007_CasRoyal: folds 
strelenki: folds 
cgreek: checks 
*** FLOP *** [3c 7h 5c]
cgreek: checks 
Chercov313: checks 
*** TURN *** [3c 7h 5c] [Th]
cgreek: bets $0.05
Chercov313: folds 
Uncalled bet ($0.05) returned to cgreek
cgreek collected $0.05 from pot
cgreek: doesn't show hand 
*** SUMMARY ***
Total pot $0.05 | Rake $0 
Board [3c 7h 5c Th]
Seat 1: 007_CasRoyal (button) folded before Flop (didn't bet)
Seat 2: strelenki (small blind) folded before Flop
Seat 3: cgreek (big blind) collected ($0.05)
Seat 5: sofaking1973 folded before Flop (didn't bet)
Seat 6: Dorex2007 folded before Flop (didn't bet)
Seat 7: GaboChula folded before Flop (didn't bet)
Seat 8: Chercov313 folded on the Turn
Seat 9: Sysrq03 folded before Flop (didn't bet)



PokerStars Hand #232830215390:  Hold'em No Limit ($0.01/$0.02 USD) - 2022/01/04 20:35:03 PT [2022/01/04 23:35:03 ET]
Table 'Ottegebe V' 9-max Seat #2 is the button
Seat 1: 007_CasRoyal ($0.42 in chips) 
Seat 2: strelenki ($2.10 in chips) 
Seat 3: cgreek ($4.60 in chips) 
Seat 5: sofaking1973 ($2.80 in chips) 
Seat 6: Dorex2007 ($2.69 in chips) 
Seat 7: GaboChula ($3.84 in chips) 
Seat 8: Chercov313 ($1.07 in chips) 
Seat 9: Sysrq03 ($2 in chips) 
cgreek: posts small blind $0.01
sofaking1973: posts big blind $0.02
*** HOLE CARDS ***
Dealt to Dorex2007 [Qh Jd]
Dorex2007: folds 
GaboChula: calls $0.02
Chercov313: calls $0.02
Sysrq03: calls $0.02
007_CasRoyal: folds 
strelenki: folds 
cgreek: folds 
sofaking1973: checks 
*** FLOP *** [3d 4d Kd]
sofaking1973: checks 
GaboChula: checks 
Chercov313: checks 
Sysrq03: checks 
*** TURN *** [3d 4d Kd] [Ts]
sofaking1973: checks 
GaboChula: checks 
Chercov313: checks 
Sysrq03: checks 
*** RIVER *** [3d 4d Kd Ts] [6d]
sofaking1973: checks 
GaboChula: checks 
Chercov313: bets $1.05 and is all-in
Sysrq03: folds 
sofaking1973: folds 
GaboChula: folds 
Uncalled bet ($1.05) returned to Chercov313
Chercov313 collected $0.09 from pot
Chercov313: doesn't show hand 
*** SUMMARY ***
Total pot $0.09 | Rake $0 
Board [3d 4d Kd Ts 6d]
Seat 1: 007_CasRoyal folded before Flop (didn't bet)
Seat 2: strelenki (button) folded before Flop (didn't bet)
Seat 3: cgreek (small blind) folded before Flop
Seat 5: sofaking1973 (big blind) folded on the River
Seat 6: Dorex2007 folded before Flop (didn't bet)
Seat 7: GaboChula folded on the River
Seat 8: Chercov313 collected ($0.09)
Seat 9: Sysrq03 folded on the River



