PokerStars Hand #237570669977:  Hold'em No Limit ($0.02/$0.05 USD) - 2022/07/24 21:00:03 PT [2022/07/25 0:00:03 ET]
Table 'Alzir' 9-max Seat #8 is the button
Seat 1: JayJayJohnson ($18 in chips) 
Seat 2: Almanza63 ($5.34 in chips) 
Seat 3: AGVsmarT ($4.39 in chips) 
Seat 5: Dorex2007 ($5.27 in chips) 
Seat 6: vkorgik ($8.18 in chips) 
Seat 7: ASpiror ($8.23 in chips) 
Seat 8: abobora71 ($4.11 in chips) 
Seat 9: Luigiams ($4.62 in chips) 
Luigiams: posts small blind $0.02
JayJayJohnson: posts big blind $0.05
*** HOLE CARDS ***
Dealt to Dorex2007 [Kh Qh]
Almanza63: folds 
AGVsmarT: folds 
Dorex2007: raises $0.05 to $0.10
vkorgik: folds 
ASpiror: folds 
abobora71: folds 
Luigiams: calls $0.08
JayJayJohnson: calls $0.05
*** FLOP *** [8s Qs 8h]
Luigiams: checks 
JayJayJohnson: checks 
Dorex2007: bets $0.29
Luigiams: folds 
JayJayJohnson: calls $0.29
*** TURN *** [8s Qs 8h] [4d]
JayJayJohnson: checks 
Dorex2007: bets $0.42
JayJayJohnson: calls $0.42
*** RIVER *** [8s Qs 8h 4d] [Td]
JayJayJohnson: checks 
Dorex2007: checks 
*** SHOW DOWN ***
JayJayJohnson: shows [Js 3s] (a pair of Eights)
Dorex2007: shows [Kh Qh] (two pair, Queens and Eights)
Dorex2007 collected $1.65 from pot
*** SUMMARY ***
Total pot $1.72 | Rake $0.07 
Board [8s Qs 8h 4d Td]
Seat 1: JayJayJohnson (big blind) showed [Js 3s] and lost with a pair of Eights
Seat 2: Almanza63 folded before Flop (didn't bet)
Seat 3: AGVsmarT folded before Flop (didn't bet)
Seat 5: Dorex2007 showed [Kh Qh] and won ($1.65) with two pair, Queens and Eights
Seat 6: vkorgik folded before Flop (didn't bet)
Seat 7: ASpiror folded before Flop (didn't bet)
Seat 8: abobora71 (button) folded before Flop (didn't bet)
Seat 9: Luigiams (small blind) folded on the Flop



PokerStars Hand #237570675600:  Hold'em No Limit ($0.02/$0.05 USD) - 2022/07/24 21:00:50 PT [2022/07/25 0:00:50 ET]
Table 'Alzir' 9-max Seat #9 is the button
Seat 1: JayJayJohnson ($17.19 in chips) 
Seat 2: Almanza63 ($5.34 in chips) 
Seat 3: AGVsmarT ($4.39 in chips) 
Seat 5: Dorex2007 ($6.11 in chips) 
Seat 6: vkorgik ($8.18 in chips) 
Seat 7: ASpiror ($8.23 in chips) 
Seat 8: abobora71 ($4.11 in chips) 
Seat 9: Luigiams ($4.52 in chips) 
JayJayJohnson: posts small blind $0.02
Almanza63: posts big blind $0.05
*** HOLE CARDS ***
Dealt to Dorex2007 [Ks Ts]
AGVsmarT: calls $0.05
Dorex2007: calls $0.05
vkorgik: folds 
ASpiror: folds 
abobora71: folds 
Luigiams: folds 
JayJayJohnson: calls $0.03
Almanza63: checks 
*** FLOP *** [9d 8d 6s]
JayJayJohnson: checks 
Almanza63: bets $0.10
AGVsmarT: folds 
Dorex2007: folds 
JayJayJohnson: calls $0.10
*** TURN *** [9d 8d 6s] [5h]
JayJayJohnson: checks 
Almanza63: bets $0.58
JayJayJohnson: folds 
Uncalled bet ($0.58) returned to Almanza63
Almanza63 collected $0.38 from pot
*** SUMMARY ***
Total pot $0.40 | Rake $0.02 
Board [9d 8d 6s 5h]
Seat 1: JayJayJohnson (small blind) folded on the Turn
Seat 2: Almanza63 (big blind) collected ($0.38)
Seat 3: AGVsmarT folded on the Flop
Seat 5: Dorex2007 folded on the Flop
Seat 6: vkorgik folded before Flop (didn't bet)
Seat 7: ASpiror folded before Flop (didn't bet)
Seat 8: abobora71 folded before Flop (didn't bet)
Seat 9: Luigiams (button) folded before Flop (didn't bet)



PokerStars Hand #237570682970:  Hold'em No Limit ($0.02/$0.05 USD) - 2022/07/24 21:01:50 PT [2022/07/25 0:01:50 ET]
Table 'Alzir' 9-max Seat #1 is the button
Seat 1: JayJayJohnson ($17.04 in chips) 
Seat 2: Almanza63 ($5.57 in chips) 
Seat 3: AGVsmarT ($4.34 in chips) 
Seat 5: Dorex2007 ($6.06 in chips) 
Seat 6: vkorgik ($8.18 in chips) 
Seat 7: ASpiror ($8.23 in chips) 
Seat 8: abobora71 ($4.11 in chips) 
Seat 9: Luigiams ($4.52 in chips) 
Almanza63: posts small blind $0.02
AGVsmarT: posts big blind $0.05
*** HOLE CARDS ***
Dealt to Dorex2007 [5s 2s]
Dorex2007: folds 
vkorgik: folds 
ASpiror: raises $0.05 to $0.10
abobora71: folds 
Luigiams: calls $0.10
JayJayJohnson: folds 
Almanza63: calls $0.08
AGVsmarT: calls $0.05
*** FLOP *** [7s 2c 9h]
Almanza63: checks 
AGVsmarT: checks 
ASpiror: checks 
Luigiams: checks 
*** TURN *** [7s 2c 9h] [9s]
Almanza63: checks 
AGVsmarT: checks 
ASpiror: checks 
Luigiams: bets $0.15
Almanza63: folds 
AGVsmarT: folds 
ASpiror: folds 
Uncalled bet ($0.15) returned to Luigiams
Luigiams collected $0.38 from pot
*** SUMMARY ***
Total pot $0.40 | Rake $0.02 
Board [7s 2c 9h 9s]
Seat 1: JayJayJohnson (button) folded before Flop (didn't bet)
Seat 2: Almanza63 (small blind) folded on the Turn
Seat 3: AGVsmarT (big blind) folded on the Turn
Seat 5: Dorex2007 folded before Flop (didn't bet)
Seat 6: vkorgik folded before Flop (didn't bet)
Seat 7: ASpiror folded on the Turn
Seat 8: abobora71 folded before Flop (didn't bet)
Seat 9: Luigiams collected ($0.38)



PokerStars Hand #237570691194:  Hold'em No Limit ($0.02/$0.05 USD) - 2022/07/24 21:02:56 PT [2022/07/25 0:02:56 ET]
Table 'Alzir' 9-max Seat #2 is the button
Seat 1: JayJayJohnson ($17.04 in chips) 
Seat 2: Almanza63 ($5.47 in chips) 
Seat 3: AGVsmarT ($4.24 in chips) 
Seat 5: Dorex2007 ($6.06 in chips) 
Seat 6: vkorgik ($8.18 in chips) 
Seat 7: ASpiror ($8.13 in chips) 
Seat 8: abobora71 ($4.11 in chips) 
Seat 9: Luigiams ($4.80 in chips) 
AGVsmarT: posts small blind $0.02
Dorex2007: posts big blind $0.05
*** HOLE CARDS ***
Dealt to Dorex2007 [9d 8h]
vkorgik: folds 
ASpiror: folds 
abobora71: folds 
Luigiams: folds 
JayJayJohnson: folds 
Almanza63: raises $0.10 to $0.15
AGVsmarT: calls $0.13
Dorex2007: folds 
*** FLOP *** [3c Td 9h]
AGVsmarT: checks 
Almanza63: bets $0.17
AGVsmarT: folds 
Uncalled bet ($0.17) returned to Almanza63
Almanza63 collected $0.34 from pot
*** SUMMARY ***
Total pot $0.35 | Rake $0.01 
Board [3c Td 9h]
Seat 1: JayJayJohnson folded before Flop (didn't bet)
Seat 2: Almanza63 (button) collected ($0.34)
Seat 3: AGVsmarT (small blind) folded on the Flop
Seat 5: Dorex2007 (big blind) folded before Flop
Seat 6: vkorgik folded before Flop (didn't bet)
Seat 7: ASpiror folded before Flop (didn't bet)
Seat 8: abobora71 folded before Flop (didn't bet)
Seat 9: Luigiams folded before Flop (didn't bet)



PokerStars Hand #237570694837:  Hold'em No Limit ($0.02/$0.05 USD) - 2022/07/24 21:03:25 PT [2022/07/25 0:03:25 ET]
Table 'Alzir' 9-max Seat #3 is the button
Seat 1: JayJayJohnson ($17.04 in chips) 
Seat 2: Almanza63 ($5.66 in chips) 
Seat 3: AGVsmarT ($4.09 in chips) 
Seat 5: Dorex2007 ($6.01 in chips) 
Seat 7: ASpiror ($8.13 in chips) 
Seat 8: abobora71 ($4.11 in chips) 
Seat 9: Luigiams ($4.80 in chips) 
Dorex2007: posts small blind $0.02
vkorgik: is sitting out 
vkorgik leaves the table
ASpiror: posts big blind $0.05
*** HOLE CARDS ***
Dealt to Dorex2007 [Td 8h]
abobora71: raises $0.05 to $0.10
Luigiams: calls $0.10
JayJayJohnson: folds 
Almanza63: folds 
AGVsmarT: calls $0.10
Dorex2007: folds 
ASpiror: folds 
*** FLOP *** [Js 2h 3c]
abobora71: checks 
Luigiams: checks 
AGVsmarT: bets $0.35
abobora71: folds 
Luigiams: folds 
Uncalled bet ($0.35) returned to AGVsmarT
AGVsmarT collected $0.35 from pot
*** SUMMARY ***
Total pot $0.37 | Rake $0.02 
Board [Js 2h 3c]
Seat 1: JayJayJohnson folded before Flop (didn't bet)
Seat 2: Almanza63 folded before Flop (didn't bet)
Seat 3: AGVsmarT (button) collected ($0.35)
Seat 5: Dorex2007 (small blind) folded before Flop
Seat 7: ASpiror (big blind) folded before Flop
Seat 8: abobora71 folded on the Flop
Seat 9: Luigiams folded on the Flop



PokerStars Hand #237570698562:  Hold'em No Limit ($0.02/$0.05 USD) - 2022/07/24 21:03:55 PT [2022/07/25 0:03:55 ET]
Table 'Alzir' 9-max Seat #5 is the button
Seat 1: JayJayJohnson ($17.04 in chips) 
Seat 2: Almanza63 ($5.66 in chips) 
Seat 3: AGVsmarT ($4.34 in chips) 
Seat 5: Dorex2007 ($5.99 in chips) 
Seat 7: ASpiror ($8.08 in chips) 
Seat 8: abobora71 ($4.01 in chips) 
Seat 9: Luigiams ($4.70 in chips) 
ASpiror: posts small blind $0.02
abobora71: posts big blind $0.05
*** HOLE CARDS ***
Dealt to Dorex2007 [As Kd]
Luigiams: folds 
JayJayJohnson: raises $0.10 to $0.15
Almanza63: folds 
AGVsmarT: calls $0.15
Dorex2007: calls $0.15
ASpiror: folds 
abobora71: folds 
*** FLOP *** [2c 7s 5d]
JayJayJohnson: bets $0.25
AGVsmarT: folds 
Dorex2007: folds 
Uncalled bet ($0.25) returned to JayJayJohnson
JayJayJohnson collected $0.50 from pot
*** SUMMARY ***
Total pot $0.52 | Rake $0.02 
Board [2c 7s 5d]
Seat 1: JayJayJohnson collected ($0.50)
Seat 2: Almanza63 folded before Flop (didn't bet)
Seat 3: AGVsmarT folded on the Flop
Seat 5: Dorex2007 (button) folded on the Flop
Seat 7: ASpiror (small blind) folded before Flop
Seat 8: abobora71 (big blind) folded before Flop
Seat 9: Luigiams folded before Flop (didn't bet)



PokerStars Hand #237570702561:  Hold'em No Limit ($0.02/$0.05 USD) - 2022/07/24 21:04:27 PT [2022/07/25 0:04:27 ET]
Table 'Alzir' 9-max Seat #7 is the button
Seat 1: JayJayJohnson ($17.39 in chips) 
Seat 2: Almanza63 ($5.66 in chips) 
Seat 3: AGVsmarT ($4.19 in chips) 
Seat 5: Dorex2007 ($5.84 in chips) 
Seat 7: ASpiror ($8.06 in chips) 
Seat 8: abobora71 ($3.96 in chips) 
Seat 9: Luigiams ($4.70 in chips) 
abobora71: posts small blind $0.02
Luigiams: posts big blind $0.05
*** HOLE CARDS ***
Dealt to Dorex2007 [Kc 7h]
JayJayJohnson: folds 
webby170 joins the table at seat #6 
Almanza63: folds 
AGVsmarT: folds 
Dorex2007: folds 
ASpiror: folds 
abobora71: calls $0.03
Luigiams: checks 
*** FLOP *** [Qs 3h 9c]
abobora71: bets $0.05
Luigiams: raises $0.05 to $0.10
abobora71: calls $0.05
*** TURN *** [Qs 3h 9c] [Ks]
abobora71: bets $0.05
Luigiams: raises $0.05 to $0.10
abobora71: calls $0.05
*** RIVER *** [Qs 3h 9c Ks] [9d]
abobora71: checks 
Luigiams: checks 
*** SHOW DOWN ***
abobora71: shows [3s Ac] (two pair, Nines and Threes)
Luigiams: shows [2d Qh] (two pair, Queens and Nines)
Luigiams collected $0.48 from pot
*** SUMMARY ***
Total pot $0.50 | Rake $0.02 
Board [Qs 3h 9c Ks 9d]
Seat 1: JayJayJohnson folded before Flop (didn't bet)
Seat 2: Almanza63 folded before Flop (didn't bet)
Seat 3: AGVsmarT folded before Flop (didn't bet)
Seat 5: Dorex2007 folded before Flop (didn't bet)
Seat 7: ASpiror (button) folded before Flop (didn't bet)
Seat 8: abobora71 (small blind) showed [3s Ac] and lost with two pair, Nines and Threes
Seat 9: Luigiams (big blind) showed [2d Qh] and won ($0.48) with two pair, Queens and Nines



PokerStars Hand #237570708602:  Hold'em No Limit ($0.02/$0.05 USD) - 2022/07/24 21:05:15 PT [2022/07/25 0:05:15 ET]
Table 'Alzir' 9-max Seat #8 is the button
Seat 1: JayJayJohnson ($17.39 in chips) 
Seat 2: Almanza63 ($5.66 in chips) 
Seat 3: AGVsmarT ($4.19 in chips) 
Seat 5: Dorex2007 ($5.84 in chips) 
Seat 6: webby170 ($2.53 in chips) 
Seat 7: ASpiror ($8.06 in chips) 
Seat 8: abobora71 ($3.71 in chips) 
Seat 9: Luigiams ($4.93 in chips) 
Luigiams: posts small blind $0.02
JayJayJohnson: posts big blind $0.05
webby170: posts big blind $0.05
*** HOLE CARDS ***
Dealt to Dorex2007 [5h Ah]
Almanza63: folds 
AGVsmarT: calls $0.05
Dorex2007: calls $0.05
webby170: checks 
ASpiror: folds 
abobora71: raises $0.12 to $0.17
Luigiams: folds 
JayJayJohnson: folds 
AGVsmarT: calls $0.12
Dorex2007: folds 
webby170: folds 
*** FLOP *** [8s 7s 6s]
AGVsmarT: checks 
abobora71: checks 
*** TURN *** [8s 7s 6s] [7c]
AGVsmarT: bets $0.49
abobora71: calls $0.49
*** RIVER *** [8s 7s 6s 7c] [6d]
AGVsmarT: bets $1.43
abobora71: calls $1.43
*** SHOW DOWN ***
AGVsmarT: shows [Ks 3s] (a flush, King high)
abobora71: mucks hand 
AGVsmarT collected $4.17 from pot
*** SUMMARY ***
Total pot $4.35 | Rake $0.18 
Board [8s 7s 6s 7c 6d]
Seat 1: JayJayJohnson (big blind) folded before Flop
Seat 2: Almanza63 folded before Flop (didn't bet)
Seat 3: AGVsmarT showed [Ks 3s] and won ($4.17) with a flush, King high
Seat 5: Dorex2007 folded before Flop
Seat 6: webby170 folded before Flop (didn't bet)
Seat 7: ASpiror folded before Flop (didn't bet)
Seat 8: abobora71 (button) mucked [Qc Qh]
Seat 9: Luigiams (small blind) folded before Flop



PokerStars Hand #237570715215:  Hold'em No Limit ($0.02/$0.05 USD) - 2022/07/24 21:06:07 PT [2022/07/25 0:06:07 ET]
Table 'Alzir' 9-max Seat #9 is the button
Seat 1: JayJayJohnson ($17.34 in chips) 
Seat 2: Almanza63 ($5.66 in chips) 
Seat 3: AGVsmarT ($6.27 in chips) 
Seat 5: Dorex2007 ($5.79 in chips) 
Seat 6: webby170 ($2.48 in chips) 
Seat 7: ASpiror ($8.06 in chips) 
Seat 8: abobora71 ($1.62 in chips) 
Seat 9: Luigiams ($4.91 in chips) 
JayJayJohnson: posts small blind $0.02
Almanza63: posts big blind $0.05
*** HOLE CARDS ***
Dealt to Dorex2007 [Qh 9d]
AGVsmarT: calls $0.05
Dorex2007: folds 
webby170 has timed out
webby170: folds 
ASpiror: folds 
abobora71: folds 
Luigiams: folds 
JayJayJohnson: folds 
Almanza63: checks 
*** FLOP *** [9c 4h Jd]
JayJayJohnson leaves the table
Almanza63: bets $0.10
AGVsmarT: calls $0.10
*** TURN *** [9c 4h Jd] [2s]
Almanza63: bets $0.24
AGVsmarT: folds 
Uncalled bet ($0.24) returned to Almanza63
Almanza63 collected $0.31 from pot
*** SUMMARY ***
Total pot $0.32 | Rake $0.01 
Board [9c 4h Jd 2s]
Seat 1: JayJayJohnson (small blind) folded before Flop
Seat 2: Almanza63 (big blind) collected ($0.31)
Seat 3: AGVsmarT folded on the Turn
Seat 5: Dorex2007 folded before Flop (didn't bet)
Seat 6: webby170 folded before Flop (didn't bet)
Seat 7: ASpiror folded before Flop (didn't bet)
Seat 8: abobora71 folded before Flop (didn't bet)
Seat 9: Luigiams (button) folded before Flop (didn't bet)



PokerStars Hand #237570720851:  Hold'em No Limit ($0.02/$0.05 USD) - 2022/07/24 21:06:52 PT [2022/07/25 0:06:52 ET]
Table 'Alzir' 9-max Seat #2 is the button
Seat 2: Almanza63 ($5.82 in chips) 
Seat 3: AGVsmarT ($6.12 in chips) 
Seat 5: Dorex2007 ($5.79 in chips) 
Seat 6: webby170 ($2.48 in chips) 
Seat 7: ASpiror ($8.06 in chips) 
Seat 8: abobora71 ($1.62 in chips) 
Seat 9: Luigiams ($4.91 in chips) 
AGVsmarT: posts small blind $0.02
Dorex2007: posts big blind $0.05
*** HOLE CARDS ***
Dealt to Dorex2007 [7s 4h]
webby170: folds 
ASpiror: folds 
abobora71: calls $0.05
Luigiams: folds 
Almanza63: folds 
AGVsmarT: calls $0.03
Dorex2007: checks 
*** FLOP *** [8d 6h Ah]
AGVsmarT: checks 
Dorex2007: checks 
abobora71: checks 
*** TURN *** [8d 6h Ah] [Ad]
AGVsmarT: bets $0.05
Dorex2007: folds 
abobora71: folds 
Uncalled bet ($0.05) returned to AGVsmarT
AGVsmarT collected $0.14 from pot
*** SUMMARY ***
Total pot $0.15 | Rake $0.01 
Board [8d 6h Ah Ad]
Seat 2: Almanza63 (button) folded before Flop (didn't bet)
Seat 3: AGVsmarT (small blind) collected ($0.14)
Seat 5: Dorex2007 (big blind) folded on the Turn
Seat 6: webby170 folded before Flop (didn't bet)
Seat 7: ASpiror folded before Flop (didn't bet)
Seat 8: abobora71 folded on the Turn
Seat 9: Luigiams folded before Flop (didn't bet)



PokerStars Hand #237570724724:  Hold'em No Limit ($0.02/$0.05 USD) - 2022/07/24 21:07:23 PT [2022/07/25 0:07:23 ET]
Table 'Alzir' 9-max Seat #3 is the button
Seat 2: Almanza63 ($5.82 in chips) 
Seat 3: AGVsmarT ($6.21 in chips) 
Seat 5: Dorex2007 ($5.74 in chips) 
Seat 6: webby170 ($2.48 in chips) 
Seat 7: ASpiror ($8.06 in chips) 
Seat 8: abobora71 ($1.57 in chips) 
Seat 9: Luigiams ($4.91 in chips) 
Dorex2007: posts small blind $0.02
webby170: posts big blind $0.05
*** HOLE CARDS ***
Dealt to Dorex2007 [6d 7d]
ASpiror: raises $0.05 to $0.10
abobora71: calls $0.10
Luigiams: calls $0.10
Almanza63: folds 
AGVsmarT: raises $0.47 to $0.57
Dorex2007: folds 
webby170: folds 
ASpiror: folds 
abobora71: folds 
Luigiams: folds 
Uncalled bet ($0.47) returned to AGVsmarT
AGVsmarT collected $0.47 from pot
*** SUMMARY ***
Total pot $0.47 | Rake $0 
Seat 2: Almanza63 folded before Flop (didn't bet)
Seat 3: AGVsmarT (button) collected ($0.47)
Seat 5: Dorex2007 (small blind) folded before Flop
Seat 6: webby170 (big blind) folded before Flop
Seat 7: ASpiror folded before Flop
Seat 8: abobora71 folded before Flop
Seat 9: Luigiams folded before Flop



PokerStars Hand #237570728162:  Hold'em No Limit ($0.02/$0.05 USD) - 2022/07/24 21:07:51 PT [2022/07/25 0:07:51 ET]
Table 'Alzir' 9-max Seat #5 is the button
Seat 2: Almanza63 ($5.82 in chips) 
Seat 3: AGVsmarT ($6.58 in chips) 
Seat 5: Dorex2007 ($5.72 in chips) 
Seat 6: webby170 ($2.43 in chips) 
Seat 7: ASpiror ($7.96 in chips) 
Seat 8: abobora71 ($1.47 in chips) 
Seat 9: Luigiams ($4.81 in chips) 
webby170: posts small blind $0.02
ASpiror: posts big blind $0.05
*** HOLE CARDS ***
Dealt to Dorex2007 [5s 7h]
abobora71: folds 
Luigiams: folds 
Almanza63: raises $0.10 to $0.15
AGVsmarT: folds 
Dorex2007: folds 
webby170: folds 
ASpiror: calls $0.10
*** FLOP *** [8d Th Ac]
ASpiror: checks 
Almanza63: bets $0.20
scofo83 leaves the table
ASpiror: calls $0.20
*** TURN *** [8d Th Ac] [3c]
ASpiror: checks 
Almanza63: bets $0.44
ASpiror: folds 
Uncalled bet ($0.44) returned to Almanza63
Almanza63 collected $0.69 from pot
*** SUMMARY ***
Total pot $0.72 | Rake $0.03 
Board [8d Th Ac 3c]
Seat 2: Almanza63 collected ($0.69)
Seat 3: AGVsmarT folded before Flop (didn't bet)
Seat 5: Dorex2007 (button) folded before Flop (didn't bet)
Seat 6: webby170 (small blind) folded before Flop
Seat 7: ASpiror (big blind) folded on the Turn
Seat 8: abobora71 folded before Flop (didn't bet)
Seat 9: Luigiams folded before Flop (didn't bet)



PokerStars Hand #237570733631:  Hold'em No Limit ($0.02/$0.05 USD) - 2022/07/24 21:08:36 PT [2022/07/25 0:08:36 ET]
Table 'Alzir' 9-max Seat #6 is the button
Seat 2: Almanza63 ($6.16 in chips) 
Seat 3: AGVsmarT ($6.58 in chips) 
Seat 5: Dorex2007 ($5.72 in chips) 
Seat 6: webby170 ($2.41 in chips) 
Seat 7: ASpiror ($7.61 in chips) 
Seat 8: abobora71 ($1.47 in chips) 
Seat 9: Luigiams ($4.81 in chips) 
ASpiror: posts small blind $0.02
abobora71: posts big blind $0.05
*** HOLE CARDS ***
Dealt to Dorex2007 [7h Ah]
Luigiams: folds 
Almanza63: folds 
AGVsmarT: calls $0.05
Dorex2007: calls $0.05
webby170 has timed out
webby170: folds 
Almanza63 leaves the table
ASpiror: raises $0.05 to $0.10
abobora71: folds 
AGVsmarT: calls $0.05
Dorex2007: calls $0.05
*** FLOP *** [3d 4d 3c]
ASpiror: checks 
AGVsmarT: checks 
Dorex2007: checks 
*** TURN *** [3d 4d 3c] [5c]
ASpiror: checks 
AGVsmarT: checks 
Dorex2007: bets $0.17
ASpiror: calls $0.17
AGVsmarT: folds 
*** RIVER *** [3d 4d 3c 5c] [7s]
ASpiror: checks 
Dorex2007: checks 
*** SHOW DOWN ***
ASpiror: shows [8d 8h] (two pair, Eights and Threes)
Dorex2007: mucks hand 
ASpiror collected $0.66 from pot
*** SUMMARY ***
Total pot $0.69 | Rake $0.03 
Board [3d 4d 3c 5c 7s]
Seat 2: Almanza63 folded before Flop (didn't bet)
Seat 3: AGVsmarT folded on the Turn
Seat 5: Dorex2007 mucked [7h Ah]
Seat 6: webby170 (button) folded before Flop (didn't bet)
Seat 7: ASpiror (small blind) showed [8d 8h] and won ($0.66) with two pair, Eights and Threes
Seat 8: abobora71 (big blind) folded before Flop
Seat 9: Luigiams folded before Flop (didn't bet)



PokerStars Hand #237570742414:  Hold'em No Limit ($0.02/$0.05 USD) - 2022/07/24 21:09:48 PT [2022/07/25 0:09:48 ET]
Table 'Alzir' 9-max Seat #7 is the button
Seat 3: AGVsmarT ($6.48 in chips) 
Seat 5: Dorex2007 ($5.45 in chips) 
Seat 6: webby170 ($2.41 in chips) 
Seat 7: ASpiror ($8 in chips) 
Seat 8: abobora71 ($1.42 in chips) 
Seat 9: Luigiams ($4.81 in chips) 
abobora71: posts small blind $0.02
Luigiams: posts big blind $0.05
*** HOLE CARDS ***
Dealt to Dorex2007 [Js 3d]
AGVsmarT: folds 
Dorex2007: folds 
webby170: folds 
ASpiror: raises $0.05 to $0.10
abobora71: calls $0.08
Luigiams: calls $0.05
*** FLOP *** [6h Jc 4h]
abobora71: checks 
Luigiams: checks 
ASpiror: checks 
*** TURN *** [6h Jc 4h] [Qs]
abobora71: checks 
Luigiams: bets $0.05
ASpiror: raises $0.15 to $0.20
abobora71: folds 
Luigiams: calls $0.15
*** RIVER *** [6h Jc 4h Qs] [6c]
Luigiams: checks 
ASpiror: checks 
*** SHOW DOWN ***
Luigiams: shows [9h 2h] (a pair of Sixes)
ASpiror: shows [Qc Ts] (two pair, Queens and Sixes)
ASpiror collected $0.67 from pot
*** SUMMARY ***
Total pot $0.70 | Rake $0.03 
Board [6h Jc 4h Qs 6c]
Seat 3: AGVsmarT folded before Flop (didn't bet)
Seat 5: Dorex2007 folded before Flop (didn't bet)
Seat 6: webby170 folded before Flop (didn't bet)
Seat 7: ASpiror (button) showed [Qc Ts] and won ($0.67) with two pair, Queens and Sixes
Seat 8: abobora71 (small blind) folded on the Turn
Seat 9: Luigiams (big blind) showed [9h 2h] and lost with a pair of Sixes



PokerStars Hand #237570747618:  Hold'em No Limit ($0.02/$0.05 USD) - 2022/07/24 21:10:31 PT [2022/07/25 0:10:31 ET]
Table 'Alzir' 9-max Seat #8 is the button
Seat 3: AGVsmarT ($6.48 in chips) 
Seat 5: Dorex2007 ($5.45 in chips) 
Seat 6: webby170 ($2.41 in chips) 
Seat 7: ASpiror ($8.37 in chips) 
Seat 8: abobora71 ($1.32 in chips) 
Seat 9: Luigiams ($4.51 in chips) 
Luigiams: posts small blind $0.02
AGVsmarT: posts big blind $0.05
*** HOLE CARDS ***
Dealt to Dorex2007 [9s Qs]
Dorex2007: folds 
webby170: folds 
ASpiror: folds 
abobora71: folds 
Luigiams: calls $0.03
AGVsmarT: checks 
*** FLOP *** [Qh 5d Ad]
Luigiams: checks 
AGVsmarT: checks 
*** TURN *** [Qh 5d Ad] [4d]
Luigiams: checks 
AGVsmarT: checks 
*** RIVER *** [Qh 5d Ad 4d] [7s]
Luigiams: checks 
AGVsmarT: checks 
*** SHOW DOWN ***
Luigiams: shows [4s 6s] (a pair of Fours)
AGVsmarT: shows [9c 7h] (a pair of Sevens)
AGVsmarT collected $0.10 from pot
*** SUMMARY ***
Total pot $0.10 | Rake $0 
Board [Qh 5d Ad 4d 7s]
Seat 3: AGVsmarT (big blind) showed [9c 7h] and won ($0.10) with a pair of Sevens
Seat 5: Dorex2007 folded before Flop (didn't bet)
Seat 6: webby170 folded before Flop (didn't bet)
Seat 7: ASpiror folded before Flop (didn't bet)
Seat 8: abobora71 (button) folded before Flop (didn't bet)
Seat 9: Luigiams (small blind) showed [4s 6s] and lost with a pair of Fours



PokerStars Hand #237570750851:  Hold'em No Limit ($0.02/$0.05 USD) - 2022/07/24 21:10:57 PT [2022/07/25 0:10:57 ET]
Table 'Alzir' 9-max Seat #9 is the button
Seat 3: AGVsmarT ($6.53 in chips) 
Seat 5: Dorex2007 ($5.45 in chips) 
Seat 6: webby170 ($2.41 in chips) 
Seat 7: ASpiror ($8.37 in chips) 
Seat 8: abobora71 ($1.32 in chips) 
Seat 9: Luigiams ($5 in chips) 
AGVsmarT: posts small blind $0.02
Dorex2007: posts big blind $0.05
*** HOLE CARDS ***
Dealt to Dorex2007 [Qh 3h]
webby170: folds 
ASpiror: folds 
abobora71: raises $0.05 to $0.10
Luigiams: folds 
AGVsmarT: folds 
Dorex2007: folds 
Uncalled bet ($0.05) returned to abobora71
abobora71 collected $0.12 from pot
*** SUMMARY ***
Total pot $0.12 | Rake $0 
Seat 3: AGVsmarT (small blind) folded before Flop
Seat 5: Dorex2007 (big blind) folded before Flop
Seat 6: webby170 folded before Flop (didn't bet)
Seat 7: ASpiror folded before Flop (didn't bet)
Seat 8: abobora71 collected ($0.12)
Seat 9: Luigiams (button) folded before Flop (didn't bet)



PokerStars Hand #237570755230:  Hold'em No Limit ($0.02/$0.05 USD) - 2022/07/24 21:11:33 PT [2022/07/25 0:11:33 ET]
Table 'Alzir' 9-max Seat #3 is the button
Seat 3: AGVsmarT ($6.51 in chips) 
Seat 5: Dorex2007 ($5.40 in chips) 
Seat 6: webby170 ($2.41 in chips) 
Seat 7: ASpiror ($8.37 in chips) 
Seat 8: abobora71 ($1.39 in chips) 
Seat 9: Luigiams ($5 in chips) 
Dorex2007: posts small blind $0.02
webby170: posts big blind $0.05
*** HOLE CARDS ***
Dealt to Dorex2007 [Kc 6c]
ASpiror: folds 
abobora71: folds 
Luigiams: folds 
AGVsmarT: folds 
Dorex2007: folds 
Uncalled bet ($0.03) returned to webby170
webby170 collected $0.04 from pot
*** SUMMARY ***
Total pot $0.04 | Rake $0 
Seat 3: AGVsmarT (button) folded before Flop (didn't bet)
Seat 5: Dorex2007 (small blind) folded before Flop
Seat 6: webby170 (big blind) collected ($0.04)
Seat 7: ASpiror folded before Flop (didn't bet)
Seat 8: abobora71 folded before Flop (didn't bet)
Seat 9: Luigiams folded before Flop (didn't bet)



PokerStars Hand #237570757787:  Hold'em No Limit ($0.02/$0.05 USD) - 2022/07/24 21:11:55 PT [2022/07/25 0:11:55 ET]
Table 'Alzir' 9-max Seat #5 is the button
Seat 3: AGVsmarT ($6.51 in chips) 
Seat 5: Dorex2007 ($5.38 in chips) 
Seat 6: webby170 ($2.43 in chips) 
Seat 7: ASpiror ($8.37 in chips) 
Seat 8: abobora71 ($1.39 in chips) 
Seat 9: Luigiams ($5 in chips) 
webby170: posts small blind $0.02
ASpiror: posts big blind $0.05
*** HOLE CARDS ***
Dealt to Dorex2007 [Kh 4s]
abobora71: folds 
Luigiams: folds 
AGVsmarT: folds 
Dorex2007 has timed out
Dorex2007: folds 
webby170: folds 
Uncalled bet ($0.03) returned to ASpiror
ASpiror collected $0.04 from pot
*** SUMMARY ***
Total pot $0.04 | Rake $0 
Seat 3: AGVsmarT folded before Flop (didn't bet)
Seat 5: Dorex2007 (button) folded before Flop (didn't bet)
Seat 6: webby170 (small blind) folded before Flop
Seat 7: ASpiror (big blind) collected ($0.04)
Seat 8: abobora71 folded before Flop (didn't bet)
Seat 9: Luigiams folded before Flop (didn't bet)



PokerStars Hand #237570766447:  Hold'em No Limit ($0.02/$0.05 USD) - 2022/07/24 21:13:06 PT [2022/07/25 0:13:06 ET]
Table 'Alzir' 9-max Seat #7 is the button
Seat 3: AGVsmarT ($6.55 in chips) 
Seat 5: Dorex2007 ($5.38 in chips) 
Seat 6: webby170 ($2.41 in chips) 
Seat 7: ASpiror ($8.43 in chips) 
Seat 8: abobora71 ($1.29 in chips) 
Seat 9: Luigiams ($5 in chips) 
abobora71: posts small blind $0.02
Luigiams: posts big blind $0.05
*** HOLE CARDS ***
Dealt to Dorex2007 [Ah Qs]
AGVsmarT: folds 
Dorex2007 has timed out
Dorex2007: folds 
webby170: folds 
ASpiror: folds 
abobora71: calls $0.03
Luigiams: checks 
*** FLOP *** [9s Kc Ac]
abobora71: checks 
Luigiams: bets $0.05
abobora71: folds 
Uncalled bet ($0.05) returned to Luigiams
Luigiams collected $0.10 from pot
*** SUMMARY ***
Total pot $0.10 | Rake $0 
Board [9s Kc Ac]
Seat 3: AGVsmarT folded before Flop (didn't bet)
Seat 5: Dorex2007 folded before Flop (didn't bet)
Seat 6: webby170 folded before Flop (didn't bet)
Seat 7: ASpiror (button) folded before Flop (didn't bet)
Seat 8: abobora71 (small blind) folded on the Flop
Seat 9: Luigiams (big blind) collected ($0.10)



PokerStars Hand #237570770819:  Hold'em No Limit ($0.02/$0.05 USD) - 2022/07/24 21:13:42 PT [2022/07/25 0:13:42 ET]
Table 'Alzir' 9-max Seat #8 is the button
Seat 3: AGVsmarT ($6.55 in chips) 
Seat 5: Dorex2007 ($5.38 in chips) 
Seat 6: webby170 ($2.41 in chips) 
Seat 7: ASpiror ($8.43 in chips) 
Seat 8: abobora71 ($1.24 in chips) 
Seat 9: Luigiams ($5.05 in chips) 
Luigiams: posts small blind $0.02
AGVsmarT: posts big blind $0.05
*** HOLE CARDS ***
Dealt to Dorex2007 [As 6d]
Dorex2007 has timed out
Dorex2007: folds 
webby170: folds 
ASpiror: folds 
abobora71: folds 
Luigiams: folds 
Uncalled bet ($0.03) returned to AGVsmarT
AGVsmarT collected $0.04 from pot
*** SUMMARY ***
Total pot $0.04 | Rake $0 
Seat 3: AGVsmarT (big blind) collected ($0.04)
Seat 5: Dorex2007 folded before Flop (didn't bet)
Seat 6: webby170 folded before Flop (didn't bet)
Seat 7: ASpiror folded before Flop (didn't bet)
Seat 8: abobora71 (button) folded before Flop (didn't bet)
Seat 9: Luigiams (small blind) folded before Flop



PokerStars Hand #237570782261:  Hold'em No Limit ($0.02/$0.05 USD) - 2022/07/24 21:14:44 PT [2022/07/25 0:14:44 ET]
Table 'Alzir' 9-max Seat #6 is the button
Seat 3: AGVsmarT ($6.55 in chips) 
Seat 5: Dorex2007 ($5.38 in chips) 
Seat 6: webby170 ($2.48 in chips) 
Seat 8: abobora71 ($1.19 in chips) 
Seat 9: Luigiams ($5.03 in chips) 
abobora71: posts small blind $0.02
Luigiams: posts big blind $0.05
Dorex2007: posts small & big blinds $0.07
*** HOLE CARDS ***
Dealt to Dorex2007 [Tc 6h]
AGVsmarT: calls $0.05
pepekita23 joins the table at seat #1 
Dorex2007: checks 
webby170: folds 
abobora71: calls $0.03
Luigiams: checks 
*** FLOP *** [9d 8h 8s]
abobora71: checks 
Luigiams: checks 
AGVsmarT: checks 
Maria1995587 joins the table at seat #7 
Dorex2007: checks 
*** TURN *** [9d 8h 8s] [2s]
abobora71: checks 
Luigiams: checks 
AGVsmarT: checks 
Dorex2007: checks 
*** RIVER *** [9d 8h 8s 2s] [Ad]
abobora71: bets $0.16
Luigiams: folds 
AGVsmarT: folds 
AGVsmarT leaves the table
Dorex2007: folds 
Uncalled bet ($0.16) returned to abobora71
abobora71 collected $0.21 from pot
*** SUMMARY ***
Total pot $0.22 | Rake $0.01 
Board [9d 8h 8s 2s Ad]
Seat 3: AGVsmarT folded on the River
Seat 5: Dorex2007 folded on the River (didn't bet)
Seat 6: webby170 (button) folded before Flop (didn't bet)
Seat 8: abobora71 (small blind) collected ($0.21)
Seat 9: Luigiams (big blind) folded on the River



PokerStars Hand #237570791792:  Hold'em No Limit ($0.02/$0.05 USD) - 2022/07/24 21:16:04 PT [2022/07/25 0:16:04 ET]
Table 'Alzir' 9-max Seat #8 is the button
Seat 1: pepekita23 ($4 in chips) 
Seat 5: Dorex2007 ($5.31 in chips) 
Seat 6: webby170 ($2.48 in chips) 
Seat 7: Maria1995587 ($5 in chips) 
Seat 8: abobora71 ($1.35 in chips) 
Seat 9: Luigiams ($4.98 in chips) 
Luigiams: posts small blind $0.02
pepekita23: posts big blind $0.05
Maria1995587: posts big blind $0.05
*** HOLE CARDS ***
Dealt to Dorex2007 [4c 3d]
Dorex2007: folds 
webby170 has timed out
webby170: folds 
Maria1995587: checks 
abobora71: folds 
Luigiams: folds 
pepekita23: checks 
*** FLOP *** [Ah 2c Ad]
pepekita23: bets $0.10
Maria1995587: folds 
Uncalled bet ($0.10) returned to pepekita23
pepekita23 collected $0.12 from pot
*** SUMMARY ***
Total pot $0.12 | Rake $0 
Board [Ah 2c Ad]
Seat 1: pepekita23 (big blind) collected ($0.12)
Seat 5: Dorex2007 folded before Flop (didn't bet)
Seat 6: webby170 folded before Flop (didn't bet)
Seat 7: Maria1995587 folded on the Flop (didn't bet)
Seat 8: abobora71 (button) folded before Flop (didn't bet)
Seat 9: Luigiams (small blind) folded before Flop



PokerStars Hand #237570797692:  Hold'em No Limit ($0.02/$0.05 USD) - 2022/07/24 21:16:53 PT [2022/07/25 0:16:53 ET]
Table 'Alzir' 9-max Seat #9 is the button
Seat 1: pepekita23 ($4.07 in chips) 
Seat 5: Dorex2007 ($5.31 in chips) 
Seat 7: Maria1995587 ($4.95 in chips) 
Seat 8: abobora71 ($1.35 in chips) 
Seat 9: Luigiams ($4.96 in chips) 
pepekita23: posts small blind $0.02
Dorex2007: posts big blind $0.05
*** HOLE CARDS ***
Dealt to Dorex2007 [As Ah]
Maria1995587: folds 
abobora71: folds 
Luigiams: folds 
pepekita23: calls $0.03
Dorex2007: raises $0.10 to $0.15
pepekita23: folds 
Uncalled bet ($0.10) returned to Dorex2007
Dorex2007 collected $0.10 from pot
*** SUMMARY ***
Total pot $0.10 | Rake $0 
Seat 1: pepekita23 (small blind) folded before Flop
Seat 5: Dorex2007 (big blind) collected ($0.10)
Seat 7: Maria1995587 folded before Flop (didn't bet)
Seat 8: abobora71 folded before Flop (didn't bet)
Seat 9: Luigiams (button) folded before Flop (didn't bet)



PokerStars Hand #237570801272:  Hold'em No Limit ($0.02/$0.05 USD) - 2022/07/24 21:17:23 PT [2022/07/25 0:17:23 ET]
Table 'Alzir' 9-max Seat #1 is the button
Seat 1: pepekita23 ($4.02 in chips) 
Seat 5: Dorex2007 ($5.36 in chips) 
Seat 7: Maria1995587 ($4.95 in chips) 
Seat 8: abobora71 ($1.35 in chips) 
Seat 9: Luigiams ($4.96 in chips) 
Dorex2007: posts small blind $0.02
Maria1995587: posts big blind $0.05
*** HOLE CARDS ***
Dealt to Dorex2007 [8s 4h]
abobora71: folds 
Luigiams: folds 
pepekita23: folds 
Dorex2007: folds 
Uncalled bet ($0.03) returned to Maria1995587
Maria1995587 collected $0.04 from pot
*** SUMMARY ***
Total pot $0.04 | Rake $0 
Seat 1: pepekita23 (button) folded before Flop (didn't bet)
Seat 5: Dorex2007 (small blind) folded before Flop
Seat 7: Maria1995587 (big blind) collected ($0.04)
Seat 8: abobora71 folded before Flop (didn't bet)
Seat 9: Luigiams folded before Flop (didn't bet)



PokerStars Hand #237570803500:  Hold'em No Limit ($0.02/$0.05 USD) - 2022/07/24 21:17:42 PT [2022/07/25 0:17:42 ET]
Table 'Alzir' 9-max Seat #5 is the button
Seat 1: pepekita23 ($4.02 in chips) 
Seat 5: Dorex2007 ($5.34 in chips) 
Seat 7: Maria1995587 ($4.97 in chips) 
Seat 8: abobora71 ($1.35 in chips) 
Seat 9: Luigiams ($4.96 in chips) 
Maria1995587: posts small blind $0.02
abobora71: posts big blind $0.05
*** HOLE CARDS ***
Dealt to Dorex2007 [7h Tc]
Luigiams: folds 
Luigiams leaves the table
pepekita23: folds 
Dorex2007: folds 
Maria1995587: folds 
Uncalled bet ($0.03) returned to abobora71
abobora71 collected $0.04 from pot
*** SUMMARY ***
Total pot $0.04 | Rake $0 
Seat 1: pepekita23 folded before Flop (didn't bet)
Seat 5: Dorex2007 (button) folded before Flop (didn't bet)
Seat 7: Maria1995587 (small blind) folded before Flop
Seat 8: abobora71 (big blind) collected ($0.04)
Seat 9: Luigiams folded before Flop (didn't bet)



