PokerStars Hand #237960043294:  Hold'em No Limit ($0.05/$0.10 USD) - 2022/08/13 1:06:48 PT [2022/08/13 4:06:48 ET]
Table 'Valentine III' 9-max Seat #2 is the button
Seat 1: naxal2012 ($26.46 in chips) 
Seat 2: mauserr7 ($11.15 in chips) 
Seat 3: yogabody ($10.61 in chips) 
Seat 4: galletti1717 ($11.09 in chips) 
Seat 5: Teichlosen ($24.88 in chips) 
Seat 8: tsoomoo87 ($13.72 in chips) 
Seat 9: Dorex2007 ($10 in chips) 
yogabody: posts small blind $0.05
galletti1717: posts big blind $0.10
_ne katit_1: sits out 
Brygga: sits out 
Dorex2007: posts big blind $0.10
*** HOLE CARDS ***
Dealt to Dorex2007 [8d Ac]
Teichlosen: folds 
tsoomoo87: raises $0.20 to $0.30
Dorex2007: folds 
naxal2012: folds 
mauserr7: folds 
yogabody: folds 
galletti1717: calls $0.20
*** FLOP *** [2c 7s Ts]
galletti1717: checks 
tsoomoo87: checks 
*** TURN *** [2c 7s Ts] [Kc]
galletti1717: bets $0.36
tsoomoo87: calls $0.36
*** RIVER *** [2c 7s Ts Kc] [Jd]
galletti1717: checks 
tsoomoo87: bets $0.50
galletti1717: folds 
Uncalled bet ($0.50) returned to tsoomoo87
tsoomoo87 collected $1.40 from pot
*** SUMMARY ***
Total pot $1.47 | Rake $0.07 
Board [2c 7s Ts Kc Jd]
Seat 1: naxal2012 folded before Flop (didn't bet)
Seat 2: mauserr7 (button) folded before Flop (didn't bet)
Seat 3: yogabody (small blind) folded before Flop
Seat 4: galletti1717 (big blind) folded on the River
Seat 5: Teichlosen folded before Flop (didn't bet)
Seat 8: tsoomoo87 collected ($1.40)
Seat 9: Dorex2007 folded before Flop (didn't bet)



PokerStars Hand #237960049774:  Hold'em No Limit ($0.05/$0.10 USD) - 2022/08/13 1:07:37 PT [2022/08/13 4:07:37 ET]
Table 'Valentine III' 9-max Seat #3 is the button
Seat 1: naxal2012 ($26.46 in chips) 
Seat 2: mauserr7 ($11.15 in chips) 
Seat 3: yogabody ($10.56 in chips) 
Seat 5: Teichlosen ($24.88 in chips) 
Seat 6: _ne katit_1 ($15.14 in chips) 
Seat 8: tsoomoo87 ($14.46 in chips) 
Seat 9: Dorex2007 ($10 in chips) 
Teichlosen: posts small blind $0.05
_ne katit_1: posts big blind $0.10
Brygga: sits out 
*** HOLE CARDS ***
Dealt to Dorex2007 [As Qs]
tsoomoo87: folds 
Dorex2007: raises $0.30 to $0.40
naxal2012: folds 
mauserr7: folds 
yogabody: folds 
Teichlosen: folds 
_ne katit_1: folds 
Uncalled bet ($0.30) returned to Dorex2007
Dorex2007 collected $0.25 from pot
Dorex2007: doesn't show hand 
*** SUMMARY ***
Total pot $0.25 | Rake $0 
Seat 1: naxal2012 folded before Flop (didn't bet)
Seat 2: mauserr7 folded before Flop (didn't bet)
Seat 3: yogabody (button) folded before Flop (didn't bet)
Seat 5: Teichlosen (small blind) folded before Flop
Seat 6: _ne katit_1 (big blind) folded before Flop
Seat 8: tsoomoo87 folded before Flop (didn't bet)
Seat 9: Dorex2007 collected ($0.25)



PokerStars Hand #237960051507:  Hold'em No Limit ($0.05/$0.10 USD) - 2022/08/13 1:07:50 PT [2022/08/13 4:07:50 ET]
Table 'Valentine III' 9-max Seat #5 is the button
Seat 1: naxal2012 ($26.46 in chips) 
Seat 2: mauserr7 ($11.15 in chips) 
Seat 3: yogabody ($10.56 in chips) 
Seat 5: Teichlosen ($24.83 in chips) 
Seat 6: _ne katit_1 ($15.04 in chips) 
Seat 7: Brygga ($4.97 in chips) 
Seat 8: tsoomoo87 ($14.46 in chips) 
Seat 9: Dorex2007 ($10.15 in chips) 
_ne katit_1: posts small blind $0.05
Brygga: posts big blind $0.10
*** HOLE CARDS ***
Dealt to Dorex2007 [4d 3c]
tsoomoo87: folds 
Dorex2007: folds 
naxal2012: folds 
mauserr7: folds 
yogabody: folds 
Teichlosen: folds 
_ne katit_1: raises $0.20 to $0.30
Brygga: calls $0.20
*** FLOP *** [Th 7c 9h]
_ne katit_1: bets $0.34
Brygga: calls $0.34
*** TURN *** [Th 7c 9h] [3s]
_ne katit_1: bets $0.73
Brygga: folds 
Uncalled bet ($0.73) returned to _ne katit_1
_ne katit_1 collected $1.22 from pot
_ne katit_1: doesn't show hand 
*** SUMMARY ***
Total pot $1.28 | Rake $0.06 
Board [Th 7c 9h 3s]
Seat 1: naxal2012 folded before Flop (didn't bet)
Seat 2: mauserr7 folded before Flop (didn't bet)
Seat 3: yogabody folded before Flop (didn't bet)
Seat 5: Teichlosen (button) folded before Flop (didn't bet)
Seat 6: _ne katit_1 (small blind) collected ($1.22)
Seat 7: Brygga (big blind) folded on the Turn
Seat 8: tsoomoo87 folded before Flop (didn't bet)
Seat 9: Dorex2007 folded before Flop (didn't bet)



PokerStars Hand #237960056397:  Hold'em No Limit ($0.05/$0.10 USD) - 2022/08/13 1:08:28 PT [2022/08/13 4:08:28 ET]
Table 'Valentine III' 9-max Seat #6 is the button
Seat 1: naxal2012 ($26.46 in chips) 
Seat 2: mauserr7 ($11.15 in chips) 
Seat 3: yogabody ($10.56 in chips) 
Seat 5: Teichlosen ($24.83 in chips) 
Seat 6: _ne katit_1 ($15.62 in chips) 
Seat 7: Brygga ($4.33 in chips) 
Seat 8: tsoomoo87 ($14.46 in chips) 
Seat 9: Dorex2007 ($10.15 in chips) 
Brygga: posts small blind $0.05
tsoomoo87: posts big blind $0.10
*** HOLE CARDS ***
Dealt to Dorex2007 [Jc 8h]
Dorex2007: folds 
naxal2012: folds 
mauserr7: folds 
yogabody: folds 
Teichlosen: folds 
_ne katit_1: folds 
Brygga: calls $0.05
tsoomoo87: checks 
*** FLOP *** [7c Ad Ah]
Brygga: bets $0.10
tsoomoo87: folds 
Uncalled bet ($0.10) returned to Brygga
Brygga collected $0.19 from pot
Brygga: doesn't show hand 
*** SUMMARY ***
Total pot $0.20 | Rake $0.01 
Board [7c Ad Ah]
Seat 1: naxal2012 folded before Flop (didn't bet)
Seat 2: mauserr7 folded before Flop (didn't bet)
Seat 3: yogabody folded before Flop (didn't bet)
Seat 5: Teichlosen folded before Flop (didn't bet)
Seat 6: _ne katit_1 (button) folded before Flop (didn't bet)
Seat 7: Brygga (small blind) collected ($0.19)
Seat 8: tsoomoo87 (big blind) folded on the Flop
Seat 9: Dorex2007 folded before Flop (didn't bet)



PokerStars Hand #237960059985:  Hold'em No Limit ($0.05/$0.10 USD) - 2022/08/13 1:08:54 PT [2022/08/13 4:08:54 ET]
Table 'Valentine III' 9-max Seat #7 is the button
Seat 1: naxal2012 ($26.46 in chips) 
Seat 2: mauserr7 ($11.15 in chips) 
Seat 3: yogabody ($10.56 in chips) 
Seat 5: Teichlosen ($24.83 in chips) 
Seat 6: _ne katit_1 ($15.62 in chips) 
Seat 7: Brygga ($4.42 in chips) 
Seat 8: tsoomoo87 ($14.36 in chips) 
Seat 9: Dorex2007 ($10.15 in chips) 
tsoomoo87: posts small blind $0.05
Dorex2007: posts big blind $0.10
*** HOLE CARDS ***
Dealt to Dorex2007 [Qh 8h]
naxal2012: folds 
mauserr7: folds 
yogabody: folds 
Teichlosen: folds 
_ne katit_1: folds 
Brygga: folds 
tsoomoo87: folds 
Uncalled bet ($0.05) returned to Dorex2007
Dorex2007 collected $0.10 from pot
Dorex2007: doesn't show hand 
*** SUMMARY ***
Total pot $0.10 | Rake $0 
Seat 1: naxal2012 folded before Flop (didn't bet)
Seat 2: mauserr7 folded before Flop (didn't bet)
Seat 3: yogabody folded before Flop (didn't bet)
Seat 5: Teichlosen folded before Flop (didn't bet)
Seat 6: _ne katit_1 folded before Flop (didn't bet)
Seat 7: Brygga (button) folded before Flop (didn't bet)
Seat 8: tsoomoo87 (small blind) folded before Flop
Seat 9: Dorex2007 (big blind) collected ($0.10)



PokerStars Hand #237960061855:  Hold'em No Limit ($0.05/$0.10 USD) - 2022/08/13 1:09:09 PT [2022/08/13 4:09:09 ET]
Table 'Valentine III' 9-max Seat #8 is the button
Seat 1: naxal2012 ($26.46 in chips) 
Seat 2: mauserr7 ($11.15 in chips) 
Seat 3: yogabody ($10.56 in chips) 
Seat 5: Teichlosen ($24.83 in chips) 
Seat 6: _ne katit_1 ($15.62 in chips) 
Seat 7: Brygga ($4.42 in chips) 
Seat 8: tsoomoo87 ($14.31 in chips) 
Seat 9: Dorex2007 ($10.20 in chips) 
Dorex2007: posts small blind $0.05
naxal2012: posts big blind $0.10
*** HOLE CARDS ***
Dealt to Dorex2007 [Tc 2c]
mauserr7: folds 
yogabody: folds 
Teichlosen: folds 
_ne katit_1: folds 
Brygga: folds 
tsoomoo87: calls $0.10
Dorex2007: folds 
naxal2012: checks 
*** FLOP *** [8d 4c 6d]
naxal2012: checks 
tsoomoo87: bets $0.10
naxal2012: folds 
Uncalled bet ($0.10) returned to tsoomoo87
tsoomoo87 collected $0.24 from pot
*** SUMMARY ***
Total pot $0.25 | Rake $0.01 
Board [8d 4c 6d]
Seat 1: naxal2012 (big blind) folded on the Flop
Seat 2: mauserr7 folded before Flop (didn't bet)
Seat 3: yogabody folded before Flop (didn't bet)
Seat 5: Teichlosen folded before Flop (didn't bet)
Seat 6: _ne katit_1 folded before Flop (didn't bet)
Seat 7: Brygga folded before Flop (didn't bet)
Seat 8: tsoomoo87 (button) collected ($0.24)
Seat 9: Dorex2007 (small blind) folded before Flop



PokerStars Hand #237960064663:  Hold'em No Limit ($0.05/$0.10 USD) - 2022/08/13 1:09:31 PT [2022/08/13 4:09:31 ET]
Table 'Valentine III' 9-max Seat #9 is the button
Seat 1: naxal2012 ($26.36 in chips) 
Seat 2: mauserr7 ($11.15 in chips) 
Seat 3: yogabody ($10.56 in chips) 
Seat 5: Teichlosen ($24.83 in chips) 
Seat 6: _ne katit_1 ($15.62 in chips) 
Seat 7: Brygga ($4.42 in chips) 
Seat 8: tsoomoo87 ($14.45 in chips) 
Seat 9: Dorex2007 ($10.15 in chips) 
naxal2012: posts small blind $0.05
mauserr7: posts big blind $0.10
*** HOLE CARDS ***
Dealt to Dorex2007 [5c 7h]
yogabody: folds 
Teichlosen: raises $0.15 to $0.25
_ne katit_1: folds 
Brygga: folds 
tsoomoo87: folds 
Dorex2007: folds 
naxal2012: folds 
mauserr7: folds 
Uncalled bet ($0.15) returned to Teichlosen
Teichlosen collected $0.25 from pot
Teichlosen: doesn't show hand 
*** SUMMARY ***
Total pot $0.25 | Rake $0 
Seat 1: naxal2012 (small blind) folded before Flop
Seat 2: mauserr7 (big blind) folded before Flop
Seat 3: yogabody folded before Flop (didn't bet)
Seat 5: Teichlosen collected ($0.25)
Seat 6: _ne katit_1 folded before Flop (didn't bet)
Seat 7: Brygga folded before Flop (didn't bet)
Seat 8: tsoomoo87 folded before Flop (didn't bet)
Seat 9: Dorex2007 (button) folded before Flop (didn't bet)



PokerStars Hand #237960066993:  Hold'em No Limit ($0.05/$0.10 USD) - 2022/08/13 1:09:48 PT [2022/08/13 4:09:48 ET]
Table 'Valentine III' 9-max Seat #1 is the button
Seat 1: naxal2012 ($26.31 in chips) 
Seat 2: mauserr7 ($11.05 in chips) 
Seat 3: yogabody ($10.56 in chips) 
Seat 5: Teichlosen ($24.98 in chips) 
Seat 6: _ne katit_1 ($15.62 in chips) 
Seat 7: Brygga ($4.42 in chips) 
Seat 8: tsoomoo87 ($14.45 in chips) 
Seat 9: Dorex2007 ($10.15 in chips) 
mauserr7: posts small blind $0.05
yogabody: posts big blind $0.10
*** HOLE CARDS ***
Dealt to Dorex2007 [Ah 3d]
Teichlosen: folds 
_ne katit_1: folds 
Brygga: folds 
tsoomoo87: folds 
Dorex2007: folds 
naxal2012: folds 
mauserr7: folds 
Uncalled bet ($0.05) returned to yogabody
yogabody collected $0.10 from pot
yogabody: doesn't show hand 
*** SUMMARY ***
Total pot $0.10 | Rake $0 
Seat 1: naxal2012 (button) folded before Flop (didn't bet)
Seat 2: mauserr7 (small blind) folded before Flop
Seat 3: yogabody (big blind) collected ($0.10)
Seat 5: Teichlosen folded before Flop (didn't bet)
Seat 6: _ne katit_1 folded before Flop (didn't bet)
Seat 7: Brygga folded before Flop (didn't bet)
Seat 8: tsoomoo87 folded before Flop (didn't bet)
Seat 9: Dorex2007 folded before Flop (didn't bet)



PokerStars Hand #237960068867:  Hold'em No Limit ($0.05/$0.10 USD) - 2022/08/13 1:10:03 PT [2022/08/13 4:10:03 ET]
Table 'Valentine III' 9-max Seat #2 is the button
Seat 1: naxal2012 ($26.31 in chips) 
Seat 2: mauserr7 ($11 in chips) 
Seat 3: yogabody ($10.61 in chips) 
Seat 6: _ne katit_1 ($15.62 in chips) 
Seat 7: Brygga ($4.42 in chips) 
Seat 8: tsoomoo87 ($14.45 in chips) 
Seat 9: Dorex2007 ($10.15 in chips) 
yogabody: posts small blind $0.05
Teichlosen: is sitting out 
_ne katit_1: posts big blind $0.10
*** HOLE CARDS ***
Dealt to Dorex2007 [5h Ks]
Brygga: folds 
tsoomoo87: folds 
Dorex2007: folds 
Teichlosen leaves the table
naxal2012: raises $0.20 to $0.30
mauserr7: folds 
yogabody: folds 
_ne katit_1: folds 
Uncalled bet ($0.20) returned to naxal2012
naxal2012 collected $0.25 from pot
*** SUMMARY ***
Total pot $0.25 | Rake $0 
Seat 1: naxal2012 collected ($0.25)
Seat 2: mauserr7 (button) folded before Flop (didn't bet)
Seat 3: yogabody (small blind) folded before Flop
Seat 6: _ne katit_1 (big blind) folded before Flop
Seat 7: Brygga folded before Flop (didn't bet)
Seat 8: tsoomoo87 folded before Flop (didn't bet)
Seat 9: Dorex2007 folded before Flop (didn't bet)



PokerStars Hand #237960080393:  Hold'em No Limit ($0.05/$0.10 USD) - 2022/08/13 1:10:19 PT [2022/08/13 4:10:19 ET]
Table 'Valentine III' 9-max Seat #3 is the button
Seat 1: naxal2012 ($26.46 in chips) 
Seat 2: mauserr7 ($11 in chips) 
Seat 3: yogabody ($10.56 in chips) 
Seat 6: _ne katit_1 ($15.52 in chips) 
Seat 7: Brygga ($4.42 in chips) 
Seat 8: tsoomoo87 ($14.45 in chips) 
Seat 9: Dorex2007 ($10.15 in chips) 
_ne katit_1: posts small blind $0.05
Brygga: posts big blind $0.10
*** HOLE CARDS ***
Dealt to Dorex2007 [4s Jd]
tsoomoo87: folds 
$l0gger joins the table at seat #5 
Dorex2007: folds 
naxal2012: folds 
mauserr7: folds 
yogabody: folds 
_ne katit_1: folds 
Uncalled bet ($0.05) returned to Brygga
Brygga collected $0.10 from pot
Brygga: doesn't show hand 
*** SUMMARY ***
Total pot $0.10 | Rake $0 
Seat 1: naxal2012 folded before Flop (didn't bet)
Seat 2: mauserr7 folded before Flop (didn't bet)
Seat 3: yogabody (button) folded before Flop (didn't bet)
Seat 6: _ne katit_1 (small blind) folded before Flop
Seat 7: Brygga (big blind) collected ($0.10)
Seat 8: tsoomoo87 folded before Flop (didn't bet)
Seat 9: Dorex2007 folded before Flop (didn't bet)



PokerStars Hand #237960082571:  Hold'em No Limit ($0.05/$0.10 USD) - 2022/08/13 1:10:35 PT [2022/08/13 4:10:35 ET]
Table 'Valentine III' 9-max Seat #6 is the button
Seat 1: naxal2012 ($26.46 in chips) 
Seat 2: mauserr7 ($11 in chips) 
Seat 3: yogabody ($10.56 in chips) 
Seat 6: _ne katit_1 ($15.47 in chips) 
Seat 7: Brygga ($4.47 in chips) 
Seat 8: tsoomoo87 ($14.45 in chips) 
Seat 9: Dorex2007 ($10.15 in chips) 
Brygga: posts small blind $0.05
tsoomoo87: posts big blind $0.10
$l0gger: sits out 
*** HOLE CARDS ***
Dealt to Dorex2007 [4s Tc]
Dorex2007: folds 
naxal2012: folds 
mauserr7: folds 
yogabody: raises $0.20 to $0.30
_ne katit_1: folds 
galletti1717 is disconnected 
Brygga: folds 
tsoomoo87: raises $0.20 to $0.50
yogabody: calls $0.20
*** FLOP *** [2s Qc 5h]
tsoomoo87: bets $0.40
yogabody: folds 
Uncalled bet ($0.40) returned to tsoomoo87
tsoomoo87 collected $1 from pot
*** SUMMARY ***
Total pot $1.05 | Rake $0.05 
Board [2s Qc 5h]
Seat 1: naxal2012 folded before Flop (didn't bet)
Seat 2: mauserr7 folded before Flop (didn't bet)
Seat 3: yogabody folded on the Flop
Seat 6: _ne katit_1 (button) folded before Flop (didn't bet)
Seat 7: Brygga (small blind) folded before Flop
Seat 8: tsoomoo87 (big blind) collected ($1)
Seat 9: Dorex2007 folded before Flop (didn't bet)



PokerStars Hand #237960087564:  Hold'em No Limit ($0.05/$0.10 USD) - 2022/08/13 1:11:13 PT [2022/08/13 4:11:13 ET]
Table 'Valentine III' 9-max Seat #7 is the button
Seat 1: naxal2012 ($26.46 in chips) 
Seat 2: mauserr7 ($11 in chips) 
Seat 3: yogabody ($10.06 in chips) 
Seat 6: _ne katit_1 ($15.47 in chips) 
Seat 7: Brygga ($4.42 in chips) 
Seat 8: tsoomoo87 ($14.95 in chips) 
Seat 9: Dorex2007 ($10.15 in chips) 
tsoomoo87: posts small blind $0.05
Dorex2007: posts big blind $0.10
$l0gger: sits out 
*** HOLE CARDS ***
Dealt to Dorex2007 [6d As]
naxal2012: folds 
mauserr7: folds 
yogabody: raises $0.20 to $0.30
_ne katit_1: folds 
Brygga: folds 
tsoomoo87: folds 
Dorex2007: folds 
Uncalled bet ($0.20) returned to yogabody
yogabody collected $0.25 from pot
yogabody: doesn't show hand 
*** SUMMARY ***
Total pot $0.25 | Rake $0 
Seat 1: naxal2012 folded before Flop (didn't bet)
Seat 2: mauserr7 folded before Flop (didn't bet)
Seat 3: yogabody collected ($0.25)
Seat 6: _ne katit_1 folded before Flop (didn't bet)
Seat 7: Brygga (button) folded before Flop (didn't bet)
Seat 8: tsoomoo87 (small blind) folded before Flop
Seat 9: Dorex2007 (big blind) folded before Flop



PokerStars Hand #237960090851:  Hold'em No Limit ($0.05/$0.10 USD) - 2022/08/13 1:11:37 PT [2022/08/13 4:11:37 ET]
Table 'Valentine III' 9-max Seat #8 is the button
Seat 1: naxal2012 ($26.46 in chips) 
Seat 2: mauserr7 ($11 in chips) 
Seat 3: yogabody ($10.21 in chips) 
Seat 6: _ne katit_1 ($15.47 in chips) 
Seat 7: Brygga ($4.42 in chips) 
Seat 8: tsoomoo87 ($14.90 in chips) 
Seat 9: Dorex2007 ($10.05 in chips) 
Dorex2007: posts small blind $0.05
naxal2012: posts big blind $0.10
$l0gger: sits out 
*** HOLE CARDS ***
Dealt to Dorex2007 [Ks 4s]
mauserr7: folds 
yogabody: raises $0.20 to $0.30
_ne katit_1: folds 
Brygga: calls $0.30
tsoomoo87: calls $0.30
Dorex2007: folds 
naxal2012: folds 
*** FLOP *** [Qs Qh 8s]
yogabody: checks 
Brygga: checks 
tsoomoo87: checks 
*** TURN *** [Qs Qh 8s] [Ts]
yogabody: checks 
Brygga: checks 
tsoomoo87: checks 
*** RIVER *** [Qs Qh 8s Ts] [2d]
yogabody: checks 
Brygga: checks 
tsoomoo87: bets $0.10
yogabody: calls $0.10
Brygga: calls $0.10
*** SHOW DOWN ***
tsoomoo87: shows [7c 5d] (a pair of Queens)
yogabody: shows [Jd Ad] (a pair of Queens - Ace kicker)
Brygga: shows [Ah 2h] (two pair, Queens and Deuces)
Brygga collected $1.29 from pot
*** SUMMARY ***
Total pot $1.35 | Rake $0.06 
Board [Qs Qh 8s Ts 2d]
Seat 1: naxal2012 (big blind) folded before Flop
Seat 2: mauserr7 folded before Flop (didn't bet)
Seat 3: yogabody showed [Jd Ad] and lost with a pair of Queens
Seat 6: _ne katit_1 folded before Flop (didn't bet)
Seat 7: Brygga showed [Ah 2h] and won ($1.29) with two pair, Queens and Deuces
Seat 8: tsoomoo87 (button) showed [7c 5d] and lost with a pair of Queens
Seat 9: Dorex2007 (small blind) folded before Flop



PokerStars Hand #237960098188:  Hold'em No Limit ($0.05/$0.10 USD) - 2022/08/13 1:12:31 PT [2022/08/13 4:12:31 ET]
Table 'Valentine III' 9-max Seat #9 is the button
Seat 1: naxal2012 ($26.36 in chips) 
Seat 2: mauserr7 ($11 in chips) 
Seat 3: yogabody ($9.81 in chips) 
Seat 6: _ne katit_1 ($15.47 in chips) 
Seat 7: Brygga ($5.31 in chips) 
Seat 8: tsoomoo87 ($14.50 in chips) 
Seat 9: Dorex2007 ($10 in chips) 
naxal2012: posts small blind $0.05
mauserr7: posts big blind $0.10
$l0gger: sits out 
*** HOLE CARDS ***
Dealt to Dorex2007 [2d 9d]
yogabody: folds 
_ne katit_1: folds 
Brygga: folds 
tsoomoo87: raises $0.10 to $0.20
Dorex2007: folds 
naxal2012: folds 
mauserr7: folds 
Uncalled bet ($0.10) returned to tsoomoo87
tsoomoo87 collected $0.25 from pot
*** SUMMARY ***
Total pot $0.25 | Rake $0 
Seat 1: naxal2012 (small blind) folded before Flop
Seat 2: mauserr7 (big blind) folded before Flop
Seat 3: yogabody folded before Flop (didn't bet)
Seat 6: _ne katit_1 folded before Flop (didn't bet)
Seat 7: Brygga folded before Flop (didn't bet)
Seat 8: tsoomoo87 collected ($0.25)
Seat 9: Dorex2007 (button) folded before Flop (didn't bet)



PokerStars Hand #237960100959:  Hold'em No Limit ($0.05/$0.10 USD) - 2022/08/13 1:12:51 PT [2022/08/13 4:12:51 ET]
Table 'Valentine III' 9-max Seat #1 is the button
Seat 1: naxal2012 ($26.31 in chips) 
Seat 2: mauserr7 ($10.90 in chips) 
Seat 3: yogabody ($9.81 in chips) 
Seat 6: _ne katit_1 ($15.47 in chips) 
Seat 7: Brygga ($5.31 in chips) 
Seat 8: tsoomoo87 ($14.65 in chips) 
Seat 9: Dorex2007 ($10 in chips) 
mauserr7: posts small blind $0.05
yogabody: posts big blind $0.10
$l0gger: sits out 
*** HOLE CARDS ***
Dealt to Dorex2007 [Jh 5h]
_ne katit_1: raises $0.20 to $0.30
Brygga: folds 
tsoomoo87: calls $0.30
Dorex2007: folds 
naxal2012: folds 
mauserr7: raises $1 to $1.30
yogabody: folds 
_ne katit_1: calls $1
galletti1717 is disconnected 
tsoomoo87: calls $1
*** FLOP *** [As 2s 4h]
mauserr7: checks 
_ne katit_1: checks 
tsoomoo87: checks 
*** TURN *** [As 2s 4h] [9d]
mauserr7: bets $1.27
_ne katit_1: folds 
tsoomoo87: folds 
Uncalled bet ($1.27) returned to mauserr7
mauserr7 collected $3.82 from pot
mauserr7: doesn't show hand 
*** SUMMARY ***
Total pot $4 | Rake $0.18 
Board [As 2s 4h 9d]
Seat 1: naxal2012 (button) folded before Flop (didn't bet)
Seat 2: mauserr7 (small blind) collected ($3.82)
Seat 3: yogabody (big blind) folded before Flop
Seat 6: _ne katit_1 folded on the Turn
Seat 7: Brygga folded before Flop (didn't bet)
Seat 8: tsoomoo87 folded on the Turn
Seat 9: Dorex2007 folded before Flop (didn't bet)



PokerStars Hand #237960107179:  Hold'em No Limit ($0.05/$0.10 USD) - 2022/08/13 1:13:38 PT [2022/08/13 4:13:38 ET]
Table 'Valentine III' 9-max Seat #2 is the button
Seat 1: naxal2012 ($26.31 in chips) 
Seat 2: mauserr7 ($13.42 in chips) 
Seat 3: yogabody ($9.71 in chips) 
Seat 5: $l0gger ($10 in chips) 
Seat 6: _ne katit_1 ($14.17 in chips) 
Seat 7: Brygga ($5.31 in chips) 
Seat 8: tsoomoo87 ($13.35 in chips) 
Seat 9: Dorex2007 ($10 in chips) 
yogabody: posts small blind $0.05
$l0gger: posts big blind $0.10
*** HOLE CARDS ***
Dealt to Dorex2007 [2h Kd]
_ne katit_1: folds 
Brygga: folds 
tsoomoo87: calls $0.10
Dorex2007: folds 
naxal2012: folds 
mauserr7: folds 
yogabody: folds 
$l0gger: checks 
*** FLOP *** [2s 4c 6s]
$l0gger: checks 
tsoomoo87: bets $0.30
$l0gger: folds 
Uncalled bet ($0.30) returned to tsoomoo87
tsoomoo87 collected $0.24 from pot
*** SUMMARY ***
Total pot $0.25 | Rake $0.01 
Board [2s 4c 6s]
Seat 1: naxal2012 folded before Flop (didn't bet)
Seat 2: mauserr7 (button) folded before Flop (didn't bet)
Seat 3: yogabody (small blind) folded before Flop
Seat 5: $l0gger (big blind) folded on the Flop
Seat 6: _ne katit_1 folded before Flop (didn't bet)
Seat 7: Brygga folded before Flop (didn't bet)
Seat 8: tsoomoo87 collected ($0.24)
Seat 9: Dorex2007 folded before Flop (didn't bet)



PokerStars Hand #237960111857:  Hold'em No Limit ($0.05/$0.10 USD) - 2022/08/13 1:14:12 PT [2022/08/13 4:14:12 ET]
Table 'Valentine III' 9-max Seat #3 is the button
Seat 1: naxal2012 ($26.31 in chips) 
Seat 2: mauserr7 ($13.42 in chips) 
Seat 3: yogabody ($9.66 in chips) 
Seat 5: $l0gger ($10 in chips) 
Seat 6: _ne katit_1 ($14.17 in chips) 
Seat 7: Brygga ($5.31 in chips) 
Seat 8: tsoomoo87 ($13.49 in chips) 
Seat 9: Dorex2007 ($10 in chips) 
$l0gger: posts small blind $0.05
_ne katit_1: posts big blind $0.10
*** HOLE CARDS ***
Dealt to Dorex2007 [2h Qc]
Brygga: folds 
tsoomoo87: folds 
Dorex2007: folds 
naxal2012: raises $0.20 to $0.30
mauserr7: folds 
yogabody: folds 
$l0gger: folds 
_ne katit_1: folds 
Uncalled bet ($0.20) returned to naxal2012
naxal2012 collected $0.25 from pot
*** SUMMARY ***
Total pot $0.25 | Rake $0 
Seat 1: naxal2012 collected ($0.25)
Seat 2: mauserr7 folded before Flop (didn't bet)
Seat 3: yogabody (button) folded before Flop (didn't bet)
Seat 5: $l0gger (small blind) folded before Flop
Seat 6: _ne katit_1 (big blind) folded before Flop
Seat 7: Brygga folded before Flop (didn't bet)
Seat 8: tsoomoo87 folded before Flop (didn't bet)
Seat 9: Dorex2007 folded before Flop (didn't bet)



PokerStars Hand #237960113990:  Hold'em No Limit ($0.05/$0.10 USD) - 2022/08/13 1:14:28 PT [2022/08/13 4:14:28 ET]
Table 'Valentine III' 9-max Seat #5 is the button
Seat 1: naxal2012 ($26.46 in chips) 
Seat 2: mauserr7 ($13.42 in chips) 
Seat 3: yogabody ($9.66 in chips) 
Seat 5: $l0gger ($10 in chips) 
Seat 6: _ne katit_1 ($14.07 in chips) 
Seat 7: Brygga ($5.31 in chips) 
Seat 8: tsoomoo87 ($13.49 in chips) 
Seat 9: Dorex2007 ($10 in chips) 
_ne katit_1: posts small blind $0.05
Brygga: posts big blind $0.10
*** HOLE CARDS ***
Dealt to Dorex2007 [Jd 4c]
tsoomoo87: calls $0.10
Dorex2007: folds 
naxal2012: folds 
mauserr7: folds 
yogabody: folds 
$l0gger: folds 
_ne katit_1: calls $0.05
Brygga: raises $0.30 to $0.40
tsoomoo87: folds 
_ne katit_1: folds 
Uncalled bet ($0.30) returned to Brygga
Brygga collected $0.30 from pot
Brygga: doesn't show hand 
*** SUMMARY ***
Total pot $0.30 | Rake $0 
Seat 1: naxal2012 folded before Flop (didn't bet)
Seat 2: mauserr7 folded before Flop (didn't bet)
Seat 3: yogabody folded before Flop (didn't bet)
Seat 5: $l0gger (button) folded before Flop (didn't bet)
Seat 6: _ne katit_1 (small blind) folded before Flop
Seat 7: Brygga (big blind) collected ($0.30)
Seat 8: tsoomoo87 folded before Flop
Seat 9: Dorex2007 folded before Flop (didn't bet)



PokerStars Hand #237960118626:  Hold'em No Limit ($0.05/$0.10 USD) - 2022/08/13 1:15:03 PT [2022/08/13 4:15:03 ET]
Table 'Valentine III' 9-max Seat #6 is the button
Seat 1: naxal2012 ($26.46 in chips) 
Seat 2: mauserr7 ($13.42 in chips) 
Seat 3: yogabody ($9.66 in chips) 
Seat 5: $l0gger ($10 in chips) 
Seat 6: _ne katit_1 ($13.97 in chips) 
Seat 7: Brygga ($5.51 in chips) 
Seat 8: tsoomoo87 ($13.39 in chips) 
Seat 9: Dorex2007 ($10 in chips) 
Brygga: posts small blind $0.05
tsoomoo87: posts big blind $0.10
*** HOLE CARDS ***
Dealt to Dorex2007 [6s 5h]
Dorex2007: folds 
naxal2012: folds 
mauserr7: folds 
yogabody: folds 
$l0gger: raises $0.15 to $0.25
_ne katit_1: folds 
Brygga: folds 
tsoomoo87: calls $0.15
*** FLOP *** [6d 3h 7h]
tsoomoo87: bets $0.20
$l0gger: calls $0.20
*** TURN *** [6d 3h 7h] [9h]
tsoomoo87: checks 
$l0gger: checks 
*** RIVER *** [6d 3h 7h 9h] [7s]
tsoomoo87: bets $0.10
$l0gger: calls $0.10
*** SHOW DOWN ***
tsoomoo87: shows [6c 9c] (two pair, Nines and Sevens)
$l0gger: shows [Qd 9d] (two pair, Nines and Sevens - Queen kicker)
$l0gger collected $1.10 from pot
*** SUMMARY ***
Total pot $1.15 | Rake $0.05 
Board [6d 3h 7h 9h 7s]
Seat 1: naxal2012 folded before Flop (didn't bet)
Seat 2: mauserr7 folded before Flop (didn't bet)
Seat 3: yogabody folded before Flop (didn't bet)
Seat 5: $l0gger showed [Qd 9d] and won ($1.10) with two pair, Nines and Sevens
Seat 6: _ne katit_1 (button) folded before Flop (didn't bet)
Seat 7: Brygga (small blind) folded before Flop
Seat 8: tsoomoo87 (big blind) showed [6c 9c] and lost with two pair, Nines and Sevens
Seat 9: Dorex2007 folded before Flop (didn't bet)



PokerStars Hand #237960125634:  Hold'em No Limit ($0.05/$0.10 USD) - 2022/08/13 1:15:56 PT [2022/08/13 4:15:56 ET]
Table 'Valentine III' 9-max Seat #7 is the button
Seat 1: naxal2012 ($26.46 in chips) 
Seat 2: mauserr7 ($13.42 in chips) 
Seat 3: yogabody ($9.66 in chips) 
Seat 5: $l0gger ($10.55 in chips) 
Seat 6: _ne katit_1 ($13.97 in chips) 
Seat 7: Brygga ($5.46 in chips) 
Seat 8: tsoomoo87 ($12.84 in chips) 
Seat 9: Dorex2007 ($10 in chips) 
tsoomoo87: posts small blind $0.05
Dorex2007: posts big blind $0.10
*** HOLE CARDS ***
Dealt to Dorex2007 [6d 3h]
naxal2012: folds 
mauserr7: raises $0.20 to $0.30
yogabody: folds 
$l0gger: folds 
_ne katit_1: folds 
Brygga: folds 
tsoomoo87: folds 
Dorex2007: folds 
Uncalled bet ($0.20) returned to mauserr7
mauserr7 collected $0.25 from pot
mauserr7: doesn't show hand 
*** SUMMARY ***
Total pot $0.25 | Rake $0 
Seat 1: naxal2012 folded before Flop (didn't bet)
Seat 2: mauserr7 collected ($0.25)
Seat 3: yogabody folded before Flop (didn't bet)
Seat 5: $l0gger folded before Flop (didn't bet)
Seat 6: _ne katit_1 folded before Flop (didn't bet)
Seat 7: Brygga (button) folded before Flop (didn't bet)
Seat 8: tsoomoo87 (small blind) folded before Flop
Seat 9: Dorex2007 (big blind) folded before Flop



PokerStars Hand #237960127788:  Hold'em No Limit ($0.05/$0.10 USD) - 2022/08/13 1:16:12 PT [2022/08/13 4:16:12 ET]
Table 'Valentine III' 9-max Seat #8 is the button
Seat 1: naxal2012 ($26.46 in chips) 
Seat 2: mauserr7 ($13.57 in chips) 
Seat 3: yogabody ($9.66 in chips) 
Seat 5: $l0gger ($10.55 in chips) 
Seat 6: _ne katit_1 ($13.97 in chips) 
Seat 7: Brygga ($5.46 in chips) 
Seat 8: tsoomoo87 ($12.79 in chips) 
Seat 9: Dorex2007 ($10 in chips) 
Dorex2007: posts small blind $0.05
naxal2012: posts big blind $0.10
*** HOLE CARDS ***
Dealt to Dorex2007 [4s 9s]
mauserr7: folds 
yogabody: folds 
$l0gger: folds 
_ne katit_1: raises $0.15 to $0.25
Brygga: folds 
tsoomoo87: raises $0.15 to $0.40
Dorex2007: folds 
naxal2012: folds 
_ne katit_1: calls $0.15
*** FLOP *** [7s Qd 4c]
_ne katit_1: checks 
tsoomoo87: bets $0.10
_ne katit_1: calls $0.10
*** TURN *** [7s Qd 4c] [7h]
_ne katit_1: checks 
tsoomoo87: bets $0.10
_ne katit_1: calls $0.10
*** RIVER *** [7s Qd 4c 7h] [Js]
_ne katit_1: checks 
tsoomoo87: checks 
*** SHOW DOWN ***
_ne katit_1: shows [8h 9h] (a pair of Sevens)
tsoomoo87: shows [Tc Th] (two pair, Tens and Sevens)
tsoomoo87 collected $1.29 from pot
*** SUMMARY ***
Total pot $1.35 | Rake $0.06 
Board [7s Qd 4c 7h Js]
Seat 1: naxal2012 (big blind) folded before Flop
Seat 2: mauserr7 folded before Flop (didn't bet)
Seat 3: yogabody folded before Flop (didn't bet)
Seat 5: $l0gger folded before Flop (didn't bet)
Seat 6: _ne katit_1 showed [8h 9h] and lost with a pair of Sevens
Seat 7: Brygga folded before Flop (didn't bet)
Seat 8: tsoomoo87 (button) showed [Tc Th] and won ($1.29) with two pair, Tens and Sevens
Seat 9: Dorex2007 (small blind) folded before Flop



PokerStars Hand #237960134824:  Hold'em No Limit ($0.05/$0.10 USD) - 2022/08/13 1:17:05 PT [2022/08/13 4:17:05 ET]
Table 'Valentine III' 9-max Seat #9 is the button
Seat 1: naxal2012 ($26.36 in chips) 
Seat 2: mauserr7 ($13.57 in chips) 
Seat 3: yogabody ($9.66 in chips) 
Seat 5: $l0gger ($10.55 in chips) 
Seat 6: _ne katit_1 ($13.37 in chips) 
Seat 7: Brygga ($5.46 in chips) 
Seat 8: tsoomoo87 ($13.48 in chips) 
Seat 9: Dorex2007 ($10 in chips) 
naxal2012: posts small blind $0.05
mauserr7: posts big blind $0.10
*** HOLE CARDS ***
Dealt to Dorex2007 [Td Jc]
yogabody: folds 
$l0gger: folds 
_ne katit_1: folds 
Brygga: raises $0.20 to $0.30
tsoomoo87: calls $0.30
Dorex2007 has timed out
Dorex2007: folds 
naxal2012: folds 
mauserr7: folds 
*** FLOP *** [Qh 3c 5c]
Brygga: checks 
tsoomoo87: bets $0.20
Brygga: calls $0.20
*** TURN *** [Qh 3c 5c] [8h]
Brygga: checks 
tsoomoo87: checks 
*** RIVER *** [Qh 3c 5c 8h] [6s]
Brygga: bets $0.40
tsoomoo87: folds 
Uncalled bet ($0.40) returned to Brygga
Brygga collected $1.10 from pot
Brygga: doesn't show hand 
*** SUMMARY ***
Total pot $1.15 | Rake $0.05 
Board [Qh 3c 5c 8h 6s]
Seat 1: naxal2012 (small blind) folded before Flop
Seat 2: mauserr7 (big blind) folded before Flop
Seat 3: yogabody folded before Flop (didn't bet)
Seat 5: $l0gger folded before Flop (didn't bet)
Seat 6: _ne katit_1 folded before Flop (didn't bet)
Seat 7: Brygga collected ($1.10)
Seat 8: tsoomoo87 folded on the River
Seat 9: Dorex2007 (button) folded before Flop (didn't bet)



PokerStars Hand #237960144215:  Hold'em No Limit ($0.05/$0.10 USD) - 2022/08/13 1:18:16 PT [2022/08/13 4:18:16 ET]
Table 'Valentine III' 9-max Seat #1 is the button
Seat 1: naxal2012 ($26.31 in chips) 
Seat 2: mauserr7 ($13.47 in chips) 
Seat 3: yogabody ($9.66 in chips) 
Seat 5: $l0gger ($10.55 in chips) 
Seat 6: _ne katit_1 ($13.37 in chips) 
Seat 7: Brygga ($6.06 in chips) 
Seat 8: tsoomoo87 ($12.98 in chips) 
Seat 9: Dorex2007 ($10 in chips) 
mauserr7: posts small blind $0.05
yogabody: posts big blind $0.10
*** HOLE CARDS ***
Dealt to Dorex2007 [Tc Ks]
$l0gger: folds 
_ne katit_1: folds 
Brygga: folds 
tsoomoo87: raises $0.20 to $0.30
Dorex2007: calls $0.30
naxal2012: folds 
mauserr7: folds 
yogabody: calls $0.20
*** FLOP *** [4h Qh Jh]
yogabody: checks 
tsoomoo87: checks 
Dorex2007: checks 
*** TURN *** [4h Qh Jh] [7c]
yogabody: bets $0.45
tsoomoo87: calls $0.45
Dorex2007: folds 
*** RIVER *** [4h Qh Jh 7c] [9s]
yogabody: checks 
tsoomoo87: bets $0.30
yogabody: folds 
Uncalled bet ($0.30) returned to tsoomoo87
tsoomoo87 collected $1.77 from pot
*** SUMMARY ***
Total pot $1.85 | Rake $0.08 
Board [4h Qh Jh 7c 9s]
Seat 1: naxal2012 (button) folded before Flop (didn't bet)
Seat 2: mauserr7 (small blind) folded before Flop
Seat 3: yogabody (big blind) folded on the River
Seat 5: $l0gger folded before Flop (didn't bet)
Seat 6: _ne katit_1 folded before Flop (didn't bet)
Seat 7: Brygga folded before Flop (didn't bet)
Seat 8: tsoomoo87 collected ($1.77)
Seat 9: Dorex2007 folded on the Turn



PokerStars Hand #237960154668:  Hold'em No Limit ($0.05/$0.10 USD) - 2022/08/13 1:19:35 PT [2022/08/13 4:19:35 ET]
Table 'Valentine III' 9-max Seat #2 is the button
Seat 1: naxal2012 ($26.31 in chips) 
Seat 2: mauserr7 ($13.42 in chips) 
Seat 3: yogabody ($8.91 in chips) 
Seat 5: $l0gger ($10.55 in chips) 
Seat 6: _ne katit_1 ($13.37 in chips) 
Seat 7: Brygga ($6.06 in chips) 
Seat 8: tsoomoo87 ($14 in chips) 
Seat 9: Dorex2007 ($10 in chips) 
yogabody: posts small blind $0.05
$l0gger: posts big blind $0.10
*** HOLE CARDS ***
Dealt to Dorex2007 [2d 7d]
_ne katit_1: folds 
Brygga: folds 
tsoomoo87: folds 
Dorex2007: folds 
naxal2012: folds 
mauserr7: folds 
yogabody: raises $0.20 to $0.30
$l0gger: folds 
Uncalled bet ($0.20) returned to yogabody
yogabody collected $0.20 from pot
galletti1717 leaves the table
yogabody: doesn't show hand 
*** SUMMARY ***
Total pot $0.20 | Rake $0 
Seat 1: naxal2012 folded before Flop (didn't bet)
Seat 2: mauserr7 (button) folded before Flop (didn't bet)
Seat 3: yogabody (small blind) collected ($0.20)
Seat 5: $l0gger (big blind) folded before Flop
Seat 6: _ne katit_1 folded before Flop (didn't bet)
Seat 7: Brygga folded before Flop (didn't bet)
Seat 8: tsoomoo87 folded before Flop (didn't bet)
Seat 9: Dorex2007 folded before Flop (didn't bet)



PokerStars Hand #237960156941:  Hold'em No Limit ($0.05/$0.10 USD) - 2022/08/13 1:19:52 PT [2022/08/13 4:19:52 ET]
Table 'Valentine III' 9-max Seat #3 is the button
Seat 1: naxal2012 ($26.31 in chips) 
Seat 2: mauserr7 ($13.42 in chips) 
Seat 3: yogabody ($9.01 in chips) 
Seat 5: $l0gger ($10.45 in chips) 
Seat 6: _ne katit_1 ($13.37 in chips) 
Seat 7: Brygga ($6.06 in chips) 
Seat 8: tsoomoo87 ($14 in chips) 
Seat 9: Dorex2007 ($10 in chips) 
$l0gger: posts small blind $0.05
_ne katit_1: posts big blind $0.10
*** HOLE CARDS ***
Dealt to Dorex2007 [4h Jh]
Brygga has timed out
Brygga: folds 
tsoomoo87: folds 
Dorex2007: folds 
naxal2012: raises $0.20 to $0.30
mauserr7: folds 
yogabody: folds 
$l0gger: folds 
_ne katit_1: folds 
Uncalled bet ($0.20) returned to naxal2012
naxal2012 collected $0.25 from pot
*** SUMMARY ***
Total pot $0.25 | Rake $0 
Seat 1: naxal2012 collected ($0.25)
Seat 2: mauserr7 folded before Flop (didn't bet)
Seat 3: yogabody (button) folded before Flop (didn't bet)
Seat 5: $l0gger (small blind) folded before Flop
Seat 6: _ne katit_1 (big blind) folded before Flop
Seat 7: Brygga folded before Flop (didn't bet)
Seat 8: tsoomoo87 folded before Flop (didn't bet)
Seat 9: Dorex2007 folded before Flop (didn't bet)



PokerStars Hand #237960161157:  Hold'em No Limit ($0.05/$0.10 USD) - 2022/08/13 1:20:24 PT [2022/08/13 4:20:24 ET]
Table 'Valentine III' 9-max Seat #5 is the button
Seat 1: naxal2012 ($26.46 in chips) 
Seat 2: mauserr7 ($13.42 in chips) 
Seat 3: yogabody ($9.01 in chips) 
Seat 5: $l0gger ($10.40 in chips) 
Seat 6: _ne katit_1 ($13.27 in chips) 
Seat 7: Brygga ($6.06 in chips) 
Seat 8: tsoomoo87 ($14 in chips) 
Seat 9: Dorex2007 ($10 in chips) 
_ne katit_1: posts small blind $0.05
Brygga: posts big blind $0.10
*** HOLE CARDS ***
Dealt to Dorex2007 [8d Ad]
kaktus1965 joins the table at seat #4 
tsoomoo87: raises $0.10 to $0.20
Dorex2007: folds 
naxal2012: calls $0.20
mauserr7: folds 
yogabody: folds 
$l0gger: calls $0.20
_ne katit_1: calls $0.15
Brygga: calls $0.10
*** FLOP *** [Jh 2h Ac]
_ne katit_1: checks 
Brygga: checks 
tsoomoo87: bets $0.30
naxal2012: folds 
$l0gger: folds 
_ne katit_1: folds 
Brygga: folds 
Uncalled bet ($0.30) returned to tsoomoo87
tsoomoo87 collected $0.96 from pot
*** SUMMARY ***
Total pot $1 | Rake $0.04 
Board [Jh 2h Ac]
Seat 1: naxal2012 folded on the Flop
Seat 2: mauserr7 folded before Flop (didn't bet)
Seat 3: yogabody folded before Flop (didn't bet)
Seat 5: $l0gger (button) folded on the Flop
Seat 6: _ne katit_1 (small blind) folded on the Flop
Seat 7: Brygga (big blind) folded on the Flop
Seat 8: tsoomoo87 collected ($0.96)
Seat 9: Dorex2007 folded before Flop (didn't bet)



PokerStars Hand #237960168377:  Hold'em No Limit ($0.05/$0.10 USD) - 2022/08/13 1:21:17 PT [2022/08/13 4:21:17 ET]
Table 'Valentine III' 9-max Seat #6 is the button
Seat 1: naxal2012 ($26.26 in chips) 
Seat 2: mauserr7 ($13.42 in chips) 
Seat 3: yogabody ($9.01 in chips) 
Seat 5: $l0gger ($10.20 in chips) 
Seat 6: _ne katit_1 ($13.07 in chips) 
Seat 7: Brygga ($5.86 in chips) 
Seat 8: tsoomoo87 ($14.76 in chips) 
Seat 9: Dorex2007 ($10 in chips) 
Brygga: posts small blind $0.05
tsoomoo87: posts big blind $0.10
kaktus1965: sits out 
*** HOLE CARDS ***
Dealt to Dorex2007 [6d 4d]
Dorex2007: folds 
naxal2012: folds 
mauserr7: folds 
yogabody: folds 
$l0gger: raises $0.15 to $0.25
_ne katit_1: folds 
Brygga: folds 
tsoomoo87: calls $0.15
*** FLOP *** [3h Tc 2c]
tsoomoo87: bets $0.20
$l0gger: calls $0.20
*** TURN *** [3h Tc 2c] [Qh]
tsoomoo87: checks 
$l0gger: checks 
*** RIVER *** [3h Tc 2c Qh] [9c]
tsoomoo87: checks 
$l0gger: checks 
*** SHOW DOWN ***
tsoomoo87: shows [As 3s] (a pair of Threes)
$l0gger: mucks hand 
tsoomoo87 collected $0.91 from pot
*** SUMMARY ***
Total pot $0.95 | Rake $0.04 
Board [3h Tc 2c Qh 9c]
Seat 1: naxal2012 folded before Flop (didn't bet)
Seat 2: mauserr7 folded before Flop (didn't bet)
Seat 3: yogabody folded before Flop (didn't bet)
Seat 5: $l0gger mucked [5d Ad]
Seat 6: _ne katit_1 (button) folded before Flop (didn't bet)
Seat 7: Brygga (small blind) folded before Flop
Seat 8: tsoomoo87 (big blind) showed [As 3s] and won ($0.91) with a pair of Threes
Seat 9: Dorex2007 folded before Flop (didn't bet)



PokerStars Hand #237960175596:  Hold'em No Limit ($0.05/$0.10 USD) - 2022/08/13 1:22:11 PT [2022/08/13 4:22:11 ET]
Table 'Valentine III' 9-max Seat #7 is the button
Seat 1: naxal2012 ($26.26 in chips) 
Seat 2: mauserr7 ($13.42 in chips) 
Seat 3: yogabody ($9.01 in chips) 
Seat 5: $l0gger ($10 in chips) 
Seat 6: _ne katit_1 ($13.07 in chips) 
Seat 7: Brygga ($5.81 in chips) 
Seat 8: tsoomoo87 ($15.22 in chips) 
Seat 9: Dorex2007 ($10 in chips) 
tsoomoo87: posts small blind $0.05
Dorex2007: posts big blind $0.10
kaktus1965: sits out 
*** HOLE CARDS ***
Dealt to Dorex2007 [6h 8d]
naxal2012: calls $0.10
mauserr7: folds 
yogabody: folds 
$l0gger: folds 
_ne katit_1: folds 
Brygga: raises $0.30 to $0.40
tsoomoo87: folds 
Dorex2007: folds 
naxal2012: calls $0.30
*** FLOP *** [5h Kd Th]
naxal2012: checks 
Brygga: bets $0.50
naxal2012: folds 
Uncalled bet ($0.50) returned to Brygga
Brygga collected $0.91 from pot
Brygga: doesn't show hand 
*** SUMMARY ***
Total pot $0.95 | Rake $0.04 
Board [5h Kd Th]
Seat 1: naxal2012 folded on the Flop
Seat 2: mauserr7 folded before Flop (didn't bet)
Seat 3: yogabody folded before Flop (didn't bet)
Seat 5: $l0gger folded before Flop (didn't bet)
Seat 6: _ne katit_1 folded before Flop (didn't bet)
Seat 7: Brygga (button) collected ($0.91)
Seat 8: tsoomoo87 (small blind) folded before Flop
Seat 9: Dorex2007 (big blind) folded before Flop



PokerStars Hand #237960181138:  Hold'em No Limit ($0.05/$0.10 USD) - 2022/08/13 1:22:53 PT [2022/08/13 4:22:53 ET]
Table 'Valentine III' 9-max Seat #8 is the button
Seat 1: naxal2012 ($25.86 in chips) 
Seat 2: mauserr7 ($13.42 in chips) 
Seat 3: yogabody ($9.01 in chips) 
Seat 5: $l0gger ($10 in chips) 
Seat 6: _ne katit_1 ($13.07 in chips) 
Seat 7: Brygga ($6.32 in chips) 
Seat 8: tsoomoo87 ($15.17 in chips) 
Seat 9: Dorex2007 ($10 in chips) 
Dorex2007: posts small blind $0.05
naxal2012: posts big blind $0.10
kaktus1965: sits out 
*** HOLE CARDS ***
Dealt to Dorex2007 [7d 6c]
mauserr7: folds 
yogabody: folds 
$l0gger: folds 
_ne katit_1: folds 
Brygga: raises $0.20 to $0.30
tsoomoo87: calls $0.30
Dorex2007: folds 
naxal2012: folds 
*** FLOP *** [6s 3h Ac]
Brygga: bets $0.31
tsoomoo87: folds 
Uncalled bet ($0.31) returned to Brygga
Brygga collected $0.72 from pot
Brygga: doesn't show hand 
*** SUMMARY ***
Total pot $0.75 | Rake $0.03 
Board [6s 3h Ac]
Seat 1: naxal2012 (big blind) folded before Flop
Seat 2: mauserr7 folded before Flop (didn't bet)
Seat 3: yogabody folded before Flop (didn't bet)
Seat 5: $l0gger folded before Flop (didn't bet)
Seat 6: _ne katit_1 folded before Flop (didn't bet)
Seat 7: Brygga collected ($0.72)
Seat 8: tsoomoo87 (button) folded on the Flop
Seat 9: Dorex2007 (small blind) folded before Flop



PokerStars Hand #237960185762:  Hold'em No Limit ($0.05/$0.10 USD) - 2022/08/13 1:23:27 PT [2022/08/13 4:23:27 ET]
Table 'Valentine III' 9-max Seat #9 is the button
Seat 1: naxal2012 ($25.76 in chips) 
Seat 3: yogabody ($9.01 in chips) 
Seat 5: $l0gger ($10 in chips) 
Seat 6: _ne katit_1 ($13.07 in chips) 
Seat 7: Brygga ($6.74 in chips) 
Seat 8: tsoomoo87 ($14.87 in chips) 
Seat 9: Dorex2007 ($10 in chips) 
naxal2012: posts small blind $0.05
mauserr7: is sitting out 
yogabody: posts big blind $0.10
kaktus1965: sits out 
*** HOLE CARDS ***
Dealt to Dorex2007 [9c Jh]
$l0gger: folds 
_ne katit_1: folds 
Brygga: folds 
tsoomoo87: calls $0.10
Dorex2007: folds 
naxal2012: folds 
yogabody: checks 
*** FLOP *** [Th 3s 6c]
yogabody: bets $0.12
tsoomoo87: calls $0.12
*** TURN *** [Th 3s 6c] [7s]
yogabody: bets $0.23
tsoomoo87: folds 
Uncalled bet ($0.23) returned to yogabody
yogabody collected $0.47 from pot
yogabody: doesn't show hand 
*** SUMMARY ***
Total pot $0.49 | Rake $0.02 
Board [Th 3s 6c 7s]
Seat 1: naxal2012 (small blind) folded before Flop
Seat 3: yogabody (big blind) collected ($0.47)
Seat 5: $l0gger folded before Flop (didn't bet)
Seat 6: _ne katit_1 folded before Flop (didn't bet)
Seat 7: Brygga folded before Flop (didn't bet)
Seat 8: tsoomoo87 folded on the Turn
Seat 9: Dorex2007 (button) folded before Flop (didn't bet)



PokerStars Hand #237960190171:  Hold'em No Limit ($0.05/$0.10 USD) - 2022/08/13 1:24:00 PT [2022/08/13 4:24:00 ET]
Table 'Valentine III' 9-max Seat #1 is the button
Seat 1: naxal2012 ($25.71 in chips) 
Seat 3: yogabody ($9.26 in chips) 
Seat 4: kaktus1965 ($4 in chips) 
Seat 5: $l0gger ($10 in chips) 
Seat 6: _ne katit_1 ($13.07 in chips) 
Seat 7: Brygga ($6.74 in chips) 
Seat 8: tsoomoo87 ($14.65 in chips) 
Seat 9: Dorex2007 ($10 in chips) 
yogabody: posts small blind $0.05
kaktus1965: posts big blind $0.10
*** HOLE CARDS ***
Dealt to Dorex2007 [8c 7s]
$l0gger: folds 
_ne katit_1: folds 
Brygga: folds 
tsoomoo87: raises $0.10 to $0.20
Dorex2007: folds 
naxal2012: calls $0.20
yogabody: folds 
kaktus1965: calls $0.10
*** FLOP *** [Qs 2s Jd]
kaktus1965: checks 
tsoomoo87: bets $0.20
naxal2012: calls $0.20
kaktus1965: folds 
*** TURN *** [Qs 2s Jd] [8h]
tsoomoo87: bets $0.30
naxal2012: calls $0.30
*** RIVER *** [Qs 2s Jd 8h] [5h]
tsoomoo87: bets $0.30
naxal2012: raises $1.09 to $1.39
tsoomoo87: calls $1.09
*** SHOW DOWN ***
naxal2012: shows [Ac Th] (high card Ace)
tsoomoo87: shows [Jc Qc] (two pair, Queens and Jacks)
tsoomoo87 collected $4.23 from pot
*** SUMMARY ***
Total pot $4.43 | Rake $0.20 
Board [Qs 2s Jd 8h 5h]
Seat 1: naxal2012 (button) showed [Ac Th] and lost with high card Ace
Seat 3: yogabody (small blind) folded before Flop
Seat 4: kaktus1965 (big blind) folded on the Flop
Seat 5: $l0gger folded before Flop (didn't bet)
Seat 6: _ne katit_1 folded before Flop (didn't bet)
Seat 7: Brygga folded before Flop (didn't bet)
Seat 8: tsoomoo87 showed [Jc Qc] and won ($4.23) with two pair, Queens and Jacks
Seat 9: Dorex2007 folded before Flop (didn't bet)



PokerStars Hand #237960197642:  Hold'em No Limit ($0.05/$0.10 USD) - 2022/08/13 1:24:56 PT [2022/08/13 4:24:56 ET]
Table 'Valentine III' 9-max Seat #3 is the button
Seat 1: naxal2012 ($23.62 in chips) 
Seat 3: yogabody ($9.21 in chips) 
Seat 4: kaktus1965 ($3.80 in chips) 
Seat 5: $l0gger ($10 in chips) 
Seat 6: _ne katit_1 ($13.07 in chips) 
Seat 7: Brygga ($6.74 in chips) 
Seat 8: tsoomoo87 ($16.79 in chips) 
Seat 9: Dorex2007 ($10 in chips) 
kaktus1965: posts small blind $0.05
$l0gger: posts big blind $0.10
mauserr7: sits out 
*** HOLE CARDS ***
Dealt to Dorex2007 [Qs Qd]
_ne katit_1: folds 
Brygga: folds 
tsoomoo87: calls $0.10
Dorex2007: raises $0.30 to $0.40
naxal2012: calls $0.40
yogabody: folds 
kaktus1965: folds 
$l0gger: folds 
tsoomoo87: folds 
*** FLOP *** [Jh 5c 2d]
Dorex2007: bets $1
naxal2012: folds 
Uncalled bet ($1) returned to Dorex2007
Dorex2007 collected $1 from pot
Dorex2007: doesn't show hand 
*** SUMMARY ***
Total pot $1.05 | Rake $0.05 
Board [Jh 5c 2d]
Seat 1: naxal2012 folded on the Flop
Seat 3: yogabody (button) folded before Flop (didn't bet)
Seat 4: kaktus1965 (small blind) folded before Flop
Seat 5: $l0gger (big blind) folded before Flop
Seat 6: _ne katit_1 folded before Flop (didn't bet)
Seat 7: Brygga folded before Flop (didn't bet)
Seat 8: tsoomoo87 folded before Flop
Seat 9: Dorex2007 collected ($1)



PokerStars Hand #237960203199:  Hold'em No Limit ($0.05/$0.10 USD) - 2022/08/13 1:25:37 PT [2022/08/13 4:25:37 ET]
Table 'Valentine III' 9-max Seat #4 is the button
Seat 1: naxal2012 ($23.22 in chips) 
Seat 3: yogabody ($9.21 in chips) 
Seat 4: kaktus1965 ($3.75 in chips) 
Seat 5: $l0gger ($10 in chips) 
Seat 6: _ne katit_1 ($13.07 in chips) 
Seat 7: Brygga ($6.74 in chips) 
Seat 8: tsoomoo87 ($16.69 in chips) 
Seat 9: Dorex2007 ($10.60 in chips) 
$l0gger: posts small blind $0.05
_ne katit_1: posts big blind $0.10
mauserr7: sits out 
*** HOLE CARDS ***
Dealt to Dorex2007 [3h 5s]
Brygga: folds 
tsoomoo87: folds 
Brygga leaves the table
Dorex2007: folds 
naxal2012: folds 
yogabody: raises $0.20 to $0.30
kaktus1965: folds 
$l0gger: folds 
_ne katit_1: folds 
Uncalled bet ($0.20) returned to yogabody
yogabody collected $0.25 from pot
yogabody: doesn't show hand 
*** SUMMARY ***
Total pot $0.25 | Rake $0 
Seat 1: naxal2012 folded before Flop (didn't bet)
Seat 3: yogabody collected ($0.25)
Seat 4: kaktus1965 (button) folded before Flop (didn't bet)
Seat 5: $l0gger (small blind) folded before Flop
Seat 6: _ne katit_1 (big blind) folded before Flop
Seat 7: Brygga folded before Flop (didn't bet)
Seat 8: tsoomoo87 folded before Flop (didn't bet)
Seat 9: Dorex2007 folded before Flop (didn't bet)



PokerStars Hand #237960205756:  Hold'em No Limit ($0.05/$0.10 USD) - 2022/08/13 1:25:55 PT [2022/08/13 4:25:55 ET]
Table 'Valentine III' 9-max Seat #5 is the button
Seat 1: naxal2012 ($23.22 in chips) 
Seat 3: yogabody ($9.36 in chips) 
Seat 4: kaktus1965 ($3.75 in chips) 
Seat 5: $l0gger ($10 in chips) 
Seat 6: _ne katit_1 ($12.97 in chips) 
Seat 8: tsoomoo87 ($16.69 in chips) 
Seat 9: Dorex2007 ($10.60 in chips) 
_ne katit_1: posts small blind $0.05
tsoomoo87: posts big blind $0.10
mauserr7: sits out 
*** HOLE CARDS ***
Dealt to Dorex2007 [4s 2h]
ur@nus123 joins the table at seat #7 
Dorex2007: folds 
naxal2012: folds 
yogabody: folds 
kaktus1965: folds 
$l0gger: folds 
_ne katit_1: raises $0.15 to $0.25
tsoomoo87: calls $0.15
*** FLOP *** [8h Qh Jh]
_ne katit_1: checks 
tsoomoo87: checks 
*** TURN *** [8h Qh Jh] [Tc]
_ne katit_1: bets $0.37
tsoomoo87: folds 
Uncalled bet ($0.37) returned to _ne katit_1
_ne katit_1 collected $0.48 from pot
_ne katit_1: doesn't show hand 
*** SUMMARY ***
Total pot $0.50 | Rake $0.02 
Board [8h Qh Jh Tc]
Seat 1: naxal2012 folded before Flop (didn't bet)
Seat 3: yogabody folded before Flop (didn't bet)
Seat 4: kaktus1965 folded before Flop (didn't bet)
Seat 5: $l0gger (button) folded before Flop (didn't bet)
Seat 6: _ne katit_1 (small blind) collected ($0.48)
Seat 8: tsoomoo87 (big blind) folded on the Turn
Seat 9: Dorex2007 folded before Flop (didn't bet)



PokerStars Hand #237960210912:  Hold'em No Limit ($0.05/$0.10 USD) - 2022/08/13 1:26:34 PT [2022/08/13 4:26:34 ET]
Table 'Valentine III' 9-max Seat #6 is the button
Seat 1: naxal2012 ($23.22 in chips) 
Seat 3: yogabody ($9.36 in chips) 
Seat 4: kaktus1965 ($3.75 in chips) 
Seat 5: $l0gger ($10 in chips) 
Seat 6: _ne katit_1 ($13.20 in chips) 
Seat 8: tsoomoo87 ($16.44 in chips) 
Seat 9: Dorex2007 ($10.60 in chips) 
tsoomoo87: posts small blind $0.05
Dorex2007: posts big blind $0.10
mauserr7: sits out 
*** HOLE CARDS ***
Dealt to Dorex2007 [9h 7s]
naxal2012: folds 
yogabody: folds 
kaktus1965: folds 
$l0gger: folds 
_ne katit_1: folds 
tsoomoo87: calls $0.05
Dorex2007: checks 
*** FLOP *** [5d 4d Ac]
tsoomoo87: bets $0.20
Dorex2007: folds 
Uncalled bet ($0.20) returned to tsoomoo87
tsoomoo87 collected $0.19 from pot
*** SUMMARY ***
Total pot $0.20 | Rake $0.01 
Board [5d 4d Ac]
Seat 1: naxal2012 folded before Flop (didn't bet)
Seat 3: yogabody folded before Flop (didn't bet)
Seat 4: kaktus1965 folded before Flop (didn't bet)
Seat 5: $l0gger folded before Flop (didn't bet)
Seat 6: _ne katit_1 (button) folded before Flop (didn't bet)
Seat 8: tsoomoo87 (small blind) collected ($0.19)
Seat 9: Dorex2007 (big blind) folded on the Flop



PokerStars Hand #237960213474:  Hold'em No Limit ($0.05/$0.10 USD) - 2022/08/13 1:26:52 PT [2022/08/13 4:26:52 ET]
Table 'Valentine III' 9-max Seat #8 is the button
Seat 1: naxal2012 ($23.22 in chips) 
Seat 3: yogabody ($9.36 in chips) 
Seat 4: kaktus1965 ($3.75 in chips) 
Seat 5: $l0gger ($10 in chips) 
Seat 6: _ne katit_1 ($13.20 in chips) 
Seat 8: tsoomoo87 ($16.53 in chips) 
Seat 9: Dorex2007 ($10.50 in chips) 
Dorex2007: posts small blind $0.05
naxal2012: posts big blind $0.10
mauserr7: sits out 
ur@nus123: sits out 
*** HOLE CARDS ***
Dealt to Dorex2007 [Ad Tc]
yogabody: folds 
kaktus1965: folds 
$l0gger: folds 
_ne katit_1: folds 
tsoomoo87: folds 
Dorex2007: folds 
Uncalled bet ($0.05) returned to naxal2012
naxal2012 collected $0.10 from pot
*** SUMMARY ***
Total pot $0.10 | Rake $0 
Seat 1: naxal2012 (big blind) collected ($0.10)
Seat 3: yogabody folded before Flop (didn't bet)
Seat 4: kaktus1965 folded before Flop (didn't bet)
Seat 5: $l0gger folded before Flop (didn't bet)
Seat 6: _ne katit_1 folded before Flop (didn't bet)
Seat 8: tsoomoo87 (button) folded before Flop (didn't bet)
Seat 9: Dorex2007 (small blind) folded before Flop



PokerStars Hand #237960215170:  Hold'em No Limit ($0.05/$0.10 USD) - 2022/08/13 1:27:05 PT [2022/08/13 4:27:05 ET]
Table 'Valentine III' 9-max Seat #9 is the button
Seat 1: naxal2012 ($23.27 in chips) 
Seat 2: mauserr7 ($13.42 in chips) 
Seat 3: yogabody ($9.36 in chips) 
Seat 4: kaktus1965 ($3.75 in chips) 
Seat 5: $l0gger ($10 in chips) 
Seat 6: _ne katit_1 ($13.20 in chips) 
Seat 8: tsoomoo87 ($16.53 in chips) 
Seat 9: Dorex2007 ($10.45 in chips) 
naxal2012: posts small blind $0.05
mauserr7: posts big blind $0.10
ur@nus123: sits out 
*** HOLE CARDS ***
Dealt to Dorex2007 [Qd 4h]
yogabody: raises $0.20 to $0.30
kaktus1965: calls $0.30
$l0gger: folds 
_ne katit_1: folds 
tsoomoo87: calls $0.30
Dorex2007: folds 
naxal2012: folds 
mauserr7: folds 
*** FLOP *** [9s 3h 8d]
yogabody: checks 
kaktus1965: checks 
tsoomoo87: bets $0.30
yogabody: folds 
kaktus1965: folds 
Uncalled bet ($0.30) returned to tsoomoo87
tsoomoo87 collected $1 from pot
*** SUMMARY ***
Total pot $1.05 | Rake $0.05 
Board [9s 3h 8d]
Seat 1: naxal2012 (small blind) folded before Flop
Seat 2: mauserr7 (big blind) folded before Flop
Seat 3: yogabody folded on the Flop
Seat 4: kaktus1965 folded on the Flop
Seat 5: $l0gger folded before Flop (didn't bet)
Seat 6: _ne katit_1 folded before Flop (didn't bet)
Seat 8: tsoomoo87 collected ($1)
Seat 9: Dorex2007 (button) folded before Flop (didn't bet)



PokerStars Hand #237960219909:  Hold'em No Limit ($0.05/$0.10 USD) - 2022/08/13 1:27:40 PT [2022/08/13 4:27:40 ET]
Table 'Valentine III' 9-max Seat #1 is the button
Seat 1: naxal2012 ($23.22 in chips) 
Seat 2: mauserr7 ($13.32 in chips) 
Seat 3: yogabody ($9.06 in chips) 
Seat 4: kaktus1965 ($3.45 in chips) 
Seat 5: $l0gger ($10 in chips) 
Seat 6: _ne katit_1 ($13.20 in chips) 
Seat 8: tsoomoo87 ($17.23 in chips) 
Seat 9: Dorex2007 ($10.45 in chips) 
mauserr7: posts small blind $0.05
yogabody: posts big blind $0.10
ur@nus123: sits out 
*** HOLE CARDS ***
Dealt to Dorex2007 [Qh 6d]
kaktus1965: folds 
$l0gger: folds 
_ne katit_1: folds 
tsoomoo87: folds 
Dorex2007: folds 
naxal2012: folds 
mauserr7: folds 
Uncalled bet ($0.05) returned to yogabody
yogabody collected $0.10 from pot
yogabody: doesn't show hand 
*** SUMMARY ***
Total pot $0.10 | Rake $0 
Seat 1: naxal2012 (button) folded before Flop (didn't bet)
Seat 2: mauserr7 (small blind) folded before Flop
Seat 3: yogabody (big blind) collected ($0.10)
Seat 4: kaktus1965 folded before Flop (didn't bet)
Seat 5: $l0gger folded before Flop (didn't bet)
Seat 6: _ne katit_1 folded before Flop (didn't bet)
Seat 8: tsoomoo87 folded before Flop (didn't bet)
Seat 9: Dorex2007 folded before Flop (didn't bet)



PokerStars Hand #237960222195:  Hold'em No Limit ($0.05/$0.10 USD) - 2022/08/13 1:27:56 PT [2022/08/13 4:27:56 ET]
Table 'Valentine III' 9-max Seat #2 is the button
Seat 1: naxal2012 ($23.22 in chips) 
Seat 2: mauserr7 ($13.27 in chips) 
Seat 3: yogabody ($9.11 in chips) 
Seat 4: kaktus1965 ($3.45 in chips) 
Seat 5: $l0gger ($10 in chips) 
Seat 6: _ne katit_1 ($13.20 in chips) 
Seat 8: tsoomoo87 ($17.23 in chips) 
Seat 9: Dorex2007 ($10.45 in chips) 
yogabody: posts small blind $0.05
kaktus1965: posts big blind $0.10
ur@nus123: sits out 
*** HOLE CARDS ***
Dealt to Dorex2007 [9c 8h]
$l0gger: folds 
_ne katit_1: folds 
tsoomoo87: calls $0.10
Dorex2007: folds 
naxal2012: folds 
mauserr7: folds 
yogabody: folds 
kaktus1965: checks 
*** FLOP *** [Ts 6h 3d]
kaktus1965: checks 
tsoomoo87: checks 
*** TURN *** [Ts 6h 3d] [Ac]
kaktus1965: checks 
tsoomoo87: checks 
*** RIVER *** [Ts 6h 3d Ac] [4h]
kaktus1965: checks 
tsoomoo87: checks 
*** SHOW DOWN ***
kaktus1965: shows [9d Qs] (high card Ace)
tsoomoo87: mucks hand 
kaktus1965 collected $0.24 from pot
*** SUMMARY ***
Total pot $0.25 | Rake $0.01 
Board [Ts 6h 3d Ac 4h]
Seat 1: naxal2012 folded before Flop (didn't bet)
Seat 2: mauserr7 (button) folded before Flop (didn't bet)
Seat 3: yogabody (small blind) folded before Flop
Seat 4: kaktus1965 (big blind) showed [9d Qs] and won ($0.24) with high card Ace
Seat 5: $l0gger folded before Flop (didn't bet)
Seat 6: _ne katit_1 folded before Flop (didn't bet)
Seat 8: tsoomoo87 mucked [8d Jc]
Seat 9: Dorex2007 folded before Flop (didn't bet)



PokerStars Hand #237960226596:  Hold'em No Limit ($0.05/$0.10 USD) - 2022/08/13 1:28:29 PT [2022/08/13 4:28:29 ET]
Table 'Valentine III' 9-max Seat #3 is the button
Seat 1: naxal2012 ($23.22 in chips) 
Seat 2: mauserr7 ($13.27 in chips) 
Seat 3: yogabody ($9.06 in chips) 
Seat 4: kaktus1965 ($3.59 in chips) 
Seat 5: $l0gger ($10 in chips) 
Seat 6: _ne katit_1 ($13.20 in chips) 
Seat 8: tsoomoo87 ($17.13 in chips) 
Seat 9: Dorex2007 ($10.45 in chips) 
kaktus1965: posts small blind $0.05
$l0gger: posts big blind $0.10
ur@nus123: sits out 
*** HOLE CARDS ***
Dealt to Dorex2007 [4s 2d]
_ne katit_1: raises $0.15 to $0.25
tsoomoo87: calls $0.25
Dorex2007: folds 
naxal2012: folds 
mauserr7: folds 
yogabody: folds 
kaktus1965: folds 
$l0gger: folds 
*** FLOP *** [Jd 9c Td]
_ne katit_1: checks 
tsoomoo87: bets $0.20
_ne katit_1: folds 
Uncalled bet ($0.20) returned to tsoomoo87
tsoomoo87 collected $0.62 from pot
*** SUMMARY ***
Total pot $0.65 | Rake $0.03 
Board [Jd 9c Td]
Seat 1: naxal2012 folded before Flop (didn't bet)
Seat 2: mauserr7 folded before Flop (didn't bet)
Seat 3: yogabody (button) folded before Flop (didn't bet)
Seat 4: kaktus1965 (small blind) folded before Flop
Seat 5: $l0gger (big blind) folded before Flop
Seat 6: _ne katit_1 folded on the Flop
Seat 8: tsoomoo87 collected ($0.62)
Seat 9: Dorex2007 folded before Flop (didn't bet)



PokerStars Hand #237960229798:  Hold'em No Limit ($0.05/$0.10 USD) - 2022/08/13 1:28:52 PT [2022/08/13 4:28:52 ET]
Table 'Valentine III' 9-max Seat #4 is the button
Seat 1: naxal2012 ($23.22 in chips) 
Seat 2: mauserr7 ($13.27 in chips) 
Seat 3: yogabody ($9.06 in chips) 
Seat 4: kaktus1965 ($3.54 in chips) 
Seat 5: $l0gger ($10 in chips) 
Seat 6: _ne katit_1 ($12.95 in chips) 
Seat 8: tsoomoo87 ($17.50 in chips) 
Seat 9: Dorex2007 ($10.45 in chips) 
$l0gger: posts small blind $0.05
_ne katit_1: posts big blind $0.10
ur@nus123: sits out 
*** HOLE CARDS ***
Dealt to Dorex2007 [Ah 9d]
tsoomoo87: calls $0.10
Dorex2007: folds 
naxal2012: folds 
mauserr7: folds 
yogabody: folds 
kaktus1965: folds 
$l0gger: folds 
_ne katit_1: checks 
*** FLOP *** [Ac Qs 6s]
_ne katit_1: checks 
tsoomoo87: checks 
*** TURN *** [Ac Qs 6s] [8s]
_ne katit_1: checks 
tsoomoo87: checks 
*** RIVER *** [Ac Qs 6s 8s] [9s]
_ne katit_1: checks 
tsoomoo87: checks 
*** SHOW DOWN ***
_ne katit_1: shows [7d 9c] (a pair of Nines)
tsoomoo87: mucks hand 
_ne katit_1 collected $0.24 from pot
*** SUMMARY ***
Total pot $0.25 | Rake $0.01 
Board [Ac Qs 6s 8s 9s]
Seat 1: naxal2012 folded before Flop (didn't bet)
Seat 2: mauserr7 folded before Flop (didn't bet)
Seat 3: yogabody folded before Flop (didn't bet)
Seat 4: kaktus1965 (button) folded before Flop (didn't bet)
Seat 5: $l0gger (small blind) folded before Flop
Seat 6: _ne katit_1 (big blind) showed [7d 9c] and won ($0.24) with a pair of Nines
Seat 8: tsoomoo87 mucked [5c 6h]
Seat 9: Dorex2007 folded before Flop (didn't bet)



PokerStars Hand #237960235525:  Hold'em No Limit ($0.05/$0.10 USD) - 2022/08/13 1:29:34 PT [2022/08/13 4:29:34 ET]
Table 'Valentine III' 9-max Seat #5 is the button
Seat 1: naxal2012 ($23.22 in chips) 
Seat 2: mauserr7 ($13.27 in chips) 
Seat 3: yogabody ($9.06 in chips) 
Seat 4: kaktus1965 ($3.54 in chips) 
Seat 5: $l0gger ($10 in chips) 
Seat 6: _ne katit_1 ($13.09 in chips) 
Seat 7: ur@nus123 ($10 in chips) 
Seat 8: tsoomoo87 ($17.40 in chips) 
Seat 9: Dorex2007 ($10.45 in chips) 
_ne katit_1: posts small blind $0.05
ur@nus123: posts big blind $0.10
*** HOLE CARDS ***
Dealt to Dorex2007 [2h 7h]
tsoomoo87: raises $0.10 to $0.20
Dorex2007: folds 
naxal2012: folds 
mauserr7: folds 
yogabody: folds 
kaktus1965: folds 
$l0gger: folds 
_ne katit_1: folds 
ur@nus123: calls $0.10
*** FLOP *** [Qd 6s 5c]
ur@nus123: checks 
tsoomoo87: bets $0.10
ur@nus123: calls $0.10
*** TURN *** [Qd 6s 5c] [Ad]
ur@nus123: checks 
tsoomoo87: checks 
*** RIVER *** [Qd 6s 5c Ad] [Tc]
ur@nus123: bets $0.30
tsoomoo87: folds 
Uncalled bet ($0.30) returned to ur@nus123
ur@nus123 collected $0.61 from pot
ur@nus123: doesn't show hand 
*** SUMMARY ***
Total pot $0.65 | Rake $0.04 
Board [Qd 6s 5c Ad Tc]
Seat 1: naxal2012 folded before Flop (didn't bet)
Seat 2: mauserr7 folded before Flop (didn't bet)
Seat 3: yogabody folded before Flop (didn't bet)
Seat 4: kaktus1965 folded before Flop (didn't bet)
Seat 5: $l0gger (button) folded before Flop (didn't bet)
Seat 6: _ne katit_1 (small blind) folded before Flop
Seat 7: ur@nus123 (big blind) collected ($0.61)
Seat 8: tsoomoo87 folded on the River
Seat 9: Dorex2007 folded before Flop (didn't bet)



PokerStars Hand #237960241916:  Hold'em No Limit ($0.05/$0.10 USD) - 2022/08/13 1:30:20 PT [2022/08/13 4:30:20 ET]
Table 'Valentine III' 9-max Seat #6 is the button
Seat 1: naxal2012 ($23.22 in chips) 
Seat 2: mauserr7 ($13.27 in chips) 
Seat 3: yogabody ($9.06 in chips) 
Seat 4: kaktus1965 ($3.54 in chips) 
Seat 5: $l0gger ($10 in chips) 
Seat 6: _ne katit_1 ($13.04 in chips) 
Seat 7: ur@nus123 ($10.31 in chips) 
Seat 8: tsoomoo87 ($17.10 in chips) 
Seat 9: Dorex2007 ($10.45 in chips) 
ur@nus123: posts small blind $0.05
tsoomoo87: posts big blind $0.10
*** HOLE CARDS ***
Dealt to Dorex2007 [Qc 8h]
Dorex2007: folds 
naxal2012: folds 
mauserr7: folds 
yogabody: folds 
kaktus1965: calls $0.10
$l0gger: raises $0.35 to $0.45
_ne katit_1: folds 
ur@nus123: folds 
tsoomoo87: folds 
kaktus1965: raises $3.09 to $3.54 and is all-in
$l0gger: folds 
Uncalled bet ($3.09) returned to kaktus1965
kaktus1965 collected $1.05 from pot
kaktus1965: doesn't show hand 
*** SUMMARY ***
Total pot $1.05 | Rake $0 
Seat 1: naxal2012 folded before Flop (didn't bet)
Seat 2: mauserr7 folded before Flop (didn't bet)
Seat 3: yogabody folded before Flop (didn't bet)
Seat 4: kaktus1965 collected ($1.05)
Seat 5: $l0gger folded before Flop
Seat 6: _ne katit_1 (button) folded before Flop (didn't bet)
Seat 7: ur@nus123 (small blind) folded before Flop
Seat 8: tsoomoo87 (big blind) folded before Flop
Seat 9: Dorex2007 folded before Flop (didn't bet)



PokerStars Hand #237960247593:  Hold'em No Limit ($0.05/$0.10 USD) - 2022/08/13 1:31:01 PT [2022/08/13 4:31:01 ET]
Table 'Valentine III' 9-max Seat #7 is the button
Seat 1: naxal2012 ($23.22 in chips) 
Seat 2: mauserr7 ($13.27 in chips) 
Seat 3: yogabody ($9.06 in chips) 
Seat 4: kaktus1965 ($4.14 in chips) 
Seat 5: $l0gger ($10 in chips) 
Seat 6: _ne katit_1 ($13.04 in chips) 
Seat 7: ur@nus123 ($10.26 in chips) 
Seat 8: tsoomoo87 ($17 in chips) 
Seat 9: Dorex2007 ($10.45 in chips) 
tsoomoo87: posts small blind $0.05
Dorex2007: posts big blind $0.10
*** HOLE CARDS ***
Dealt to Dorex2007 [9c 4s]
naxal2012: folds 
mauserr7: folds 
yogabody: folds 
kaktus1965: folds 
$l0gger: folds 
_ne katit_1: folds 
ur@nus123 has timed out
ur@nus123: folds 
tsoomoo87: calls $0.05
Dorex2007: checks 
*** FLOP *** [Tc 9s Ks]
tsoomoo87: checks 
Dorex2007: checks 
*** TURN *** [Tc 9s Ks] [2s]
tsoomoo87: bets $0.10
Dorex2007: folds 
Uncalled bet ($0.10) returned to tsoomoo87
tsoomoo87 collected $0.19 from pot
*** SUMMARY ***
Total pot $0.20 | Rake $0.01 
Board [Tc 9s Ks 2s]
Seat 1: naxal2012 folded before Flop (didn't bet)
Seat 2: mauserr7 folded before Flop (didn't bet)
Seat 3: yogabody folded before Flop (didn't bet)
Seat 4: kaktus1965 folded before Flop (didn't bet)
Seat 5: $l0gger folded before Flop (didn't bet)
Seat 6: _ne katit_1 folded before Flop (didn't bet)
Seat 7: ur@nus123 (button) folded before Flop (didn't bet)
Seat 8: tsoomoo87 (small blind) collected ($0.19)
Seat 9: Dorex2007 (big blind) folded on the Turn



PokerStars Hand #237960254707:  Hold'em No Limit ($0.05/$0.10 USD) - 2022/08/13 1:31:52 PT [2022/08/13 4:31:52 ET]
Table 'Valentine III' 9-max Seat #8 is the button
Seat 1: naxal2012 ($23.22 in chips) 
Seat 2: mauserr7 ($13.27 in chips) 
Seat 3: yogabody ($9.06 in chips) 
Seat 4: kaktus1965 ($4.14 in chips) 
Seat 5: $l0gger ($10 in chips) 
Seat 6: _ne katit_1 ($13.04 in chips) 
Seat 7: ur@nus123 ($10.26 in chips) 
Seat 8: tsoomoo87 ($17.09 in chips) 
Seat 9: Dorex2007 ($10.35 in chips) 
Dorex2007: posts small blind $0.05
naxal2012: posts big blind $0.10
*** HOLE CARDS ***
Dealt to Dorex2007 [5c 3c]
mauserr7: folds 
yogabody: folds 
kaktus1965: folds 
$l0gger: folds 
_ne katit_1: folds 
ur@nus123: folds 
tsoomoo87: folds 
Dorex2007: calls $0.05
naxal2012: raises $0.30 to $0.40
Dorex2007: folds 
Uncalled bet ($0.30) returned to naxal2012
naxal2012 collected $0.20 from pot
*** SUMMARY ***
Total pot $0.20 | Rake $0 
Seat 1: naxal2012 (big blind) collected ($0.20)
Seat 2: mauserr7 folded before Flop (didn't bet)
Seat 3: yogabody folded before Flop (didn't bet)
Seat 4: kaktus1965 folded before Flop (didn't bet)
Seat 5: $l0gger folded before Flop (didn't bet)
Seat 6: _ne katit_1 folded before Flop (didn't bet)
Seat 7: ur@nus123 folded before Flop (didn't bet)
Seat 8: tsoomoo87 (button) folded before Flop (didn't bet)
Seat 9: Dorex2007 (small blind) folded before Flop



PokerStars Hand #237960266151:  Hold'em No Limit ($0.05/$0.10 USD) - 2022/08/13 1:33:15 PT [2022/08/13 4:33:15 ET]
Table 'Valentine III' 9-max Seat #9 is the button
Seat 1: naxal2012 ($23.32 in chips) 
Seat 2: mauserr7 ($13.27 in chips) 
Seat 3: yogabody ($9.06 in chips) 
Seat 4: kaktus1965 ($4.14 in chips) 
Seat 5: $l0gger ($10 in chips) 
Seat 6: _ne katit_1 ($13.04 in chips) 
Seat 7: ur@nus123 ($10.26 in chips) 
Seat 8: tsoomoo87 ($17.09 in chips) 
Seat 9: Dorex2007 ($10.25 in chips) 
naxal2012: posts small blind $0.05
mauserr7: posts big blind $0.10
*** HOLE CARDS ***
Dealt to Dorex2007 [6h 3d]
yogabody: folds 
kaktus1965: folds 
$l0gger: folds 
_ne katit_1: raises $0.20 to $0.30
ur@nus123: folds 
tsoomoo87: calls $0.30
Dorex2007: folds 
naxal2012: calls $0.25
mauserr7: folds 
*** FLOP *** [8h 7s 8s]
naxal2012: bets $0.48
_ne katit_1: folds 
tsoomoo87: folds 
Uncalled bet ($0.48) returned to naxal2012
naxal2012 collected $0.96 from pot
*** SUMMARY ***
Total pot $1 | Rake $0.04 
Board [8h 7s 8s]
Seat 1: naxal2012 (small blind) collected ($0.96)
Seat 2: mauserr7 (big blind) folded before Flop
Seat 3: yogabody folded before Flop (didn't bet)
Seat 4: kaktus1965 folded before Flop (didn't bet)
Seat 5: $l0gger folded before Flop (didn't bet)
Seat 6: _ne katit_1 folded on the Flop
Seat 7: ur@nus123 folded before Flop (didn't bet)
Seat 8: tsoomoo87 folded on the Flop
Seat 9: Dorex2007 (button) folded before Flop (didn't bet)



PokerStars Hand #237960270792:  Hold'em No Limit ($0.05/$0.10 USD) - 2022/08/13 1:33:48 PT [2022/08/13 4:33:48 ET]
Table 'Valentine III' 9-max Seat #1 is the button
Seat 1: naxal2012 ($23.98 in chips) 
Seat 2: mauserr7 ($13.17 in chips) 
Seat 3: yogabody ($9.06 in chips) 
Seat 4: kaktus1965 ($4.14 in chips) 
Seat 5: $l0gger ($10 in chips) 
Seat 6: _ne katit_1 ($12.74 in chips) 
Seat 7: ur@nus123 ($10.26 in chips) 
Seat 8: tsoomoo87 ($16.79 in chips) 
Seat 9: Dorex2007 ($10.25 in chips) 
mauserr7: posts small blind $0.05
yogabody: posts big blind $0.10
*** HOLE CARDS ***
Dealt to Dorex2007 [Kc Qc]
kaktus1965: raises $0.10 to $0.20
$l0gger: folds 
_ne katit_1: folds 
ur@nus123: calls $0.20
tsoomoo87: calls $0.20
Dorex2007: calls $0.20
naxal2012: folds 
mauserr7: folds 
yogabody: folds 
*** FLOP *** [6d 7d 3h]
kaktus1965: checks 
ur@nus123: checks 
tsoomoo87: bets $0.30
Dorex2007: folds 
kaktus1965: calls $0.30
ur@nus123: calls $0.30
*** TURN *** [6d 7d 3h] [5h]
kaktus1965: checks 
ur@nus123: checks 
tsoomoo87: bets $0.20
kaktus1965: calls $0.20
ur@nus123: calls $0.20
*** RIVER *** [6d 7d 3h 5h] [8h]
kaktus1965: checks 
ur@nus123: bets $1.70
tsoomoo87: calls $1.70
kaktus1965: folds 
*** SHOW DOWN ***
ur@nus123: shows [Qh Jh] (a flush, Queen high)
tsoomoo87: mucks hand 
ur@nus123 collected $5.53 from pot
*** SUMMARY ***
Total pot $5.85 | Rake $0.32 
Board [6d 7d 3h 5h 8h]
Seat 1: naxal2012 (button) folded before Flop (didn't bet)
Seat 2: mauserr7 (small blind) folded before Flop
Seat 3: yogabody (big blind) folded before Flop
Seat 4: kaktus1965 folded on the River
Seat 5: $l0gger folded before Flop (didn't bet)
Seat 6: _ne katit_1 folded before Flop (didn't bet)
Seat 7: ur@nus123 showed [Qh Jh] and won ($5.53) with a flush, Queen high
Seat 8: tsoomoo87 mucked [7h 9s]
Seat 9: Dorex2007 folded on the Flop



PokerStars Hand #237960284374:  Hold'em No Limit ($0.05/$0.10 USD) - 2022/08/13 1:35:25 PT [2022/08/13 4:35:25 ET]
Table 'Valentine III' 9-max Seat #2 is the button
Seat 1: naxal2012 ($23.98 in chips) 
Seat 2: mauserr7 ($13.12 in chips) 
Seat 3: yogabody ($8.96 in chips) 
Seat 4: kaktus1965 ($3.44 in chips) 
Seat 5: $l0gger ($10 in chips) 
Seat 6: _ne katit_1 ($12.74 in chips) 
Seat 7: ur@nus123 ($13.39 in chips) 
Seat 8: tsoomoo87 ($14.39 in chips) 
Seat 9: Dorex2007 ($10.05 in chips) 
yogabody: posts small blind $0.05
kaktus1965: posts big blind $0.10
*** HOLE CARDS ***
Dealt to Dorex2007 [8c 8s]
$l0gger: folds 
_ne katit_1: folds 
ur@nus123: folds 
tsoomoo87: folds 
Dorex2007: raises $0.20 to $0.30
naxal2012: folds 
mauserr7: folds 
yogabody: folds 
kaktus1965: folds 
Uncalled bet ($0.20) returned to Dorex2007
Dorex2007 collected $0.25 from pot
Dorex2007: doesn't show hand 
*** SUMMARY ***
Total pot $0.25 | Rake $0 
Seat 1: naxal2012 folded before Flop (didn't bet)
Seat 2: mauserr7 (button) folded before Flop (didn't bet)
Seat 3: yogabody (small blind) folded before Flop
Seat 4: kaktus1965 (big blind) folded before Flop
Seat 5: $l0gger folded before Flop (didn't bet)
Seat 6: _ne katit_1 folded before Flop (didn't bet)
Seat 7: ur@nus123 folded before Flop (didn't bet)
Seat 8: tsoomoo87 folded before Flop (didn't bet)
Seat 9: Dorex2007 collected ($0.25)



PokerStars Hand #237960286647:  Hold'em No Limit ($0.05/$0.10 USD) - 2022/08/13 1:35:41 PT [2022/08/13 4:35:41 ET]
Table 'Valentine III' 9-max Seat #3 is the button
Seat 1: naxal2012 ($23.98 in chips) 
Seat 2: mauserr7 ($13.12 in chips) 
Seat 3: yogabody ($8.91 in chips) 
Seat 4: kaktus1965 ($3.34 in chips) 
Seat 5: $l0gger ($10 in chips) 
Seat 6: _ne katit_1 ($12.74 in chips) 
Seat 7: ur@nus123 ($13.39 in chips) 
Seat 8: tsoomoo87 ($14.39 in chips) 
Seat 9: Dorex2007 ($10.20 in chips) 
kaktus1965: posts small blind $0.05
$l0gger: posts big blind $0.10
*** HOLE CARDS ***
Dealt to Dorex2007 [Ac 5c]
_ne katit_1: raises $0.15 to $0.25
ur@nus123: folds 
tsoomoo87: raises $0.15 to $0.40
Dorex2007: folds 
naxal2012: folds 
mauserr7: folds 
yogabody: folds 
kaktus1965: folds 
$l0gger: folds 
_ne katit_1: calls $0.15
*** FLOP *** [9h 2s 7s]
_ne katit_1: checks 
tsoomoo87: bets $0.40
_ne katit_1: folds 
Uncalled bet ($0.40) returned to tsoomoo87
tsoomoo87 collected $0.91 from pot
*** SUMMARY ***
Total pot $0.95 | Rake $0.04 
Board [9h 2s 7s]
Seat 1: naxal2012 folded before Flop (didn't bet)
Seat 2: mauserr7 folded before Flop (didn't bet)
Seat 3: yogabody (button) folded before Flop (didn't bet)
Seat 4: kaktus1965 (small blind) folded before Flop
Seat 5: $l0gger (big blind) folded before Flop
Seat 6: _ne katit_1 folded on the Flop
Seat 7: ur@nus123 folded before Flop (didn't bet)
Seat 8: tsoomoo87 collected ($0.91)
Seat 9: Dorex2007 folded before Flop (didn't bet)



PokerStars Hand #237960291916:  Hold'em No Limit ($0.05/$0.10 USD) - 2022/08/13 1:36:19 PT [2022/08/13 4:36:19 ET]
Table 'Valentine III' 9-max Seat #4 is the button
Seat 1: naxal2012 ($23.98 in chips) 
Seat 2: mauserr7 ($13.12 in chips) 
Seat 3: yogabody ($8.91 in chips) 
Seat 4: kaktus1965 ($3.29 in chips) 
Seat 5: $l0gger ($10 in chips) 
Seat 6: _ne katit_1 ($12.34 in chips) 
Seat 7: ur@nus123 ($13.39 in chips) 
Seat 8: tsoomoo87 ($14.90 in chips) 
Seat 9: Dorex2007 ($10.20 in chips) 
$l0gger: posts small blind $0.05
_ne katit_1: posts big blind $0.10
*** HOLE CARDS ***
Dealt to Dorex2007 [Ks Ts]
ur@nus123: folds 
tsoomoo87: calls $0.10
Dorex2007: calls $0.10
naxal2012: folds 
mauserr7: folds 
yogabody: folds 
kaktus1965: calls $0.10
$l0gger: folds 
_ne katit_1: checks 
*** FLOP *** [8s Jc Jd]
_ne katit_1: checks 
tsoomoo87: bets $0.20
Dorex2007: folds 
kaktus1965: calls $0.20
_ne katit_1: folds 
*** TURN *** [8s Jc Jd] [6s]
tsoomoo87: checks 
kaktus1965: bets $0.40
tsoomoo87: calls $0.40
*** RIVER *** [8s Jc Jd 6s] [Qh]
tsoomoo87: bets $0.20
kaktus1965: raises $2.39 to $2.59 and is all-in
tsoomoo87: calls $2.39
*** SHOW DOWN ***
kaktus1965: shows [8d 8c] (a full house, Eights full of Jacks)
tsoomoo87: shows [Td 9h] (a straight, Eight to Queen)
kaktus1965 collected $6.44 from pot
*** SUMMARY ***
Total pot $6.83 | Rake $0.39 
Board [8s Jc Jd 6s Qh]
Seat 1: naxal2012 folded before Flop (didn't bet)
Seat 2: mauserr7 folded before Flop (didn't bet)
Seat 3: yogabody folded before Flop (didn't bet)
Seat 4: kaktus1965 (button) showed [8d 8c] and won ($6.44) with a full house, Eights full of Jacks
Seat 5: $l0gger (small blind) folded before Flop
Seat 6: _ne katit_1 (big blind) folded on the Flop
Seat 7: ur@nus123 folded before Flop (didn't bet)
Seat 8: tsoomoo87 showed [Td 9h] and lost with a straight, Eight to Queen
Seat 9: Dorex2007 folded on the Flop



PokerStars Hand #237960301464:  Hold'em No Limit ($0.05/$0.10 USD) - 2022/08/13 1:37:27 PT [2022/08/13 4:37:27 ET]
Table 'Valentine III' 9-max Seat #5 is the button
Seat 1: naxal2012 ($23.98 in chips) 
Seat 2: mauserr7 ($13.12 in chips) 
Seat 3: yogabody ($8.91 in chips) 
Seat 4: kaktus1965 ($6.44 in chips) 
Seat 5: $l0gger ($10 in chips) 
Seat 6: _ne katit_1 ($12.24 in chips) 
Seat 7: ur@nus123 ($13.39 in chips) 
Seat 8: tsoomoo87 ($11.61 in chips) 
Seat 9: Dorex2007 ($10.10 in chips) 
_ne katit_1: posts small blind $0.05
ur@nus123: posts big blind $0.10
*** HOLE CARDS ***
Dealt to Dorex2007 [8h Qh]
tsoomoo87: folds 
tsoomoo87 leaves the table
Dorex2007 has timed out
Dorex2007: folds 
naxal2012: folds 
mauserr7: folds 
bcv1703 joins the table at seat #8 
yogabody: folds 
kaktus1965: folds 
$l0gger: folds 
_ne katit_1: folds 
Uncalled bet ($0.05) returned to ur@nus123
ur@nus123 collected $0.10 from pot
ur@nus123: doesn't show hand 
*** SUMMARY ***
Total pot $0.10 | Rake $0 
Seat 1: naxal2012 folded before Flop (didn't bet)
Seat 2: mauserr7 folded before Flop (didn't bet)
Seat 3: yogabody folded before Flop (didn't bet)
Seat 4: kaktus1965 folded before Flop (didn't bet)
Seat 5: $l0gger (button) folded before Flop (didn't bet)
Seat 6: _ne katit_1 (small blind) folded before Flop
Seat 7: ur@nus123 (big blind) collected ($0.10)
Seat 8: tsoomoo87 folded before Flop (didn't bet)
Seat 9: Dorex2007 folded before Flop (didn't bet)



PokerStars Hand #237960306257:  Hold'em No Limit ($0.05/$0.10 USD) - 2022/08/13 1:38:01 PT [2022/08/13 4:38:01 ET]
Table 'Valentine III' 9-max Seat #6 is the button
Seat 1: naxal2012 ($23.98 in chips) 
Seat 2: mauserr7 ($13.12 in chips) 
Seat 3: yogabody ($8.91 in chips) 
Seat 4: kaktus1965 ($6.44 in chips) 
Seat 5: $l0gger ($10 in chips) 
Seat 6: _ne katit_1 ($12.19 in chips) 
Seat 7: ur@nus123 ($13.44 in chips) 
Seat 8: bcv1703 ($10.77 in chips) 
Seat 9: Dorex2007 ($10.10 in chips) 
ur@nus123: posts small blind $0.05
bcv1703: posts big blind $0.10
*** HOLE CARDS ***
Dealt to Dorex2007 [4c 6d]
Dorex2007: folds 
naxal2012: folds 
mauserr7: folds 
yogabody: folds 
kaktus1965: folds 
$l0gger: raises $0.15 to $0.25
_ne katit_1: folds 
ur@nus123: folds 
bcv1703: folds 
Uncalled bet ($0.15) returned to $l0gger
$l0gger collected $0.25 from pot
$l0gger: doesn't show hand 
*** SUMMARY ***
Total pot $0.25 | Rake $0 
Seat 1: naxal2012 folded before Flop (didn't bet)
Seat 2: mauserr7 folded before Flop (didn't bet)
Seat 3: yogabody folded before Flop (didn't bet)
Seat 4: kaktus1965 folded before Flop (didn't bet)
Seat 5: $l0gger collected ($0.25)
Seat 6: _ne katit_1 (button) folded before Flop (didn't bet)
Seat 7: ur@nus123 (small blind) folded before Flop
Seat 8: bcv1703 (big blind) folded before Flop
Seat 9: Dorex2007 folded before Flop (didn't bet)



PokerStars Hand #237960308625:  Hold'em No Limit ($0.05/$0.10 USD) - 2022/08/13 1:38:18 PT [2022/08/13 4:38:18 ET]
Table 'Valentine III' 9-max Seat #7 is the button
Seat 1: naxal2012 ($23.98 in chips) 
Seat 2: mauserr7 ($13.12 in chips) 
Seat 3: yogabody ($8.91 in chips) 
Seat 4: kaktus1965 ($6.44 in chips) 
Seat 5: $l0gger ($10.15 in chips) 
Seat 6: _ne katit_1 ($12.19 in chips) 
Seat 7: ur@nus123 ($13.39 in chips) 
Seat 8: bcv1703 ($10.67 in chips) 
Seat 9: Dorex2007 ($10.10 in chips) 
bcv1703: posts small blind $0.05
Dorex2007: posts big blind $0.10
*** HOLE CARDS ***
Dealt to Dorex2007 [2d 4s]
naxal2012: raises $0.19 to $0.29
mauserr7: folds 
yogabody: folds 
kaktus1965: folds 
$l0gger: folds 
_ne katit_1: folds 
ur@nus123 is disconnected 
ur@nus123 has timed out while being disconnected
ur@nus123: folds 
bcv1703: folds 
Dorex2007: folds 
Uncalled bet ($0.19) returned to naxal2012
naxal2012 collected $0.25 from pot
*** SUMMARY ***
Total pot $0.25 | Rake $0 
Seat 1: naxal2012 collected ($0.25)
Seat 2: mauserr7 folded before Flop (didn't bet)
Seat 3: yogabody folded before Flop (didn't bet)
Seat 4: kaktus1965 folded before Flop (didn't bet)
Seat 5: $l0gger folded before Flop (didn't bet)
Seat 6: _ne katit_1 folded before Flop (didn't bet)
Seat 7: ur@nus123 (button) folded before Flop (didn't bet)
Seat 8: bcv1703 (small blind) folded before Flop
Seat 9: Dorex2007 (big blind) folded before Flop



PokerStars Hand #237960314185:  Hold'em No Limit ($0.05/$0.10 USD) - 2022/08/13 1:38:58 PT [2022/08/13 4:38:58 ET]
Table 'Valentine III' 9-max Seat #8 is the button
Seat 2: mauserr7 ($13.12 in chips) 
Seat 3: yogabody ($8.91 in chips) 
Seat 4: kaktus1965 ($6.44 in chips) 
Seat 5: $l0gger ($10.15 in chips) 
Seat 6: _ne katit_1 ($12.19 in chips) 
Seat 8: bcv1703 ($10.62 in chips) 
Seat 9: Dorex2007 ($10 in chips) 
Dorex2007: posts small blind $0.05
naxal2012: is sitting out 
mauserr7: posts big blind $0.10
*** HOLE CARDS ***
Dealt to Dorex2007 [8c Ks]
yogabody: folds 
kaktus1965: folds 
$l0gger: folds 
_ne katit_1: raises $0.20 to $0.30
bcv1703: calls $0.30
Dorex2007: folds 
naxal2012 leaves the table
mauserr7: folds 
*** FLOP *** [Td 4h 3c]
_ne katit_1: bets $0.24
tomashovka55 joins the table at seat #1 
bcv1703: folds 
Uncalled bet ($0.24) returned to _ne katit_1
_ne katit_1 collected $0.72 from pot
_ne katit_1: doesn't show hand 
*** SUMMARY ***
Total pot $0.75 | Rake $0.03 
Board [Td 4h 3c]
Seat 2: mauserr7 (big blind) folded before Flop
Seat 3: yogabody folded before Flop (didn't bet)
Seat 4: kaktus1965 folded before Flop (didn't bet)
Seat 5: $l0gger folded before Flop (didn't bet)
Seat 6: _ne katit_1 collected ($0.72)
Seat 8: bcv1703 (button) folded on the Flop
Seat 9: Dorex2007 (small blind) folded before Flop



PokerStars Hand #237960318010:  Hold'em No Limit ($0.05/$0.10 USD) - 2022/08/13 1:39:26 PT [2022/08/13 4:39:26 ET]
Table 'Valentine III' 9-max Seat #9 is the button
Seat 2: mauserr7 ($13.02 in chips) 
Seat 3: yogabody ($8.91 in chips) 
Seat 4: kaktus1965 ($6.44 in chips) 
Seat 5: $l0gger ($10.15 in chips) 
Seat 6: _ne katit_1 ($12.61 in chips) 
Seat 8: bcv1703 ($10.32 in chips) 
Seat 9: Dorex2007 ($10 in chips) 
mauserr7: posts small blind $0.05
yogabody: posts big blind $0.10
*** HOLE CARDS ***
Dealt to Dorex2007 [As 2s]
kaktus1965: folds 
$l0gger: folds 
_ne katit_1: folds 
bcv1703: raises $0.15 to $0.25
Dorex2007: calls $0.25
mauserr7: folds 
yogabody: folds 
*** FLOP *** [8c 2c Tc]
bcv1703: checks 
Dorex2007: checks 
*** TURN *** [8c 2c Tc] [Ks]
bcv1703: checks 
Dorex2007: checks 
*** RIVER *** [8c 2c Tc Ks] [Ah]
bcv1703: bets $0.10
Dorex2007: calls $0.10
*** SHOW DOWN ***
bcv1703: shows [Ad 7h] (a pair of Aces)
Dorex2007: shows [As 2s] (two pair, Aces and Deuces)
Dorex2007 collected $0.81 from pot
*** SUMMARY ***
Total pot $0.85 | Rake $0.04 
Board [8c 2c Tc Ks Ah]
Seat 2: mauserr7 (small blind) folded before Flop
Seat 3: yogabody (big blind) folded before Flop
Seat 4: kaktus1965 folded before Flop (didn't bet)
Seat 5: $l0gger folded before Flop (didn't bet)
Seat 6: _ne katit_1 folded before Flop (didn't bet)
Seat 8: bcv1703 showed [Ad 7h] and lost with a pair of Aces
Seat 9: Dorex2007 (button) showed [As 2s] and won ($0.81) with two pair, Aces and Deuces



PokerStars Hand #237960322361:  Hold'em No Limit ($0.05/$0.10 USD) - 2022/08/13 1:39:57 PT [2022/08/13 4:39:57 ET]
Table 'Valentine III' 9-max Seat #2 is the button
Seat 2: mauserr7 ($12.97 in chips) 
Seat 3: yogabody ($8.81 in chips) 
Seat 4: kaktus1965 ($6.44 in chips) 
Seat 5: $l0gger ($10.15 in chips) 
Seat 6: _ne katit_1 ($12.61 in chips) 
Seat 8: bcv1703 ($10 in chips) 
Seat 9: Dorex2007 ($10.46 in chips) 
yogabody: posts small blind $0.05
kaktus1965: posts big blind $0.10
tomashovka55: sits out 
*** HOLE CARDS ***
Dealt to Dorex2007 [2s 6c]
$l0gger: folds 
_ne katit_1: folds 
bcv1703: folds 
Dorex2007: folds 
mauserr7: folds 
yogabody: raises $0.20 to $0.30
$l0gger leaves the table
kaktus1965: folds 
Uncalled bet ($0.20) returned to yogabody
yogabody collected $0.20 from pot
yogabody: doesn't show hand 
*** SUMMARY ***
Total pot $0.20 | Rake $0 
Seat 2: mauserr7 (button) folded before Flop (didn't bet)
Seat 3: yogabody (small blind) collected ($0.20)
Seat 4: kaktus1965 (big blind) folded before Flop
Seat 5: $l0gger folded before Flop (didn't bet)
Seat 6: _ne katit_1 folded before Flop (didn't bet)
Seat 8: bcv1703 folded before Flop (didn't bet)
Seat 9: Dorex2007 folded before Flop (didn't bet)



PokerStars Hand #237960325561:  Hold'em No Limit ($0.05/$0.10 USD) - 2022/08/13 1:40:20 PT [2022/08/13 4:40:20 ET]
Table 'Valentine III' 9-max Seat #3 is the button
Seat 2: mauserr7 ($12.97 in chips) 
Seat 3: yogabody ($8.91 in chips) 
Seat 4: kaktus1965 ($6.34 in chips) 
Seat 8: bcv1703 ($10 in chips) 
Seat 9: Dorex2007 ($10.46 in chips) 
kaktus1965: posts small blind $0.05
_ne katit_1: is sitting out 
bcv1703: posts big blind $0.10
tomashovka55: sits out 
*** HOLE CARDS ***
Dealt to Dorex2007 [5d As]
Dorex2007: folds 
mauserr7: folds 
yogabody: raises $0.20 to $0.30
kaktus1965: folds 
bcv1703: folds 
Uncalled bet ($0.20) returned to yogabody
yogabody collected $0.25 from pot
yogabody: doesn't show hand 
*** SUMMARY ***
Total pot $0.25 | Rake $0 
Seat 2: mauserr7 folded before Flop (didn't bet)
Seat 3: yogabody (button) collected ($0.25)
Seat 4: kaktus1965 (small blind) folded before Flop
Seat 8: bcv1703 (big blind) folded before Flop
Seat 9: Dorex2007 folded before Flop (didn't bet)



PokerStars Hand #237960327611:  Hold'em No Limit ($0.05/$0.10 USD) - 2022/08/13 1:40:34 PT [2022/08/13 4:40:34 ET]
Table 'Valentine III' 9-max Seat #4 is the button
Seat 2: mauserr7 ($12.97 in chips) 
Seat 3: yogabody ($9.06 in chips) 
Seat 4: kaktus1965 ($6.29 in chips) 
Seat 8: bcv1703 ($10 in chips) 
Seat 9: Dorex2007 ($10.46 in chips) 
bcv1703: posts small blind $0.05
Dorex2007: posts big blind $0.10
tomashovka55: sits out 
*** HOLE CARDS ***
Dealt to Dorex2007 [2d 4c]
mauserr7: folds 
yogabody: folds 
kaktus1965: folds 
bcv1703: folds 
Uncalled bet ($0.05) returned to Dorex2007
Dorex2007 collected $0.10 from pot
Dorex2007: doesn't show hand 
*** SUMMARY ***
Total pot $0.10 | Rake $0 
Seat 2: mauserr7 folded before Flop (didn't bet)
Seat 3: yogabody folded before Flop (didn't bet)
Seat 4: kaktus1965 (button) folded before Flop (didn't bet)
Seat 8: bcv1703 (small blind) folded before Flop
Seat 9: Dorex2007 (big blind) collected ($0.10)



PokerStars Hand #237960328377:  Hold'em No Limit ($0.05/$0.10 USD) - 2022/08/13 1:40:40 PT [2022/08/13 4:40:40 ET]
Table 'Valentine III' 9-max Seat #8 is the button
Seat 1: tomashovka55 ($10 in chips) 
Seat 2: mauserr7 ($12.97 in chips) 
Seat 3: yogabody ($9.06 in chips) 
Seat 4: kaktus1965 ($6.29 in chips) 
Seat 8: bcv1703 ($10 in chips) 
Seat 9: Dorex2007 ($10.51 in chips) 
Dorex2007: posts small blind $0.05
tomashovka55: posts big blind $0.10
ur@nus123: sits out 
*** HOLE CARDS ***
Dealt to Dorex2007 [9d Kh]
mauserr7: folds 
yogabody: folds 
kaktus1965: folds 
bcv1703: raises $0.15 to $0.25
Dorex2007: folds 
tomashovka55: folds 
Uncalled bet ($0.15) returned to bcv1703
mauserr7 leaves the table
bcv1703 collected $0.25 from pot
bcv1703: doesn't show hand 
*** SUMMARY ***
Total pot $0.25 | Rake $0 
Seat 1: tomashovka55 (big blind) folded before Flop
Seat 2: mauserr7 folded before Flop (didn't bet)
Seat 3: yogabody folded before Flop (didn't bet)
Seat 4: kaktus1965 folded before Flop (didn't bet)
Seat 8: bcv1703 (button) collected ($0.25)
Seat 9: Dorex2007 (small blind) folded before Flop



PokerStars Hand #237960330633:  Hold'em No Limit ($0.05/$0.10 USD) - 2022/08/13 1:40:55 PT [2022/08/13 4:40:55 ET]
Table 'Valentine III' 9-max Seat #9 is the button
Seat 1: tomashovka55 ($10 in chips) 
Seat 3: yogabody ($9.06 in chips) 
Seat 4: kaktus1965 ($6.29 in chips) 
Seat 8: bcv1703 ($10.15 in chips) 
Seat 9: Dorex2007 ($10.46 in chips) 
tomashovka55: posts small blind $0.05
yogabody: posts big blind $0.10
ur@nus123: sits out 
*** HOLE CARDS ***
Dealt to Dorex2007 [Kc 8s]
kaktus1965: folds 
bcv1703: folds 
Dorex2007: calls $0.10
tomashovka55: raises $0.50 to $0.60
yogabody: folds 
Dorex2007: folds 
Uncalled bet ($0.50) returned to tomashovka55
tomashovka55 collected $0.30 from pot
tomashovka55: doesn't show hand 
*** SUMMARY ***
Total pot $0.30 | Rake $0 
Seat 1: tomashovka55 (small blind) collected ($0.30)
Seat 3: yogabody (big blind) folded before Flop
Seat 4: kaktus1965 folded before Flop (didn't bet)
Seat 8: bcv1703 folded before Flop (didn't bet)
Seat 9: Dorex2007 (button) folded before Flop



PokerStars Hand #237960333185:  Hold'em No Limit ($0.05/$0.10 USD) - 2022/08/13 1:41:13 PT [2022/08/13 4:41:13 ET]
Table 'Valentine III' 9-max Seat #1 is the button
Seat 1: tomashovka55 ($10.20 in chips) 
Seat 3: yogabody ($8.96 in chips) 
Seat 7: ur@nus123 ($13.39 in chips) 
Seat 8: bcv1703 ($10.15 in chips) 
Seat 9: Dorex2007 ($10.36 in chips) 
yogabody: posts small blind $0.05
kaktus1965: is sitting out 
ur@nus123: posts big blind $0.10
*** HOLE CARDS ***
Dealt to Dorex2007 [9d Ts]
bcv1703: folds 
Dorex2007: folds 
tomashovka55: folds 
yogabody: raises $0.20 to $0.30
kaktus1965 leaves the table
ur@nus123: calls $0.20
*** FLOP *** [9s 9c 6s]
yogabody: bets $0.28
ur@nus123: calls $0.28
*** TURN *** [9s 9c 6s] [8c]
yogabody: bets $0.55
ur@nus123: calls $0.55
*** RIVER *** [9s 9c 6s 8c] [Ks]
yogabody: checks 
ur@nus123: bets $1.40
yogabody: folds 
Uncalled bet ($1.40) returned to ur@nus123
ur@nus123 collected $2.14 from pot
ur@nus123: doesn't show hand 
*** SUMMARY ***
Total pot $2.26 | Rake $0.12 
Board [9s 9c 6s 8c Ks]
Seat 1: tomashovka55 (button) folded before Flop (didn't bet)
Seat 3: yogabody (small blind) folded on the River
Seat 7: ur@nus123 (big blind) collected ($2.14)
Seat 8: bcv1703 folded before Flop (didn't bet)
Seat 9: Dorex2007 folded before Flop (didn't bet)



PokerStars Hand #237960341451:  Hold'em No Limit ($0.05/$0.10 USD) - 2022/08/13 1:42:10 PT [2022/08/13 4:42:10 ET]
Table 'Valentine III' 9-max Seat #3 is the button
Seat 1: tomashovka55 ($10.20 in chips) 
Seat 3: yogabody ($7.83 in chips) 
Seat 7: ur@nus123 ($14.40 in chips) 
Seat 9: Dorex2007 ($10.36 in chips) 
ur@nus123: posts small blind $0.05
bcv1703: is sitting out 
Dorex2007: posts big blind $0.10
*** HOLE CARDS ***
Dealt to Dorex2007 [5d 4s]
tomashovka55: folds 
bcv1703 leaves the table
yogabody: raises $0.10 to $0.20
ur@nus123: folds 
Dorex2007: folds 
Uncalled bet ($0.10) returned to yogabody
yogabody collected $0.25 from pot
yogabody: doesn't show hand 
*** SUMMARY ***
Total pot $0.25 | Rake $0 
Seat 1: tomashovka55 folded before Flop (didn't bet)
Seat 3: yogabody (button) collected ($0.25)
Seat 7: ur@nus123 (small blind) folded before Flop
Seat 9: Dorex2007 (big blind) folded before Flop



