PokerStars Hand #232733731242:  Hold'em No Limit ($0.01/$0.02 USD) - 2022/01/01 21:00:38 PT [2022/01/02 0:00:38 ET]
Table 'Mauritia IV' 9-max Seat #4 is the button
Seat 1: VTN*81 ($2.05 in chips) 
Seat 2: tutjak ($2 in chips) 
Seat 3: djkimera ($2.32 in chips) 
Seat 4: kiling1 ($0.81 in chips) 
Seat 5: luis39 ($0.97 in chips) 
Seat 6: Aemstro ($3.08 in chips) 
Seat 7: Dorex2007 ($2.45 in chips) 
Seat 9: tadao577 ($3.14 in chips) 
luis39: posts small blind $0.01
Aemstro: posts big blind $0.02
*** HOLE CARDS ***
Dealt to Dorex2007 [4h 4d]
Dorex2007: calls $0.02
tadao577: folds 
VTN*81: raises $0.02 to $0.04
tutjak: folds 
djkimera: folds 
kiling1: folds 
luis39: folds 
Aemstro: folds 
Dorex2007: calls $0.02
*** FLOP *** [Jd Qh 2c]
Dorex2007: checks 
VTN*81: bets $0.08
Dorex2007: folds 
Uncalled bet ($0.08) returned to VTN*81
VTN*81 collected $0.11 from pot
VTN*81: doesn't show hand 
*** SUMMARY ***
Total pot $0.11 | Rake $0 
Board [Jd Qh 2c]
Seat 1: VTN*81 collected ($0.11)
Seat 2: tutjak folded before Flop (didn't bet)
Seat 3: djkimera folded before Flop (didn't bet)
Seat 4: kiling1 (button) folded before Flop (didn't bet)
Seat 5: luis39 (small blind) folded before Flop
Seat 6: Aemstro (big blind) folded before Flop
Seat 7: Dorex2007 folded on the Flop
Seat 9: tadao577 folded before Flop (didn't bet)



PokerStars Hand #232733745010:  Hold'em No Limit ($0.01/$0.02 USD) - 2022/01/01 21:02:02 PT [2022/01/02 0:02:02 ET]
Table 'Mauritia IV' 9-max Seat #5 is the button
Seat 1: VTN*81 ($2.12 in chips) 
Seat 2: tutjak ($2 in chips) 
Seat 3: djkimera ($2.32 in chips) 
Seat 4: kiling1 ($0.81 in chips) 
Seat 5: luis39 ($0.96 in chips) 
Seat 6: Aemstro ($3.06 in chips) 
Seat 7: Dorex2007 ($2.41 in chips) 
Seat 9: tadao577 ($3.14 in chips) 
Aemstro: posts small blind $0.01
Dorex2007: posts big blind $0.02
*** HOLE CARDS ***
Dealt to Dorex2007 [6h Js]
tadao577: calls $0.02
VTN*81: calls $0.02
tutjak: folds 
djkimera: raises $0.09 to $0.11
kiling1: folds 
luis39: calls $0.11
Aemstro: folds 
Dorex2007: folds 
tadao577: folds 
VTN*81: folds 
*** FLOP *** [5d 2h Kh]
djkimera: bets $0.13
luis39: calls $0.13
*** TURN *** [5d 2h Kh] [7d]
djkimera: checks 
luis39: bets $0.53
djkimera: folds 
Uncalled bet ($0.53) returned to luis39
luis39 collected $0.53 from pot
luis39: doesn't show hand 
*** SUMMARY ***
Total pot $0.55 | Rake $0.02 
Board [5d 2h Kh 7d]
Seat 1: VTN*81 folded before Flop
Seat 2: tutjak folded before Flop (didn't bet)
Seat 3: djkimera folded on the Turn
Seat 4: kiling1 folded before Flop (didn't bet)
Seat 5: luis39 (button) collected ($0.53)
Seat 6: Aemstro (small blind) folded before Flop
Seat 7: Dorex2007 (big blind) folded before Flop
Seat 9: tadao577 folded before Flop



PokerStars Hand #232733754525:  Hold'em No Limit ($0.01/$0.02 USD) - 2022/01/01 21:02:56 PT [2022/01/02 0:02:56 ET]
Table 'Mauritia IV' 9-max Seat #6 is the button
Seat 1: VTN*81 ($2.10 in chips) 
Seat 2: tutjak ($2 in chips) 
Seat 3: djkimera ($2.08 in chips) 
Seat 4: kiling1 ($0.81 in chips) 
Seat 5: luis39 ($1.25 in chips) 
Seat 6: Aemstro ($3.05 in chips) 
Seat 7: Dorex2007 ($2.39 in chips) 
Seat 8: Tobinhoyo ($2.09 in chips) 
Seat 9: tadao577 ($3.12 in chips) 
Dorex2007: posts small blind $0.01
Tobinhoyo: posts big blind $0.02
*** HOLE CARDS ***
Dealt to Dorex2007 [4h 7s]
tadao577: calls $0.02
VTN*81: folds 
tutjak: folds 
tutjak leaves the table
djkimera: raises $0.03 to $0.05
kiling1: folds 
luis39: calls $0.05
Aemstro: folds 
Dorex2007: folds 
Tobinhoyo has timed out
Tobinhoyo: folds 
tadao577: folds 
*** FLOP *** [Ad 7c 6h]
djkimera: bets $0.05
luis39: folds 
Uncalled bet ($0.05) returned to djkimera
djkimera collected $0.14 from pot
djkimera: doesn't show hand 
*** SUMMARY ***
Total pot $0.15 | Rake $0.01 
Board [Ad 7c 6h]
Seat 1: VTN*81 folded before Flop (didn't bet)
Seat 2: tutjak folded before Flop (didn't bet)
Seat 3: djkimera collected ($0.14)
Seat 4: kiling1 folded before Flop (didn't bet)
Seat 5: luis39 folded on the Flop
Seat 6: Aemstro (button) folded before Flop (didn't bet)
Seat 7: Dorex2007 (small blind) folded before Flop
Seat 8: Tobinhoyo (big blind) folded before Flop
Seat 9: tadao577 folded before Flop



PokerStars Hand #232733764314:  Hold'em No Limit ($0.01/$0.02 USD) - 2022/01/01 21:03:53 PT [2022/01/02 0:03:53 ET]
Table 'Mauritia IV' 9-max Seat #7 is the button
Seat 1: VTN*81 ($2.10 in chips) 
Seat 3: djkimera ($2.17 in chips) 
Seat 4: kiling1 ($0.81 in chips) 
Seat 5: luis39 ($1.20 in chips) 
Seat 6: Aemstro ($3.05 in chips) 
Seat 7: Dorex2007 ($2.38 in chips) 
Seat 9: tadao577 ($3.10 in chips) 
tadao577: posts small blind $0.01
VTN*81: posts big blind $0.02
*** HOLE CARDS ***
Dealt to Dorex2007 [Kh Qc]
djkimera: folds 
kiling1: folds 
luis39: calls $0.02
Aemstro: folds 
Dorex2007: calls $0.02
tadao577: calls $0.01
VTN*81: checks 
*** FLOP *** [5s Jc Th]
tadao577: checks 
VTN*81: checks 
luis39: bets $0.02
Dorex2007: calls $0.02
tadao577: calls $0.02
VTN*81: folds 
*** TURN *** [5s Jc Th] [9h]
tadao577: checks 
luis39: bets $0.02
Dorex2007: raises $0.04 to $0.06
tadao577: folds 
luis39: calls $0.04
*** RIVER *** [5s Jc Th 9h] [6h]
luis39: checks 
Dorex2007: bets $0.17
luis39: folds 
Uncalled bet ($0.17) returned to Dorex2007
Dorex2007 collected $0.25 from pot
Dorex2007: doesn't show hand 
*** SUMMARY ***
Total pot $0.26 | Rake $0.01 
Board [5s Jc Th 9h 6h]
Seat 1: VTN*81 (big blind) folded on the Flop
Seat 3: djkimera folded before Flop (didn't bet)
Seat 4: kiling1 folded before Flop (didn't bet)
Seat 5: luis39 folded on the River
Seat 6: Aemstro folded before Flop (didn't bet)
Seat 7: Dorex2007 (button) collected ($0.25)
Seat 9: tadao577 (small blind) folded on the Turn



PokerStars Hand #232733774761:  Hold'em No Limit ($0.01/$0.02 USD) - 2022/01/01 21:04:53 PT [2022/01/02 0:04:53 ET]
Table 'Mauritia IV' 9-max Seat #9 is the button
Seat 1: VTN*81 ($2.08 in chips) 
Seat 3: djkimera ($2.17 in chips) 
Seat 4: kiling1 ($0.81 in chips) 
Seat 5: luis39 ($1.10 in chips) 
Seat 6: Aemstro ($3.05 in chips) 
Seat 7: Dorex2007 ($2.53 in chips) 
Seat 9: tadao577 ($3.06 in chips) 
VTN*81: posts small blind $0.01
djkimera: posts big blind $0.02
*** HOLE CARDS ***
Dealt to Dorex2007 [6h 9s]
kiling1: folds 
luis39: folds 
Aemstro: raises $0.02 to $0.04
Dorex2007: folds 
tadao577: calls $0.04
VTN*81: calls $0.03
djkimera: calls $0.02
*** FLOP *** [7d Ks Ac]
VTN*81: checks 
djkimera: checks 
Aemstro: checks 
tadao577: checks 
*** TURN *** [7d Ks Ac] [5s]
VTN*81: bets $0.08
djkimera: calls $0.08
Aemstro: folds 
tadao577: calls $0.08
*** RIVER *** [7d Ks Ac 5s] [3d]
VTN*81: bets $0.22
djkimera: folds 
tadao577: folds 
Uncalled bet ($0.22) returned to VTN*81
VTN*81 collected $0.39 from pot
VTN*81: doesn't show hand 
*** SUMMARY ***
Total pot $0.40 | Rake $0.01 
Board [7d Ks Ac 5s 3d]
Seat 1: VTN*81 (small blind) collected ($0.39)
Seat 3: djkimera (big blind) folded on the River
Seat 4: kiling1 folded before Flop (didn't bet)
Seat 5: luis39 folded before Flop (didn't bet)
Seat 6: Aemstro folded on the Turn
Seat 7: Dorex2007 folded before Flop (didn't bet)
Seat 9: tadao577 (button) folded on the River



PokerStars Hand #232733783836:  Hold'em No Limit ($0.01/$0.02 USD) - 2022/01/01 21:05:45 PT [2022/01/02 0:05:45 ET]
Table 'Mauritia IV' 9-max Seat #1 is the button
Seat 1: VTN*81 ($2.35 in chips) 
Seat 3: djkimera ($2.05 in chips) 
Seat 4: kiling1 ($0.81 in chips) 
Seat 5: luis39 ($1.10 in chips) 
Seat 6: Aemstro ($3.01 in chips) 
Seat 7: Dorex2007 ($2.53 in chips) 
Seat 9: tadao577 ($2.94 in chips) 
djkimera: posts small blind $0.01
kiling1: posts big blind $0.02
*** HOLE CARDS ***
Dealt to Dorex2007 [Qc 4h]
luis39: folds 
Aemstro: raises $0.04 to $0.06
Dorex2007: folds 
tadao577: folds 
VTN*81: folds 
djkimera: folds 
kiling1: folds 
Uncalled bet ($0.04) returned to Aemstro
Aemstro collected $0.05 from pot
Aemstro: doesn't show hand 
*** SUMMARY ***
Total pot $0.05 | Rake $0 
Seat 1: VTN*81 (button) folded before Flop (didn't bet)
Seat 3: djkimera (small blind) folded before Flop
Seat 4: kiling1 (big blind) folded before Flop
Seat 5: luis39 folded before Flop (didn't bet)
Seat 6: Aemstro collected ($0.05)
Seat 7: Dorex2007 folded before Flop (didn't bet)
Seat 9: tadao577 folded before Flop (didn't bet)



PokerStars Hand #232733787290:  Hold'em No Limit ($0.01/$0.02 USD) - 2022/01/01 21:06:05 PT [2022/01/02 0:06:05 ET]
Table 'Mauritia IV' 9-max Seat #3 is the button
Seat 1: VTN*81 ($2.35 in chips) 
Seat 3: djkimera ($2.04 in chips) 
Seat 4: kiling1 ($0.79 in chips) 
Seat 5: luis39 ($1.10 in chips) 
Seat 6: Aemstro ($3.04 in chips) 
Seat 7: Dorex2007 ($2.53 in chips) 
Seat 9: tadao577 ($2.94 in chips) 
kiling1: posts small blind $0.01
luis39: posts big blind $0.02
*** HOLE CARDS ***
Dealt to Dorex2007 [7s 4s]
Aemstro: folds 
Dorex2007: folds 
tadao577: calls $0.02
VTN*81: folds 
djkimera: raises $0.07 to $0.09
kiling1: folds 
luis39: folds 
tadao577: folds 
Uncalled bet ($0.07) returned to djkimera
djkimera collected $0.07 from pot
djkimera: doesn't show hand 
*** SUMMARY ***
Total pot $0.07 | Rake $0 
Seat 1: VTN*81 folded before Flop (didn't bet)
Seat 3: djkimera (button) collected ($0.07)
Seat 4: kiling1 (small blind) folded before Flop
Seat 5: luis39 (big blind) folded before Flop
Seat 6: Aemstro folded before Flop (didn't bet)
Seat 7: Dorex2007 folded before Flop (didn't bet)
Seat 9: tadao577 folded before Flop



PokerStars Hand #232733793491:  Hold'em No Limit ($0.01/$0.02 USD) - 2022/01/01 21:06:40 PT [2022/01/02 0:06:40 ET]
Table 'Mauritia IV' 9-max Seat #4 is the button
Seat 1: VTN*81 ($2.35 in chips) 
Seat 3: djkimera ($2.09 in chips) 
Seat 4: kiling1 ($0.78 in chips) 
Seat 5: luis39 ($1.08 in chips) 
Seat 6: Aemstro ($3.04 in chips) 
Seat 7: Dorex2007 ($2.53 in chips) 
Seat 9: tadao577 ($2.92 in chips) 
luis39: posts small blind $0.01
Aemstro: posts big blind $0.02
Tobinhoyo: sits out 
*** HOLE CARDS ***
Dealt to Dorex2007 [3d 8s]
Dorex2007: folds 
tadao577: calls $0.02
VTN*81: raises $0.04 to $0.06
djkimera: calls $0.06
aslanturc joins the table at seat #2 
kiling1: calls $0.06
luis39: folds 
Aemstro: folds 
tadao577: calls $0.04
*** FLOP *** [3s 7s 9c]
tadao577: checks 
VTN*81: checks 
djkimera: bets $0.11
kiling1: folds 
tadao577: folds 
VTN*81: folds 
Uncalled bet ($0.11) returned to djkimera
djkimera collected $0.26 from pot
djkimera: doesn't show hand 
*** SUMMARY ***
Total pot $0.27 | Rake $0.01 
Board [3s 7s 9c]
Seat 1: VTN*81 folded on the Flop
Seat 3: djkimera collected ($0.26)
Seat 4: kiling1 (button) folded on the Flop
Seat 5: luis39 (small blind) folded before Flop
Seat 6: Aemstro (big blind) folded before Flop
Seat 7: Dorex2007 folded before Flop (didn't bet)
Seat 9: tadao577 folded on the Flop



PokerStars Hand #232733807131:  Hold'em No Limit ($0.01/$0.02 USD) - 2022/01/01 21:07:59 PT [2022/01/02 0:07:59 ET]
Table 'Mauritia IV' 9-max Seat #5 is the button
Seat 1: VTN*81 ($2.29 in chips) 
Seat 3: djkimera ($2.29 in chips) 
Seat 4: kiling1 ($0.72 in chips) 
Seat 5: luis39 ($1.07 in chips) 
Seat 6: Aemstro ($3.02 in chips) 
Seat 7: Dorex2007 ($2.53 in chips) 
Seat 9: tadao577 ($2.86 in chips) 
Aemstro: posts small blind $0.01
Dorex2007: posts big blind $0.02
Tobinhoyo: sits out 
aslanturc: sits out 
*** HOLE CARDS ***
Dealt to Dorex2007 [5h 8c]
tadao577: folds 
VTN*81: raises $0.02 to $0.04
djkimera: folds 
kiling1: folds 
luis39: folds 
Aemstro: folds 
Dorex2007: folds 
Uncalled bet ($0.02) returned to VTN*81
VTN*81 collected $0.05 from pot
VTN*81: doesn't show hand 
*** SUMMARY ***
Total pot $0.05 | Rake $0 
Seat 1: VTN*81 collected ($0.05)
Seat 3: djkimera folded before Flop (didn't bet)
Seat 4: kiling1 folded before Flop (didn't bet)
Seat 5: luis39 (button) folded before Flop (didn't bet)
Seat 6: Aemstro (small blind) folded before Flop
Seat 7: Dorex2007 (big blind) folded before Flop
Seat 9: tadao577 folded before Flop (didn't bet)



PokerStars Hand #232733810095:  Hold'em No Limit ($0.01/$0.02 USD) - 2022/01/01 21:08:15 PT [2022/01/02 0:08:15 ET]
Table 'Mauritia IV' 9-max Seat #6 is the button
Seat 1: VTN*81 ($2.32 in chips) 
Seat 3: djkimera ($2.29 in chips) 
Seat 4: kiling1 ($0.72 in chips) 
Seat 5: luis39 ($1.07 in chips) 
Seat 6: Aemstro ($3.01 in chips) 
Seat 7: Dorex2007 ($2.51 in chips) 
Seat 8: Tobinhoyo ($2.07 in chips) 
Seat 9: tadao577 ($2.86 in chips) 
Dorex2007: posts small blind $0.01
Tobinhoyo: posts big blind $0.02
aslanturc: sits out 
*** HOLE CARDS ***
Dealt to Dorex2007 [3c Qs]
tadao577: calls $0.02
VTN*81: folds 
djkimera: folds 
kiling1: folds 
luis39: raises $1.05 to $1.07 and is all-in
Aemstro: folds 
Dorex2007: folds 
Tobinhoyo has timed out
Tobinhoyo: folds 
tadao577: folds 
Uncalled bet ($1.05) returned to luis39
luis39 collected $0.07 from pot
luis39: doesn't show hand 
*** SUMMARY ***
Total pot $0.07 | Rake $0 
Seat 1: VTN*81 folded before Flop (didn't bet)
Seat 3: djkimera folded before Flop (didn't bet)
Seat 4: kiling1 folded before Flop (didn't bet)
Seat 5: luis39 collected ($0.07)
Seat 6: Aemstro (button) folded before Flop (didn't bet)
Seat 7: Dorex2007 (small blind) folded before Flop
Seat 8: Tobinhoyo (big blind) folded before Flop
Seat 9: tadao577 folded before Flop



PokerStars Hand #232733821269:  Hold'em No Limit ($0.01/$0.02 USD) - 2022/01/01 21:08:54 PT [2022/01/02 0:08:54 ET]
Table 'Mauritia IV' 9-max Seat #7 is the button
Seat 1: VTN*81 ($2.32 in chips) 
Seat 3: djkimera ($2.29 in chips) 
Seat 4: kiling1 ($0.72 in chips) 
Seat 5: luis39 ($1.12 in chips) 
Seat 6: Aemstro ($3.01 in chips) 
Seat 7: Dorex2007 ($2.50 in chips) 
Seat 9: tadao577 ($2.84 in chips) 
tadao577: posts small blind $0.01
VTN*81: posts big blind $0.02
aslanturc: sits out 
*** HOLE CARDS ***
Dealt to Dorex2007 [8h 3d]
djkimera: folds 
kiling1: folds 
luis39: calls $0.02
Aemstro: calls $0.02
Dorex2007: folds 
tadao577: calls $0.01
VTN*81: checks 
*** FLOP *** [Jd 3h 8c]
tadao577: checks 
VTN*81: checks 
luis39: checks 
Aemstro: checks 
*** TURN *** [Jd 3h 8c] [6s]
tadao577: checks 
VTN*81: bets $0.04
luis39: folds 
Aemstro: folds 
tadao577: folds 
Uncalled bet ($0.04) returned to VTN*81
VTN*81 collected $0.08 from pot
VTN*81: doesn't show hand 
*** SUMMARY ***
Total pot $0.08 | Rake $0 
Board [Jd 3h 8c 6s]
Seat 1: VTN*81 (big blind) collected ($0.08)
Seat 3: djkimera folded before Flop (didn't bet)
Seat 4: kiling1 folded before Flop (didn't bet)
Seat 5: luis39 folded on the Turn
Seat 6: Aemstro folded on the Turn
Seat 7: Dorex2007 (button) folded before Flop (didn't bet)
Seat 9: tadao577 (small blind) folded on the Turn



PokerStars Hand #232733831258:  Hold'em No Limit ($0.01/$0.02 USD) - 2022/01/01 21:09:52 PT [2022/01/02 0:09:52 ET]
Table 'Mauritia IV' 9-max Seat #9 is the button
Seat 1: VTN*81 ($2.38 in chips) 
Seat 2: aslanturc ($1.60 in chips) 
Seat 3: djkimera ($2.29 in chips) 
Seat 4: kiling1 ($0.72 in chips) 
Seat 5: luis39 ($1.10 in chips) 
Seat 6: Aemstro ($2.99 in chips) 
Seat 7: Dorex2007 ($2.50 in chips) 
Seat 9: tadao577 ($2.82 in chips) 
VTN*81: posts small blind $0.01
aslanturc: posts big blind $0.02
Tobinhoyo: sits out 
*** HOLE CARDS ***
Dealt to Dorex2007 [Td 9c]
djkimera: folds 
kiling1: folds 
luis39: calls $0.02
Aemstro: raises $0.17 to $0.19
Dorex2007: folds 
tadao577: folds 
VTN*81: folds 
aslanturc: folds 
luis39: calls $0.17
*** FLOP *** [Jc 5h Qh]
luis39: checks 
Aemstro: bets $0.10
luis39: folds 
Uncalled bet ($0.10) returned to Aemstro
Aemstro collected $0.40 from pot
Aemstro: doesn't show hand 
*** SUMMARY ***
Total pot $0.41 | Rake $0.01 
Board [Jc 5h Qh]
Seat 1: VTN*81 (small blind) folded before Flop
Seat 2: aslanturc (big blind) folded before Flop
Seat 3: djkimera folded before Flop (didn't bet)
Seat 4: kiling1 folded before Flop (didn't bet)
Seat 5: luis39 folded on the Flop
Seat 6: Aemstro collected ($0.40)
Seat 7: Dorex2007 folded before Flop (didn't bet)
Seat 9: tadao577 (button) folded before Flop (didn't bet)



PokerStars Hand #232733850471:  Hold'em No Limit ($0.01/$0.02 USD) - 2022/01/01 21:10:47 PT [2022/01/02 0:10:47 ET]
Table 'Mauritia IV' 9-max Seat #1 is the button
Seat 1: VTN*81 ($2.37 in chips) 
Seat 2: aslanturc ($1.58 in chips) 
Seat 3: djkimera ($2.29 in chips) 
Seat 4: kiling1 ($0.72 in chips) 
Seat 5: luis39 ($0.91 in chips) 
Seat 6: Aemstro ($3.20 in chips) 
Seat 7: Dorex2007 ($2.50 in chips) 
Seat 9: tadao577 ($2.82 in chips) 
aslanturc: posts small blind $0.01
djkimera: posts big blind $0.02
Tobinhoyo: sits out 
*** HOLE CARDS ***
Dealt to Dorex2007 [3h Tc]
kiling1: folds 
luis39: folds 
Aemstro: calls $0.02
Dorex2007: folds 
tadao577: calls $0.02
VTN*81: calls $0.02
aslanturc: calls $0.01
djkimera: checks 
*** FLOP *** [Qc Ad Jc]
aslanturc: checks 
djkimera: checks 
Aemstro: checks 
tadao577: checks 
VTN*81: checks 
*** TURN *** [Qc Ad Jc] [6c]
aslanturc: checks 
djkimera: checks 
Aemstro: checks 
tadao577: bets $0.08
VTN*81: folds 
aslanturc: calls $0.08
djkimera: folds 
Aemstro: folds 
*** RIVER *** [Qc Ad Jc 6c] [Js]
aslanturc: checks 
tadao577: bets $0.12
aslanturc: calls $0.12
*** SHOW DOWN ***
tadao577: shows [8c 5c] (a flush, Queen high)
aslanturc: mucks hand 
tadao577 collected $0.48 from pot
*** SUMMARY ***
Total pot $0.50 | Rake $0.02 
Board [Qc Ad Jc 6c Js]
Seat 1: VTN*81 (button) folded on the Turn
Seat 2: aslanturc (small blind) mucked [Jd Th]
Seat 3: djkimera (big blind) folded on the Turn
Seat 4: kiling1 folded before Flop (didn't bet)
Seat 5: luis39 folded before Flop (didn't bet)
Seat 6: Aemstro folded on the Turn
Seat 7: Dorex2007 folded before Flop (didn't bet)
Seat 9: tadao577 showed [8c 5c] and won ($0.48) with a flush, Queen high



PokerStars Hand #232733866879:  Hold'em No Limit ($0.01/$0.02 USD) - 2022/01/01 21:12:23 PT [2022/01/02 0:12:23 ET]
Table 'Mauritia IV' 9-max Seat #2 is the button
Seat 1: VTN*81 ($2.35 in chips) 
Seat 2: aslanturc ($1.36 in chips) 
Seat 3: djkimera ($2.27 in chips) 
Seat 4: kiling1 ($0.72 in chips) 
Seat 5: luis39 ($0.91 in chips) 
Seat 6: Aemstro ($3.18 in chips) 
Seat 7: Dorex2007 ($2.50 in chips) 
Seat 9: tadao577 ($3.08 in chips) 
djkimera: posts small blind $0.01
kiling1: posts big blind $0.02
Tobinhoyo: sits out 
*** HOLE CARDS ***
Dealt to Dorex2007 [9c 6s]
luis39: folds 
Aemstro: folds 
Dorex2007: folds 
tadao577: folds 
VTN*81: calls $0.02
aslanturc: folds 
djkimera: raises $0.03 to $0.05
kiling1: calls $0.03
VTN*81: calls $0.03
*** FLOP *** [Qs Jd 2h]
djkimera: bets $0.05
kiling1: calls $0.05
VTN*81: folds 
*** TURN *** [Qs Jd 2h] [4d]
djkimera: checks 
kiling1: bets $0.62 and is all-in
djkimera: folds 
Uncalled bet ($0.62) returned to kiling1
kiling1 collected $0.24 from pot
kiling1: doesn't show hand 
*** SUMMARY ***
Total pot $0.25 | Rake $0.01 
Board [Qs Jd 2h 4d]
Seat 1: VTN*81 folded on the Flop
Seat 2: aslanturc (button) folded before Flop (didn't bet)
Seat 3: djkimera (small blind) folded on the Turn
Seat 4: kiling1 (big blind) collected ($0.24)
Seat 5: luis39 folded before Flop (didn't bet)
Seat 6: Aemstro folded before Flop (didn't bet)
Seat 7: Dorex2007 folded before Flop (didn't bet)
Seat 9: tadao577 folded before Flop (didn't bet)



PokerStars Hand #232733881970:  Hold'em No Limit ($0.01/$0.02 USD) - 2022/01/01 21:13:51 PT [2022/01/02 0:13:51 ET]
Table 'Mauritia IV' 9-max Seat #3 is the button
Seat 1: VTN*81 ($2.30 in chips) 
Seat 2: aslanturc ($1.36 in chips) 
Seat 3: djkimera ($2.17 in chips) 
Seat 4: kiling1 ($0.86 in chips) 
Seat 5: luis39 ($0.91 in chips) 
Seat 6: Aemstro ($3.18 in chips) 
Seat 7: Dorex2007 ($2.50 in chips) 
Seat 9: tadao577 ($3.08 in chips) 
kiling1: posts small blind $0.01
luis39: posts big blind $0.02
Tobinhoyo: sits out 
*** HOLE CARDS ***
Dealt to Dorex2007 [Ah 3c]
Aemstro: folds 
Dorex2007: folds 
tadao577: calls $0.02
VTN*81: calls $0.02
aslanturc: folds 
djkimera: folds 
kiling1: folds 
luis39: checks 
*** FLOP *** [7h 5d 7c]
luis39: checks 
tadao577: checks 
VTN*81: bets $0.04
luis39: folds 
tadao577: folds 
Uncalled bet ($0.04) returned to VTN*81
VTN*81 collected $0.07 from pot
VTN*81: doesn't show hand 
*** SUMMARY ***
Total pot $0.07 | Rake $0 
Board [7h 5d 7c]
Seat 1: VTN*81 collected ($0.07)
Seat 2: aslanturc folded before Flop (didn't bet)
Seat 3: djkimera (button) folded before Flop (didn't bet)
Seat 4: kiling1 (small blind) folded before Flop
Seat 5: luis39 (big blind) folded on the Flop
Seat 6: Aemstro folded before Flop (didn't bet)
Seat 7: Dorex2007 folded before Flop (didn't bet)
Seat 9: tadao577 folded on the Flop



PokerStars Hand #232733888777:  Hold'em No Limit ($0.01/$0.02 USD) - 2022/01/01 21:14:31 PT [2022/01/02 0:14:31 ET]
Table 'Mauritia IV' 9-max Seat #4 is the button
Seat 1: VTN*81 ($2.35 in chips) 
Seat 2: aslanturc ($1.36 in chips) 
Seat 3: djkimera ($2.17 in chips) 
Seat 4: kiling1 ($0.85 in chips) 
Seat 5: luis39 ($0.89 in chips) 
Seat 6: Aemstro ($3.18 in chips) 
Seat 7: Dorex2007 ($2.50 in chips) 
Seat 9: tadao577 ($3.06 in chips) 
luis39: posts small blind $0.01
Aemstro: posts big blind $0.02
Tobinhoyo: sits out 
*** HOLE CARDS ***
Dealt to Dorex2007 [Ah 9h]
Dorex2007: calls $0.02
tadao577: calls $0.02
VTN*81: folds 
kiling1 is disconnected 
aslanturc: raises $0.10 to $0.12
djkimera: folds 
kiling1 is connected 
kiling1 has timed out
kiling1: folds 
luis39: calls $0.11
Aemstro: calls $0.10
Dorex2007: folds 
tadao577: folds 
*** FLOP *** [4d Ac 7s]
luis39: checks 
Aemstro: checks 
aslanturc: bets $0.20
luis39: folds 
Aemstro: folds 
Uncalled bet ($0.20) returned to aslanturc
aslanturc collected $0.39 from pot
aslanturc: doesn't show hand 
*** SUMMARY ***
Total pot $0.40 | Rake $0.01 
Board [4d Ac 7s]
Seat 1: VTN*81 folded before Flop (didn't bet)
Seat 2: aslanturc collected ($0.39)
Seat 3: djkimera folded before Flop (didn't bet)
Seat 4: kiling1 (button) folded before Flop (didn't bet)
Seat 5: luis39 (small blind) folded on the Flop
Seat 6: Aemstro (big blind) folded on the Flop
Seat 7: Dorex2007 folded before Flop
Seat 9: tadao577 folded before Flop



PokerStars Hand #232733903864:  Hold'em No Limit ($0.01/$0.02 USD) - 2022/01/01 21:16:02 PT [2022/01/02 0:16:02 ET]
Table 'Mauritia IV' 9-max Seat #5 is the button
Seat 1: VTN*81 ($2.35 in chips) 
Seat 2: aslanturc ($1.63 in chips) 
Seat 3: djkimera ($2.17 in chips) 
Seat 4: kiling1 ($0.85 in chips) 
Seat 5: luis39 ($0.77 in chips) 
Seat 6: Aemstro ($3.06 in chips) 
Seat 7: Dorex2007 ($2.48 in chips) 
Seat 9: tadao577 ($3.04 in chips) 
Aemstro: posts small blind $0.01
Dorex2007: posts big blind $0.02
Tobinhoyo: sits out 
*** HOLE CARDS ***
Dealt to Dorex2007 [Js Ts]
tadao577: calls $0.02
VTN*81: folds 
aslanturc: folds 
djkimera: folds 
kiling1: folds 
luis39: raises $0.08 to $0.10
Aemstro: folds 
Dorex2007: folds 
tadao577: calls $0.08
*** FLOP *** [6s 3s Kd]
tadao577: checks 
luis39: bets $0.11
tadao577: folds 
Uncalled bet ($0.11) returned to luis39
luis39 collected $0.22 from pot
luis39: doesn't show hand 
*** SUMMARY ***
Total pot $0.23 | Rake $0.01 
Board [6s 3s Kd]
Seat 1: VTN*81 folded before Flop (didn't bet)
Seat 2: aslanturc folded before Flop (didn't bet)
Seat 3: djkimera folded before Flop (didn't bet)
Seat 4: kiling1 folded before Flop (didn't bet)
Seat 5: luis39 (button) collected ($0.22)
Seat 6: Aemstro (small blind) folded before Flop
Seat 7: Dorex2007 (big blind) folded before Flop
Seat 9: tadao577 folded on the Flop



PokerStars Hand #232733911554:  Hold'em No Limit ($0.01/$0.02 USD) - 2022/01/01 21:16:48 PT [2022/01/02 0:16:48 ET]
Table 'Mauritia IV' 9-max Seat #6 is the button
Seat 1: VTN*81 ($2.35 in chips) 
Seat 2: aslanturc ($1.63 in chips) 
Seat 3: djkimera ($2.17 in chips) 
Seat 4: kiling1 ($0.85 in chips) 
Seat 5: luis39 ($0.89 in chips) 
Seat 6: Aemstro ($3.05 in chips) 
Seat 7: Dorex2007 ($2.46 in chips) 
Seat 8: Tobinhoyo ($2.05 in chips) 
Seat 9: tadao577 ($2.94 in chips) 
Dorex2007: posts small blind $0.01
Tobinhoyo: posts big blind $0.02
*** HOLE CARDS ***
Dealt to Dorex2007 [Ks 3s]
tadao577: calls $0.02
VTN*81: folds 
aslanturc: folds 
djkimera: raises $0.03 to $0.05
kiling1: folds 
luis39: folds 
Aemstro: folds 
Dorex2007: folds 
Tobinhoyo: calls $0.03
tadao577: calls $0.03
*** FLOP *** [7d Th Td]
Tobinhoyo: checks 
tadao577: checks 
djkimera: bets $0.07
Tobinhoyo has timed out
Tobinhoyo: folds 
tadao577: folds 
Uncalled bet ($0.07) returned to djkimera
djkimera collected $0.15 from pot
djkimera: doesn't show hand 
*** SUMMARY ***
Total pot $0.16 | Rake $0.01 
Board [7d Th Td]
Seat 1: VTN*81 folded before Flop (didn't bet)
Seat 2: aslanturc folded before Flop (didn't bet)
Seat 3: djkimera collected ($0.15)
Seat 4: kiling1 folded before Flop (didn't bet)
Seat 5: luis39 folded before Flop (didn't bet)
Seat 6: Aemstro (button) folded before Flop (didn't bet)
Seat 7: Dorex2007 (small blind) folded before Flop
Seat 8: Tobinhoyo (big blind) folded on the Flop
Seat 9: tadao577 folded on the Flop



PokerStars Hand #232733931472:  Hold'em No Limit ($0.01/$0.02 USD) - 2022/01/01 21:18:14 PT [2022/01/02 0:18:14 ET]
Table 'Mauritia IV' 9-max Seat #7 is the button
Seat 1: VTN*81 ($2.35 in chips) 
Seat 2: aslanturc ($1.63 in chips) 
Seat 3: djkimera ($2.27 in chips) 
Seat 4: kiling1 ($0.85 in chips) 
Seat 5: luis39 ($0.89 in chips) 
Seat 6: Aemstro ($3.05 in chips) 
Seat 7: Dorex2007 ($2.45 in chips) 
Seat 9: tadao577 ($2.89 in chips) 
tadao577: posts small blind $0.01
VTN*81: posts big blind $0.02
*** HOLE CARDS ***
Dealt to Dorex2007 [Js 8d]
aslanturc: folds 
djkimera: folds 
kiling1: raises $0.04 to $0.06
luis39: folds 
Aemstro: calls $0.06
Dorex2007: folds 
tadao577: calls $0.05
VTN*81: folds 
*** FLOP *** [Qh 2c 5h]
tadao577: checks 
kiling1 is disconnected 
kiling1 is connected 
kiling1: bets $0.06
Aemstro said, "36 XD2DD"
Aemstro: folds 
tadao577: calls $0.06
*** TURN *** [Qh 2c 5h] [7h]
tadao577: checks 
kiling1: bets $0.20
tadao577: folds 
Uncalled bet ($0.20) returned to kiling1
kiling1 collected $0.31 from pot
kiling1: doesn't show hand 
*** SUMMARY ***
Total pot $0.32 | Rake $0.01 
Board [Qh 2c 5h 7h]
Seat 1: VTN*81 (big blind) folded before Flop
Seat 2: aslanturc folded before Flop (didn't bet)
Seat 3: djkimera folded before Flop (didn't bet)
Seat 4: kiling1 collected ($0.31)
Seat 5: luis39 folded before Flop (didn't bet)
Seat 6: Aemstro folded on the Flop
Seat 7: Dorex2007 (button) folded before Flop (didn't bet)
Seat 9: tadao577 (small blind) folded on the Turn



PokerStars Hand #232733955976:  Hold'em No Limit ($0.01/$0.02 USD) - 2022/01/01 21:19:51 PT [2022/01/02 0:19:51 ET]
Table 'Mauritia IV' 9-max Seat #9 is the button
Seat 1: VTN*81 ($2.33 in chips) 
Seat 2: aslanturc ($1.63 in chips) 
Seat 3: djkimera ($2.27 in chips) 
Seat 4: kiling1 ($1.04 in chips) 
Seat 5: luis39 ($0.89 in chips) 
Seat 6: Aemstro ($2.99 in chips) 
Seat 7: Dorex2007 ($2.45 in chips) 
Seat 9: tadao577 ($2.77 in chips) 
VTN*81: posts small blind $0.01
aslanturc: posts big blind $0.02
Tobinhoyo: sits out 
*** HOLE CARDS ***
Dealt to Dorex2007 [5d Ts]
djkimera: folds 
kiling1: folds 
luis39: calls $0.02
Aemstro: folds 
Dorex2007: folds 
tadao577: calls $0.02
VTN*81: calls $0.01
aslanturc: checks 
*** FLOP *** [8d 7c Qh]
VTN*81: checks 
aslanturc: checks 
luis39: checks 
tadao577: checks 
*** TURN *** [8d 7c Qh] [2d]
VTN*81: checks 
aslanturc: checks 
luis39: checks 
tadao577 is disconnected 
tadao577 is connected 
tadao577: checks 
*** RIVER *** [8d 7c Qh 2d] [7s]
VTN*81: bets $0.08
aslanturc: folds 
luis39: folds 
tadao577: folds 
Uncalled bet ($0.08) returned to VTN*81
VTN*81 collected $0.08 from pot
VTN*81: doesn't show hand 
*** SUMMARY ***
Total pot $0.08 | Rake $0 
Board [8d 7c Qh 2d 7s]
Seat 1: VTN*81 (small blind) collected ($0.08)
Seat 2: aslanturc (big blind) folded on the River
Seat 3: djkimera folded before Flop (didn't bet)
Seat 4: kiling1 folded before Flop (didn't bet)
Seat 5: luis39 folded on the River
Seat 6: Aemstro folded before Flop (didn't bet)
Seat 7: Dorex2007 folded before Flop (didn't bet)
Seat 9: tadao577 (button) folded on the River



PokerStars Hand #232733973275:  Hold'em No Limit ($0.01/$0.02 USD) - 2022/01/01 21:21:35 PT [2022/01/02 0:21:35 ET]
Table 'Mauritia IV' 9-max Seat #1 is the button
Seat 1: VTN*81 ($2.39 in chips) 
Seat 2: aslanturc ($1.61 in chips) 
Seat 3: djkimera ($2.27 in chips) 
Seat 4: kiling1 ($1.04 in chips) 
Seat 5: luis39 ($0.87 in chips) 
Seat 6: Aemstro ($2.99 in chips) 
Seat 7: Dorex2007 ($2.45 in chips) 
Seat 9: tadao577 ($2.75 in chips) 
aslanturc: posts small blind $0.01
djkimera: posts big blind $0.02
Tobinhoyo: sits out 
*** HOLE CARDS ***
Dealt to Dorex2007 [Ts 9s]
kiling1: folds 
luis39: raises $0.02 to $0.04
Aemstro: raises $0.10 to $0.14
Dorex2007: folds 
tadao577: folds 
VTN*81: folds 
aslanturc: folds 
djkimera: folds 
luis39: calls $0.10
*** FLOP *** [8s 7h 4h]
luis39: checks 
Aemstro: bets $0.15
luis39: folds 
Uncalled bet ($0.15) returned to Aemstro
Aemstro collected $0.30 from pot
Aemstro: doesn't show hand 
*** SUMMARY ***
Total pot $0.31 | Rake $0.01 
Board [8s 7h 4h]
Seat 1: VTN*81 (button) folded before Flop (didn't bet)
Seat 2: aslanturc (small blind) folded before Flop
Seat 3: djkimera (big blind) folded before Flop
Seat 4: kiling1 folded before Flop (didn't bet)
Seat 5: luis39 folded on the Flop
Seat 6: Aemstro collected ($0.30)
Seat 7: Dorex2007 folded before Flop (didn't bet)
Seat 9: tadao577 folded before Flop (didn't bet)



PokerStars Hand #232733981139:  Hold'em No Limit ($0.01/$0.02 USD) - 2022/01/01 21:22:22 PT [2022/01/02 0:22:22 ET]
Table 'Mauritia IV' 9-max Seat #2 is the button
Seat 1: VTN*81 ($2.39 in chips) 
Seat 2: aslanturc ($1.60 in chips) 
Seat 3: djkimera ($2.25 in chips) 
Seat 4: kiling1 ($1.04 in chips) 
Seat 5: luis39 ($0.73 in chips) 
Seat 6: Aemstro ($3.15 in chips) 
Seat 7: Dorex2007 ($2.45 in chips) 
Seat 9: tadao577 ($2.75 in chips) 
djkimera: posts small blind $0.01
kiling1: posts big blind $0.02
Tobinhoyo: sits out 
*** HOLE CARDS ***
Dealt to Dorex2007 [8d Td]
luis39: calls $0.02
Aemstro: folds 
Dorex2007: folds 
tadao577: folds 
VTN*81: calls $0.02
aslanturc: raises $0.09 to $0.11
djkimera: folds 
kiling1: folds 
luis39: calls $0.09
VTN*81: folds 
*** FLOP *** [Ah Qd 5h]
luis39: checks 
aslanturc: checks 
*** TURN *** [Ah Qd 5h] [9s]
luis39: checks 
aslanturc: bets $0.13
luis39: calls $0.13
*** RIVER *** [Ah Qd 5h 9s] [Jc]
luis39: bets $0.49 and is all-in
aslanturc: calls $0.49
*** SHOW DOWN ***
luis39: shows [Ts Ac] (a pair of Aces)
aslanturc: shows [As Qs] (two pair, Aces and Queens)
aslanturc collected $1.46 from pot
*** SUMMARY ***
Total pot $1.51 | Rake $0.05 
Board [Ah Qd 5h 9s Jc]
Seat 1: VTN*81 folded before Flop
Seat 2: aslanturc (button) showed [As Qs] and won ($1.46) with two pair, Aces and Queens
Seat 3: djkimera (small blind) folded before Flop
Seat 4: kiling1 (big blind) folded before Flop
Seat 5: luis39 showed [Ts Ac] and lost with a pair of Aces
Seat 6: Aemstro folded before Flop (didn't bet)
Seat 7: Dorex2007 folded before Flop (didn't bet)
Seat 9: tadao577 folded before Flop (didn't bet)



PokerStars Hand #232733997896:  Hold'em No Limit ($0.01/$0.02 USD) - 2022/01/01 21:24:02 PT [2022/01/02 0:24:02 ET]
Table 'Mauritia IV' 9-max Seat #3 is the button
Seat 1: VTN*81 ($2.37 in chips) 
Seat 2: aslanturc ($2.33 in chips) 
Seat 3: djkimera ($2.24 in chips) 
Seat 4: kiling1 ($1.02 in chips) 
Seat 6: Aemstro ($3.15 in chips) 
Seat 7: Dorex2007 ($2.45 in chips) 
Seat 9: tadao577 ($2.75 in chips) 
kiling1: posts small blind $0.01
Aemstro: posts big blind $0.02
Tobinhoyo: sits out 
*** HOLE CARDS ***
Dealt to Dorex2007 [Jd 4s]
Dorex2007: folds 
tadao577: calls $0.02
luis39 leaves the table
VTN*81: folds 
aslanturc: folds 
djkimera: folds 
kiling1: calls $0.01
Aemstro: checks 
*** FLOP *** [6c 9h 4d]
kiling1: checks 
Aemstro: checks 
tadao577: checks 
*** TURN *** [6c 9h 4d] [9s]
kiling1: checks 
Aemstro: checks 
tadao577: checks 
*** RIVER *** [6c 9h 4d 9s] [6s]
kiling1: bets $0.02
Aemstro: folds 
tadao577: folds 
Uncalled bet ($0.02) returned to kiling1
kiling1 collected $0.06 from pot
kiling1: doesn't show hand 
*** SUMMARY ***
Total pot $0.06 | Rake $0 
Board [6c 9h 4d 9s 6s]
Seat 1: VTN*81 folded before Flop (didn't bet)
Seat 2: aslanturc folded before Flop (didn't bet)
Seat 3: djkimera (button) folded before Flop (didn't bet)
Seat 4: kiling1 (small blind) collected ($0.06)
Seat 6: Aemstro (big blind) folded on the River
Seat 7: Dorex2007 folded before Flop (didn't bet)
Seat 9: tadao577 folded on the River



PokerStars Hand #232734006037:  Hold'em No Limit ($0.01/$0.02 USD) - 2022/01/01 21:24:51 PT [2022/01/02 0:24:51 ET]
Table 'Mauritia IV' 9-max Seat #4 is the button
Seat 1: VTN*81 ($2.37 in chips) 
Seat 2: aslanturc ($2.33 in chips) 
Seat 3: djkimera ($2.24 in chips) 
Seat 4: kiling1 ($1.06 in chips) 
Seat 6: Aemstro ($3.13 in chips) 
Seat 7: Dorex2007 ($2.45 in chips) 
Seat 9: tadao577 ($2.73 in chips) 
Aemstro: posts small blind $0.01
Dorex2007: posts big blind $0.02
Tobinhoyo: sits out 
*** HOLE CARDS ***
Dealt to Dorex2007 [9d 6s]
tadao577: calls $0.02
VTN*81: folds 
aslanturc: folds 
djkimera: folds 
Vo33cH joins the table at seat #5 
kiling1: raises $0.06 to $0.08
Aemstro: calls $0.07
Dorex2007: folds 
tadao577: folds 
*** FLOP *** [Ah 2s Js]
Aemstro: checks 
kiling1: checks 
*** TURN *** [Ah 2s Js] [Qc]
Aemstro: checks 
kiling1: bets $0.14
Aemstro: folds 
Uncalled bet ($0.14) returned to kiling1
kiling1 collected $0.19 from pot
kiling1: doesn't show hand 
*** SUMMARY ***
Total pot $0.20 | Rake $0.01 
Board [Ah 2s Js Qc]
Seat 1: VTN*81 folded before Flop (didn't bet)
Seat 2: aslanturc folded before Flop (didn't bet)
Seat 3: djkimera folded before Flop (didn't bet)
Seat 4: kiling1 (button) collected ($0.19)
Seat 6: Aemstro (small blind) folded on the Turn
Seat 7: Dorex2007 (big blind) folded before Flop
Seat 9: tadao577 folded before Flop



PokerStars Hand #232734015704:  Hold'em No Limit ($0.01/$0.02 USD) - 2022/01/01 21:25:48 PT [2022/01/02 0:25:48 ET]
Table 'Mauritia IV' 9-max Seat #6 is the button
Seat 1: VTN*81 ($2.37 in chips) 
Seat 2: aslanturc ($2.33 in chips) 
Seat 3: djkimera ($2.24 in chips) 
Seat 4: kiling1 ($1.17 in chips) 
Seat 6: Aemstro ($3.05 in chips) 
Seat 7: Dorex2007 ($2.43 in chips) 
Seat 8: Tobinhoyo ($2 in chips) 
Seat 9: tadao577 ($2.71 in chips) 
Dorex2007: posts small blind $0.01
Tobinhoyo: posts big blind $0.02
Vo33cH: sits out 
*** HOLE CARDS ***
Dealt to Dorex2007 [5d Kc]
tadao577: calls $0.02
VTN*81: calls $0.02
aslanturc: folds 
djkimera: folds 
kiling1: calls $0.02
Aemstro: folds 
Dorex2007: folds 
Tobinhoyo has timed out
Tobinhoyo: checks 
*** FLOP *** [2d 4s Ac]
Tobinhoyo has timed out
Tobinhoyo: checks 
tadao577: checks 
VTN*81: checks 
kiling1: bets $0.09
Tobinhoyo has timed out
Tobinhoyo: folds 
tadao577: folds 
VTN*81: folds 
Uncalled bet ($0.09) returned to kiling1
kiling1 collected $0.09 from pot
*** SUMMARY ***
Total pot $0.09 | Rake $0 
Board [2d 4s Ac]
Seat 1: VTN*81 folded on the Flop
Seat 2: aslanturc folded before Flop (didn't bet)
Seat 3: djkimera folded before Flop (didn't bet)
Seat 4: kiling1 collected ($0.09)
Seat 6: Aemstro (button) folded before Flop (didn't bet)
Seat 7: Dorex2007 (small blind) folded before Flop
Seat 8: Tobinhoyo (big blind) folded on the Flop
Seat 9: tadao577 folded on the Flop



PokerStars Hand #232734028315:  Hold'em No Limit ($0.01/$0.02 USD) - 2022/01/01 21:27:04 PT [2022/01/02 0:27:04 ET]
Table 'Mauritia IV' 9-max Seat #7 is the button
Seat 1: VTN*81 ($2.35 in chips) 
Seat 2: aslanturc ($2.33 in chips) 
Seat 3: djkimera ($2.24 in chips) 
Seat 4: kiling1 ($1.24 in chips) 
Seat 6: Aemstro ($3.05 in chips) 
Seat 7: Dorex2007 ($2.42 in chips) 
Seat 9: tadao577 ($2.69 in chips) 
tadao577: posts small blind $0.01
VTN*81: posts big blind $0.02
Vo33cH: sits out 
*** HOLE CARDS ***
Dealt to Dorex2007 [8c 8s]
aslanturc: folds 
djkimera: folds 
kiling1: calls $0.02
Aemstro: raises $0.10 to $0.12
Dorex2007: folds 
tadao577: calls $0.11
VTN*81: folds 
kiling1: calls $0.10
*** FLOP *** [9h 4h 4c]
tadao577: checks 
kiling1: checks 
Aemstro: checks 
*** TURN *** [9h 4h 4c] [7s]
tadao577: checks 
kiling1: checks 
Aemstro: bets $0.19
tadao577: folds 
kiling1: folds 
Uncalled bet ($0.19) returned to Aemstro
kiling1 leaves the table
Aemstro collected $0.37 from pot
Aemstro: doesn't show hand 
*** SUMMARY ***
Total pot $0.38 | Rake $0.01 
Board [9h 4h 4c 7s]
Seat 1: VTN*81 (big blind) folded before Flop
Seat 2: aslanturc folded before Flop (didn't bet)
Seat 3: djkimera folded before Flop (didn't bet)
Seat 4: kiling1 folded on the Turn
Seat 6: Aemstro collected ($0.37)
Seat 7: Dorex2007 (button) folded before Flop (didn't bet)
Seat 9: tadao577 (small blind) folded on the Turn



PokerStars Hand #232734039286:  Hold'em No Limit ($0.01/$0.02 USD) - 2022/01/01 21:28:10 PT [2022/01/02 0:28:10 ET]
Table 'Mauritia IV' 9-max Seat #9 is the button
Seat 1: VTN*81 ($2.33 in chips) 
Seat 2: aslanturc ($2.33 in chips) 
Seat 3: djkimera ($2.24 in chips) 
Seat 6: Aemstro ($3.30 in chips) 
Seat 7: Dorex2007 ($2.42 in chips) 
Seat 9: tadao577 ($2.57 in chips) 
VTN*81: posts small blind $0.01
aslanturc: posts big blind $0.02
Vo33cH: sits out 
*** HOLE CARDS ***
Dealt to Dorex2007 [7c Ac]
djkimera: folds 
Aemstro: folds 
Dorex2007: folds 
tadao577: calls $0.02
VTN*81: calls $0.01
aslanturc: checks 
*** FLOP *** [8c 2s Qs]
VTN*81: bets $0.03
aslanturc: folds 
tadao577: folds 
Uncalled bet ($0.03) returned to VTN*81
VTN*81 collected $0.06 from pot
VTN*81: doesn't show hand 
*** SUMMARY ***
Total pot $0.06 | Rake $0 
Board [8c 2s Qs]
Seat 1: VTN*81 (small blind) collected ($0.06)
Seat 2: aslanturc (big blind) folded on the Flop
Seat 3: djkimera folded before Flop (didn't bet)
Seat 6: Aemstro folded before Flop (didn't bet)
Seat 7: Dorex2007 folded before Flop (didn't bet)
Seat 9: tadao577 (button) folded on the Flop



PokerStars Hand #232734046561:  Hold'em No Limit ($0.01/$0.02 USD) - 2022/01/01 21:28:54 PT [2022/01/02 0:28:54 ET]
Table 'Mauritia IV' 9-max Seat #1 is the button
Seat 1: VTN*81 ($2.37 in chips) 
Seat 2: aslanturc ($2.31 in chips) 
Seat 3: djkimera ($2.24 in chips) 
Seat 6: Aemstro ($3.30 in chips) 
Seat 7: Dorex2007 ($2.42 in chips) 
Seat 9: tadao577 ($2.55 in chips) 
aslanturc: posts small blind $0.01
djkimera: posts big blind $0.02
Vo33cH: sits out 
*** HOLE CARDS ***
Dealt to Dorex2007 [As Jd]
Aemstro: folds 
Dorex2007: raises $0.02 to $0.04
tadao577: folds 
VTN*81: calls $0.04
aslanturc: calls $0.03
djkimera: folds 
*** FLOP *** [2s 5d Ts]
aslanturc: checks 
Dorex2007: checks 
VTN*81: checks 
*** TURN *** [2s 5d Ts] [Td]
VANVIGA joins the table at seat #4 
aslanturc: bets $0.07
Dorex2007: calls $0.07
VTN*81: folds 
*** RIVER *** [2s 5d Ts Td] [2c]
aslanturc: bets $0.14
Dorex2007: folds 
Uncalled bet ($0.14) returned to aslanturc
aslanturc collected $0.27 from pot
aslanturc: doesn't show hand 
*** SUMMARY ***
Total pot $0.28 | Rake $0.01 
Board [2s 5d Ts Td 2c]
Seat 1: VTN*81 (button) folded on the Turn
Seat 2: aslanturc (small blind) collected ($0.27)
Seat 3: djkimera (big blind) folded before Flop
Seat 6: Aemstro folded before Flop (didn't bet)
Seat 7: Dorex2007 folded on the River
Seat 9: tadao577 folded before Flop (didn't bet)



PokerStars Hand #232734062979:  Hold'em No Limit ($0.01/$0.02 USD) - 2022/01/01 21:30:34 PT [2022/01/02 0:30:34 ET]
Table 'Mauritia IV' 9-max Seat #2 is the button
Seat 1: VTN*81 ($2.33 in chips) 
Seat 2: aslanturc ($2.47 in chips) 
Seat 3: djkimera ($2.22 in chips) 
Seat 4: VANVIGA ($1.60 in chips) 
Seat 6: Aemstro ($3.30 in chips) 
Seat 7: Dorex2007 ($2.31 in chips) 
Seat 9: tadao577 ($2.55 in chips) 
djkimera: posts small blind $0.01
VANVIGA: posts big blind $0.02
Vo33cH: sits out 
Tobinhoyo: sits out 
*** HOLE CARDS ***
Dealt to Dorex2007 [3s 2d]
Aemstro: folds 
Dorex2007: folds 
tadao577: calls $0.02
VTN*81 has timed out
VTN*81: folds 
aslanturc: folds 
djkimera: raises $0.07 to $0.09
VANVIGA: raises $0.17 to $0.26
tadao577: folds 
djkimera: calls $0.17
*** FLOP *** [2h 3c Ac]
djkimera: bets $0.05
VANVIGA: raises $0.21 to $0.26
djkimera: folds 
Uncalled bet ($0.21) returned to VANVIGA
VANVIGA collected $0.62 from pot
VANVIGA: doesn't show hand 
*** SUMMARY ***
Total pot $0.64 | Rake $0.02 
Board [2h 3c Ac]
Seat 1: VTN*81 folded before Flop (didn't bet)
Seat 2: aslanturc (button) folded before Flop (didn't bet)
Seat 3: djkimera (small blind) folded on the Flop
Seat 4: VANVIGA (big blind) collected ($0.62)
Seat 6: Aemstro folded before Flop (didn't bet)
Seat 7: Dorex2007 folded before Flop (didn't bet)
Seat 9: tadao577 folded before Flop



PokerStars Hand #232734071769:  Hold'em No Limit ($0.01/$0.02 USD) - 2022/01/01 21:31:27 PT [2022/01/02 0:31:27 ET]
Table 'Mauritia IV' 9-max Seat #3 is the button
Seat 1: VTN*81 ($2.33 in chips) 
Seat 2: aslanturc ($2.47 in chips) 
Seat 3: djkimera ($2 in chips) 
Seat 4: VANVIGA ($1.91 in chips) 
Seat 5: Vo33cH ($2 in chips) 
Seat 6: Aemstro ($3.30 in chips) 
Seat 7: Dorex2007 ($2.31 in chips) 
Seat 9: tadao577 ($2.53 in chips) 
VANVIGA: posts small blind $0.01
Vo33cH: posts big blind $0.02
Tobinhoyo: sits out 
*** HOLE CARDS ***
Dealt to Dorex2007 [2d 5s]
Aemstro: folds 
Dorex2007: folds 
tadao577: calls $0.02
VTN*81: calls $0.02
aslanturc: calls $0.02
djkimera: folds 
VANVIGA: calls $0.01
Vo33cH: checks 
*** FLOP *** [Th 9h 5h]
VANVIGA: checks 
Vo33cH: checks 
tadao577: checks 
VTN*81: checks 
aslanturc: checks 
*** TURN *** [Th 9h 5h] [2c]
VANVIGA: checks 
Vo33cH: checks 
tadao577: checks 
VTN*81: checks 
aslanturc: bets $0.10
VANVIGA: folds 
Vo33cH: folds 
tadao577: folds 
VTN*81: folds 
Uncalled bet ($0.10) returned to aslanturc
aslanturc collected $0.10 from pot
aslanturc: doesn't show hand 
*** SUMMARY ***
Total pot $0.10 | Rake $0 
Board [Th 9h 5h 2c]
Seat 1: VTN*81 folded on the Turn
Seat 2: aslanturc collected ($0.10)
Seat 3: djkimera (button) folded before Flop (didn't bet)
Seat 4: VANVIGA (small blind) folded on the Turn
Seat 5: Vo33cH (big blind) folded on the Turn
Seat 6: Aemstro folded before Flop (didn't bet)
Seat 7: Dorex2007 folded before Flop (didn't bet)
Seat 9: tadao577 folded on the Turn



PokerStars Hand #232734087623:  Hold'em No Limit ($0.01/$0.02 USD) - 2022/01/01 21:33:04 PT [2022/01/02 0:33:04 ET]
Table 'Mauritia IV' 9-max Seat #4 is the button
Seat 1: VTN*81 ($2.31 in chips) 
Seat 2: aslanturc ($2.55 in chips) 
Seat 3: djkimera ($2 in chips) 
Seat 4: VANVIGA ($1.89 in chips) 
Seat 5: Vo33cH ($1.98 in chips) 
Seat 6: Aemstro ($3.30 in chips) 
Seat 7: Dorex2007 ($2.31 in chips) 
Seat 9: tadao577 ($2.51 in chips) 
Vo33cH: posts small blind $0.01
Aemstro: posts big blind $0.02
Tobinhoyo: sits out 
*** HOLE CARDS ***
Dealt to Dorex2007 [5d Qs]
Dorex2007: folds 
tadao577: calls $0.02
VTN*81: raises $0.02 to $0.04
aslanturc: folds 
djkimera: folds 
VANVIGA: folds 
Vo33cH: folds 
Aemstro: calls $0.02
tadao577: calls $0.02
*** FLOP *** [6d 8h 2d]
Aemstro: checks 
tadao577: checks 
VTN*81: checks 
*** TURN *** [6d 8h 2d] [3h]
Aemstro: checks 
tadao577: checks 
VTN*81: bets $0.07
Aemstro: calls $0.07
tadao577: folds 
*** RIVER *** [6d 8h 2d 3h] [3d]
Aemstro: checks 
VTN*81: bets $0.13
Aemstro: folds 
Uncalled bet ($0.13) returned to VTN*81
VTN*81 collected $0.26 from pot
VTN*81: doesn't show hand 
*** SUMMARY ***
Total pot $0.27 | Rake $0.01 
Board [6d 8h 2d 3h 3d]
Seat 1: VTN*81 collected ($0.26)
Seat 2: aslanturc folded before Flop (didn't bet)
Seat 3: djkimera folded before Flop (didn't bet)
Seat 4: VANVIGA (button) folded before Flop (didn't bet)
Seat 5: Vo33cH (small blind) folded before Flop
Seat 6: Aemstro (big blind) folded on the River
Seat 7: Dorex2007 folded before Flop (didn't bet)
Seat 9: tadao577 folded on the Turn



PokerStars Hand #232734097114:  Hold'em No Limit ($0.01/$0.02 USD) - 2022/01/01 21:34:01 PT [2022/01/02 0:34:01 ET]
Table 'Mauritia IV' 9-max Seat #5 is the button
Seat 1: VTN*81 ($2.46 in chips) 
Seat 2: aslanturc ($2.55 in chips) 
Seat 3: djkimera ($2 in chips) 
Seat 4: VANVIGA ($1.89 in chips) 
Seat 5: Vo33cH ($1.97 in chips) 
Seat 6: Aemstro ($3.19 in chips) 
Seat 7: Dorex2007 ($2.31 in chips) 
Seat 9: tadao577 ($2.47 in chips) 
Aemstro: posts small blind $0.01
Dorex2007: posts big blind $0.02
Tobinhoyo: sits out 
*** HOLE CARDS ***
Dealt to Dorex2007 [6d Js]
tadao577 has timed out
tadao577: folds 
VTN*81: calls $0.02
aslanturc: folds 
djkimera: folds 
VANVIGA: folds 
Vo33cH: folds 
Aemstro: folds 
Dorex2007: checks 
*** FLOP *** [Ts 8s 3s]
Dorex2007: checks 
VTN*81: checks 
*** TURN *** [Ts 8s 3s] [Kh]
Dorex2007: checks 
VTN*81: checks 
*** RIVER *** [Ts 8s 3s Kh] [Td]
Dorex2007: checks 
VTN*81: checks 
*** SHOW DOWN ***
Dorex2007: shows [6d Js] (a pair of Tens)
VTN*81: shows [5c As] (a pair of Tens - Ace kicker)
VTN*81 collected $0.05 from pot
*** SUMMARY ***
Total pot $0.05 | Rake $0 
Board [Ts 8s 3s Kh Td]
Seat 1: VTN*81 showed [5c As] and won ($0.05) with a pair of Tens
Seat 2: aslanturc folded before Flop (didn't bet)
Seat 3: djkimera folded before Flop (didn't bet)
Seat 4: VANVIGA folded before Flop (didn't bet)
Seat 5: Vo33cH (button) folded before Flop (didn't bet)
Seat 6: Aemstro (small blind) folded before Flop
Seat 7: Dorex2007 (big blind) showed [6d Js] and lost with a pair of Tens
Seat 9: tadao577 folded before Flop (didn't bet)



PokerStars Hand #232734103684:  Hold'em No Limit ($0.01/$0.02 USD) - 2022/01/01 21:34:42 PT [2022/01/02 0:34:42 ET]
Table 'Mauritia IV' 9-max Seat #6 is the button
Seat 1: VTN*81 ($2.49 in chips) 
Seat 2: aslanturc ($2.55 in chips) 
Seat 3: djkimera ($2 in chips) 
Seat 4: VANVIGA ($1.89 in chips) 
Seat 5: Vo33cH ($1.97 in chips) 
Seat 6: Aemstro ($3.18 in chips) 
Seat 7: Dorex2007 ($2.29 in chips) 
Seat 8: Tobinhoyo ($2 in chips) 
Seat 9: tadao577 ($2.47 in chips) 
Dorex2007: posts small blind $0.01
Tobinhoyo: posts big blind $0.02
*** HOLE CARDS ***
Dealt to Dorex2007 [6c 5h]
tadao577: calls $0.02
VTN*81: folds 
aslanturc: folds 
djkimera: raises $0.17 to $0.19
VANVIGA: folds 
Vo33cH: folds 
Aemstro: folds 
Dorex2007: folds 
Tobinhoyo has timed out
Tobinhoyo: folds 
tadao577: folds 
Uncalled bet ($0.17) returned to djkimera
djkimera collected $0.07 from pot
djkimera: doesn't show hand 
*** SUMMARY ***
Total pot $0.07 | Rake $0 
Seat 1: VTN*81 folded before Flop (didn't bet)
Seat 2: aslanturc folded before Flop (didn't bet)
Seat 3: djkimera collected ($0.07)
Seat 4: VANVIGA folded before Flop (didn't bet)
Seat 5: Vo33cH folded before Flop (didn't bet)
Seat 6: Aemstro (button) folded before Flop (didn't bet)
Seat 7: Dorex2007 (small blind) folded before Flop
Seat 8: Tobinhoyo (big blind) folded before Flop
Seat 9: tadao577 folded before Flop



PokerStars Hand #232734109224:  Hold'em No Limit ($0.01/$0.02 USD) - 2022/01/01 21:35:17 PT [2022/01/02 0:35:17 ET]
Table 'Mauritia IV' 9-max Seat #7 is the button
Seat 1: VTN*81 ($2.49 in chips) 
Seat 2: aslanturc ($2.55 in chips) 
Seat 3: djkimera ($2.05 in chips) 
Seat 4: VANVIGA ($1.89 in chips) 
Seat 5: Vo33cH ($1.97 in chips) 
Seat 6: Aemstro ($3.18 in chips) 
Seat 7: Dorex2007 ($2.28 in chips) 
Seat 9: tadao577 ($2.45 in chips) 
tadao577: posts small blind $0.01
VTN*81: posts big blind $0.02
*** HOLE CARDS ***
Dealt to Dorex2007 [Jd Ac]
aslanturc: folds 
djkimera: folds 
VANVIGA: raises $0.04 to $0.06
Vo33cH: folds 
Aemstro: folds 
Dorex2007: calls $0.06
tadao577: folds 
VTN*81: calls $0.04
*** FLOP *** [3d 8c 9c]
VTN*81: checks 
VANVIGA: bets $0.09
Dorex2007: folds 
VTN*81: raises $0.09 to $0.18
VANVIGA: calls $0.09
*** TURN *** [3d 8c 9c] [2h]
VTN*81: checks 
VANVIGA: checks 
*** RIVER *** [3d 8c 9c 2h] [6h]
VTN*81: bets $0.30
VANVIGA: folds 
Uncalled bet ($0.30) returned to VTN*81
VTN*81 collected $0.53 from pot
VTN*81: doesn't show hand 
*** SUMMARY ***
Total pot $0.55 | Rake $0.02 
Board [3d 8c 9c 2h 6h]
Seat 1: VTN*81 (big blind) collected ($0.53)
Seat 2: aslanturc folded before Flop (didn't bet)
Seat 3: djkimera folded before Flop (didn't bet)
Seat 4: VANVIGA folded on the River
Seat 5: Vo33cH folded before Flop (didn't bet)
Seat 6: Aemstro folded before Flop (didn't bet)
Seat 7: Dorex2007 (button) folded on the Flop
Seat 9: tadao577 (small blind) folded before Flop



PokerStars Hand #232734117080:  Hold'em No Limit ($0.01/$0.02 USD) - 2022/01/01 21:36:06 PT [2022/01/02 0:36:06 ET]
Table 'Mauritia IV' 9-max Seat #9 is the button
Seat 1: VTN*81 ($2.78 in chips) 
Seat 2: aslanturc ($2.55 in chips) 
Seat 3: djkimera ($2.05 in chips) 
Seat 4: VANVIGA ($1.65 in chips) 
Seat 5: Vo33cH ($1.97 in chips) 
Seat 6: Aemstro ($3.18 in chips) 
Seat 7: Dorex2007 ($2.22 in chips) 
Seat 9: tadao577 ($2.44 in chips) 
VTN*81: posts small blind $0.01
aslanturc: posts big blind $0.02
Tobinhoyo: sits out 
*** HOLE CARDS ***
Dealt to Dorex2007 [Qc 3h]
djkimera: folds 
VANVIGA: raises $0.04 to $0.06
Vo33cH: folds 
Aemstro: folds 
Dorex2007: folds 
tadao577: calls $0.06
VTN*81: calls $0.05
aslanturc: folds 
*** FLOP *** [6s Kc 8s]
VTN*81: bets $0.02
VANVIGA: raises $0.23 to $0.25
tadao577: folds 
VTN*81: folds 
Uncalled bet ($0.23) returned to VANVIGA
VANVIGA collected $0.23 from pot
VANVIGA: doesn't show hand 
*** SUMMARY ***
Total pot $0.24 | Rake $0.01 
Board [6s Kc 8s]
Seat 1: VTN*81 (small blind) folded on the Flop
Seat 2: aslanturc (big blind) folded before Flop
Seat 3: djkimera folded before Flop (didn't bet)
Seat 4: VANVIGA collected ($0.23)
Seat 5: Vo33cH folded before Flop (didn't bet)
Seat 6: Aemstro folded before Flop (didn't bet)
Seat 7: Dorex2007 folded before Flop (didn't bet)
Seat 9: tadao577 (button) folded on the Flop



PokerStars Hand #232734124986:  Hold'em No Limit ($0.01/$0.02 USD) - 2022/01/01 21:36:55 PT [2022/01/02 0:36:55 ET]
Table 'Mauritia IV' 9-max Seat #1 is the button
Seat 1: VTN*81 ($2.70 in chips) 
Seat 2: aslanturc ($2.53 in chips) 
Seat 3: djkimera ($2.05 in chips) 
Seat 4: VANVIGA ($1.80 in chips) 
Seat 5: Vo33cH ($1.97 in chips) 
Seat 6: Aemstro ($3.18 in chips) 
Seat 7: Dorex2007 ($2.22 in chips) 
Seat 9: tadao577 ($2.38 in chips) 
aslanturc: posts small blind $0.01
djkimera: posts big blind $0.02
Tobinhoyo: sits out 
*** HOLE CARDS ***
Dealt to Dorex2007 [4d 6s]
VANVIGA: folds 
Vo33cH: folds 
Aemstro: folds 
Dorex2007: folds 
tadao577: calls $0.02
VTN*81: raises $0.02 to $0.04
aslanturc: calls $0.03
djkimera: calls $0.02
tadao577: calls $0.02
*** FLOP *** [Td 8s Jc]
aslanturc: checks 
djkimera: checks 
tadao577: checks 
VTN*81: bets $0.12
aslanturc: calls $0.12
djkimera: folds 
tadao577: folds 
*** TURN *** [Td 8s Jc] [8h]
aslanturc: checks 
VTN*81: bets $0.16
aslanturc: calls $0.16
*** RIVER *** [Td 8s Jc 8h] [3c]
aslanturc: checks 
VTN*81: bets $0.40
aslanturc: folds 
Uncalled bet ($0.40) returned to VTN*81
VTN*81 collected $0.69 from pot
VTN*81: doesn't show hand 
*** SUMMARY ***
Total pot $0.72 | Rake $0.03 
Board [Td 8s Jc 8h 3c]
Seat 1: VTN*81 (button) collected ($0.69)
Seat 2: aslanturc (small blind) folded on the River
Seat 3: djkimera (big blind) folded on the Flop
Seat 4: VANVIGA folded before Flop (didn't bet)
Seat 5: Vo33cH folded before Flop (didn't bet)
Seat 6: Aemstro folded before Flop (didn't bet)
Seat 7: Dorex2007 folded before Flop (didn't bet)
Seat 9: tadao577 folded on the Flop



PokerStars Hand #232734149663:  Hold'em No Limit ($0.01/$0.02 USD) - 2022/01/01 21:39:31 PT [2022/01/02 0:39:31 ET]
Table 'Mauritia IV' 9-max Seat #2 is the button
Seat 1: VTN*81 ($3.07 in chips) 
Seat 2: aslanturc ($2.21 in chips) 
Seat 3: djkimera ($2.01 in chips) 
Seat 4: VANVIGA ($1.80 in chips) 
Seat 5: Vo33cH ($1.97 in chips) 
Seat 6: Aemstro ($3.18 in chips) 
Seat 7: Dorex2007 ($2.22 in chips) 
djkimera: posts small blind $0.01
VANVIGA: posts big blind $0.02
Tobinhoyo: sits out 
*** HOLE CARDS ***
Dealt to Dorex2007 [8c 2d]
Vo33cH: raises $0.04 to $0.06
Aemstro: folds 
Dorex2007: folds 
VTN*81: calls $0.06
aslanturc: calls $0.06
djkimera: calls $0.05
VANVIGA: folds 
*** FLOP *** [7d 2h Kh]
djkimera: checks 
Vo33cH: checks 
VTN*81: checks 
aslanturc: checks 
*** TURN *** [7d 2h Kh] [3s]
djkimera: bets $0.19
Vo33cH: folds 
VTN*81: folds 
aslanturc: folds 
Uncalled bet ($0.19) returned to djkimera
djkimera collected $0.25 from pot
djkimera: doesn't show hand 
*** SUMMARY ***
Total pot $0.26 | Rake $0.01 
Board [7d 2h Kh 3s]
Seat 1: VTN*81 folded on the Turn
Seat 2: aslanturc (button) folded on the Turn
Seat 3: djkimera (small blind) collected ($0.25)
Seat 4: VANVIGA (big blind) folded before Flop
Seat 5: Vo33cH folded on the Turn
Seat 6: Aemstro folded before Flop (didn't bet)
Seat 7: Dorex2007 folded before Flop (didn't bet)



PokerStars Hand #232734164339:  Hold'em No Limit ($0.01/$0.02 USD) - 2022/01/01 21:40:35 PT [2022/01/02 0:40:35 ET]
Table 'Mauritia IV' 9-max Seat #3 is the button
Seat 1: VTN*81 ($3.01 in chips) 
Seat 2: aslanturc ($2.15 in chips) 
Seat 3: djkimera ($2.20 in chips) 
Seat 4: VANVIGA ($1.78 in chips) 
Seat 5: Vo33cH ($1.91 in chips) 
Seat 6: Aemstro ($3.18 in chips) 
Seat 7: Dorex2007 ($2.22 in chips) 
Seat 9: tadao577 ($2.34 in chips) 
VANVIGA: posts small blind $0.01
Vo33cH: posts big blind $0.02
Tobinhoyo: sits out 
*** HOLE CARDS ***
Dealt to Dorex2007 [9h 8s]
Aemstro: folds 
Dorex2007: folds 
tadao577: calls $0.02
VTN*81: folds 
aslanturc: folds 
djkimera: raises $0.09 to $0.11
VANVIGA: folds 
Vo33cH: folds 
tadao577: calls $0.09
*** FLOP *** [3d Jd 2h]
tadao577: checks 
djkimera: bets $0.11
tadao577: folds 
Uncalled bet ($0.11) returned to djkimera
djkimera collected $0.24 from pot
djkimera: doesn't show hand 
*** SUMMARY ***
Total pot $0.25 | Rake $0.01 
Board [3d Jd 2h]
Seat 1: VTN*81 folded before Flop (didn't bet)
Seat 2: aslanturc folded before Flop (didn't bet)
Seat 3: djkimera (button) collected ($0.24)
Seat 4: VANVIGA (small blind) folded before Flop
Seat 5: Vo33cH (big blind) folded before Flop
Seat 6: Aemstro folded before Flop (didn't bet)
Seat 7: Dorex2007 folded before Flop (didn't bet)
Seat 9: tadao577 folded on the Flop



PokerStars Hand #232734173632:  Hold'em No Limit ($0.01/$0.02 USD) - 2022/01/01 21:41:07 PT [2022/01/02 0:41:07 ET]
Table 'Mauritia IV' 9-max Seat #4 is the button
Seat 1: VTN*81 ($3.01 in chips) 
Seat 2: aslanturc ($2.15 in chips) 
Seat 3: djkimera ($2.33 in chips) 
Seat 4: VANVIGA ($1.77 in chips) 
Seat 5: Vo33cH ($1.89 in chips) 
Seat 6: Aemstro ($3.18 in chips) 
Seat 7: Dorex2007 ($2.22 in chips) 
Seat 9: tadao577 ($2.23 in chips) 
Vo33cH: posts small blind $0.01
Aemstro: posts big blind $0.02
Tobinhoyo: sits out 
*** HOLE CARDS ***
Dealt to Dorex2007 [5c 3c]
Dorex2007: folds 
tadao577: calls $0.02
VTN*81: raises $0.04 to $0.06
aslanturc: folds 
djkimera: folds 
VANVIGA: folds 
Vo33cH: folds 
Aemstro: folds 
tadao577: calls $0.04
*** FLOP *** [2h As Jd]
tadao577: checks 
VTN*81: bets $0.07
tadao577: calls $0.07
*** TURN *** [2h As Jd] [9d]
tadao577: bets $0.08
VTN*81: folds 
Uncalled bet ($0.08) returned to tadao577
tadao577 collected $0.28 from pot
tadao577: doesn't show hand 
*** SUMMARY ***
Total pot $0.29 | Rake $0.01 
Board [2h As Jd 9d]
Seat 1: VTN*81 folded on the Turn
Seat 2: aslanturc folded before Flop (didn't bet)
Seat 3: djkimera folded before Flop (didn't bet)
Seat 4: VANVIGA (button) folded before Flop (didn't bet)
Seat 5: Vo33cH (small blind) folded before Flop
Seat 6: Aemstro (big blind) folded before Flop
Seat 7: Dorex2007 folded before Flop (didn't bet)
Seat 9: tadao577 collected ($0.28)



PokerStars Hand #232734183509:  Hold'em No Limit ($0.01/$0.02 USD) - 2022/01/01 21:42:08 PT [2022/01/02 0:42:08 ET]
Table 'Mauritia IV' 9-max Seat #5 is the button
Seat 1: VTN*81 ($2.88 in chips) 
Seat 2: aslanturc ($2.15 in chips) 
Seat 3: djkimera ($2.33 in chips) 
Seat 4: VANVIGA ($1.77 in chips) 
Seat 5: Vo33cH ($1.88 in chips) 
Seat 6: Aemstro ($3.16 in chips) 
Seat 7: Dorex2007 ($2.22 in chips) 
Seat 9: tadao577 ($2.38 in chips) 
Aemstro: posts small blind $0.01
Dorex2007: posts big blind $0.02
Tobinhoyo: sits out 
*** HOLE CARDS ***
Dealt to Dorex2007 [3c Td]
tadao577: folds 
VTN*81: raises $0.02 to $0.04
aslanturc: folds 
djkimera: calls $0.04
VANVIGA: calls $0.04
Vo33cH has timed out
Vo33cH: folds 
Aemstro: folds 
Dorex2007: folds 
*** FLOP *** [Qs 2s 3d]
VTN*81: checks 
djkimera: checks 
VANVIGA: checks 
*** TURN *** [Qs 2s 3d] [7h]
VTN*81: bets $0.07
djkimera: folds 
VANVIGA: calls $0.07
*** RIVER *** [Qs 2s 3d 7h] [9d]
VTN*81: checks 
VANVIGA: checks 
*** SHOW DOWN ***
VTN*81: shows [6h 6d] (a pair of Sixes)
VANVIGA: mucks hand 
VTN*81 collected $0.28 from pot
*** SUMMARY ***
Total pot $0.29 | Rake $0.01 
Board [Qs 2s 3d 7h 9d]
Seat 1: VTN*81 showed [6h 6d] and won ($0.28) with a pair of Sixes
Seat 2: aslanturc folded before Flop (didn't bet)
Seat 3: djkimera folded on the Turn
Seat 4: VANVIGA mucked [5d 5s]
Seat 5: Vo33cH (button) folded before Flop (didn't bet)
Seat 6: Aemstro (small blind) folded before Flop
Seat 7: Dorex2007 (big blind) folded before Flop
Seat 9: tadao577 folded before Flop (didn't bet)



PokerStars Hand #232734194101:  Hold'em No Limit ($0.01/$0.02 USD) - 2022/01/01 21:43:16 PT [2022/01/02 0:43:16 ET]
Table 'Mauritia IV' 9-max Seat #6 is the button
Seat 1: VTN*81 ($3.05 in chips) 
Seat 2: aslanturc ($2.15 in chips) 
Seat 3: djkimera ($2.29 in chips) 
Seat 4: VANVIGA ($1.66 in chips) 
Seat 5: Vo33cH ($1.88 in chips) 
Seat 6: Aemstro ($3.15 in chips) 
Seat 7: Dorex2007 ($2.20 in chips) 
Seat 8: Tobinhoyo ($2 in chips) 
Seat 9: tadao577 ($2.38 in chips) 
Dorex2007: posts small blind $0.01
Tobinhoyo: posts big blind $0.02
*** HOLE CARDS ***
Dealt to Dorex2007 [Th 5d]
tadao577: calls $0.02
VTN*81: calls $0.02
aslanturc: folds 
djkimera: folds 
VANVIGA: folds 
Vo33cH: folds 
Aemstro: calls $0.02
Dorex2007: folds 
Tobinhoyo: checks 
*** FLOP *** [2h Kh Qd]
Tobinhoyo has timed out
Tobinhoyo: checks 
tadao577: checks 
VTN*81: checks 
Aemstro: checks 
*** TURN *** [2h Kh Qd] [Jh]
Tobinhoyo has timed out
Tobinhoyo: checks 
tadao577: checks 
VTN*81: checks 
Aemstro: checks 
*** RIVER *** [2h Kh Qd Jh] [9c]
Tobinhoyo has timed out
Tobinhoyo: checks 
tadao577: checks 
VTN*81: checks 
Aemstro: checks 
*** SHOW DOWN ***
Tobinhoyo: shows [7d 9d] (a pair of Nines)
tadao577: mucks hand 
VTN*81: mucks hand 
Aemstro: mucks hand 
Tobinhoyo collected $0.09 from pot
*** SUMMARY ***
Total pot $0.09 | Rake $0 
Board [2h Kh Qd Jh 9c]
Seat 1: VTN*81 mucked [4c 6s]
Seat 2: aslanturc folded before Flop (didn't bet)
Seat 3: djkimera folded before Flop (didn't bet)
Seat 4: VANVIGA folded before Flop (didn't bet)
Seat 5: Vo33cH folded before Flop (didn't bet)
Seat 6: Aemstro (button) mucked [6h 6c]
Seat 7: Dorex2007 (small blind) folded before Flop
Seat 8: Tobinhoyo (big blind) showed [7d 9d] and won ($0.09) with a pair of Nines
Seat 9: tadao577 mucked [3d 2s]



PokerStars Hand #232734232254:  Hold'em No Limit ($0.01/$0.02 USD) - 2022/01/01 21:47:05 PT [2022/01/02 0:47:05 ET]
Table 'Mauritia IV' 9-max Seat #9 is the button
Seat 2: aslanturc ($1.97 in chips) 
Seat 3: djkimera ($2.24 in chips) 
Seat 4: VANVIGA ($1.66 in chips) 
Seat 5: Vo33cH ($2.21 in chips) 
Seat 6: Aemstro ($3.08 in chips) 
Seat 7: Dorex2007 ($2.19 in chips) 
Seat 8: Tobinhoyo ($2.07 in chips) 
Seat 9: tadao577 ($2.31 in chips) 
aslanturc: posts small blind $0.01
djkimera: posts big blind $0.02
*** HOLE CARDS ***
Dealt to Dorex2007 [6s 8d]
VANVIGA: folds 
Vo33cH: folds 
Aemstro: folds 
Dorex2007: folds 
Tobinhoyo has timed out
Tobinhoyo: folds 
tadao577: calls $0.02
aslanturc: folds 
djkimera: checks 
*** FLOP *** [9d 7s 6c]
djkimera: checks 
tadao577: checks 
*** TURN *** [9d 7s 6c] [Jc]
djkimera: checks 
tadao577: checks 
*** RIVER *** [9d 7s 6c Jc] [7c]
djkimera: checks 
tadao577: checks 
*** SHOW DOWN ***
djkimera: shows [Ts Kh] (a pair of Sevens)
tadao577: mucks hand 
djkimera collected $0.05 from pot
*** SUMMARY ***
Total pot $0.05 | Rake $0 
Board [9d 7s 6c Jc 7c]
Seat 2: aslanturc (small blind) folded before Flop
Seat 3: djkimera (big blind) showed [Ts Kh] and won ($0.05) with a pair of Sevens
Seat 4: VANVIGA folded before Flop (didn't bet)
Seat 5: Vo33cH folded before Flop (didn't bet)
Seat 6: Aemstro folded before Flop (didn't bet)
Seat 7: Dorex2007 folded before Flop (didn't bet)
Seat 8: Tobinhoyo folded before Flop (didn't bet)
Seat 9: tadao577 (button) mucked [Tc 2s]



PokerStars Hand #232734239023:  Hold'em No Limit ($0.01/$0.02 USD) - 2022/01/01 21:47:47 PT [2022/01/02 0:47:47 ET]
Table 'Mauritia IV' 9-max Seat #2 is the button
Seat 1: geyza15 ($2 in chips) 
Seat 2: aslanturc ($1.96 in chips) 
Seat 3: djkimera ($2.27 in chips) 
Seat 4: VANVIGA ($1.66 in chips) 
Seat 5: Vo33cH ($2.21 in chips) 
Seat 6: Aemstro ($3.08 in chips) 
Seat 7: Dorex2007 ($2.19 in chips) 
Seat 9: tadao577 ($2.29 in chips) 
djkimera: posts small blind $0.01
VANVIGA: posts big blind $0.02
geyza15: posts big blind $0.02
*** HOLE CARDS ***
Dealt to Dorex2007 [4d Qd]
Vo33cH: calls $0.02
Aemstro: folds 
Dorex2007: folds 
tadao577: calls $0.02
geyza15: checks 
aslanturc: folds 
djkimera: calls $0.01
VANVIGA: checks 
*** FLOP *** [9s 2h Ah]
djkimera: checks 
VANVIGA: checks 
Vo33cH: bets $0.02
tadao577: folds 
geyza15: folds 
djkimera: folds 
VANVIGA: calls $0.02
*** TURN *** [9s 2h Ah] [7h]
VANVIGA: checks 
Vo33cH: bets $0.02
VANVIGA: calls $0.02
*** RIVER *** [9s 2h Ah 7h] [2c]
VANVIGA: checks 
Vo33cH: bets $0.04
VANVIGA: calls $0.04
*** SHOW DOWN ***
Vo33cH: shows [Ad 6d] (two pair, Aces and Deuces)
VANVIGA: shows [As 8d] (two pair, Aces and Deuces)
VANVIGA collected $0.13 from pot
Vo33cH collected $0.12 from pot
*** SUMMARY ***
Total pot $0.26 | Rake $0.01 
Board [9s 2h Ah 7h 2c]
Seat 1: geyza15 folded on the Flop (didn't bet)
Seat 2: aslanturc (button) folded before Flop (didn't bet)
Seat 3: djkimera (small blind) folded on the Flop
Seat 4: VANVIGA (big blind) showed [As 8d] and won ($0.13) with two pair, Aces and Deuces
Seat 5: Vo33cH showed [Ad 6d] and won ($0.12) with two pair, Aces and Deuces
Seat 6: Aemstro folded before Flop (didn't bet)
Seat 7: Dorex2007 folded before Flop (didn't bet)
Seat 9: tadao577 folded on the Flop



PokerStars Hand #232734249055:  Hold'em No Limit ($0.01/$0.02 USD) - 2022/01/01 21:48:51 PT [2022/01/02 0:48:51 ET]
Table 'Mauritia IV' 9-max Seat #3 is the button
Seat 1: geyza15 ($2 in chips) 
Seat 2: aslanturc ($1.96 in chips) 
Seat 3: djkimera ($2.25 in chips) 
Seat 4: VANVIGA ($1.69 in chips) 
Seat 5: Vo33cH ($2.23 in chips) 
Seat 6: Aemstro ($3.08 in chips) 
Seat 7: Dorex2007 ($2.19 in chips) 
Seat 9: tadao577 ($2.27 in chips) 
VANVIGA: posts small blind $0.01
Vo33cH: posts big blind $0.02
*** HOLE CARDS ***
Dealt to Dorex2007 [3h 2s]
Aemstro: folds 
Dorex2007: folds 
tadao577: calls $0.02
geyza15: folds 
aslanturc: folds 
djkimera: folds 
VANVIGA: calls $0.01
Vo33cH: checks 
*** FLOP *** [4s 6s 3s]
VANVIGA: checks 
Vo33cH: bets $0.02
tadao577: folds 
VANVIGA: calls $0.02
*** TURN *** [4s 6s 3s] [Qs]
VANVIGA: checks 
Vo33cH: bets $0.05
VANVIGA: folds 
Uncalled bet ($0.05) returned to Vo33cH
Vo33cH collected $0.10 from pot
Vo33cH: doesn't show hand 
*** SUMMARY ***
Total pot $0.10 | Rake $0 
Board [4s 6s 3s Qs]
Seat 1: geyza15 folded before Flop (didn't bet)
Seat 2: aslanturc folded before Flop (didn't bet)
Seat 3: djkimera (button) folded before Flop (didn't bet)
Seat 4: VANVIGA (small blind) folded on the Turn
Seat 5: Vo33cH (big blind) collected ($0.10)
Seat 6: Aemstro folded before Flop (didn't bet)
Seat 7: Dorex2007 folded before Flop (didn't bet)
Seat 9: tadao577 folded on the Flop



PokerStars Hand #232734256750:  Hold'em No Limit ($0.01/$0.02 USD) - 2022/01/01 21:49:41 PT [2022/01/02 0:49:41 ET]
Table 'Mauritia IV' 9-max Seat #4 is the button
Seat 1: geyza15 ($2 in chips) 
Seat 2: aslanturc ($1.96 in chips) 
Seat 3: djkimera ($2.25 in chips) 
Seat 4: VANVIGA ($1.65 in chips) 
Seat 5: Vo33cH ($2.29 in chips) 
Seat 6: Aemstro ($3.08 in chips) 
Seat 7: Dorex2007 ($2.19 in chips) 
Seat 9: tadao577 ($2.25 in chips) 
Vo33cH: posts small blind $0.01
Aemstro: posts big blind $0.02
*** HOLE CARDS ***
Dealt to Dorex2007 [Ts 5c]
Dorex2007: folds 
tadao577: calls $0.02
geyza15: folds 
aslanturc: folds 
djkimera: raises $0.09 to $0.11
VANVIGA: folds 
Vo33cH: folds 
Aemstro: folds 
tadao577: folds 
Uncalled bet ($0.09) returned to djkimera
djkimera collected $0.07 from pot
djkimera: doesn't show hand 
*** SUMMARY ***
Total pot $0.07 | Rake $0 
Seat 1: geyza15 folded before Flop (didn't bet)
Seat 2: aslanturc folded before Flop (didn't bet)
Seat 3: djkimera collected ($0.07)
Seat 4: VANVIGA (button) folded before Flop (didn't bet)
Seat 5: Vo33cH (small blind) folded before Flop
Seat 6: Aemstro (big blind) folded before Flop
Seat 7: Dorex2007 folded before Flop (didn't bet)
Seat 9: tadao577 folded before Flop



PokerStars Hand #232734260610:  Hold'em No Limit ($0.01/$0.02 USD) - 2022/01/01 21:50:05 PT [2022/01/02 0:50:05 ET]
Table 'Mauritia IV' 9-max Seat #5 is the button
Seat 1: geyza15 ($2 in chips) 
Seat 2: aslanturc ($1.96 in chips) 
Seat 3: djkimera ($2.30 in chips) 
Seat 4: VANVIGA ($1.65 in chips) 
Seat 5: Vo33cH ($2.28 in chips) 
Seat 6: Aemstro ($3.06 in chips) 
Seat 7: Dorex2007 ($2.19 in chips) 
Seat 9: tadao577 ($2.23 in chips) 
Aemstro: posts small blind $0.01
Dorex2007: posts big blind $0.02
*** HOLE CARDS ***
Dealt to Dorex2007 [9c 4d]
tadao577: folds 
geyza15: folds 
aslanturc: folds 
djkimera: raises $0.03 to $0.05
VANVIGA: folds 
Vo33cH: calls $0.05
Aemstro: folds 
Dorex2007: folds 
*** FLOP *** [Jd 3d 9s]
djkimera: checks 
Vo33cH: checks 
*** TURN *** [Jd 3d 9s] [4h]
djkimera: checks 
Vo33cH: checks 
*** RIVER *** [Jd 3d 9s 4h] [Tc]
djkimera: checks 
Vo33cH: checks 
*** SHOW DOWN ***
djkimera: shows [Qh Ac] (high card Ace)
Vo33cH: mucks hand 
djkimera collected $0.13 from pot
*** SUMMARY ***
Total pot $0.13 | Rake $0 
Board [Jd 3d 9s 4h Tc]
Seat 1: geyza15 folded before Flop (didn't bet)
Seat 2: aslanturc folded before Flop (didn't bet)
Seat 3: djkimera showed [Qh Ac] and won ($0.13) with high card Ace
Seat 4: VANVIGA folded before Flop (didn't bet)
Seat 5: Vo33cH (button) mucked [Kd 8c]
Seat 6: Aemstro (small blind) folded before Flop
Seat 7: Dorex2007 (big blind) folded before Flop
Seat 9: tadao577 folded before Flop (didn't bet)



PokerStars Hand #232734270123:  Hold'em No Limit ($0.01/$0.02 USD) - 2022/01/01 21:51:06 PT [2022/01/02 0:51:06 ET]
Table 'Mauritia IV' 9-max Seat #6 is the button
Seat 1: geyza15 ($2 in chips) 
Seat 2: aslanturc ($1.96 in chips) 
Seat 3: djkimera ($2.38 in chips) 
Seat 4: VANVIGA ($1.65 in chips) 
Seat 5: Vo33cH ($2.23 in chips) 
Seat 6: Aemstro ($3.05 in chips) 
Seat 7: Dorex2007 ($2.17 in chips) 
Seat 9: tadao577 ($2.23 in chips) 
Dorex2007: posts small blind $0.01
tadao577: posts big blind $0.02
*** HOLE CARDS ***
Dealt to Dorex2007 [Td Ah]
geyza15: folds 
aslanturc: folds 
djkimera: folds 
VANVIGA: folds 
Vo33cH: folds 
Aemstro: folds 
Dorex2007: raises $0.02 to $0.04
tadao577: calls $0.02
*** FLOP *** [Qs 7d Ts]
Dorex2007: bets $0.08
tadao577: folds 
Uncalled bet ($0.08) returned to Dorex2007
Dorex2007 collected $0.08 from pot
Dorex2007: doesn't show hand 
*** SUMMARY ***
Total pot $0.08 | Rake $0 
Board [Qs 7d Ts]
Seat 1: geyza15 folded before Flop (didn't bet)
Seat 2: aslanturc folded before Flop (didn't bet)
Seat 3: djkimera folded before Flop (didn't bet)
Seat 4: VANVIGA folded before Flop (didn't bet)
Seat 5: Vo33cH folded before Flop (didn't bet)
Seat 6: Aemstro (button) folded before Flop (didn't bet)
Seat 7: Dorex2007 (small blind) collected ($0.08)
Seat 9: tadao577 (big blind) folded on the Flop



PokerStars Hand #232734277065:  Hold'em No Limit ($0.01/$0.02 USD) - 2022/01/01 21:51:50 PT [2022/01/02 0:51:50 ET]
Table 'Mauritia IV' 9-max Seat #7 is the button
Seat 1: geyza15 ($2 in chips) 
Seat 2: aslanturc ($1.96 in chips) 
Seat 3: djkimera ($2.38 in chips) 
Seat 4: VANVIGA ($1.65 in chips) 
Seat 5: Vo33cH ($2.23 in chips) 
Seat 6: Aemstro ($3.05 in chips) 
Seat 7: Dorex2007 ($2.21 in chips) 
Seat 9: tadao577 ($2.19 in chips) 
tadao577: posts small blind $0.01
geyza15: posts big blind $0.02
*** HOLE CARDS ***
Dealt to Dorex2007 [Ah 2d]
aslanturc: folds 
djkimera: folds 
VANVIGA: folds 
Vo33cH: folds 
Aemstro: folds 
Dorex2007: folds 
tadao577: calls $0.01
geyza15: checks 
*** FLOP *** [7d Ad Jc]
tadao577: checks 
geyza15: checks 
*** TURN *** [7d Ad Jc] [8s]
aslanturc leaves the table
tadao577: checks 
Minakhat joins the table at seat #2 
geyza15: checks 
*** RIVER *** [7d Ad Jc 8s] [Jh]
tadao577: checks 
geyza15: checks 
*** SHOW DOWN ***
tadao577: shows [6h 9s] (a pair of Jacks)
geyza15: shows [2c Qs] (a pair of Jacks - Ace+Queen kicker)
geyza15 collected $0.04 from pot
*** SUMMARY ***
Total pot $0.04 | Rake $0 
Board [7d Ad Jc 8s Jh]
Seat 1: geyza15 (big blind) showed [2c Qs] and won ($0.04) with a pair of Jacks
Seat 2: aslanturc folded before Flop (didn't bet)
Seat 3: djkimera folded before Flop (didn't bet)
Seat 4: VANVIGA folded before Flop (didn't bet)
Seat 5: Vo33cH folded before Flop (didn't bet)
Seat 6: Aemstro folded before Flop (didn't bet)
Seat 7: Dorex2007 (button) folded before Flop (didn't bet)
Seat 9: tadao577 (small blind) showed [6h 9s] and lost with a pair of Jacks



PokerStars Hand #232734284470:  Hold'em No Limit ($0.01/$0.02 USD) - 2022/01/01 21:52:35 PT [2022/01/02 0:52:35 ET]
Table 'Mauritia IV' 9-max Seat #9 is the button
Seat 1: geyza15 ($2.02 in chips) 
Seat 2: Minakhat ($0.80 in chips) 
Seat 3: djkimera ($2.38 in chips) 
Seat 4: VANVIGA ($1.65 in chips) 
Seat 5: Vo33cH ($2.23 in chips) 
Seat 6: Aemstro ($3.05 in chips) 
Seat 7: Dorex2007 ($2.21 in chips) 
Seat 9: tadao577 ($2.17 in chips) 
geyza15: posts small blind $0.01
Minakhat: posts big blind $0.02
*** HOLE CARDS ***
Dealt to Dorex2007 [4d Qd]
djkimera: folds 
VANVIGA: folds 
Vo33cH: folds 
Aemstro: raises $0.04 to $0.06
Dorex2007: folds 
tadao577: folds 
geyza15: folds 
Minakhat: calls $0.04
*** FLOP *** [Ad Td 8d]
Minakhat: checks 
Aemstro: checks 
*** TURN *** [Ad Td 8d] [3s]
Minakhat: bets $0.05
Aemstro: folds 
Uncalled bet ($0.05) returned to Minakhat
Minakhat collected $0.13 from pot
Minakhat: doesn't show hand 
*** SUMMARY ***
Total pot $0.13 | Rake $0 
Board [Ad Td 8d 3s]
Seat 1: geyza15 (small blind) folded before Flop
Seat 2: Minakhat (big blind) collected ($0.13)
Seat 3: djkimera folded before Flop (didn't bet)
Seat 4: VANVIGA folded before Flop (didn't bet)
Seat 5: Vo33cH folded before Flop (didn't bet)
Seat 6: Aemstro folded on the Turn
Seat 7: Dorex2007 folded before Flop (didn't bet)
Seat 9: tadao577 (button) folded before Flop (didn't bet)



PokerStars Hand #232734300392:  Hold'em No Limit ($0.01/$0.02 USD) - 2022/01/01 21:53:14 PT [2022/01/02 0:53:14 ET]
Table 'Mauritia IV' 9-max Seat #1 is the button
Seat 1: geyza15 ($2.01 in chips) 
Seat 2: Minakhat ($0.87 in chips) 
Seat 3: djkimera ($2.38 in chips) 
Seat 4: VANVIGA ($1.65 in chips) 
Seat 5: Vo33cH ($2.23 in chips) 
Seat 6: Aemstro ($2.99 in chips) 
Seat 7: Dorex2007 ($2.21 in chips) 
Seat 9: tadao577 ($2.17 in chips) 
Minakhat: posts small blind $0.01
djkimera: posts big blind $0.02
*** HOLE CARDS ***
Dealt to Dorex2007 [Js 5s]
VANVIGA: folds 
Vo33cH: raises $0.04 to $0.06
Aemstro: folds 
Dorex2007: folds 
tadao577: calls $0.06
geyza15: folds 
Minakhat: folds 
djkimera: folds 
*** FLOP *** [2d 3c 7s]
Vo33cH: checks 
tadao577: checks 
*** TURN *** [2d 3c 7s] [2h]
Vo33cH: bets $0.14
tadao577: folds 
Uncalled bet ($0.14) returned to Vo33cH
Vo33cH collected $0.14 from pot
Vo33cH: doesn't show hand 
*** SUMMARY ***
Total pot $0.15 | Rake $0.01 
Board [2d 3c 7s 2h]
Seat 1: geyza15 (button) folded before Flop (didn't bet)
Seat 2: Minakhat (small blind) folded before Flop
Seat 3: djkimera (big blind) folded before Flop
Seat 4: VANVIGA folded before Flop (didn't bet)
Seat 5: Vo33cH collected ($0.14)
Seat 6: Aemstro folded before Flop (didn't bet)
Seat 7: Dorex2007 folded before Flop (didn't bet)
Seat 9: tadao577 folded on the Turn



PokerStars Hand #232734308348:  Hold'em No Limit ($0.01/$0.02 USD) - 2022/01/01 21:54:06 PT [2022/01/02 0:54:06 ET]
Table 'Mauritia IV' 9-max Seat #2 is the button
Seat 1: geyza15 ($2.01 in chips) 
Seat 2: Minakhat ($0.86 in chips) 
Seat 3: djkimera ($2.36 in chips) 
Seat 4: VANVIGA ($1.65 in chips) 
Seat 5: Vo33cH ($2.31 in chips) 
Seat 6: Aemstro ($2.99 in chips) 
Seat 7: Dorex2007 ($2.21 in chips) 
Seat 9: tadao577 ($2.11 in chips) 
djkimera: posts small blind $0.01
VANVIGA: posts big blind $0.02
*** HOLE CARDS ***
Dealt to Dorex2007 [Kc 2s]
Vo33cH: folds 
Aemstro: folds 
Dorex2007: folds 
tadao577: calls $0.02
geyza15: calls $0.02
Minakhat: folds 
djkimera: calls $0.01
VANVIGA: checks 
*** FLOP *** [4c 6d Ad]
djkimera: checks 
VANVIGA: checks 
tadao577: checks 
geyza15: checks 
*** TURN *** [4c 6d Ad] [4d]
djkimera: bets $0.05
VANVIGA: folds 
tadao577: folds 
geyza15: folds 
Uncalled bet ($0.05) returned to djkimera
djkimera collected $0.08 from pot
djkimera: doesn't show hand 
*** SUMMARY ***
Total pot $0.08 | Rake $0 
Board [4c 6d Ad 4d]
Seat 1: geyza15 folded on the Turn
Seat 2: Minakhat (button) folded before Flop (didn't bet)
Seat 3: djkimera (small blind) collected ($0.08)
Seat 4: VANVIGA (big blind) folded on the Turn
Seat 5: Vo33cH folded before Flop (didn't bet)
Seat 6: Aemstro folded before Flop (didn't bet)
Seat 7: Dorex2007 folded before Flop (didn't bet)
Seat 9: tadao577 folded on the Turn



PokerStars Hand #232734317584:  Hold'em No Limit ($0.01/$0.02 USD) - 2022/01/01 21:55:07 PT [2022/01/02 0:55:07 ET]
Table 'Mauritia IV' 9-max Seat #3 is the button
Seat 1: geyza15 ($2 in chips) 
Seat 2: Minakhat ($0.86 in chips) 
Seat 3: djkimera ($2.42 in chips) 
Seat 4: VANVIGA ($1.63 in chips) 
Seat 5: Vo33cH ($2.31 in chips) 
Seat 6: Aemstro ($2.99 in chips) 
Seat 7: Dorex2007 ($2.21 in chips) 
Seat 9: tadao577 ($2.09 in chips) 
VANVIGA: posts small blind $0.01
Vo33cH: posts big blind $0.02
*** HOLE CARDS ***
Dealt to Dorex2007 [Kc Ah]
Aemstro: folds 
Dorex2007: raises $0.04 to $0.06
tadao577: folds 
geyza15: folds 
Minakhat: folds 
djkimera: folds 
VANVIGA: calls $0.05
Vo33cH: folds 
*** FLOP *** [3c Js 6c]
VANVIGA: checks 
Dorex2007: bets $0.09
VANVIGA: folds 
Uncalled bet ($0.09) returned to Dorex2007
Dorex2007 collected $0.14 from pot
Dorex2007: doesn't show hand 
*** SUMMARY ***
Total pot $0.14 | Rake $0 
Board [3c Js 6c]
Seat 1: geyza15 folded before Flop (didn't bet)
Seat 2: Minakhat folded before Flop (didn't bet)
Seat 3: djkimera (button) folded before Flop (didn't bet)
Seat 4: VANVIGA (small blind) folded on the Flop
Seat 5: Vo33cH (big blind) folded before Flop
Seat 6: Aemstro folded before Flop (didn't bet)
Seat 7: Dorex2007 collected ($0.14)
Seat 9: tadao577 folded before Flop (didn't bet)



PokerStars Hand #232734322749:  Hold'em No Limit ($0.01/$0.02 USD) - 2022/01/01 21:55:46 PT [2022/01/02 0:55:46 ET]
Table 'Mauritia IV' 9-max Seat #4 is the button
Seat 1: geyza15 ($2 in chips) 
Seat 2: Minakhat ($0.86 in chips) 
Seat 3: djkimera ($2.42 in chips) 
Seat 4: VANVIGA ($1.57 in chips) 
Seat 5: Vo33cH ($2.29 in chips) 
Seat 6: Aemstro ($2.99 in chips) 
Seat 7: Dorex2007 ($2.29 in chips) 
Seat 9: tadao577 ($2.09 in chips) 
Vo33cH: posts small blind $0.01
Aemstro: posts big blind $0.02
*** HOLE CARDS ***
Dealt to Dorex2007 [5s Kd]
Dorex2007: folds 
tadao577: calls $0.02
geyza15: calls $0.02
Minakhat: calls $0.02
djkimera: folds 
VANVIGA: folds 
Vo33cH: folds 
Aemstro: raises $0.26 to $0.28
tadao577: folds 
geyza15: folds 
Minakhat: folds 
Uncalled bet ($0.26) returned to Aemstro
Aemstro collected $0.09 from pot
Aemstro: doesn't show hand 
*** SUMMARY ***
Total pot $0.09 | Rake $0 
Seat 1: geyza15 folded before Flop
Seat 2: Minakhat folded before Flop
Seat 3: djkimera folded before Flop (didn't bet)
Seat 4: VANVIGA (button) folded before Flop (didn't bet)
Seat 5: Vo33cH (small blind) folded before Flop
Seat 6: Aemstro (big blind) collected ($0.09)
Seat 7: Dorex2007 folded before Flop (didn't bet)
Seat 9: tadao577 folded before Flop



PokerStars Hand #232734331771:  Hold'em No Limit ($0.01/$0.02 USD) - 2022/01/01 21:56:17 PT [2022/01/02 0:56:17 ET]
Table 'Mauritia IV' 9-max Seat #5 is the button
Seat 1: geyza15 ($2 in chips) 
Seat 2: Minakhat ($0.84 in chips) 
Seat 3: djkimera ($2.42 in chips) 
Seat 4: VANVIGA ($1.57 in chips) 
Seat 5: Vo33cH ($2.28 in chips) 
Seat 6: Aemstro ($3.06 in chips) 
Seat 7: Dorex2007 ($2.29 in chips) 
Seat 9: tadao577 ($2.07 in chips) 
Aemstro: posts small blind $0.01
Dorex2007: posts big blind $0.02
*** HOLE CARDS ***
Dealt to Dorex2007 [6s 9c]
tadao577: folds 
geyza15: folds 
Minakhat: folds 
djkimera: raises $0.03 to $0.05
VANVIGA: folds 
Vo33cH: calls $0.05
Aemstro: folds 
Dorex2007: folds 
*** FLOP *** [Kc Ks 2h]
djkimera: bets $0.06
Vo33cH: folds 
Uncalled bet ($0.06) returned to djkimera
djkimera collected $0.13 from pot
djkimera: doesn't show hand 
*** SUMMARY ***
Total pot $0.13 | Rake $0 
Board [Kc Ks 2h]
Seat 1: geyza15 folded before Flop (didn't bet)
Seat 2: Minakhat folded before Flop (didn't bet)
Seat 3: djkimera collected ($0.13)
Seat 4: VANVIGA folded before Flop (didn't bet)
Seat 5: Vo33cH (button) folded on the Flop
Seat 6: Aemstro (small blind) folded before Flop
Seat 7: Dorex2007 (big blind) folded before Flop
Seat 9: tadao577 folded before Flop (didn't bet)



PokerStars Hand #232734335411:  Hold'em No Limit ($0.01/$0.02 USD) - 2022/01/01 21:56:45 PT [2022/01/02 0:56:45 ET]
Table 'Mauritia IV' 9-max Seat #6 is the button
Seat 1: geyza15 ($2 in chips) 
Seat 2: Minakhat ($0.84 in chips) 
Seat 3: djkimera ($2.50 in chips) 
Seat 4: VANVIGA ($1.57 in chips) 
Seat 5: Vo33cH ($2.23 in chips) 
Seat 6: Aemstro ($3.05 in chips) 
Seat 7: Dorex2007 ($2.27 in chips) 
Seat 9: tadao577 ($2.07 in chips) 
Dorex2007: posts small blind $0.01
tadao577: posts big blind $0.02
*** HOLE CARDS ***
Dealt to Dorex2007 [4s 3h]
geyza15: folds 
Minakhat: folds 
djkimera: folds 
VANVIGA: raises $0.04 to $0.06
Vo33cH: folds 
Aemstro: folds 
Dorex2007: folds 
tadao577: folds 
Uncalled bet ($0.04) returned to VANVIGA
VANVIGA collected $0.05 from pot
VANVIGA: doesn't show hand 
*** SUMMARY ***
Total pot $0.05 | Rake $0 
Seat 1: geyza15 folded before Flop (didn't bet)
Seat 2: Minakhat folded before Flop (didn't bet)
Seat 3: djkimera folded before Flop (didn't bet)
Seat 4: VANVIGA collected ($0.05)
Seat 5: Vo33cH folded before Flop (didn't bet)
Seat 6: Aemstro (button) folded before Flop (didn't bet)
Seat 7: Dorex2007 (small blind) folded before Flop
Seat 9: tadao577 (big blind) folded before Flop



PokerStars Hand #232734337914:  Hold'em No Limit ($0.01/$0.02 USD) - 2022/01/01 21:57:04 PT [2022/01/02 0:57:04 ET]
Table 'Mauritia IV' 9-max Seat #7 is the button
Seat 1: geyza15 ($2 in chips) 
Seat 2: Minakhat ($0.84 in chips) 
Seat 3: djkimera ($2.50 in chips) 
Seat 4: VANVIGA ($1.60 in chips) 
Seat 5: Vo33cH ($2.23 in chips) 
Seat 6: Aemstro ($3.05 in chips) 
Seat 7: Dorex2007 ($2.26 in chips) 
Seat 9: tadao577 ($2.05 in chips) 
tadao577: posts small blind $0.01
geyza15: posts big blind $0.02
*** HOLE CARDS ***
Dealt to Dorex2007 [8s 7d]
Minakhat: folds 
djkimera: folds 
VANVIGA: folds 
Vo33cH: raises $0.04 to $0.06
Aemstro: raises $0.14 to $0.20
Dorex2007: folds 
tadao577: folds 
geyza15: folds 
Vo33cH: folds 
Uncalled bet ($0.14) returned to Aemstro
Aemstro collected $0.15 from pot
Aemstro: doesn't show hand 
*** SUMMARY ***
Total pot $0.15 | Rake $0 
Seat 1: geyza15 (big blind) folded before Flop
Seat 2: Minakhat folded before Flop (didn't bet)
Seat 3: djkimera folded before Flop (didn't bet)
Seat 4: VANVIGA folded before Flop (didn't bet)
Seat 5: Vo33cH folded before Flop
Seat 6: Aemstro collected ($0.15)
Seat 7: Dorex2007 (button) folded before Flop (didn't bet)
Seat 9: tadao577 (small blind) folded before Flop



PokerStars Hand #232734342247:  Hold'em No Limit ($0.01/$0.02 USD) - 2022/01/01 21:57:36 PT [2022/01/02 0:57:36 ET]
Table 'Mauritia IV' 9-max Seat #9 is the button
Seat 1: geyza15 ($2 in chips) 
Seat 2: Minakhat ($0.84 in chips) 
Seat 3: djkimera ($2.50 in chips) 
Seat 4: VANVIGA ($1.60 in chips) 
Seat 5: Vo33cH ($2.17 in chips) 
Seat 6: Aemstro ($3.14 in chips) 
Seat 7: Dorex2007 ($2.26 in chips) 
Seat 9: tadao577 ($2.04 in chips) 
geyza15: posts small blind $0.01
Minakhat: posts big blind $0.02
*** HOLE CARDS ***
Dealt to Dorex2007 [4h 4s]
djkimera: folds 
VANVIGA: folds 
Vo33cH: folds 
Aemstro: folds 
Dorex2007: calls $0.02
tadao577: calls $0.02
geyza15: calls $0.01
Minakhat: checks 
*** FLOP *** [Ks 5s 4d]
geyza15: checks 
Minakhat: checks 
Dorex2007: bets $0.08
tadao577: folds 
geyza15: folds 
Minakhat: folds 
Uncalled bet ($0.08) returned to Dorex2007
Dorex2007 collected $0.08 from pot
Dorex2007: doesn't show hand 
*** SUMMARY ***
Total pot $0.08 | Rake $0 
Board [Ks 5s 4d]
Seat 1: geyza15 (small blind) folded on the Flop
Seat 2: Minakhat (big blind) folded on the Flop
Seat 3: djkimera folded before Flop (didn't bet)
Seat 4: VANVIGA folded before Flop (didn't bet)
Seat 5: Vo33cH folded before Flop (didn't bet)
Seat 6: Aemstro folded before Flop (didn't bet)
Seat 7: Dorex2007 collected ($0.08)
Seat 9: tadao577 (button) folded on the Flop



PokerStars Hand #232734349140:  Hold'em No Limit ($0.01/$0.02 USD) - 2022/01/01 21:58:29 PT [2022/01/02 0:58:29 ET]
Table 'Mauritia IV' 9-max Seat #1 is the button
Seat 1: geyza15 ($2 in chips) 
Seat 2: Minakhat ($0.82 in chips) 
Seat 3: djkimera ($2.50 in chips) 
Seat 4: VANVIGA ($1.60 in chips) 
Seat 5: Vo33cH ($2.17 in chips) 
Seat 6: Aemstro ($3.14 in chips) 
Seat 7: Dorex2007 ($2.32 in chips) 
Seat 9: tadao577 ($2.02 in chips) 
Minakhat: posts small blind $0.01
djkimera: posts big blind $0.02
*** HOLE CARDS ***
Dealt to Dorex2007 [Ac 6s]
VANVIGA: calls $0.02
Vo33cH: folds 
Aemstro: folds 
Dorex2007: folds 
tadao577: calls $0.02
geyza15: folds 
Minakhat: raises $0.80 to $0.82 and is all-in
djkimera: folds 
VANVIGA: folds 
tadao577: folds 
Uncalled bet ($0.80) returned to Minakhat
Minakhat collected $0.08 from pot
Minakhat: doesn't show hand 
*** SUMMARY ***
Total pot $0.08 | Rake $0 
Seat 1: geyza15 (button) folded before Flop (didn't bet)
Seat 2: Minakhat (small blind) collected ($0.08)
Seat 3: djkimera (big blind) folded before Flop
Seat 4: VANVIGA folded before Flop
Seat 5: Vo33cH folded before Flop (didn't bet)
Seat 6: Aemstro folded before Flop (didn't bet)
Seat 7: Dorex2007 folded before Flop (didn't bet)
Seat 9: tadao577 folded before Flop



PokerStars Hand #232734354268:  Hold'em No Limit ($0.01/$0.02 USD) - 2022/01/01 21:59:08 PT [2022/01/02 0:59:08 ET]
Table 'Mauritia IV' 9-max Seat #2 is the button
Seat 1: geyza15 ($2 in chips) 
Seat 2: Minakhat ($0.88 in chips) 
Seat 3: djkimera ($2.48 in chips) 
Seat 4: VANVIGA ($1.58 in chips) 
Seat 5: Vo33cH ($2.17 in chips) 
Seat 6: Aemstro ($3.14 in chips) 
Seat 7: Dorex2007 ($2.32 in chips) 
Seat 9: tadao577 ($2 in chips) 
djkimera: posts small blind $0.01
VANVIGA: posts big blind $0.02
*** HOLE CARDS ***
Dealt to Dorex2007 [2c 5s]
Vo33cH: folds 
Aemstro: raises $0.04 to $0.06
Dorex2007: folds 
tadao577: calls $0.06
geyza15: folds 
Minakhat: folds 
djkimera: calls $0.05
VANVIGA: calls $0.04
*** FLOP *** [8d Kc 4h]
djkimera: checks 
VANVIGA: checks 
Aemstro: checks 
tadao577: checks 
*** TURN *** [8d Kc 4h] [Th]
djkimera: checks 
VANVIGA: bets $0.14
Aemstro: folds 
tadao577: folds 
djkimera: folds 
Uncalled bet ($0.14) returned to VANVIGA
VANVIGA collected $0.23 from pot
VANVIGA: doesn't show hand 
*** SUMMARY ***
Total pot $0.24 | Rake $0.01 
Board [8d Kc 4h Th]
Seat 1: geyza15 folded before Flop (didn't bet)
Seat 2: Minakhat (button) folded before Flop (didn't bet)
Seat 3: djkimera (small blind) folded on the Turn
Seat 4: VANVIGA (big blind) collected ($0.23)
Seat 5: Vo33cH folded before Flop (didn't bet)
Seat 6: Aemstro folded on the Turn
Seat 7: Dorex2007 folded before Flop (didn't bet)
Seat 9: tadao577 folded on the Turn



PokerStars Hand #232734359988:  Hold'em No Limit ($0.01/$0.02 USD) - 2022/01/01 21:59:52 PT [2022/01/02 0:59:52 ET]
Table 'Mauritia IV' 9-max Seat #3 is the button
Seat 1: geyza15 ($2 in chips) 
Seat 2: Minakhat ($0.88 in chips) 
Seat 3: djkimera ($2.42 in chips) 
Seat 4: VANVIGA ($1.75 in chips) 
Seat 5: Vo33cH ($2.17 in chips) 
Seat 6: Aemstro ($3.08 in chips) 
Seat 7: Dorex2007 ($2.32 in chips) 
Seat 9: tadao577 ($1.94 in chips) 
VANVIGA: posts small blind $0.01
Vo33cH: posts big blind $0.02
*** HOLE CARDS ***
Dealt to Dorex2007 [9d 9c]
Aemstro: folds 
Dorex2007: calls $0.02
tadao577: calls $0.02
geyza15: calls $0.02
Minakhat: calls $0.02
djkimera: folds 
VANVIGA: calls $0.01
Vo33cH: raises $0.04 to $0.06
Dorex2007: folds 
tadao577: calls $0.04
geyza15: calls $0.04
Minakhat: calls $0.04
VANVIGA: calls $0.04
*** FLOP *** [2c Td Jd]
VANVIGA: checks 
Vo33cH: checks 
tadao577: checks 
geyza15: checks 
Minakhat: checks 
*** TURN *** [2c Td Jd] [6d]
VANVIGA: bets $0.16
Vo33cH: folds 
tadao577: folds 
geyza15: folds 
Minakhat: folds 
Uncalled bet ($0.16) returned to VANVIGA
VANVIGA collected $0.31 from pot
VANVIGA: doesn't show hand 
*** SUMMARY ***
Total pot $0.32 | Rake $0.01 
Board [2c Td Jd 6d]
Seat 1: geyza15 folded on the Turn
Seat 2: Minakhat folded on the Turn
Seat 3: djkimera (button) folded before Flop (didn't bet)
Seat 4: VANVIGA (small blind) collected ($0.31)
Seat 5: Vo33cH (big blind) folded on the Turn
Seat 6: Aemstro folded before Flop (didn't bet)
Seat 7: Dorex2007 folded before Flop
Seat 9: tadao577 folded on the Turn



PokerStars Hand #232734380086:  Hold'em No Limit ($0.01/$0.02 USD) - 2022/01/01 22:01:17 PT [2022/01/02 1:01:17 ET]
Table 'Mauritia IV' 9-max Seat #4 is the button
Seat 1: geyza15 ($2 in chips) 
Seat 2: Minakhat ($0.82 in chips) 
Seat 3: djkimera ($2.42 in chips) 
Seat 4: VANVIGA ($2 in chips) 
Seat 5: Vo33cH ($2.11 in chips) 
Seat 6: Aemstro ($3.08 in chips) 
Seat 7: Dorex2007 ($2.30 in chips) 
Seat 9: tadao577 ($1.88 in chips) 
Vo33cH: posts small blind $0.01
Aemstro: posts big blind $0.02
*** HOLE CARDS ***
Dealt to Dorex2007 [6s 7d]
Dorex2007: folds 
tadao577: calls $0.02
geyza15: folds 
Minakhat: folds 
djkimera: raises $0.03 to $0.05
VANVIGA: calls $0.05
Vo33cH: raises $0.15 to $0.20
Aemstro: folds 
tadao577: calls $0.18
djkimera: calls $0.15
VANVIGA: folds 
*** FLOP *** [Js 7s 8c]
Vo33cH: bets $0.32
tadao577: folds 
djkimera: raises $1.90 to $2.22 and is all-in
Vo33cH: calls $1.59 and is all-in
Uncalled bet ($0.31) returned to djkimera
*** TURN *** [Js 7s 8c] [5h]
*** RIVER *** [Js 7s 8c 5h] [4c]
*** SHOW DOWN ***
Vo33cH: shows [Qd Qh] (a pair of Queens)
djkimera: shows [Th 9c] (a straight, Seven to Jack)
djkimera collected $4.33 from pot
*** SUMMARY ***
Total pot $4.49 | Rake $0.16 
Board [Js 7s 8c 5h 4c]
Seat 1: geyza15 folded before Flop (didn't bet)
Seat 2: Minakhat folded before Flop (didn't bet)
Seat 3: djkimera showed [Th 9c] and won ($4.33) with a straight, Seven to Jack
Seat 4: VANVIGA (button) folded before Flop
Seat 5: Vo33cH (small blind) showed [Qd Qh] and lost with a pair of Queens
Seat 6: Aemstro (big blind) folded before Flop
Seat 7: Dorex2007 folded before Flop (didn't bet)
Seat 9: tadao577 folded on the Flop



PokerStars Hand #232734393891:  Hold'em No Limit ($0.01/$0.02 USD) - 2022/01/01 22:02:48 PT [2022/01/02 1:02:48 ET]
Table 'Mauritia IV' 9-max Seat #6 is the button
Seat 1: geyza15 ($2 in chips) 
Seat 2: Minakhat ($0.82 in chips) 
Seat 3: djkimera ($4.64 in chips) 
Seat 4: VANVIGA ($1.95 in chips) 
Seat 6: Aemstro ($3.06 in chips) 
Seat 7: Dorex2007 ($2.30 in chips) 
Seat 9: tadao577 ($1.68 in chips) 
Dorex2007: posts small blind $0.01
tadao577: posts big blind $0.02
*** HOLE CARDS ***
Dealt to Dorex2007 [5h 3s]
geyza15: folds 
Minakhat: raises $0.03 to $0.05
djkimera: calls $0.05
VANVIGA: folds 
Aemstro: calls $0.05
Dorex2007: folds 
tadao577: calls $0.03
*** FLOP *** [9c Qc Jc]
tadao577: checks 
Minakhat: checks 
djkimera: bets $0.11
Aemstro: folds 
tadao577: folds 
Minakhat: folds 
Uncalled bet ($0.11) returned to djkimera
djkimera collected $0.20 from pot
djkimera: doesn't show hand 
*** SUMMARY ***
Total pot $0.21 | Rake $0.01 
Board [9c Qc Jc]
Seat 1: geyza15 folded before Flop (didn't bet)
Seat 2: Minakhat folded on the Flop
Seat 3: djkimera collected ($0.20)
Seat 4: VANVIGA folded before Flop (didn't bet)
Seat 6: Aemstro (button) folded on the Flop
Seat 7: Dorex2007 (small blind) folded before Flop
Seat 9: tadao577 (big blind) folded on the Flop



PokerStars Hand #232734399566:  Hold'em No Limit ($0.01/$0.02 USD) - 2022/01/01 22:03:25 PT [2022/01/02 1:03:25 ET]
Table 'Mauritia IV' 9-max Seat #7 is the button
Seat 1: geyza15 ($2 in chips) 
Seat 2: Minakhat ($0.80 in chips) 
Seat 3: djkimera ($4.79 in chips) 
Seat 4: VANVIGA ($1.95 in chips) 
Seat 5: Vo33cH ($2 in chips) 
Seat 6: Aemstro ($3.01 in chips) 
Seat 7: Dorex2007 ($2.29 in chips) 
Seat 9: tadao577 ($1.63 in chips) 
tadao577: posts small blind $0.01
geyza15: posts big blind $0.02
*** HOLE CARDS ***
Dealt to Dorex2007 [7s 9c]
Minakhat: raises $0.78 to $0.80 and is all-in
djkimera: folds 
VANVIGA: folds 
Vo33cH: folds 
Aemstro: folds 
Dorex2007: folds 
tadao577: folds 
geyza15: folds 
Uncalled bet ($0.78) returned to Minakhat
Minakhat collected $0.05 from pot
Minakhat: doesn't show hand 
*** SUMMARY ***
Total pot $0.05 | Rake $0 
Seat 1: geyza15 (big blind) folded before Flop
Seat 2: Minakhat collected ($0.05)
Seat 3: djkimera folded before Flop (didn't bet)
Seat 4: VANVIGA folded before Flop (didn't bet)
Seat 5: Vo33cH folded before Flop (didn't bet)
Seat 6: Aemstro folded before Flop (didn't bet)
Seat 7: Dorex2007 (button) folded before Flop (didn't bet)
Seat 9: tadao577 (small blind) folded before Flop



PokerStars Hand #232734401937:  Hold'em No Limit ($0.01/$0.02 USD) - 2022/01/01 22:03:40 PT [2022/01/02 1:03:40 ET]
Table 'Mauritia IV' 9-max Seat #9 is the button
Seat 1: geyza15 ($2 in chips) 
Seat 3: djkimera ($4.79 in chips) 
Seat 4: VANVIGA ($1.95 in chips) 
Seat 5: Vo33cH ($2 in chips) 
Seat 6: Aemstro ($3.01 in chips) 
Seat 7: Dorex2007 ($2.29 in chips) 
Seat 9: tadao577 ($1.62 in chips) 
geyza15: posts small blind $0.01
Minakhat: is sitting out 
djkimera: posts big blind $0.02
*** HOLE CARDS ***
Dealt to Dorex2007 [Ts Ac]
VANVIGA: folds 
Minakhat leaves the table
Vo33cH has timed out
Vo33cH: folds 
Aemstro: folds 
Dorex2007: raises $0.02 to $0.04
777pvo777 joins the table at seat #2 
tadao577: calls $0.04
geyza15: folds 
djkimera: calls $0.02
*** FLOP *** [4d Jc Qs]
djkimera: checks 
Dorex2007: checks 
tadao577: checks 
*** TURN *** [4d Jc Qs] [5s]
djkimera: bets $0.05
Dorex2007: folds 
tadao577: calls $0.05
*** RIVER *** [4d Jc Qs 5s] [2d]
djkimera: checks 
tadao577: checks 
*** SHOW DOWN ***
djkimera: shows [4s As] (a pair of Fours)
tadao577: mucks hand 
djkimera collected $0.22 from pot
*** SUMMARY ***
Total pot $0.23 | Rake $0.01 
Board [4d Jc Qs 5s 2d]
Seat 1: geyza15 (small blind) folded before Flop
Seat 3: djkimera (big blind) showed [4s As] and won ($0.22) with a pair of Fours
Seat 4: VANVIGA folded before Flop (didn't bet)
Seat 5: Vo33cH folded before Flop (didn't bet)
Seat 6: Aemstro folded before Flop (didn't bet)
Seat 7: Dorex2007 folded on the Turn
Seat 9: tadao577 (button) mucked [3d 3c]



PokerStars Hand #232734409730:  Hold'em No Limit ($0.01/$0.02 USD) - 2022/01/01 22:04:30 PT [2022/01/02 1:04:30 ET]
Table 'Mauritia IV' 9-max Seat #1 is the button
Seat 1: geyza15 ($2 in chips) 
Seat 3: djkimera ($4.92 in chips) 
Seat 4: VANVIGA ($1.95 in chips) 
Seat 6: Aemstro ($3.01 in chips) 
Seat 7: Dorex2007 ($2.25 in chips) 
Seat 9: tadao577 ($1.53 in chips) 
djkimera: posts small blind $0.01
VANVIGA: posts big blind $0.02
*** HOLE CARDS ***
Dealt to Dorex2007 [8h Qh]
Aemstro: folds 
Dorex2007: folds 
tadao577: calls $0.02
geyza15: folds 
djkimera: calls $0.01
VANVIGA: checks 
*** FLOP *** [Kh Kd Ac]
djkimera: checks 
VANVIGA: checks 
tadao577: checks 
*** TURN *** [Kh Kd Ac] [3c]
djkimera: checks 
VANVIGA: checks 
tadao577: checks 
*** RIVER *** [Kh Kd Ac 3c] [5s]
djkimera: checks 
VANVIGA: bets $0.02
tadao577: calls $0.02
djkimera: folds 
*** SHOW DOWN ***
VANVIGA: shows [5h 4d] (two pair, Kings and Fives)
tadao577: shows [5d 6c] (two pair, Kings and Fives)
VANVIGA collected $0.05 from pot
tadao577 collected $0.05 from pot
*** SUMMARY ***
Total pot $0.10 | Rake $0 
Board [Kh Kd Ac 3c 5s]
Seat 1: geyza15 (button) folded before Flop (didn't bet)
Seat 3: djkimera (small blind) folded on the River
Seat 4: VANVIGA (big blind) showed [5h 4d] and won ($0.05) with two pair, Kings and Fives
Seat 6: Aemstro folded before Flop (didn't bet)
Seat 7: Dorex2007 folded before Flop (didn't bet)
Seat 9: tadao577 showed [5d 6c] and won ($0.05) with two pair, Kings and Fives



PokerStars Hand #232734416011:  Hold'em No Limit ($0.01/$0.02 USD) - 2022/01/01 22:05:11 PT [2022/01/02 1:05:11 ET]
Table 'Mauritia IV' 9-max Seat #3 is the button
Seat 1: geyza15 ($2 in chips) 
Seat 3: djkimera ($4.90 in chips) 
Seat 4: VANVIGA ($1.96 in chips) 
Seat 5: Vo33cH ($2 in chips) 
Seat 6: Aemstro ($3.01 in chips) 
Seat 7: Dorex2007 ($2.25 in chips) 
Seat 9: tadao577 ($1.54 in chips) 
VANVIGA: posts small blind $0.01
Vo33cH: posts big blind $0.02
777pvo777: sits out 
*** HOLE CARDS ***
Dealt to Dorex2007 [Qc 9s]
Aemstro: folds 
Dorex2007 has timed out
Dorex2007: folds 
tadao577: calls $0.02
geyza15: folds 
djkimera: raises $0.03 to $0.05
VANVIGA: folds 
Vo33cH: folds 
tadao577: calls $0.03
*** FLOP *** [8c 2h Ts]
tadao577: checks 
djkimera: checks 
*** TURN *** [8c 2h Ts] [4c]
tadao577: checks 
djkimera: checks 
*** RIVER *** [8c 2h Ts 4c] [Kc]
tadao577: bets $0.10
djkimera: folds 
Uncalled bet ($0.10) returned to tadao577
tadao577 collected $0.13 from pot
tadao577: doesn't show hand 
*** SUMMARY ***
Total pot $0.13 | Rake $0 
Board [8c 2h Ts 4c Kc]
Seat 1: geyza15 folded before Flop (didn't bet)
Seat 3: djkimera (button) folded on the River
Seat 4: VANVIGA (small blind) folded before Flop
Seat 5: Vo33cH (big blind) folded before Flop
Seat 6: Aemstro folded before Flop (didn't bet)
Seat 7: Dorex2007 folded before Flop (didn't bet)
Seat 9: tadao577 collected ($0.13)



PokerStars Hand #232734431114:  Hold'em No Limit ($0.01/$0.02 USD) - 2022/01/01 22:06:49 PT [2022/01/02 1:06:49 ET]
Table 'Mauritia IV' 9-max Seat #5 is the button
Seat 1: geyza15 ($2 in chips) 
Seat 3: djkimera ($4.85 in chips) 
Seat 4: VANVIGA ($1.95 in chips) 
Seat 5: Vo33cH ($2.09 in chips) 
Seat 6: Aemstro ($2.95 in chips) 
Seat 7: Dorex2007 ($2.25 in chips) 
Seat 9: tadao577 ($1.56 in chips) 
Aemstro: posts small blind $0.01
Dorex2007: posts big blind $0.02
777pvo777: sits out 
*** HOLE CARDS ***
Dealt to Dorex2007 [4h 2h]
tadao577: calls $0.02
geyza15: folds 
djkimera: folds 
VANVIGA: raises $0.04 to $0.06
Vo33cH: folds 
Aemstro: calls $0.05
Dorex2007: folds 
tadao577: calls $0.04
*** FLOP *** [6s 9h 7s]
Aemstro: checks 
tadao577: checks 
VANVIGA: bets $0.10
Aemstro: folds 
tadao577: folds 
Uncalled bet ($0.10) returned to VANVIGA
VANVIGA collected $0.19 from pot
VANVIGA: doesn't show hand 
*** SUMMARY ***
Total pot $0.20 | Rake $0.01 
Board [6s 9h 7s]
Seat 1: geyza15 folded before Flop (didn't bet)
Seat 3: djkimera folded before Flop (didn't bet)
Seat 4: VANVIGA collected ($0.19)
Seat 5: Vo33cH (button) folded before Flop (didn't bet)
Seat 6: Aemstro (small blind) folded on the Flop
Seat 7: Dorex2007 (big blind) folded before Flop
Seat 9: tadao577 folded on the Flop



PokerStars Hand #232734437128:  Hold'em No Limit ($0.01/$0.02 USD) - 2022/01/01 22:07:27 PT [2022/01/02 1:07:27 ET]
Table 'Mauritia IV' 9-max Seat #6 is the button
Seat 1: geyza15 ($2 in chips) 
Seat 3: djkimera ($4.85 in chips) 
Seat 4: VANVIGA ($2.08 in chips) 
Seat 5: Vo33cH ($2.09 in chips) 
Seat 6: Aemstro ($2.89 in chips) 
Seat 7: Dorex2007 ($2.23 in chips) 
Seat 9: tadao577 ($1.50 in chips) 
Dorex2007: posts small blind $0.01
tadao577: posts big blind $0.02
777pvo777: sits out 
*** HOLE CARDS ***
Dealt to Dorex2007 [4d 6h]
geyza15: folds 
djkimera: folds 
VANVIGA: folds 
Vo33cH: folds 
Aemstro: raises $0.03 to $0.05
Dorex2007: folds 
tadao577: calls $0.03
*** FLOP *** [3s Ts Td]
tadao577: checks 
Aemstro: bets $0.06
tadao577: folds 
Uncalled bet ($0.06) returned to Aemstro
Aemstro collected $0.11 from pot
Tobinhoyo leaves the table
Aemstro: doesn't show hand 
*** SUMMARY ***
Total pot $0.11 | Rake $0 
Board [3s Ts Td]
Seat 1: geyza15 folded before Flop (didn't bet)
Seat 3: djkimera folded before Flop (didn't bet)
Seat 4: VANVIGA folded before Flop (didn't bet)
Seat 5: Vo33cH folded before Flop (didn't bet)
Seat 6: Aemstro (button) collected ($0.11)
Seat 7: Dorex2007 (small blind) folded before Flop
Seat 9: tadao577 (big blind) folded on the Flop



PokerStars Hand #232734442911:  Hold'em No Limit ($0.01/$0.02 USD) - 2022/01/01 22:08:05 PT [2022/01/02 1:08:05 ET]
Table 'Mauritia IV' 9-max Seat #7 is the button
Seat 1: geyza15 ($2 in chips) 
Seat 3: djkimera ($4.85 in chips) 
Seat 4: VANVIGA ($2.08 in chips) 
Seat 5: Vo33cH ($2.09 in chips) 
Seat 6: Aemstro ($2.95 in chips) 
Seat 7: Dorex2007 ($2.22 in chips) 
Seat 9: tadao577 ($1.45 in chips) 
tadao577: posts small blind $0.01
geyza15: posts big blind $0.02
777pvo777: sits out 
*** HOLE CARDS ***
Dealt to Dorex2007 [Kc 5s]
djkimera: folds 
VANVIGA: raises $0.04 to $0.06
Vo33cH: folds 
Aemstro: folds 
Dorex2007: folds 
noraemon joins the table at seat #8 
tadao577: calls $0.05
geyza15: calls $0.04
*** FLOP *** [5d Jh 9d]
tadao577: checks 
geyza15: checks 
VANVIGA: bets $0.12
tadao577: folds 
geyza15: folds 
Uncalled bet ($0.12) returned to VANVIGA
VANVIGA collected $0.17 from pot
VANVIGA: doesn't show hand 
*** SUMMARY ***
Total pot $0.18 | Rake $0.01 
Board [5d Jh 9d]
Seat 1: geyza15 (big blind) folded on the Flop
Seat 3: djkimera folded before Flop (didn't bet)
Seat 4: VANVIGA collected ($0.17)
Seat 5: Vo33cH folded before Flop (didn't bet)
Seat 6: Aemstro folded before Flop (didn't bet)
Seat 7: Dorex2007 (button) folded before Flop (didn't bet)
Seat 9: tadao577 (small blind) folded on the Flop



PokerStars Hand #232734449463:  Hold'em No Limit ($0.01/$0.02 USD) - 2022/01/01 22:08:48 PT [2022/01/02 1:08:48 ET]
Table 'Mauritia IV' 9-max Seat #9 is the button
Seat 1: geyza15 ($2 in chips) 
Seat 2: 777pvo777 ($1.60 in chips) 
Seat 3: djkimera ($4.85 in chips) 
Seat 4: VANVIGA ($2.19 in chips) 
Seat 5: Vo33cH ($2.09 in chips) 
Seat 6: Aemstro ($2.95 in chips) 
Seat 7: Dorex2007 ($2.22 in chips) 
Seat 9: tadao577 ($1.39 in chips) 
geyza15: posts small blind $0.01
777pvo777: posts big blind $0.02
noraemon: sits out 
*** HOLE CARDS ***
Dealt to Dorex2007 [Ts Kc]
djkimera: folds 
VANVIGA: calls $0.02
Vo33cH: raises $0.02 to $0.04
Aemstro: folds 
Dorex2007: folds 
tadao577: calls $0.04
geyza15: folds 
777pvo777: folds 
VANVIGA: calls $0.02
*** FLOP *** [4s Qd 2d]
VANVIGA: checks 
Vo33cH: bets $0.07
tadao577: folds 
VANVIGA: calls $0.07
*** TURN *** [4s Qd 2d] [9s]
VANVIGA: checks 
Vo33cH: bets $0.14
VANVIGA: calls $0.14
*** RIVER *** [4s Qd 2d 9s] [Ac]
VANVIGA: checks 
Vo33cH: bets $0.27
VANVIGA: raises $1.67 to $1.94 and is all-in
Vo33cH: calls $1.57 and is all-in
Uncalled bet ($0.10) returned to VANVIGA
*** SHOW DOWN ***
VANVIGA: shows [9d Kd] (a pair of Nines)
Vo33cH: shows [Ad Qh] (two pair, Aces and Queens)
Vo33cH collected $4.10 from pot
*** SUMMARY ***
Total pot $4.25 | Rake $0.15 
Board [4s Qd 2d 9s Ac]
Seat 1: geyza15 (small blind) folded before Flop
Seat 2: 777pvo777 (big blind) folded before Flop
Seat 3: djkimera folded before Flop (didn't bet)
Seat 4: VANVIGA showed [9d Kd] and lost with a pair of Nines
Seat 5: Vo33cH showed [Ad Qh] and won ($4.10) with two pair, Aces and Queens
Seat 6: Aemstro folded before Flop (didn't bet)
Seat 7: Dorex2007 folded before Flop (didn't bet)
Seat 9: tadao577 (button) folded on the Flop



PokerStars Hand #232734463479:  Hold'em No Limit ($0.01/$0.02 USD) - 2022/01/01 22:10:19 PT [2022/01/02 1:10:19 ET]
Table 'Mauritia IV' 9-max Seat #1 is the button
Seat 1: geyza15 ($2 in chips) 
Seat 2: 777pvo777 ($1.58 in chips) 
Seat 3: djkimera ($4.85 in chips) 
Seat 4: VANVIGA ($0.10 in chips) 
Seat 5: Vo33cH ($4.10 in chips) 
Seat 6: Aemstro ($2.95 in chips) 
Seat 7: Dorex2007 ($2.22 in chips) 
Seat 9: tadao577 ($1.35 in chips) 
777pvo777: posts small blind $0.01
djkimera: posts big blind $0.02
noraemon: sits out 
*** HOLE CARDS ***
Dealt to Dorex2007 [3c Ah]
VANVIGA: folds 
Vo33cH: folds 
Aemstro: folds 
Dorex2007: folds 
VANVIGA leaves the table
tadao577: calls $0.02
geyza15: folds 
777pvo777: calls $0.01
djkimera: checks 
*** FLOP *** [Kd Ts Js]
777pvo777: checks 
djkimera: checks 
tadao577: checks 
*** TURN *** [Kd Ts Js] [Qd]
777pvo777: checks 
djkimera: checks 
tadao577: checks 
*** RIVER *** [Kd Ts Js Qd] [9d]
777pvo777: bets $0.04
djkimera: folds 
tadao577: raises $0.06 to $0.10
777pvo777: calls $0.06
*** SHOW DOWN ***
tadao577: shows [7d 5d] (a flush, King high)
777pvo777: mucks hand 
tadao577 collected $0.25 from pot
*** SUMMARY ***
Total pot $0.26 | Rake $0.01 
Board [Kd Ts Js Qd 9d]
Seat 1: geyza15 (button) folded before Flop (didn't bet)
Seat 2: 777pvo777 (small blind) mucked [2d Th]
Seat 3: djkimera (big blind) folded on the River
Seat 4: VANVIGA folded before Flop (didn't bet)
Seat 5: Vo33cH folded before Flop (didn't bet)
Seat 6: Aemstro folded before Flop (didn't bet)
Seat 7: Dorex2007 folded before Flop (didn't bet)
Seat 9: tadao577 showed [7d 5d] and won ($0.25) with a flush, King high



PokerStars Hand #232734472614:  Hold'em No Limit ($0.01/$0.02 USD) - 2022/01/01 22:11:19 PT [2022/01/02 1:11:19 ET]
Table 'Mauritia IV' 9-max Seat #2 is the button
Seat 1: geyza15 ($2 in chips) 
Seat 2: 777pvo777 ($1.46 in chips) 
Seat 3: djkimera ($4.83 in chips) 
Seat 5: Vo33cH ($4.10 in chips) 
Seat 6: Aemstro ($2.95 in chips) 
Seat 7: Dorex2007 ($2.22 in chips) 
Seat 9: tadao577 ($1.48 in chips) 
djkimera: posts small blind $0.01
Vo33cH: posts big blind $0.02
noraemon: sits out 
*** HOLE CARDS ***
Dealt to Dorex2007 [Jc 9s]
Aemstro: folds 
Dorex2007: folds 
tadao577: calls $0.02
geyza15: calls $0.02
777pvo777: calls $0.02
djkimera: folds 
Vo33cH: checks 
*** FLOP *** [3s 5c 6c]
Vo33cH: bets $0.04
tadao577: folds 
geyza15: folds 
MPK-198 joins the table at seat #4 
777pvo777: calls $0.04
*** TURN *** [3s 5c 6c] [Ac]
Vo33cH: checks 
777pvo777: checks 
*** RIVER *** [3s 5c 6c Ac] [6s]
Vo33cH: checks 
777pvo777: bets $0.11
Vo33cH: folds 
Uncalled bet ($0.11) returned to 777pvo777
777pvo777 collected $0.16 from pot
777pvo777: doesn't show hand 
*** SUMMARY ***
Total pot $0.17 | Rake $0.01 
Board [3s 5c 6c Ac 6s]
Seat 1: geyza15 folded on the Flop
Seat 2: 777pvo777 (button) collected ($0.16)
Seat 3: djkimera (small blind) folded before Flop
Seat 5: Vo33cH (big blind) folded on the River
Seat 6: Aemstro folded before Flop (didn't bet)
Seat 7: Dorex2007 folded before Flop (didn't bet)
Seat 9: tadao577 folded on the Flop



PokerStars Hand #232734481241:  Hold'em No Limit ($0.01/$0.02 USD) - 2022/01/01 22:12:15 PT [2022/01/02 1:12:15 ET]
Table 'Mauritia IV' 9-max Seat #3 is the button
Seat 1: geyza15 ($2 in chips) 
Seat 2: 777pvo777 ($1.56 in chips) 
Seat 3: djkimera ($4.82 in chips) 
Seat 5: Vo33cH ($4.04 in chips) 
Seat 6: Aemstro ($2.95 in chips) 
Seat 7: Dorex2007 ($2.22 in chips) 
Seat 9: tadao577 ($1.46 in chips) 
Vo33cH: posts small blind $0.01
Aemstro: posts big blind $0.02
noraemon: sits out 
*** HOLE CARDS ***
Dealt to Dorex2007 [2d 9s]
Dorex2007: folds 
tadao577 has timed out
tadao577: folds 
geyza15: folds 
777pvo777: raises $0.03 to $0.05
djkimera: calls $0.05
Vo33cH: folds 
Aemstro: folds 
*** FLOP *** [Tc 4s Kc]
777pvo777: bets $0.05
djkimera: folds 
Uncalled bet ($0.05) returned to 777pvo777
777pvo777 collected $0.13 from pot
777pvo777: doesn't show hand 
*** SUMMARY ***
Total pot $0.13 | Rake $0 
Board [Tc 4s Kc]
Seat 1: geyza15 folded before Flop (didn't bet)
Seat 2: 777pvo777 collected ($0.13)
Seat 3: djkimera (button) folded on the Flop
Seat 5: Vo33cH (small blind) folded before Flop
Seat 6: Aemstro (big blind) folded before Flop
Seat 7: Dorex2007 folded before Flop (didn't bet)
Seat 9: tadao577 folded before Flop (didn't bet)



PokerStars Hand #232734487258:  Hold'em No Limit ($0.01/$0.02 USD) - 2022/01/01 22:12:56 PT [2022/01/02 1:12:56 ET]
Table 'Mauritia IV' 9-max Seat #5 is the button
Seat 1: geyza15 ($2 in chips) 
Seat 2: 777pvo777 ($1.64 in chips) 
Seat 3: djkimera ($4.77 in chips) 
Seat 4: MPK-198 ($1.60 in chips) 
Seat 5: Vo33cH ($4.03 in chips) 
Seat 6: Aemstro ($2.93 in chips) 
Seat 7: Dorex2007 ($2.22 in chips) 
Seat 9: tadao577 ($1.46 in chips) 
Aemstro: posts small blind $0.01
Dorex2007: posts big blind $0.02
noraemon: sits out 
MPK-198: posts big blind $0.02
*** HOLE CARDS ***
Dealt to Dorex2007 [6s 8d]
tadao577: calls $0.02
geyza15: calls $0.02
777pvo777: calls $0.02
djkimera: raises $0.17 to $0.19
MPK-198: folds 
Vo33cH: folds 
Aemstro: folds 
Dorex2007: folds 
tadao577: folds 
geyza15: folds 
777pvo777: folds 
Uncalled bet ($0.17) returned to djkimera
djkimera collected $0.13 from pot
djkimera: doesn't show hand 
*** SUMMARY ***
Total pot $0.13 | Rake $0 
Seat 1: geyza15 folded before Flop
Seat 2: 777pvo777 folded before Flop
Seat 3: djkimera collected ($0.13)
Seat 4: MPK-198 folded before Flop (didn't bet)
Seat 5: Vo33cH (button) folded before Flop (didn't bet)
Seat 6: Aemstro (small blind) folded before Flop
Seat 7: Dorex2007 (big blind) folded before Flop
Seat 9: tadao577 folded before Flop



PokerStars Hand #232734492839:  Hold'em No Limit ($0.01/$0.02 USD) - 2022/01/01 22:13:32 PT [2022/01/02 1:13:32 ET]
Table 'Mauritia IV' 9-max Seat #6 is the button
Seat 1: geyza15 ($2 in chips) 
Seat 2: 777pvo777 ($1.62 in chips) 
Seat 3: djkimera ($4.88 in chips) 
Seat 4: MPK-198 ($1.58 in chips) 
Seat 5: Vo33cH ($4.03 in chips) 
Seat 6: Aemstro ($2.92 in chips) 
Seat 7: Dorex2007 ($2.20 in chips) 
Seat 8: noraemon ($2 in chips) 
Seat 9: tadao577 ($1.44 in chips) 
Dorex2007: posts small blind $0.01
noraemon: posts big blind $0.02
*** HOLE CARDS ***
Dealt to Dorex2007 [7d 6c]
tadao577: folds 
geyza15: folds 
777pvo777: raises $0.03 to $0.05
djkimera: calls $0.05
MPK-198: folds 
Vo33cH: folds 
Aemstro: folds 
Dorex2007: folds 
noraemon: folds 
*** FLOP *** [As Jh 2d]
777pvo777: checks 
djkimera: checks 
*** TURN *** [As Jh 2d] [3s]
777pvo777: checks 
djkimera: checks 
*** RIVER *** [As Jh 2d 3s] [Jd]
777pvo777: checks 
djkimera: checks 
*** SHOW DOWN ***
777pvo777: shows [7s 6s] (a pair of Jacks)
djkimera: shows [9s Th] (a pair of Jacks - Ace+Ten kicker)
djkimera collected $0.13 from pot
*** SUMMARY ***
Total pot $0.13 | Rake $0 
Board [As Jh 2d 3s Jd]
Seat 1: geyza15 folded before Flop (didn't bet)
Seat 2: 777pvo777 showed [7s 6s] and lost with a pair of Jacks
Seat 3: djkimera showed [9s Th] and won ($0.13) with a pair of Jacks
Seat 4: MPK-198 folded before Flop (didn't bet)
Seat 5: Vo33cH folded before Flop (didn't bet)
Seat 6: Aemstro (button) folded before Flop (didn't bet)
Seat 7: Dorex2007 (small blind) folded before Flop
Seat 8: noraemon (big blind) folded before Flop
Seat 9: tadao577 folded before Flop (didn't bet)



PokerStars Hand #232734499822:  Hold'em No Limit ($0.01/$0.02 USD) - 2022/01/01 22:14:19 PT [2022/01/02 1:14:19 ET]
Table 'Mauritia IV' 9-max Seat #7 is the button
Seat 1: geyza15 ($2 in chips) 
Seat 2: 777pvo777 ($1.57 in chips) 
Seat 3: djkimera ($4.96 in chips) 
Seat 4: MPK-198 ($1.58 in chips) 
Seat 5: Vo33cH ($4.03 in chips) 
Seat 6: Aemstro ($2.92 in chips) 
Seat 7: Dorex2007 ($2.19 in chips) 
Seat 8: noraemon ($2 in chips) 
Seat 9: tadao577 ($1.44 in chips) 
noraemon: posts small blind $0.01
tadao577: posts big blind $0.02
*** HOLE CARDS ***
Dealt to Dorex2007 [3h Qh]
geyza15: calls $0.02
777pvo777: folds 
djkimera: folds 
MPK-198: folds 
Vo33cH: folds 
Aemstro: folds 
Dorex2007: folds 
noraemon: raises $0.08 to $0.10
tadao577: folds 
geyza15: calls $0.08
*** FLOP *** [3s 7s Ts]
noraemon: bets $0.08
geyza15: raises $0.19 to $0.27
noraemon: folds 
Uncalled bet ($0.19) returned to geyza15
geyza15 collected $0.37 from pot
geyza15: doesn't show hand 
*** SUMMARY ***
Total pot $0.38 | Rake $0.01 
Board [3s 7s Ts]
Seat 1: geyza15 collected ($0.37)
Seat 2: 777pvo777 folded before Flop (didn't bet)
Seat 3: djkimera folded before Flop (didn't bet)
Seat 4: MPK-198 folded before Flop (didn't bet)
Seat 5: Vo33cH folded before Flop (didn't bet)
Seat 6: Aemstro folded before Flop (didn't bet)
Seat 7: Dorex2007 (button) folded before Flop (didn't bet)
Seat 8: noraemon (small blind) folded on the Flop
Seat 9: tadao577 (big blind) folded before Flop



PokerStars Hand #232734507093:  Hold'em No Limit ($0.01/$0.02 USD) - 2022/01/01 22:15:06 PT [2022/01/02 1:15:06 ET]
Table 'Mauritia IV' 9-max Seat #8 is the button
Seat 1: geyza15 ($2.19 in chips) 
Seat 2: 777pvo777 ($1.57 in chips) 
Seat 3: djkimera ($4.96 in chips) 
Seat 4: MPK-198 ($1.58 in chips) 
Seat 5: Vo33cH ($4.03 in chips) 
Seat 6: Aemstro ($2.92 in chips) 
Seat 7: Dorex2007 ($2.19 in chips) 
Seat 8: noraemon ($2 in chips) 
Seat 9: tadao577 ($1.42 in chips) 
tadao577: posts small blind $0.01
geyza15: posts big blind $0.02
*** HOLE CARDS ***
Dealt to Dorex2007 [9c 9s]
777pvo777: raises $0.03 to $0.05
djkimera: folds 
MPK-198: folds 
Vo33cH: raises $0.05 to $0.10
Aemstro: folds 
Dorex2007: folds 
noraemon: folds 
tadao577: calls $0.09
geyza15: folds 
777pvo777: calls $0.05
*** FLOP *** [4d 6d 8d]
tadao577: checks 
777pvo777: checks 
Vo33cH: checks 
*** TURN *** [4d 6d 8d] [4s]
tadao577: checks 
777pvo777: checks 
Vo33cH: checks 
*** RIVER *** [4d 6d 8d 4s] [Js]
tadao577: checks 
777pvo777: checks 
Vo33cH: bets $0.31
tadao577: folds 
777pvo777: folds 
Uncalled bet ($0.31) returned to Vo33cH
Vo33cH collected $0.31 from pot
Vo33cH: doesn't show hand 
*** SUMMARY ***
Total pot $0.32 | Rake $0.01 
Board [4d 6d 8d 4s Js]
Seat 1: geyza15 (big blind) folded before Flop
Seat 2: 777pvo777 folded on the River
Seat 3: djkimera folded before Flop (didn't bet)
Seat 4: MPK-198 folded before Flop (didn't bet)
Seat 5: Vo33cH collected ($0.31)
Seat 6: Aemstro folded before Flop (didn't bet)
Seat 7: Dorex2007 folded before Flop (didn't bet)
Seat 8: noraemon (button) folded before Flop (didn't bet)
Seat 9: tadao577 (small blind) folded on the River



PokerStars Hand #232734523639:  Hold'em No Limit ($0.01/$0.02 USD) - 2022/01/01 22:16:27 PT [2022/01/02 1:16:27 ET]
Table 'Mauritia IV' 9-max Seat #9 is the button
Seat 1: geyza15 ($2.17 in chips) 
Seat 2: 777pvo777 ($1.47 in chips) 
Seat 3: djkimera ($4.96 in chips) 
Seat 4: MPK-198 ($1.58 in chips) 
Seat 5: Vo33cH ($4.24 in chips) 
Seat 6: Aemstro ($2.92 in chips) 
Seat 7: Dorex2007 ($2.19 in chips) 
Seat 8: noraemon ($2 in chips) 
Seat 9: tadao577 ($1.32 in chips) 
geyza15: posts small blind $0.01
777pvo777: posts big blind $0.02
*** HOLE CARDS ***
Dealt to Dorex2007 [8c 3h]
djkimera: folds 
MPK-198: folds 
Vo33cH: calls $0.02
Aemstro: folds 
Dorex2007: folds 
noraemon: raises $0.05 to $0.07
tadao577: calls $0.07
geyza15: folds 
777pvo777: calls $0.05
Vo33cH: calls $0.05
*** FLOP *** [Ts 7d 5d]
777pvo777: checks 
Vo33cH: checks 
noraemon: bets $0.11
tadao577: folds 
777pvo777: folds 
Vo33cH: folds 
Uncalled bet ($0.11) returned to noraemon
noraemon collected $0.28 from pot
noraemon: doesn't show hand 
*** SUMMARY ***
Total pot $0.29 | Rake $0.01 
Board [Ts 7d 5d]
Seat 1: geyza15 (small blind) folded before Flop
Seat 2: 777pvo777 (big blind) folded on the Flop
Seat 3: djkimera folded before Flop (didn't bet)
Seat 4: MPK-198 folded before Flop (didn't bet)
Seat 5: Vo33cH folded on the Flop
Seat 6: Aemstro folded before Flop (didn't bet)
Seat 7: Dorex2007 folded before Flop (didn't bet)
Seat 8: noraemon collected ($0.28)
Seat 9: tadao577 (button) folded on the Flop



PokerStars Hand #232734530063:  Hold'em No Limit ($0.01/$0.02 USD) - 2022/01/01 22:17:10 PT [2022/01/02 1:17:10 ET]
Table 'Mauritia IV' 9-max Seat #1 is the button
Seat 1: geyza15 ($2.16 in chips) 
Seat 2: 777pvo777 ($1.40 in chips) 
Seat 3: djkimera ($4.96 in chips) 
Seat 4: MPK-198 ($1.58 in chips) 
Seat 5: Vo33cH ($4.17 in chips) 
Seat 6: Aemstro ($2.92 in chips) 
Seat 7: Dorex2007 ($2.19 in chips) 
Seat 8: noraemon ($2.21 in chips) 
Seat 9: tadao577 ($1.25 in chips) 
777pvo777: posts small blind $0.01
djkimera: posts big blind $0.02
*** HOLE CARDS ***
Dealt to Dorex2007 [3d Qd]
MPK-198: folds 
Vo33cH: folds 
Aemstro: folds 
Dorex2007: folds 
noraemon: raises $0.04 to $0.06
tadao577: calls $0.06
geyza15: folds 
777pvo777: folds 
djkimera: calls $0.04
*** FLOP *** [9h 2h 2c]
djkimera: checks 
noraemon: bets $0.07
tadao577: folds 
djkimera: folds 
Uncalled bet ($0.07) returned to noraemon
noraemon collected $0.18 from pot
noraemon: doesn't show hand 
*** SUMMARY ***
Total pot $0.19 | Rake $0.01 
Board [9h 2h 2c]
Seat 1: geyza15 (button) folded before Flop (didn't bet)
Seat 2: 777pvo777 (small blind) folded before Flop
Seat 3: djkimera (big blind) folded on the Flop
Seat 4: MPK-198 folded before Flop (didn't bet)
Seat 5: Vo33cH folded before Flop (didn't bet)
Seat 6: Aemstro folded before Flop (didn't bet)
Seat 7: Dorex2007 folded before Flop (didn't bet)
Seat 8: noraemon collected ($0.18)
Seat 9: tadao577 folded on the Flop



PokerStars Hand #232734534236:  Hold'em No Limit ($0.01/$0.02 USD) - 2022/01/01 22:17:36 PT [2022/01/02 1:17:36 ET]
Table 'Mauritia IV' 9-max Seat #2 is the button
Seat 1: geyza15 ($2.16 in chips) 
Seat 2: 777pvo777 ($1.39 in chips) 
Seat 3: djkimera ($4.90 in chips) 
Seat 4: MPK-198 ($1.58 in chips) 
Seat 5: Vo33cH ($4.17 in chips) 
Seat 6: Aemstro ($2.92 in chips) 
Seat 7: Dorex2007 ($2.19 in chips) 
Seat 8: noraemon ($2.33 in chips) 
Seat 9: tadao577 ($1.19 in chips) 
djkimera: posts small blind $0.01
MPK-198: posts big blind $0.02
*** HOLE CARDS ***
Dealt to Dorex2007 [4c Jc]
Vo33cH: folds 
Aemstro: folds 
Dorex2007: folds 
noraemon: folds 
tadao577: calls $0.02
geyza15: folds 
777pvo777: calls $0.02
djkimera: folds 
MPK-198: checks 
*** FLOP *** [Jd 9d 2c]
MPK-198: checks 
tadao577: checks 
777pvo777: checks 
*** TURN *** [Jd 9d 2c] [6h]
MPK-198: checks 
tadao577: checks 
777pvo777: checks 
*** RIVER *** [Jd 9d 2c 6h] [5c]
MPK-198: checks 
tadao577: checks 
777pvo777: bets $0.05
MPK-198: folds 
tadao577: calls $0.05
*** SHOW DOWN ***
777pvo777: shows [7c 8c] (a straight, Five to Nine)
tadao577: mucks hand 
777pvo777 collected $0.16 from pot
*** SUMMARY ***
Total pot $0.17 | Rake $0.01 
Board [Jd 9d 2c 6h 5c]
Seat 1: geyza15 folded before Flop (didn't bet)
Seat 2: 777pvo777 (button) showed [7c 8c] and won ($0.16) with a straight, Five to Nine
Seat 3: djkimera (small blind) folded before Flop
Seat 4: MPK-198 (big blind) folded on the River
Seat 5: Vo33cH folded before Flop (didn't bet)
Seat 6: Aemstro folded before Flop (didn't bet)
Seat 7: Dorex2007 folded before Flop (didn't bet)
Seat 8: noraemon folded before Flop (didn't bet)
Seat 9: tadao577 mucked [4d 5s]



PokerStars Hand #232734544437:  Hold'em No Limit ($0.01/$0.02 USD) - 2022/01/01 22:18:43 PT [2022/01/02 1:18:43 ET]
Table 'Mauritia IV' 9-max Seat #3 is the button
Seat 1: geyza15 ($2.16 in chips) 
Seat 2: 777pvo777 ($1.48 in chips) 
Seat 3: djkimera ($4.89 in chips) 
Seat 4: MPK-198 ($1.56 in chips) 
Seat 5: Vo33cH ($4.17 in chips) 
Seat 6: Aemstro ($2.92 in chips) 
Seat 7: Dorex2007 ($2.19 in chips) 
Seat 8: noraemon ($2.33 in chips) 
Seat 9: tadao577 ($1.12 in chips) 
MPK-198: posts small blind $0.01
Vo33cH: posts big blind $0.02
*** HOLE CARDS ***
Dealt to Dorex2007 [Ts 9h]
Aemstro: folds 
Dorex2007: folds 
noraemon: folds 
tadao577: calls $0.02
geyza15: folds 
777pvo777: calls $0.02
djkimera: calls $0.02
MPK-198: folds 
Vo33cH: checks 
*** FLOP *** [3d 4s Ad]
Vo33cH: checks 
tadao577: checks 
777pvo777: checks 
djkimera: bets $0.05
Vo33cH: folds 
tadao577: folds 
777pvo777: folds 
Uncalled bet ($0.05) returned to djkimera
djkimera collected $0.09 from pot
djkimera: doesn't show hand 
*** SUMMARY ***
Total pot $0.09 | Rake $0 
Board [3d 4s Ad]
Seat 1: geyza15 folded before Flop (didn't bet)
Seat 2: 777pvo777 folded on the Flop
Seat 3: djkimera (button) collected ($0.09)
Seat 4: MPK-198 (small blind) folded before Flop
Seat 5: Vo33cH (big blind) folded on the Flop
Seat 6: Aemstro folded before Flop (didn't bet)
Seat 7: Dorex2007 folded before Flop (didn't bet)
Seat 8: noraemon folded before Flop (didn't bet)
Seat 9: tadao577 folded on the Flop



PokerStars Hand #232734554088:  Hold'em No Limit ($0.01/$0.02 USD) - 2022/01/01 22:19:47 PT [2022/01/02 1:19:47 ET]
Table 'Mauritia IV' 9-max Seat #4 is the button
Seat 1: geyza15 ($2.16 in chips) 
Seat 2: 777pvo777 ($1.46 in chips) 
Seat 3: djkimera ($4.96 in chips) 
Seat 4: MPK-198 ($1.55 in chips) 
Seat 5: Vo33cH ($4.15 in chips) 
Seat 6: Aemstro ($2.92 in chips) 
Seat 7: Dorex2007 ($2.19 in chips) 
Seat 8: noraemon ($2.33 in chips) 
Seat 9: tadao577 ($1.10 in chips) 
Vo33cH: posts small blind $0.01
Aemstro: posts big blind $0.02
*** HOLE CARDS ***
Dealt to Dorex2007 [7d Tc]
Dorex2007: folds 
noraemon: folds 
tadao577: folds 
geyza15: calls $0.02
777pvo777: folds 
djkimera: folds 
MPK-198: folds 
Vo33cH: folds 
Aemstro: checks 
*** FLOP *** [6h 3h 9s]
Aemstro: checks 
geyza15: checks 
*** TURN *** [6h 3h 9s] [7s]
Aemstro: checks 
geyza15: bets $0.02
Aemstro: folds 
Uncalled bet ($0.02) returned to geyza15
geyza15 collected $0.05 from pot
geyza15: doesn't show hand 
*** SUMMARY ***
Total pot $0.05 | Rake $0 
Board [6h 3h 9s 7s]
Seat 1: geyza15 collected ($0.05)
Seat 2: 777pvo777 folded before Flop (didn't bet)
Seat 3: djkimera folded before Flop (didn't bet)
Seat 4: MPK-198 (button) folded before Flop (didn't bet)
Seat 5: Vo33cH (small blind) folded before Flop
Seat 6: Aemstro (big blind) folded on the Turn
Seat 7: Dorex2007 folded before Flop (didn't bet)
Seat 8: noraemon folded before Flop (didn't bet)
Seat 9: tadao577 folded before Flop (didn't bet)



PokerStars Hand #232734558051:  Hold'em No Limit ($0.01/$0.02 USD) - 2022/01/01 22:20:13 PT [2022/01/02 1:20:13 ET]
Table 'Mauritia IV' 9-max Seat #5 is the button
Seat 1: geyza15 ($2.19 in chips) 
Seat 2: 777pvo777 ($1.46 in chips) 
Seat 3: djkimera ($4.96 in chips) 
Seat 4: MPK-198 ($1.55 in chips) 
Seat 5: Vo33cH ($4.14 in chips) 
Seat 6: Aemstro ($2.90 in chips) 
Seat 7: Dorex2007 ($2.19 in chips) 
Seat 8: noraemon ($2.33 in chips) 
Seat 9: tadao577 ($1.10 in chips) 
Aemstro: posts small blind $0.01
Dorex2007: posts big blind $0.02
*** HOLE CARDS ***
Dealt to Dorex2007 [9d 9s]
noraemon: folds 
tadao577: calls $0.02
geyza15: folds 
777pvo777: calls $0.02
djkimera: calls $0.02
MPK-198: calls $0.02
geyza15 leaves the table
Vo33cH: folds 
Aemstro: calls $0.01
Dorex2007: checks 
*** FLOP *** [2s 7d 8h]
Aemstro: checks 
Dorex2007: bets $0.08
tadao577: folds 
777pvo777: folds 
djkimera: folds 
MPK-198: folds 
Aemstro: calls $0.08
*** TURN *** [2s 7d 8h] [8c]
Aemstro: checks 
Dorex2007: bets $0.14
Aemstro: calls $0.14
*** RIVER *** [2s 7d 8h 8c] [Kd]
Aemstro: checks 
Dorex2007: checks 
*** SHOW DOWN ***
Aemstro: shows [9h Ts] (a pair of Eights)
Dorex2007: shows [9d 9s] (two pair, Nines and Eights)
Dorex2007 collected $0.54 from pot
*** SUMMARY ***
Total pot $0.56 | Rake $0.02 
Board [2s 7d 8h 8c Kd]
Seat 1: geyza15 folded before Flop (didn't bet)
Seat 2: 777pvo777 folded on the Flop
Seat 3: djkimera folded on the Flop
Seat 4: MPK-198 folded on the Flop
Seat 5: Vo33cH (button) folded before Flop (didn't bet)
Seat 6: Aemstro (small blind) showed [9h Ts] and lost with a pair of Eights
Seat 7: Dorex2007 (big blind) showed [9d 9s] and won ($0.54) with two pair, Nines and Eights
Seat 8: noraemon folded before Flop (didn't bet)
Seat 9: tadao577 folded on the Flop



PokerStars Hand #232734565949:  Hold'em No Limit ($0.01/$0.02 USD) - 2022/01/01 22:21:04 PT [2022/01/02 1:21:04 ET]
Table 'Mauritia IV' 9-max Seat #6 is the button
Seat 2: 777pvo777 ($1.44 in chips) 
Seat 3: djkimera ($4.94 in chips) 
Seat 4: MPK-198 ($1.53 in chips) 
Seat 5: Vo33cH ($4.14 in chips) 
Seat 6: Aemstro ($2.66 in chips) 
Seat 7: Dorex2007 ($2.49 in chips) 
Seat 8: noraemon ($2.33 in chips) 
Seat 9: tadao577 ($1.08 in chips) 
Dorex2007: posts small blind $0.01
noraemon: posts big blind $0.02
*** HOLE CARDS ***
Dealt to Dorex2007 [As Kh]
tadao577: calls $0.02
777pvo777: calls $0.02
djkimera: folds 
MPK-198: folds 
Vo33cH: calls $0.02
Aemstro: folds 
Dorex2007: raises $0.04 to $0.06
noraemon: folds 
tadao577: calls $0.04
777pvo777: calls $0.04
Vo33cH: calls $0.04
*** FLOP *** [Jd 4c Ah]
Dorex2007: checks 
tadao577: checks 
777pvo777: checks 
Vo33cH: checks 
*** TURN *** [Jd 4c Ah] [Qs]
Dorex2007: bets $0.17
tadao577: folds 
hecman70 joins the table at seat #1 
777pvo777: folds 
Vo33cH: folds 
Uncalled bet ($0.17) returned to Dorex2007
Dorex2007 collected $0.25 from pot
Dorex2007: doesn't show hand 
*** SUMMARY ***
Total pot $0.26 | Rake $0.01 
Board [Jd 4c Ah Qs]
Seat 2: 777pvo777 folded on the Turn
Seat 3: djkimera folded before Flop (didn't bet)
Seat 4: MPK-198 folded before Flop (didn't bet)
Seat 5: Vo33cH folded on the Turn
Seat 6: Aemstro (button) folded before Flop (didn't bet)
Seat 7: Dorex2007 (small blind) collected ($0.25)
Seat 8: noraemon (big blind) folded before Flop
Seat 9: tadao577 folded on the Turn



PokerStars Hand #232734576773:  Hold'em No Limit ($0.01/$0.02 USD) - 2022/01/01 22:22:14 PT [2022/01/02 1:22:14 ET]
Table 'Mauritia IV' 9-max Seat #7 is the button
Seat 1: hecman70 ($2 in chips) 
Seat 2: 777pvo777 ($1.38 in chips) 
Seat 3: djkimera ($4.94 in chips) 
Seat 4: MPK-198 ($1.53 in chips) 
Seat 5: Vo33cH ($4.08 in chips) 
Seat 6: Aemstro ($2.66 in chips) 
Seat 7: Dorex2007 ($2.68 in chips) 
Seat 8: noraemon ($2.31 in chips) 
Seat 9: tadao577 ($1.02 in chips) 
noraemon: posts small blind $0.01
tadao577: posts big blind $0.02
hecman70: posts big blind $0.02
*** HOLE CARDS ***
Dealt to Dorex2007 [4c 9s]
hecman70: checks 
777pvo777: calls $0.02
djkimera: folds 
MPK-198: folds 
Vo33cH has timed out
Vo33cH: folds 
Aemstro: folds 
Dorex2007: folds 
noraemon: calls $0.01
tadao577: checks 
*** FLOP *** [Td 2h 5s]
noraemon: checks 
tadao577: checks 
hecman70: checks 
777pvo777: bets $0.10
noraemon: folds 
tadao577: folds 
hecman70: folds 
Uncalled bet ($0.10) returned to 777pvo777
777pvo777 collected $0.08 from pot
777pvo777: doesn't show hand 
*** SUMMARY ***
Total pot $0.08 | Rake $0 
Board [Td 2h 5s]
Seat 1: hecman70 folded on the Flop (didn't bet)
Seat 2: 777pvo777 collected ($0.08)
Seat 3: djkimera folded before Flop (didn't bet)
Seat 4: MPK-198 folded before Flop (didn't bet)
Seat 5: Vo33cH folded before Flop (didn't bet)
Seat 6: Aemstro folded before Flop (didn't bet)
Seat 7: Dorex2007 (button) folded before Flop (didn't bet)
Seat 8: noraemon (small blind) folded on the Flop
Seat 9: tadao577 (big blind) folded on the Flop



PokerStars Hand #232734584118:  Hold'em No Limit ($0.01/$0.02 USD) - 2022/01/01 22:23:02 PT [2022/01/02 1:23:02 ET]
Table 'Mauritia IV' 9-max Seat #8 is the button
Seat 1: hecman70 ($1.98 in chips) 
Seat 2: 777pvo777 ($1.44 in chips) 
Seat 3: djkimera ($4.94 in chips) 
Seat 4: MPK-198 ($1.53 in chips) 
Seat 6: Aemstro ($2.66 in chips) 
Seat 7: Dorex2007 ($2.68 in chips) 
Seat 8: noraemon ($2.29 in chips) 
Seat 9: tadao577 ($1 in chips) 
tadao577: posts small blind $0.01
hecman70: posts big blind $0.02
*** HOLE CARDS ***
Dealt to Dorex2007 [Qd 9h]
777pvo777: calls $0.02
djkimera: folds 
MPK-198: folds 
Aemstro: folds 
Dorex2007: folds 
noraemon: folds 
tadao577: calls $0.01
hecman70: checks 
*** FLOP *** [As 2d 2h]
tadao577: checks 
hecman70: checks 
777pvo777: bets $0.04
tadao577: folds 
hecman70: folds 
Uncalled bet ($0.04) returned to 777pvo777
777pvo777 collected $0.06 from pot
777pvo777: doesn't show hand 
*** SUMMARY ***
Total pot $0.06 | Rake $0 
Board [As 2d 2h]
Seat 1: hecman70 (big blind) folded on the Flop
Seat 2: 777pvo777 collected ($0.06)
Seat 3: djkimera folded before Flop (didn't bet)
Seat 4: MPK-198 folded before Flop (didn't bet)
Seat 6: Aemstro folded before Flop (didn't bet)
Seat 7: Dorex2007 folded before Flop (didn't bet)
Seat 8: noraemon (button) folded before Flop (didn't bet)
Seat 9: tadao577 (small blind) folded on the Flop



PokerStars Hand #232734589715:  Hold'em No Limit ($0.01/$0.02 USD) - 2022/01/01 22:23:39 PT [2022/01/02 1:23:39 ET]
Table 'Mauritia IV' 9-max Seat #9 is the button
Seat 1: hecman70 ($1.96 in chips) 
Seat 2: 777pvo777 ($1.48 in chips) 
Seat 3: djkimera ($4.94 in chips) 
Seat 4: MPK-198 ($1.53 in chips) 
Seat 5: Vo33cH ($4.08 in chips) 
Seat 6: Aemstro ($2.66 in chips) 
Seat 7: Dorex2007 ($2.68 in chips) 
Seat 8: noraemon ($2.29 in chips) 
Seat 9: tadao577 ($0.98 in chips) 
hecman70: posts small blind $0.01
777pvo777: posts big blind $0.02
*** HOLE CARDS ***
Dealt to Dorex2007 [9s Kd]
djkimera: raises $0.03 to $0.05
MPK-198: folds 
Vo33cH: folds 
Aemstro: folds 
Dorex2007: folds 
noraemon: folds 
tadao577: raises $0.05 to $0.10
hecman70: folds 
777pvo777: calls $0.08
djkimera: calls $0.05
*** FLOP *** [Qs 3h Kh]
777pvo777: checks 
djkimera: bets $0.09
tadao577: raises $0.09 to $0.18
777pvo777: folds 
djkimera: calls $0.09
*** TURN *** [Qs 3h Kh] [8s]
djkimera: checks 
tadao577: bets $0.20
djkimera: calls $0.20
*** RIVER *** [Qs 3h Kh 8s] [3c]
djkimera: bets $0.61
tadao577: calls $0.50 and is all-in
Uncalled bet ($0.11) returned to djkimera
*** SHOW DOWN ***
djkimera: shows [Kc Jd] (two pair, Kings and Threes)
tadao577: shows [Ah Ac] (two pair, Aces and Threes)
tadao577 collected $2 from pot
*** SUMMARY ***
Total pot $2.07 | Rake $0.07 
Board [Qs 3h Kh 8s 3c]
Seat 1: hecman70 (small blind) folded before Flop
Seat 2: 777pvo777 (big blind) folded on the Flop
Seat 3: djkimera showed [Kc Jd] and lost with two pair, Kings and Threes
Seat 4: MPK-198 folded before Flop (didn't bet)
Seat 5: Vo33cH folded before Flop (didn't bet)
Seat 6: Aemstro folded before Flop (didn't bet)
Seat 7: Dorex2007 folded before Flop (didn't bet)
Seat 8: noraemon folded before Flop (didn't bet)
Seat 9: tadao577 (button) showed [Ah Ac] and won ($2) with two pair, Aces and Threes



PokerStars Hand #232734600483:  Hold'em No Limit ($0.01/$0.02 USD) - 2022/01/01 22:24:48 PT [2022/01/02 1:24:48 ET]
Table 'Mauritia IV' 9-max Seat #1 is the button
Seat 1: hecman70 ($1.95 in chips) 
Seat 2: 777pvo777 ($1.38 in chips) 
Seat 3: djkimera ($3.96 in chips) 
Seat 4: MPK-198 ($1.53 in chips) 
Seat 5: Vo33cH ($4.08 in chips) 
Seat 6: Aemstro ($2.66 in chips) 
Seat 7: Dorex2007 ($2.68 in chips) 
Seat 8: noraemon ($2.29 in chips) 
Seat 9: tadao577 ($2 in chips) 
777pvo777: posts small blind $0.01
djkimera: posts big blind $0.02
*** HOLE CARDS ***
Dealt to Dorex2007 [4h 8c]
MPK-198: folds 
Vo33cH: folds 
Aemstro: raises $0.04 to $0.06
Dorex2007: folds 
noraemon: folds 
tadao577: folds 
hecman70: folds 
777pvo777: folds 
djkimera: calls $0.04
*** FLOP *** [5h 4c Kc]
djkimera: checks 
Aemstro: bets $0.07
djkimera: calls $0.07
*** TURN *** [5h 4c Kc] [Qh]
djkimera: checks 
Aemstro: checks 
*** RIVER *** [5h 4c Kc Qh] [Qc]
Vo33cH leaves the table
djkimera: checks 
Aemstro: checks 
*** SHOW DOWN ***
djkimera: shows [Kd Td] (two pair, Kings and Queens)
Aemstro: shows [Ks Js] (two pair, Kings and Queens - Jack kicker)
Aemstro collected $0.26 from pot
*** SUMMARY ***
Total pot $0.27 | Rake $0.01 
Board [5h 4c Kc Qh Qc]
Seat 1: hecman70 (button) folded before Flop (didn't bet)
Seat 2: 777pvo777 (small blind) folded before Flop
Seat 3: djkimera (big blind) showed [Kd Td] and lost with two pair, Kings and Queens
Seat 4: MPK-198 folded before Flop (didn't bet)
Seat 5: Vo33cH folded before Flop (didn't bet)
Seat 6: Aemstro showed [Ks Js] and won ($0.26) with two pair, Kings and Queens
Seat 7: Dorex2007 folded before Flop (didn't bet)
Seat 8: noraemon folded before Flop (didn't bet)
Seat 9: tadao577 folded before Flop (didn't bet)



PokerStars Hand #232734605323:  Hold'em No Limit ($0.01/$0.02 USD) - 2022/01/01 22:25:20 PT [2022/01/02 1:25:20 ET]
Table 'Mauritia IV' 9-max Seat #2 is the button
Seat 1: hecman70 ($1.95 in chips) 
Seat 2: 777pvo777 ($1.37 in chips) 
Seat 3: djkimera ($3.83 in chips) 
Seat 4: MPK-198 ($1.53 in chips) 
Seat 6: Aemstro ($2.79 in chips) 
Seat 7: Dorex2007 ($2.68 in chips) 
Seat 8: noraemon ($2.29 in chips) 
Seat 9: tadao577 ($2 in chips) 
djkimera: posts small blind $0.01
MPK-198: posts big blind $0.02
*** HOLE CARDS ***
Dealt to Dorex2007 [Ad Jh]
Aemstro: folds 
Dorex2007: raises $0.02 to $0.04
noraemon: folds 
tadao577: calls $0.04
hecman70: folds 
MakeFenceOfIt! joins the table at seat #5 
777pvo777: calls $0.04
djkimera: folds 
MPK-198: calls $0.02
*** FLOP *** [Kd Ac 4c]
MPK-198: checks 
Dorex2007: bets $0.08
tadao577: calls $0.08
777pvo777: folds 
MPK-198: folds 
*** TURN *** [Kd Ac 4c] [Qs]
Dorex2007: checks 
tadao577: checks 
*** RIVER *** [Kd Ac 4c Qs] [6d]
Dorex2007: bets $0.16
tadao577: folds 
Uncalled bet ($0.16) returned to Dorex2007
Dorex2007 collected $0.32 from pot
Dorex2007: doesn't show hand 
*** SUMMARY ***
Total pot $0.33 | Rake $0.01 
Board [Kd Ac 4c Qs 6d]
Seat 1: hecman70 folded before Flop (didn't bet)
Seat 2: 777pvo777 (button) folded on the Flop
Seat 3: djkimera (small blind) folded before Flop
Seat 4: MPK-198 (big blind) folded on the Flop
Seat 6: Aemstro folded before Flop (didn't bet)
Seat 7: Dorex2007 collected ($0.32)
Seat 8: noraemon folded before Flop (didn't bet)
Seat 9: tadao577 folded on the River



PokerStars Hand #232734616296:  Hold'em No Limit ($0.01/$0.02 USD) - 2022/01/01 22:26:31 PT [2022/01/02 1:26:31 ET]
Table 'Mauritia IV' 9-max Seat #3 is the button
Seat 1: hecman70 ($1.95 in chips) 
Seat 2: 777pvo777 ($1.33 in chips) 
Seat 3: djkimera ($3.82 in chips) 
Seat 4: MPK-198 ($1.49 in chips) 
Seat 5: MakeFenceOfIt! ($2 in chips) 
Seat 6: Aemstro ($2.79 in chips) 
Seat 7: Dorex2007 ($2.88 in chips) 
Seat 8: noraemon ($2.29 in chips) 
Seat 9: tadao577 ($1.88 in chips) 
MPK-198: posts small blind $0.01
MakeFenceOfIt!: posts big blind $0.02
*** HOLE CARDS ***
Dealt to Dorex2007 [7c 7s]
Aemstro: raises $0.02 to $0.04
Dorex2007: folds 
noraemon: folds 
tadao577: calls $0.04
hecman70: folds 
777pvo777: folds 
djkimera: calls $0.04
MPK-198: calls $0.03
MakeFenceOfIt!: folds 
*** FLOP *** [Ah Tc Jd]
MPK-198: checks 
Aemstro: checks 
tadao577: bets $0.06
djkimera: folds 
MPK-198: folds 
Aemstro: calls $0.06
*** TURN *** [Ah Tc Jd] [8d]
Aemstro: checks 
tadao577: checks 
*** RIVER *** [Ah Tc Jd 8d] [4d]
Aemstro: checks 
tadao577: bets $0.14
Aemstro: raises $0.24 to $0.38
tadao577: calls $0.24
*** SHOW DOWN ***
Aemstro: shows [2d Ad] (a flush, Ace high)
tadao577: mucks hand 
Aemstro collected $1.02 from pot
*** SUMMARY ***
Total pot $1.06 | Rake $0.04 
Board [Ah Tc Jd 8d 4d]
Seat 1: hecman70 folded before Flop (didn't bet)
Seat 2: 777pvo777 folded before Flop (didn't bet)
Seat 3: djkimera (button) folded on the Flop
Seat 4: MPK-198 (small blind) folded on the Flop
Seat 5: MakeFenceOfIt! (big blind) folded before Flop
Seat 6: Aemstro showed [2d Ad] and won ($1.02) with a flush, Ace high
Seat 7: Dorex2007 folded before Flop (didn't bet)
Seat 8: noraemon folded before Flop (didn't bet)
Seat 9: tadao577 mucked [Ts 4h]



PokerStars Hand #232734634781:  Hold'em No Limit ($0.01/$0.02 USD) - 2022/01/01 22:28:15 PT [2022/01/02 1:28:15 ET]
Table 'Mauritia IV' 9-max Seat #4 is the button
Seat 1: hecman70 ($1.95 in chips) 
Seat 2: 777pvo777 ($1.33 in chips) 
Seat 3: djkimera ($3.78 in chips) 
Seat 4: MPK-198 ($1.45 in chips) 
Seat 5: MakeFenceOfIt! ($1.98 in chips) 
Seat 6: Aemstro ($3.33 in chips) 
Seat 7: Dorex2007 ($2.88 in chips) 
Seat 8: noraemon ($2.29 in chips) 
Seat 9: tadao577 ($1.40 in chips) 
MakeFenceOfIt!: posts small blind $0.01
Aemstro: posts big blind $0.02
*** HOLE CARDS ***
Dealt to Dorex2007 [7h Kc]
Dorex2007: folds 
noraemon: folds 
tadao577: calls $0.02
hecman70: calls $0.02
777pvo777: calls $0.02
djkimera: folds 
MPK-198: calls $0.02
MakeFenceOfIt!: folds 
Aemstro: checks 
*** FLOP *** [Ts 4c 2d]
Aemstro: checks 
tadao577: checks 
hecman70: checks 
777pvo777: checks 
MPK-198: checks 
*** TURN *** [Ts 4c 2d] [Ac]
Aemstro: checks 
tadao577: checks 
hecman70: checks 
777pvo777: checks 
MPK-198: checks 
*** RIVER *** [Ts 4c 2d Ac] [7d]
Aemstro: checks 
tadao577: bets $0.08
hecman70: folds 
777pvo777: folds 
MPK-198: folds 
Aemstro: folds 
Uncalled bet ($0.08) returned to tadao577
tadao577 collected $0.11 from pot
tadao577: doesn't show hand 
*** SUMMARY ***
Total pot $0.11 | Rake $0 
Board [Ts 4c 2d Ac 7d]
Seat 1: hecman70 folded on the River
Seat 2: 777pvo777 folded on the River
Seat 3: djkimera folded before Flop (didn't bet)
Seat 4: MPK-198 (button) folded on the River
Seat 5: MakeFenceOfIt! (small blind) folded before Flop
Seat 6: Aemstro (big blind) folded on the River
Seat 7: Dorex2007 folded before Flop (didn't bet)
Seat 8: noraemon folded before Flop (didn't bet)
Seat 9: tadao577 collected ($0.11)



PokerStars Hand #232734642893:  Hold'em No Limit ($0.01/$0.02 USD) - 2022/01/01 22:29:09 PT [2022/01/02 1:29:09 ET]
Table 'Mauritia IV' 9-max Seat #5 is the button
Seat 1: hecman70 ($1.93 in chips) 
Seat 2: 777pvo777 ($1.31 in chips) 
Seat 3: djkimera ($3.78 in chips) 
Seat 4: MPK-198 ($1.43 in chips) 
Seat 5: MakeFenceOfIt! ($1.97 in chips) 
Seat 6: Aemstro ($3.31 in chips) 
Seat 7: Dorex2007 ($2.88 in chips) 
Seat 8: noraemon ($2.29 in chips) 
Seat 9: tadao577 ($1.49 in chips) 
Aemstro: posts small blind $0.01
Dorex2007: posts big blind $0.02
*** HOLE CARDS ***
Dealt to Dorex2007 [Jc As]
noraemon: folds 
tadao577: calls $0.02
hecman70: folds 
777pvo777: folds 
djkimera: folds 
MPK-198: folds 
MakeFenceOfIt!: calls $0.02
Aemstro is disconnected 
Aemstro is connected 
Aemstro: folds 
Dorex2007: checks 
*** FLOP *** [6c 2s Qs]
Dorex2007: checks 
tadao577: checks 
MakeFenceOfIt!: checks 
*** TURN *** [6c 2s Qs] [2d]
Dorex2007: checks 
tadao577: checks 
MakeFenceOfIt!: checks 
*** RIVER *** [6c 2s Qs 2d] [4s]
Dorex2007: checks 
tadao577: checks 
djkimera leaves the table
MakeFenceOfIt!: bets $0.02
Dorex2007: folds 
tadao577: folds 
Uncalled bet ($0.02) returned to MakeFenceOfIt!
MakeFenceOfIt! collected $0.07 from pot
*** SUMMARY ***
Total pot $0.07 | Rake $0 
Board [6c 2s Qs 2d 4s]
Seat 1: hecman70 folded before Flop (didn't bet)
Seat 2: 777pvo777 folded before Flop (didn't bet)
Seat 3: djkimera folded before Flop (didn't bet)
Seat 4: MPK-198 folded before Flop (didn't bet)
Seat 5: MakeFenceOfIt! (button) collected ($0.07)
Seat 6: Aemstro (small blind) folded before Flop
Seat 7: Dorex2007 (big blind) folded on the River
Seat 8: noraemon folded before Flop (didn't bet)
Seat 9: tadao577 folded on the River



PokerStars Hand #232734655616:  Hold'em No Limit ($0.01/$0.02 USD) - 2022/01/01 22:30:34 PT [2022/01/02 1:30:34 ET]
Table 'Mauritia IV' 9-max Seat #6 is the button
Seat 1: hecman70 ($1.93 in chips) 
Seat 2: 777pvo777 ($1.31 in chips) 
Seat 4: MPK-198 ($1.43 in chips) 
Seat 5: MakeFenceOfIt! ($2.02 in chips) 
Seat 6: Aemstro ($3.30 in chips) 
Seat 7: Dorex2007 ($2.86 in chips) 
Seat 8: noraemon ($2.29 in chips) 
Seat 9: tadao577 ($1.47 in chips) 
Dorex2007: posts small blind $0.01
noraemon: posts big blind $0.02
*** HOLE CARDS ***
Dealt to Dorex2007 [7d Qs]
tadao577: calls $0.02
hecman70: calls $0.02
777pvo777: calls $0.02
MPK-198: folds 
MakeFenceOfIt!: folds 
Aemstro: calls $0.02
Dorex2007: folds 
MPK-198 leaves the table
noraemon: checks 
*** FLOP *** [Kc Jc 3h]
noraemon: checks 
tadao577: checks 
hecman70: checks 
777pvo777: checks 
Aemstro: checks 
*** TURN *** [Kc Jc 3h] [2s]
noraemon: checks 
tadao577: checks 
hecman70: checks 
777pvo777: checks 
Aemstro: checks 
*** RIVER *** [Kc Jc 3h 2s] [Qh]
noraemon: checks 
tadao577: checks 
hecman70: checks 
777pvo777: bets $0.08
Aemstro: folds 
noraemon: folds 
tadao577: calls $0.08
hecman70: folds 
*** SHOW DOWN ***
777pvo777: shows [Td 9s] (a straight, Nine to King)
tadao577: mucks hand 
777pvo777 collected $0.26 from pot
*** SUMMARY ***
Total pot $0.27 | Rake $0.01 
Board [Kc Jc 3h 2s Qh]
Seat 1: hecman70 folded on the River
Seat 2: 777pvo777 showed [Td 9s] and won ($0.26) with a straight, Nine to King
Seat 4: MPK-198 folded before Flop (didn't bet)
Seat 5: MakeFenceOfIt! folded before Flop (didn't bet)
Seat 6: Aemstro (button) folded on the River
Seat 7: Dorex2007 (small blind) folded before Flop
Seat 8: noraemon (big blind) folded on the River
Seat 9: tadao577 mucked [9c Qc]



PokerStars Hand #232734665952:  Hold'em No Limit ($0.01/$0.02 USD) - 2022/01/01 22:31:42 PT [2022/01/02 1:31:42 ET]
Table 'Mauritia IV' 9-max Seat #7 is the button
Seat 1: hecman70 ($1.91 in chips) 
Seat 2: 777pvo777 ($1.47 in chips) 
Seat 5: MakeFenceOfIt! ($2.02 in chips) 
Seat 6: Aemstro ($3.28 in chips) 
Seat 7: Dorex2007 ($2.85 in chips) 
Seat 8: noraemon ($2.27 in chips) 
Seat 9: tadao577 ($1.37 in chips) 
noraemon: posts small blind $0.01
tadao577: posts big blind $0.02
*** HOLE CARDS ***
Dealt to Dorex2007 [4c Ts]
hecman70: folds 
777pvo777: folds 
MakeFenceOfIt!: folds 
Aemstro: folds 
Dorex2007: folds 
noraemon: folds 
Uncalled bet ($0.01) returned to tadao577
tadao577 collected $0.02 from pot
tadao577: doesn't show hand 
*** SUMMARY ***
Total pot $0.02 | Rake $0 
Seat 1: hecman70 folded before Flop (didn't bet)
Seat 2: 777pvo777 folded before Flop (didn't bet)
Seat 5: MakeFenceOfIt! folded before Flop (didn't bet)
Seat 6: Aemstro folded before Flop (didn't bet)
Seat 7: Dorex2007 (button) folded before Flop (didn't bet)
Seat 8: noraemon (small blind) folded before Flop
Seat 9: tadao577 (big blind) collected ($0.02)



PokerStars Hand #232734668564:  Hold'em No Limit ($0.01/$0.02 USD) - 2022/01/01 22:31:59 PT [2022/01/02 1:31:59 ET]
Table 'Mauritia IV' 9-max Seat #8 is the button
Seat 1: hecman70 ($1.91 in chips) 
Seat 2: 777pvo777 ($1.47 in chips) 
Seat 5: MakeFenceOfIt! ($2.02 in chips) 
Seat 6: Aemstro ($3.28 in chips) 
Seat 7: Dorex2007 ($2.85 in chips) 
Seat 8: noraemon ($2.26 in chips) 
Seat 9: tadao577 ($1.38 in chips) 
tadao577: posts small blind $0.01
hecman70: posts big blind $0.02
*** HOLE CARDS ***
Dealt to Dorex2007 [4d 7d]
777pvo777: folds 
MakeFenceOfIt!: folds 
Aemstro: folds 
Dorex2007: folds 
noraemon: folds 
tadao577: calls $0.01
hecman70: checks 
*** FLOP *** [Tc 6h Qs]
tadao577: checks 
hecman70: checks 
*** TURN *** [Tc 6h Qs] [Ad]
tadao577: checks 
Aemstro leaves the table
hecman70: bets $0.02
tadao577: calls $0.02
*** RIVER *** [Tc 6h Qs Ad] [5h]
tadao577: bets $0.12
hecman70: folds 
Uncalled bet ($0.12) returned to tadao577
tadao577 collected $0.08 from pot
tadao577: doesn't show hand 
*** SUMMARY ***
Total pot $0.08 | Rake $0 
Board [Tc 6h Qs Ad 5h]
Seat 1: hecman70 (big blind) folded on the River
Seat 2: 777pvo777 folded before Flop (didn't bet)
Seat 5: MakeFenceOfIt! folded before Flop (didn't bet)
Seat 6: Aemstro folded before Flop (didn't bet)
Seat 7: Dorex2007 folded before Flop (didn't bet)
Seat 8: noraemon (button) folded before Flop (didn't bet)
Seat 9: tadao577 (small blind) collected ($0.08)



PokerStars Hand #232734676161:  Hold'em No Limit ($0.01/$0.02 USD) - 2022/01/01 22:32:48 PT [2022/01/02 1:32:48 ET]
Table 'Mauritia IV' 9-max Seat #9 is the button
Seat 1: hecman70 ($1.87 in chips) 
Seat 2: 777pvo777 ($1.47 in chips) 
Seat 5: MakeFenceOfIt! ($2.02 in chips) 
Seat 7: Dorex2007 ($2.85 in chips) 
Seat 8: noraemon ($2.26 in chips) 
Seat 9: tadao577 ($1.42 in chips) 
hecman70: posts small blind $0.01
777pvo777: posts big blind $0.02
*** HOLE CARDS ***
Dealt to Dorex2007 [8c 9h]
MakeFenceOfIt!: folds 
Dorex2007: folds 
noraemon: folds 
tadao577: calls $0.02
hecman70: raises $0.04 to $0.06
777pvo777: folds 
tadao577: calls $0.04
*** FLOP *** [Tc 5c Ac]
hecman70: checks 
tadao577: checks 
*** TURN *** [Tc 5c Ac] [7d]
hecman70: checks 
tadao577: checks 
*** RIVER *** [Tc 5c Ac 7d] [5h]
hecman70: checks 
tadao577: checks 
*** SHOW DOWN ***
hecman70: shows [Jh Kh] (a pair of Fives)
tadao577: shows [Qd Ks] (a pair of Fives - Ace+King+Queen kicker)
tadao577 collected $0.14 from pot
*** SUMMARY ***
Total pot $0.14 | Rake $0 
Board [Tc 5c Ac 7d 5h]
Seat 1: hecman70 (small blind) showed [Jh Kh] and lost with a pair of Fives
Seat 2: 777pvo777 (big blind) folded before Flop
Seat 5: MakeFenceOfIt! folded before Flop (didn't bet)
Seat 7: Dorex2007 folded before Flop (didn't bet)
Seat 8: noraemon folded before Flop (didn't bet)
Seat 9: tadao577 (button) showed [Qd Ks] and won ($0.14) with a pair of Fives



PokerStars Hand #232734681569:  Hold'em No Limit ($0.01/$0.02 USD) - 2022/01/01 22:33:23 PT [2022/01/02 1:33:23 ET]
Table 'Mauritia IV' 9-max Seat #1 is the button
Seat 1: hecman70 ($1.81 in chips) 
Seat 2: 777pvo777 ($1.45 in chips) 
Seat 5: MakeFenceOfIt! ($2.02 in chips) 
Seat 7: Dorex2007 ($2.85 in chips) 
Seat 8: noraemon ($2.26 in chips) 
Seat 9: tadao577 ($1.50 in chips) 
777pvo777: posts small blind $0.01
MakeFenceOfIt!: posts big blind $0.02
*** HOLE CARDS ***
Dealt to Dorex2007 [3d Kd]
CA Sanchez joins the table at seat #3 
Dorex2007: folds 
noraemon: folds 
tadao577: calls $0.02
hecman70: folds 
777pvo777: calls $0.01
MakeFenceOfIt!: raises $0.04 to $0.06
tadao577: calls $0.04
777pvo777: calls $0.04
*** FLOP *** [5s 5h 3s]
777pvo777: checks 
MakeFenceOfIt!: checks 
tadao577: checks 
*** TURN *** [5s 5h 3s] [8d]
777pvo777: checks 
MakeFenceOfIt!: checks 
rspk4T joins the table at seat #4 
tadao577: bets $0.06
777pvo777: calls $0.06
danielobmw730 joins the table at seat #6 
MakeFenceOfIt!: folds 
*** RIVER *** [5s 5h 3s 8d] [6s]
777pvo777: checks 
tadao577: checks 
*** SHOW DOWN ***
777pvo777: shows [Td 8h] (two pair, Eights and Fives)
tadao577: shows [Qc Qs] (two pair, Queens and Fives)
tadao577 collected $0.29 from pot
*** SUMMARY ***
Total pot $0.30 | Rake $0.01 
Board [5s 5h 3s 8d 6s]
Seat 1: hecman70 (button) folded before Flop (didn't bet)
Seat 2: 777pvo777 (small blind) showed [Td 8h] and lost with two pair, Eights and Fives
Seat 5: MakeFenceOfIt! (big blind) folded on the Turn
Seat 7: Dorex2007 folded before Flop (didn't bet)
Seat 8: noraemon folded before Flop (didn't bet)
Seat 9: tadao577 showed [Qc Qs] and won ($0.29) with two pair, Queens and Fives



PokerStars Hand #232734691669:  Hold'em No Limit ($0.01/$0.02 USD) - 2022/01/01 22:34:28 PT [2022/01/02 1:34:28 ET]
Table 'Mauritia IV' 9-max Seat #2 is the button
Seat 1: hecman70 ($1.81 in chips) 
Seat 2: 777pvo777 ($1.33 in chips) 
Seat 5: MakeFenceOfIt! ($1.96 in chips) 
Seat 6: danielobmw730 ($1.70 in chips) 
Seat 7: Dorex2007 ($2.85 in chips) 
Seat 8: noraemon ($2.26 in chips) 
Seat 9: tadao577 ($1.67 in chips) 
MakeFenceOfIt!: posts small blind $0.01
danielobmw730: posts big blind $0.02
*** HOLE CARDS ***
Dealt to Dorex2007 [3h Kh]
Dorex2007: folds 
noraemon: folds 
tadao577: calls $0.02
hecman70: folds 
777pvo777: calls $0.02
MakeFenceOfIt!: calls $0.01
danielobmw730: checks 
*** FLOP *** [4c Js 3s]
MakeFenceOfIt!: checks 
danielobmw730: checks 
tadao577: checks 
777pvo777: checks 
*** TURN *** [4c Js 3s] [2s]
MakeFenceOfIt!: checks 
danielobmw730: checks 
tadao577: checks 
777pvo777: bets $0.06
MakeFenceOfIt!: folds 
danielobmw730: folds 
tadao577: folds 
Uncalled bet ($0.06) returned to 777pvo777
777pvo777 collected $0.08 from pot
777pvo777: doesn't show hand 
*** SUMMARY ***
Total pot $0.08 | Rake $0 
Board [4c Js 3s 2s]
Seat 1: hecman70 folded before Flop (didn't bet)
Seat 2: 777pvo777 (button) collected ($0.08)
Seat 5: MakeFenceOfIt! (small blind) folded on the Turn
Seat 6: danielobmw730 (big blind) folded on the Turn
Seat 7: Dorex2007 folded before Flop (didn't bet)
Seat 8: noraemon folded before Flop (didn't bet)
Seat 9: tadao577 folded on the Turn



PokerStars Hand #232734712690:  Hold'em No Limit ($0.01/$0.02 USD) - 2022/01/01 22:35:53 PT [2022/01/02 1:35:53 ET]
Table 'Mauritia IV' 9-max Seat #5 is the button
Seat 1: hecman70 ($1.81 in chips) 
Seat 2: 777pvo777 ($1.39 in chips) 
Seat 4: rspk4T ($2 in chips) 
Seat 5: MakeFenceOfIt! ($1.94 in chips) 
Seat 6: danielobmw730 ($1.68 in chips) 
Seat 7: Dorex2007 ($2.85 in chips) 
Seat 8: noraemon ($2.26 in chips) 
Seat 9: tadao577 ($1.65 in chips) 
danielobmw730: posts small blind $0.01
Dorex2007: posts big blind $0.02
CA Sanchez: sits out 
rspk4T: posts big blind $0.02
*** HOLE CARDS ***
Dealt to Dorex2007 [Qd Kc]
noraemon: folds 
tadao577: folds 
hecman70: calls $0.02
777pvo777: calls $0.02
rspk4T: checks 
MakeFenceOfIt!: folds 
danielobmw730: calls $0.01
Dorex2007: checks 
*** FLOP *** [Kd 7h 4d]
danielobmw730 has timed out
danielobmw730: checks 
Dorex2007: bets $0.05
hecman70: folds 
777pvo777: folds 
rspk4T: folds 
danielobmw730 has timed out
danielobmw730: folds 
Uncalled bet ($0.05) returned to Dorex2007
Dorex2007 collected $0.10 from pot
Dorex2007: doesn't show hand 
*** SUMMARY ***
Total pot $0.10 | Rake $0 
Board [Kd 7h 4d]
Seat 1: hecman70 folded on the Flop
Seat 2: 777pvo777 folded on the Flop
Seat 4: rspk4T folded on the Flop (didn't bet)
Seat 5: MakeFenceOfIt! (button) folded before Flop (didn't bet)
Seat 6: danielobmw730 (small blind) folded on the Flop
Seat 7: Dorex2007 (big blind) collected ($0.10)
Seat 8: noraemon folded before Flop (didn't bet)
Seat 9: tadao577 folded before Flop (didn't bet)



PokerStars Hand #232734731161:  Hold'em No Limit ($0.01/$0.02 USD) - 2022/01/01 22:37:37 PT [2022/01/02 1:37:37 ET]
Table 'Mauritia IV' 9-max Seat #7 is the button
Seat 1: hecman70 ($1.79 in chips) 
Seat 2: 777pvo777 ($1.37 in chips) 
Seat 4: rspk4T ($1.98 in chips) 
Seat 5: MakeFenceOfIt! ($1.94 in chips) 
Seat 7: Dorex2007 ($2.93 in chips) 
Seat 8: noraemon ($2.26 in chips) 
Seat 9: tadao577 ($1.65 in chips) 
noraemon: posts small blind $0.01
tadao577: posts big blind $0.02
CA Sanchez: sits out 
*** HOLE CARDS ***
Dealt to Dorex2007 [Jd 5s]
hecman70: calls $0.02
777pvo777: calls $0.02
rspk4T: folds 
MakeFenceOfIt!: calls $0.02
Dorex2007: folds 
noraemon: folds 
tadao577: checks 
*** FLOP *** [3d As 3s]
tadao577: checks 
hecman70: checks 
777pvo777: checks 
MakeFenceOfIt!: bets $0.04
tadao577: calls $0.04
hecman70: folds 
777pvo777: calls $0.04
*** TURN *** [3d As 3s] [2d]
tadao577: checks 
777pvo777: checks 
MakeFenceOfIt!: bets $0.04
tadao577: calls $0.04
777pvo777: calls $0.04
*** RIVER *** [3d As 3s 2d] [Ac]
tadao577: checks 
777pvo777: checks 
MakeFenceOfIt!: bets $0.32
tadao577: folds 
777pvo777: folds 
Uncalled bet ($0.32) returned to MakeFenceOfIt!
MakeFenceOfIt! collected $0.32 from pot
*** SUMMARY ***
Total pot $0.33 | Rake $0.01 
Board [3d As 3s 2d Ac]
Seat 1: hecman70 folded on the Flop
Seat 2: 777pvo777 folded on the River
Seat 4: rspk4T folded before Flop (didn't bet)
Seat 5: MakeFenceOfIt! collected ($0.32)
Seat 7: Dorex2007 (button) folded before Flop (didn't bet)
Seat 8: noraemon (small blind) folded before Flop
Seat 9: tadao577 (big blind) folded on the River



PokerStars Hand #232734744592:  Hold'em No Limit ($0.01/$0.02 USD) - 2022/01/01 22:39:06 PT [2022/01/02 1:39:06 ET]
Table 'Mauritia IV' 9-max Seat #8 is the button
Seat 2: 777pvo777 ($1.27 in chips) 
Seat 4: rspk4T ($1.98 in chips) 
Seat 5: MakeFenceOfIt! ($2.16 in chips) 
Seat 6: danielobmw730 ($1.66 in chips) 
Seat 7: Dorex2007 ($2.93 in chips) 
Seat 8: noraemon ($2.25 in chips) 
Seat 9: tadao577 ($1.55 in chips) 
tadao577: posts small blind $0.01
hecman70: is sitting out 
777pvo777: posts big blind $0.02
CA Sanchez: sits out 
*** HOLE CARDS ***
Dealt to Dorex2007 [Ah Qd]
rspk4T: calls $0.02
MakeFenceOfIt!: folds 
danielobmw730 has timed out
danielobmw730: folds 
Dorex2007: calls $0.02
noraemon: folds 
tadao577: calls $0.01
777pvo777: checks 
*** FLOP *** [9c 7d 3c]
tadao577: checks 
777pvo777: checks 
rspk4T: bets $0.06
Dorex2007: folds 
tadao577: calls $0.06
777pvo777: calls $0.06
*** TURN *** [9c 7d 3c] [Qs]
tadao577: bets $0.08
777pvo777: folds 
rspk4T: folds 
Uncalled bet ($0.08) returned to tadao577
tadao577 collected $0.25 from pot
tadao577: doesn't show hand 
*** SUMMARY ***
Total pot $0.26 | Rake $0.01 
Board [9c 7d 3c Qs]
Seat 2: 777pvo777 (big blind) folded on the Turn
Seat 4: rspk4T folded on the Turn
Seat 5: MakeFenceOfIt! folded before Flop (didn't bet)
Seat 6: danielobmw730 folded before Flop (didn't bet)
Seat 7: Dorex2007 folded on the Flop
Seat 8: noraemon (button) folded before Flop (didn't bet)
Seat 9: tadao577 (small blind) collected ($0.25)



PokerStars Hand #232734760421:  Hold'em No Limit ($0.01/$0.02 USD) - 2022/01/01 22:40:02 PT [2022/01/02 1:40:02 ET]
Table 'Mauritia IV' 9-max Seat #9 is the button
Seat 2: 777pvo777 ($1.19 in chips) 
Seat 3: CA Sanchez ($1.60 in chips) 
Seat 4: rspk4T ($1.90 in chips) 
Seat 5: MakeFenceOfIt! ($2.16 in chips) 
Seat 6: danielobmw730 ($1.66 in chips) 
Seat 7: Dorex2007 ($2.91 in chips) 
Seat 8: noraemon ($2.25 in chips) 
Seat 9: tadao577 ($1.72 in chips) 
777pvo777: posts small blind $0.01
CA Sanchez: posts big blind $0.02
*** HOLE CARDS ***
Dealt to Dorex2007 [Qs 4c]
rspk4T: calls $0.02
MakeFenceOfIt!: folds 
danielobmw730: calls $0.02
Dorex2007: folds 
noraemon: folds 
tadao577: folds 
777pvo777: calls $0.01
CA Sanchez: checks 
*** FLOP *** [6c 2d Th]
777pvo777: checks 
CA Sanchez: checks 
rspk4T: checks 
danielobmw730: checks 
*** TURN *** [6c 2d Th] [8s]
777pvo777: bets $0.05
CA Sanchez: calls $0.05
rspk4T: folds 
danielobmw730: calls $0.05
*** RIVER *** [6c 2d Th 8s] [9s]
CA Sanchez is disconnected 
777pvo777: bets $0.08
CA Sanchez: calls $0.08
danielobmw730 has timed out
danielobmw730: folds 
*** SHOW DOWN ***
777pvo777: shows [Ts 3c] (a pair of Tens)
CA Sanchez: shows [Tc Qc] (a pair of Tens - Queen kicker)
CA Sanchez collected $0.38 from pot
*** SUMMARY ***
Total pot $0.39 | Rake $0.01 
Board [6c 2d Th 8s 9s]
Seat 2: 777pvo777 (small blind) showed [Ts 3c] and lost with a pair of Tens
Seat 3: CA Sanchez (big blind) showed [Tc Qc] and won ($0.38) with a pair of Tens
Seat 4: rspk4T folded on the Turn
Seat 5: MakeFenceOfIt! folded before Flop (didn't bet)
Seat 6: danielobmw730 folded on the River
Seat 7: Dorex2007 folded before Flop (didn't bet)
Seat 8: noraemon folded before Flop (didn't bet)
Seat 9: tadao577 (button) folded before Flop (didn't bet)



PokerStars Hand #232734771876:  Hold'em No Limit ($0.01/$0.02 USD) - 2022/01/01 22:41:19 PT [2022/01/02 1:41:19 ET]
Table 'Mauritia IV' 9-max Seat #2 is the button
Seat 1: hecman70 ($1.77 in chips) 
Seat 2: 777pvo777 ($1.04 in chips) 
Seat 3: CA Sanchez ($1.83 in chips) 
Seat 4: rspk4T ($1.88 in chips) 
Seat 5: MakeFenceOfIt! ($2.16 in chips) 
Seat 7: Dorex2007 ($2.91 in chips) 
Seat 8: noraemon ($2.25 in chips) 
Seat 9: tadao577 ($1.72 in chips) 
CA Sanchez: posts small blind $0.01
rspk4T: posts big blind $0.02
hecman70: posts small & big blinds $0.03
*** HOLE CARDS ***
Dealt to Dorex2007 [6s Qh]
MakeFenceOfIt!: folds 
Dorex2007: folds 
noraemon: folds 
tadao577: calls $0.02
hecman70: checks 
777pvo777: calls $0.02
CA Sanchez: folds 
rspk4T: checks 
*** FLOP *** [2d 7c Ah]
rspk4T: checks 
tadao577: checks 
hecman70: checks 
777pvo777: checks 
*** TURN *** [2d 7c Ah] [As]
rspk4T: checks 
tadao577: checks 
hecman70: checks 
777pvo777: checks 
*** RIVER *** [2d 7c Ah As] [7d]
rspk4T: checks 
tadao577: checks 
hecman70: checks 
777pvo777: checks 
*** SHOW DOWN ***
rspk4T: shows [8h Jd] (two pair, Aces and Sevens)
tadao577: shows [3h Kd] (two pair, Aces and Sevens - King kicker)
hecman70: mucks hand 
777pvo777: mucks hand 
tadao577 collected $0.10 from pot
*** SUMMARY ***
Total pot $0.10 | Rake $0 
Board [2d 7c Ah As 7d]
Seat 1: hecman70 mucked [4h Js]
Seat 2: 777pvo777 (button) mucked [8c 6c]
Seat 3: CA Sanchez (small blind) folded before Flop
Seat 4: rspk4T (big blind) showed [8h Jd] and lost with two pair, Aces and Sevens
Seat 5: MakeFenceOfIt! folded before Flop (didn't bet)
Seat 7: Dorex2007 folded before Flop (didn't bet)
Seat 8: noraemon folded before Flop (didn't bet)
Seat 9: tadao577 showed [3h Kd] and won ($0.10) with two pair, Aces and Sevens



PokerStars Hand #232734780889:  Hold'em No Limit ($0.01/$0.02 USD) - 2022/01/01 22:42:19 PT [2022/01/02 1:42:19 ET]
Table 'Mauritia IV' 9-max Seat #3 is the button
Seat 1: hecman70 ($1.74 in chips) 
Seat 2: 777pvo777 ($1.52 in chips) 
Seat 3: CA Sanchez ($1.82 in chips) 
Seat 4: rspk4T ($1.86 in chips) 
Seat 5: MakeFenceOfIt! ($2.16 in chips) 
Seat 6: danielobmw730 ($1.59 in chips) 
Seat 7: Dorex2007 ($2.91 in chips) 
Seat 8: noraemon ($2.25 in chips) 
Seat 9: tadao577 ($1.80 in chips) 
rspk4T: posts small blind $0.01
MakeFenceOfIt!: posts big blind $0.02
*** HOLE CARDS ***
Dealt to Dorex2007 [7d 6c]
danielobmw730 has timed out
danielobmw730: folds 
Dorex2007: folds 
noraemon: folds 
tadao577: calls $0.02
hecman70: folds 
777pvo777: folds 
CA Sanchez: folds 
rspk4T: folds 
MakeFenceOfIt!: checks 
*** FLOP *** [Jc 3s Kd]
MakeFenceOfIt!: checks 
tadao577: checks 
*** TURN *** [Jc 3s Kd] [Td]
MakeFenceOfIt!: bets $0.02
tadao577: calls $0.02
*** RIVER *** [Jc 3s Kd Td] [Ac]
MakeFenceOfIt!: bets $0.06
tadao577: folds 
Uncalled bet ($0.06) returned to MakeFenceOfIt!
MakeFenceOfIt! collected $0.09 from pot
*** SUMMARY ***
Total pot $0.09 | Rake $0 
Board [Jc 3s Kd Td Ac]
Seat 1: hecman70 folded before Flop (didn't bet)
Seat 2: 777pvo777 folded before Flop (didn't bet)
Seat 3: CA Sanchez (button) folded before Flop (didn't bet)
Seat 4: rspk4T (small blind) folded before Flop
Seat 5: MakeFenceOfIt! (big blind) collected ($0.09)
Seat 6: danielobmw730 folded before Flop (didn't bet)
Seat 7: Dorex2007 folded before Flop (didn't bet)
Seat 8: noraemon folded before Flop (didn't bet)
Seat 9: tadao577 folded on the River



