PokerStars Hand #234210210714:  Hold'em No Limit ($0.01/$0.02 USD) - 2022/02/19 10:45:15 PT [2022/02/19 13:45:15 ET]
Table 'Hermod IV' 9-max Seat #7 is the button
Seat 2: CatechinIsMe ($4.12 in chips) 
Seat 3: DesperatDawg ($1.95 in chips) 
Seat 4: Pejep ($2.12 in chips) 
Seat 5: MizzMeduza ($1.83 in chips) 
Seat 6: Dorex2007 ($2 in chips) 
Seat 7: AbNormaL137 ($2.13 in chips) 
Seat 8: mece124 ($3.61 in chips) 
Seat 9: coolDadJimbo ($2 in chips) 
mece124: posts small blind $0.01
coolDadJimbo: posts big blind $0.02
llhrul: sits out 
Dorex2007: posts big blind $0.02
*** HOLE CARDS ***
Dealt to Dorex2007 [6s 3h]
CatechinIsMe: folds 
DesperatDawg: folds 
Pejep: folds 
MizzMeduza: folds 
Dorex2007: checks 
AbNormaL137: calls $0.02
mece124: raises $0.10 to $0.12
coolDadJimbo: folds 
Dorex2007: folds 
AbNormaL137: calls $0.10
*** FLOP *** [Th Qc 4s]
mece124: checks 
AbNormaL137: checks 
*** TURN *** [Th Qc 4s] [4h]
mece124: bets $0.14
AbNormaL137: folds 
Uncalled bet ($0.14) returned to mece124
mece124 collected $0.27 from pot
mece124: doesn't show hand 
*** SUMMARY ***
Total pot $0.28 | Rake $0.01 
Board [Th Qc 4s 4h]
Seat 2: CatechinIsMe folded before Flop (didn't bet)
Seat 3: DesperatDawg folded before Flop (didn't bet)
Seat 4: Pejep folded before Flop (didn't bet)
Seat 5: MizzMeduza folded before Flop (didn't bet)
Seat 6: Dorex2007 folded before Flop (didn't bet)
Seat 7: AbNormaL137 (button) folded on the Turn
Seat 8: mece124 (small blind) collected ($0.27)
Seat 9: coolDadJimbo (big blind) folded before Flop



PokerStars Hand #234210255350:  Hold'em No Limit ($0.01/$0.02 USD) - 2022/02/19 10:46:34 PT [2022/02/19 13:46:34 ET]
Table 'Hermod IV' 9-max Seat #8 is the button
Seat 1: llhrul ($2 in chips) 
Seat 2: CatechinIsMe ($4.12 in chips) 
Seat 3: DesperatDawg ($1.95 in chips) 
Seat 4: Pejep ($2.12 in chips) 
Seat 5: MizzMeduza ($1.83 in chips) 
Seat 6: Dorex2007 ($2 in chips) 
Seat 7: AbNormaL137 ($2.01 in chips) 
Seat 8: mece124 ($3.76 in chips) 
Seat 9: coolDadJimbo ($2 in chips) 
coolDadJimbo: posts small blind $0.01
llhrul: posts big blind $0.02
*** HOLE CARDS ***
Dealt to Dorex2007 [Ac 4s]
CatechinIsMe: folds 
DesperatDawg: folds 
Pejep: raises $0.04 to $0.06
MizzMeduza: folds 
Dorex2007: folds 
AbNormaL137: folds 
mece124: folds 
coolDadJimbo: calls $0.05
llhrul: folds 
*** FLOP *** [9s 6d 5d]
coolDadJimbo: checks 
Pejep: checks 
*** TURN *** [9s 6d 5d] [5s]
coolDadJimbo: bets $0.09
Pejep: folds 
Uncalled bet ($0.09) returned to coolDadJimbo
coolDadJimbo collected $0.14 from pot
*** SUMMARY ***
Total pot $0.14 | Rake $0 
Board [9s 6d 5d 5s]
Seat 1: llhrul (big blind) folded before Flop
Seat 2: CatechinIsMe folded before Flop (didn't bet)
Seat 3: DesperatDawg folded before Flop (didn't bet)
Seat 4: Pejep folded on the Turn
Seat 5: MizzMeduza folded before Flop (didn't bet)
Seat 6: Dorex2007 folded before Flop (didn't bet)
Seat 7: AbNormaL137 folded before Flop (didn't bet)
Seat 8: mece124 (button) folded before Flop (didn't bet)
Seat 9: coolDadJimbo (small blind) collected ($0.14)



PokerStars Hand #234210282654:  Hold'em No Limit ($0.01/$0.02 USD) - 2022/02/19 10:47:22 PT [2022/02/19 13:47:22 ET]
Table 'Hermod IV' 9-max Seat #9 is the button
Seat 1: llhrul ($1.98 in chips) 
Seat 2: CatechinIsMe ($4.12 in chips) 
Seat 3: DesperatDawg ($1.95 in chips) 
Seat 4: Pejep ($2.06 in chips) 
Seat 5: MizzMeduza ($1.83 in chips) 
Seat 6: Dorex2007 ($2 in chips) 
Seat 7: AbNormaL137 ($2.01 in chips) 
Seat 8: mece124 ($3.76 in chips) 
Seat 9: coolDadJimbo ($2.08 in chips) 
llhrul: posts small blind $0.01
CatechinIsMe: posts big blind $0.02
*** HOLE CARDS ***
Dealt to Dorex2007 [7h 5d]
DesperatDawg: folds 
Pejep: folds 
MizzMeduza: folds 
Dorex2007: folds 
AbNormaL137: folds 
mece124: folds 
coolDadJimbo: folds 
llhrul: folds 
Uncalled bet ($0.01) returned to CatechinIsMe
CatechinIsMe collected $0.02 from pot
CatechinIsMe: doesn't show hand 
*** SUMMARY ***
Total pot $0.02 | Rake $0 
Seat 1: llhrul (small blind) folded before Flop
Seat 2: CatechinIsMe (big blind) collected ($0.02)
Seat 3: DesperatDawg folded before Flop (didn't bet)
Seat 4: Pejep folded before Flop (didn't bet)
Seat 5: MizzMeduza folded before Flop (didn't bet)
Seat 6: Dorex2007 folded before Flop (didn't bet)
Seat 7: AbNormaL137 folded before Flop (didn't bet)
Seat 8: mece124 folded before Flop (didn't bet)
Seat 9: coolDadJimbo (button) folded before Flop (didn't bet)



PokerStars Hand #234210298243:  Hold'em No Limit ($0.01/$0.02 USD) - 2022/02/19 10:47:50 PT [2022/02/19 13:47:50 ET]
Table 'Hermod IV' 9-max Seat #1 is the button
Seat 1: llhrul ($1.97 in chips) 
Seat 2: CatechinIsMe ($4.13 in chips) 
Seat 3: DesperatDawg ($1.95 in chips) 
Seat 4: Pejep ($2.06 in chips) 
Seat 5: MizzMeduza ($1.83 in chips) 
Seat 6: Dorex2007 ($2 in chips) 
Seat 7: AbNormaL137 ($2.01 in chips) 
Seat 8: mece124 ($3.76 in chips) 
Seat 9: coolDadJimbo ($2.08 in chips) 
CatechinIsMe: posts small blind $0.01
DesperatDawg: posts big blind $0.02
*** HOLE CARDS ***
Dealt to Dorex2007 [Jh 8s]
Pejep has timed out
Pejep: folds 
MizzMeduza: calls $0.02
Dorex2007: folds 
AbNormaL137: calls $0.02
mece124 has timed out
mece124: folds 
coolDadJimbo: folds 
llhrul: folds 
CatechinIsMe: calls $0.01
DesperatDawg: checks 
*** FLOP *** [As 6d 3c]
CatechinIsMe: checks 
DesperatDawg: checks 
MizzMeduza: bets $0.08
AbNormaL137: folds 
CatechinIsMe: calls $0.08
DesperatDawg: folds 
*** TURN *** [As 6d 3c] [6h]
CatechinIsMe: checks 
MizzMeduza: bets $0.11
CatechinIsMe: folds 
Uncalled bet ($0.11) returned to MizzMeduza
MizzMeduza collected $0.23 from pot
MizzMeduza: doesn't show hand 
*** SUMMARY ***
Total pot $0.24 | Rake $0.01 
Board [As 6d 3c 6h]
Seat 1: llhrul (button) folded before Flop (didn't bet)
Seat 2: CatechinIsMe (small blind) folded on the Turn
Seat 3: DesperatDawg (big blind) folded on the Flop
Seat 4: Pejep folded before Flop (didn't bet)
Seat 5: MizzMeduza collected ($0.23)
Seat 6: Dorex2007 folded before Flop (didn't bet)
Seat 7: AbNormaL137 folded on the Flop
Seat 8: mece124 folded before Flop (didn't bet)
Seat 9: coolDadJimbo folded before Flop (didn't bet)



PokerStars Hand #234210348998:  Hold'em No Limit ($0.01/$0.02 USD) - 2022/02/19 10:49:21 PT [2022/02/19 13:49:21 ET]
Table 'Hermod IV' 9-max Seat #2 is the button
Seat 1: llhrul ($1.97 in chips) 
Seat 2: CatechinIsMe ($4.03 in chips) 
Seat 3: DesperatDawg ($1.93 in chips) 
Seat 4: Pejep ($2.06 in chips) 
Seat 5: MizzMeduza ($1.96 in chips) 
Seat 6: Dorex2007 ($2 in chips) 
Seat 7: AbNormaL137 ($1.99 in chips) 
Seat 8: mece124 ($3.76 in chips) 
Seat 9: coolDadJimbo ($2.08 in chips) 
DesperatDawg: posts small blind $0.01
Pejep: posts big blind $0.02
*** HOLE CARDS ***
Dealt to Dorex2007 [2d 6d]
MizzMeduza: folds 
Dorex2007: folds 
AbNormaL137: calls $0.02
mece124: folds 
coolDadJimbo: folds 
llhrul: calls $0.02
CatechinIsMe: raises $0.04 to $0.06
DesperatDawg: folds 
Pejep: folds 
AbNormaL137: calls $0.04
llhrul: folds 
*** FLOP *** [Ad 9d 8d]
AbNormaL137: checks 
CatechinIsMe: bets $0.16
AbNormaL137: folds 
Uncalled bet ($0.16) returned to CatechinIsMe
CatechinIsMe collected $0.16 from pot
CatechinIsMe: doesn't show hand 
*** SUMMARY ***
Total pot $0.17 | Rake $0.01 
Board [Ad 9d 8d]
Seat 1: llhrul folded before Flop
Seat 2: CatechinIsMe (button) collected ($0.16)
Seat 3: DesperatDawg (small blind) folded before Flop
Seat 4: Pejep (big blind) folded before Flop
Seat 5: MizzMeduza folded before Flop (didn't bet)
Seat 6: Dorex2007 folded before Flop (didn't bet)
Seat 7: AbNormaL137 folded on the Flop
Seat 8: mece124 folded before Flop (didn't bet)
Seat 9: coolDadJimbo folded before Flop (didn't bet)



PokerStars Hand #234210380335:  Hold'em No Limit ($0.01/$0.02 USD) - 2022/02/19 10:50:17 PT [2022/02/19 13:50:17 ET]
Table 'Hermod IV' 9-max Seat #3 is the button
Seat 1: llhrul ($1.95 in chips) 
Seat 2: CatechinIsMe ($4.13 in chips) 
Seat 3: DesperatDawg ($1.92 in chips) 
Seat 4: Pejep ($2.04 in chips) 
Seat 5: MizzMeduza ($1.96 in chips) 
Seat 6: Dorex2007 ($2 in chips) 
Seat 7: AbNormaL137 ($1.93 in chips) 
Seat 8: mece124 ($3.76 in chips) 
Seat 9: coolDadJimbo ($2.08 in chips) 
Pejep: posts small blind $0.01
MizzMeduza: posts big blind $0.02
*** HOLE CARDS ***
Dealt to Dorex2007 [3s 6s]
Dorex2007: folds 
AbNormaL137: folds 
mece124: folds 
coolDadJimbo: raises $0.05 to $0.07
llhrul: folds 
CatechinIsMe: raises $0.05 to $0.12
DesperatDawg: calls $0.12
Pejep: folds 
MizzMeduza: folds 
coolDadJimbo: calls $0.05
*** FLOP *** [5s 2d 3d]
coolDadJimbo: checks 
CatechinIsMe: bets $0.14
DesperatDawg: calls $0.14
coolDadJimbo: folds 
*** TURN *** [5s 2d 3d] [9c]
CatechinIsMe: bets $0.20
DesperatDawg: folds 
Uncalled bet ($0.20) returned to CatechinIsMe
CatechinIsMe collected $0.65 from pot
CatechinIsMe: doesn't show hand 
*** SUMMARY ***
Total pot $0.67 | Rake $0.02 
Board [5s 2d 3d 9c]
Seat 1: llhrul folded before Flop (didn't bet)
Seat 2: CatechinIsMe collected ($0.65)
Seat 3: DesperatDawg (button) folded on the Turn
Seat 4: Pejep (small blind) folded before Flop
Seat 5: MizzMeduza (big blind) folded before Flop
Seat 6: Dorex2007 folded before Flop (didn't bet)
Seat 7: AbNormaL137 folded before Flop (didn't bet)
Seat 8: mece124 folded before Flop (didn't bet)
Seat 9: coolDadJimbo folded on the Flop



PokerStars Hand #234210423896:  Hold'em No Limit ($0.01/$0.02 USD) - 2022/02/19 10:51:36 PT [2022/02/19 13:51:36 ET]
Table 'Hermod IV' 9-max Seat #4 is the button
Seat 1: llhrul ($1.95 in chips) 
Seat 2: CatechinIsMe ($4.52 in chips) 
Seat 3: DesperatDawg ($1.66 in chips) 
Seat 4: Pejep ($2.03 in chips) 
Seat 5: MizzMeduza ($1.94 in chips) 
Seat 6: Dorex2007 ($2 in chips) 
Seat 7: AbNormaL137 ($1.93 in chips) 
Seat 8: mece124 ($3.76 in chips) 
Seat 9: coolDadJimbo ($2 in chips) 
MizzMeduza: posts small blind $0.01
Dorex2007: posts big blind $0.02
*** HOLE CARDS ***
Dealt to Dorex2007 [6h 6d]
AbNormaL137: calls $0.02
mece124: raises $0.08 to $0.10
coolDadJimbo: folds 
llhrul: folds 
CatechinIsMe: folds 
DesperatDawg: folds 
Pejep: folds 
MizzMeduza: folds 
Dorex2007: folds 
AbNormaL137: calls $0.08
*** FLOP *** [Qc 9c 4s]
AbNormaL137: checks 
mece124: bets $0.15
AbNormaL137: calls $0.15
*** TURN *** [Qc 9c 4s] [5c]
AbNormaL137: bets $0.51
mece124: calls $0.51
*** RIVER *** [Qc 9c 4s 5c] [2s]
AbNormaL137: bets $1.17 and is all-in
mece124: calls $1.17
*** SHOW DOWN ***
AbNormaL137: shows [9h As] (a pair of Nines)
mece124: shows [Qd Js] (a pair of Queens)
mece124 collected $3.75 from pot
*** SUMMARY ***
Total pot $3.89 | Rake $0.14 
Board [Qc 9c 4s 5c 2s]
Seat 1: llhrul folded before Flop (didn't bet)
Seat 2: CatechinIsMe folded before Flop (didn't bet)
Seat 3: DesperatDawg folded before Flop (didn't bet)
Seat 4: Pejep (button) folded before Flop (didn't bet)
Seat 5: MizzMeduza (small blind) folded before Flop
Seat 6: Dorex2007 (big blind) folded before Flop
Seat 7: AbNormaL137 showed [9h As] and lost with a pair of Nines
Seat 8: mece124 showed [Qd Js] and won ($3.75) with a pair of Queens
Seat 9: coolDadJimbo folded before Flop (didn't bet)



PokerStars Hand #234210469869:  Hold'em No Limit ($0.01/$0.02 USD) - 2022/02/19 10:52:59 PT [2022/02/19 13:52:59 ET]
Table 'Hermod IV' 9-max Seat #5 is the button
Seat 1: llhrul ($1.95 in chips) 
Seat 2: CatechinIsMe ($4.52 in chips) 
Seat 3: DesperatDawg ($1.66 in chips) 
Seat 4: Pejep ($2.03 in chips) 
Seat 5: MizzMeduza ($1.93 in chips) 
Seat 6: Dorex2007 ($2 in chips) 
Seat 8: mece124 ($5.58 in chips) 
Seat 9: coolDadJimbo ($2 in chips) 
Dorex2007: posts small blind $0.01
mece124: posts big blind $0.02
*** HOLE CARDS ***
Dealt to Dorex2007 [3c Qs]
coolDadJimbo: folds 
llhrul: folds 
CatechinIsMe: folds 
DesperatDawg: folds 
AbNormaL137 leaves the table
Pejep has timed out
Pejep: folds 
MizzMeduza: calls $0.02
Dorex2007: folds 
mece124: checks 
*** FLOP *** [7h As 9d]
smallsha joins the table at seat #7 
mece124: checks 
MizzMeduza: bets $0.05
mece124: folds 
Uncalled bet ($0.05) returned to MizzMeduza
MizzMeduza collected $0.05 from pot
MizzMeduza: doesn't show hand 
*** SUMMARY ***
Total pot $0.05 | Rake $0 
Board [7h As 9d]
Seat 1: llhrul folded before Flop (didn't bet)
Seat 2: CatechinIsMe folded before Flop (didn't bet)
Seat 3: DesperatDawg folded before Flop (didn't bet)
Seat 4: Pejep folded before Flop (didn't bet)
Seat 5: MizzMeduza (button) collected ($0.05)
Seat 6: Dorex2007 (small blind) folded before Flop
Seat 8: mece124 (big blind) folded on the Flop
Seat 9: coolDadJimbo folded before Flop (didn't bet)



PokerStars Hand #234210492971:  Hold'em No Limit ($0.01/$0.02 USD) - 2022/02/19 10:53:41 PT [2022/02/19 13:53:41 ET]
Table 'Hermod IV' 9-max Seat #6 is the button
Seat 1: llhrul ($1.95 in chips) 
Seat 2: CatechinIsMe ($4.52 in chips) 
Seat 3: DesperatDawg ($1.66 in chips) 
Seat 4: Pejep ($2.03 in chips) 
Seat 5: MizzMeduza ($1.96 in chips) 
Seat 6: Dorex2007 ($2 in chips) 
Seat 8: mece124 ($5.56 in chips) 
mece124: posts small blind $0.01
coolDadJimbo: is sitting out 
llhrul: posts big blind $0.02
*** HOLE CARDS ***
Dealt to Dorex2007 [4c 2h]
CatechinIsMe: raises $0.02 to $0.04
DesperatDawg: folds 
Pejep: calls $0.04
MizzMeduza: calls $0.04
Dorex2007: folds 
mece124: calls $0.03
llhrul: folds 
*** FLOP *** [9d 7s 6h]
mece124: bets $0.08
CatechinIsMe: folds 
Pejep: folds 
MizzMeduza: folds 
Uncalled bet ($0.08) returned to mece124
mece124 collected $0.17 from pot
mece124: doesn't show hand 
*** SUMMARY ***
Total pot $0.18 | Rake $0.01 
Board [9d 7s 6h]
Seat 1: llhrul (big blind) folded before Flop
Seat 2: CatechinIsMe folded on the Flop
Seat 3: DesperatDawg folded before Flop (didn't bet)
Seat 4: Pejep folded on the Flop
Seat 5: MizzMeduza folded on the Flop
Seat 6: Dorex2007 (button) folded before Flop (didn't bet)
Seat 8: mece124 (small blind) collected ($0.17)



PokerStars Hand #234210519399:  Hold'em No Limit ($0.01/$0.02 USD) - 2022/02/19 10:54:29 PT [2022/02/19 13:54:29 ET]
Table 'Hermod IV' 9-max Seat #8 is the button
Seat 1: llhrul ($1.93 in chips) 
Seat 2: CatechinIsMe ($4.48 in chips) 
Seat 3: DesperatDawg ($1.66 in chips) 
Seat 4: Pejep ($2 in chips) 
Seat 5: MizzMeduza ($1.92 in chips) 
Seat 6: Dorex2007 ($2 in chips) 
Seat 7: smallsha ($1.14 in chips) 
Seat 8: mece124 ($5.69 in chips) 
llhrul: posts small blind $0.01
CatechinIsMe: posts big blind $0.02
smallsha: posts big blind $0.02
*** HOLE CARDS ***
Dealt to Dorex2007 [Td 5c]
DesperatDawg: folds 
Pejep: raises $0.07 to $0.09
MizzMeduza: folds 
Dorex2007: folds 
smallsha: folds 
mece124: folds 
llhrul: folds 
CatechinIsMe: folds 
Uncalled bet ($0.07) returned to Pejep
Pejep collected $0.07 from pot
Pejep: doesn't show hand 
*** SUMMARY ***
Total pot $0.07 | Rake $0 
Seat 1: llhrul (small blind) folded before Flop
Seat 2: CatechinIsMe (big blind) folded before Flop
Seat 3: DesperatDawg folded before Flop (didn't bet)
Seat 4: Pejep collected ($0.07)
Seat 5: MizzMeduza folded before Flop (didn't bet)
Seat 6: Dorex2007 folded before Flop (didn't bet)
Seat 7: smallsha folded before Flop (didn't bet)
Seat 8: mece124 (button) folded before Flop (didn't bet)



PokerStars Hand #234210527558:  Hold'em No Limit ($0.01/$0.02 USD) - 2022/02/19 10:54:44 PT [2022/02/19 13:54:44 ET]
Table 'Hermod IV' 9-max Seat #1 is the button
Seat 1: llhrul ($1.92 in chips) 
Seat 2: CatechinIsMe ($4.46 in chips) 
Seat 3: DesperatDawg ($1.66 in chips) 
Seat 4: Pejep ($2.05 in chips) 
Seat 5: MizzMeduza ($1.92 in chips) 
Seat 6: Dorex2007 ($2 in chips) 
Seat 7: smallsha ($1.12 in chips) 
Seat 8: mece124 ($5.69 in chips) 
CatechinIsMe: posts small blind $0.01
DesperatDawg: posts big blind $0.02
*** HOLE CARDS ***
Dealt to Dorex2007 [3h 9d]
Pejep has timed out
Pejep: folds 
MizzMeduza has timed out
MizzMeduza: folds 
Dorex2007: folds 
smallsha: folds 
mece124: folds 
llhrul: folds 
CatechinIsMe: calls $0.01
DesperatDawg: raises $0.04 to $0.06
CatechinIsMe: calls $0.04
*** FLOP *** [Qd Ah 4c]
CatechinIsMe: checks 
DesperatDawg: checks 
*** TURN *** [Qd Ah 4c] [4d]
CatechinIsMe: checks 
DesperatDawg: checks 
*** RIVER *** [Qd Ah 4c 4d] [Ts]
CatechinIsMe: bets $0.06
DesperatDawg: calls $0.06
*** SHOW DOWN ***
CatechinIsMe: shows [As Ad] (a full house, Aces full of Fours)
DesperatDawg: mucks hand 
CatechinIsMe collected $0.23 from pot
*** SUMMARY ***
Total pot $0.24 | Rake $0.01 
Board [Qd Ah 4c 4d Ts]
Seat 1: llhrul (button) folded before Flop (didn't bet)
Seat 2: CatechinIsMe (small blind) showed [As Ad] and won ($0.23) with a full house, Aces full of Fours
Seat 3: DesperatDawg (big blind) mucked [8c 8s]
Seat 4: Pejep folded before Flop (didn't bet)
Seat 5: MizzMeduza folded before Flop (didn't bet)
Seat 6: Dorex2007 folded before Flop (didn't bet)
Seat 7: smallsha folded before Flop (didn't bet)
Seat 8: mece124 folded before Flop (didn't bet)



PokerStars Hand #234210549766:  Hold'em No Limit ($0.01/$0.02 USD) - 2022/02/19 10:55:37 PT [2022/02/19 13:55:37 ET]
Table 'Hermod IV' 9-max Seat #2 is the button
Seat 1: llhrul ($1.92 in chips) 
Seat 2: CatechinIsMe ($4.57 in chips) 
Seat 3: DesperatDawg ($1.54 in chips) 
Seat 4: Pejep ($2.05 in chips) 
Seat 6: Dorex2007 ($2 in chips) 
Seat 7: smallsha ($1.12 in chips) 
Seat 8: mece124 ($5.69 in chips) 
DesperatDawg: posts small blind $0.01
Pejep: posts big blind $0.02
*** HOLE CARDS ***
Dealt to Dorex2007 [6d 8c]
Dorex2007: folds 
smallsha: folds 
mece124: folds 
llhrul: calls $0.02
CatechinIsMe: raises $0.04 to $0.06
DesperatDawg: folds 
Pejep: folds 
llhrul: calls $0.04
*** FLOP *** [9h Jh 5s]
llhrul: checks 
CatechinIsMe: bets $0.08
llhrul: folds 
Uncalled bet ($0.08) returned to CatechinIsMe
CatechinIsMe collected $0.14 from pot
CatechinIsMe: doesn't show hand 
*** SUMMARY ***
Total pot $0.15 | Rake $0.01 
Board [9h Jh 5s]
Seat 1: llhrul folded on the Flop
Seat 2: CatechinIsMe (button) collected ($0.14)
Seat 3: DesperatDawg (small blind) folded before Flop
Seat 4: Pejep (big blind) folded before Flop
Seat 6: Dorex2007 folded before Flop (didn't bet)
Seat 7: smallsha folded before Flop (didn't bet)
Seat 8: mece124 folded before Flop (didn't bet)



PokerStars Hand #234210562108:  Hold'em No Limit ($0.01/$0.02 USD) - 2022/02/19 10:56:12 PT [2022/02/19 13:56:12 ET]
Table 'Hermod IV' 9-max Seat #3 is the button
Seat 1: llhrul ($1.86 in chips) 
Seat 2: CatechinIsMe ($4.65 in chips) 
Seat 3: DesperatDawg ($1.53 in chips) 
Seat 4: Pejep ($2.03 in chips) 
Seat 5: MizzMeduza ($1.92 in chips) 
Seat 6: Dorex2007 ($2 in chips) 
Seat 7: smallsha ($1.12 in chips) 
Seat 8: mece124 ($5.69 in chips) 
Pejep: posts small blind $0.01
MizzMeduza: posts big blind $0.02
*** HOLE CARDS ***
Dealt to Dorex2007 [5c Tc]
Dorex2007: folds 
smallsha has timed out
smallsha: folds 
mece124: folds 
llhrul: folds 
CatechinIsMe: raises $0.02 to $0.04
DesperatDawg: folds 
Pejep: folds 
MizzMeduza: folds 
Uncalled bet ($0.02) returned to CatechinIsMe
CatechinIsMe collected $0.05 from pot
CatechinIsMe: doesn't show hand 
*** SUMMARY ***
Total pot $0.05 | Rake $0 
Seat 1: llhrul folded before Flop (didn't bet)
Seat 2: CatechinIsMe collected ($0.05)
Seat 3: DesperatDawg (button) folded before Flop (didn't bet)
Seat 4: Pejep (small blind) folded before Flop
Seat 5: MizzMeduza (big blind) folded before Flop
Seat 6: Dorex2007 folded before Flop (didn't bet)
Seat 7: smallsha folded before Flop (didn't bet)
Seat 8: mece124 folded before Flop (didn't bet)



PokerStars Hand #234210572420:  Hold'em No Limit ($0.01/$0.02 USD) - 2022/02/19 10:56:41 PT [2022/02/19 13:56:41 ET]
Table 'Hermod IV' 9-max Seat #4 is the button
Seat 1: llhrul ($1.86 in chips) 
Seat 2: CatechinIsMe ($4.68 in chips) 
Seat 3: DesperatDawg ($1.53 in chips) 
Seat 4: Pejep ($2.02 in chips) 
Seat 5: MizzMeduza ($1.90 in chips) 
Seat 6: Dorex2007 ($2 in chips) 
Seat 7: smallsha ($1.12 in chips) 
Seat 8: mece124 ($5.69 in chips) 
MizzMeduza: posts small blind $0.01
Dorex2007: posts big blind $0.02
*** HOLE CARDS ***
Dealt to Dorex2007 [4c 2s]
smallsha: folds 
mece124: folds 
llhrul: folds 
CatechinIsMe: raises $0.02 to $0.04
DesperatDawg: folds 
Pejep: folds 
MizzMeduza: calls $0.03
Dorex2007: folds 
*** FLOP *** [Qd 2h 8s]
MizzMeduza: checks 
CatechinIsMe: bets $0.04
mece124 leaves the table
MizzMeduza: calls $0.04
*** TURN *** [Qd 2h 8s] [7h]
MizzMeduza: checks 
CatechinIsMe: checks 
*** RIVER *** [Qd 2h 8s 7h] [3s]
diddko1 joins the table at seat #8 
MizzMeduza: bets $0.13
CatechinIsMe: folds 
Uncalled bet ($0.13) returned to MizzMeduza
MizzMeduza collected $0.17 from pot
MizzMeduza: doesn't show hand 
*** SUMMARY ***
Total pot $0.18 | Rake $0.01 
Board [Qd 2h 8s 7h 3s]
Seat 1: llhrul folded before Flop (didn't bet)
Seat 2: CatechinIsMe folded on the River
Seat 3: DesperatDawg folded before Flop (didn't bet)
Seat 4: Pejep (button) folded before Flop (didn't bet)
Seat 5: MizzMeduza (small blind) collected ($0.17)
Seat 6: Dorex2007 (big blind) folded before Flop
Seat 7: smallsha folded before Flop (didn't bet)
Seat 8: mece124 folded before Flop (didn't bet)



PokerStars Hand #234210592340:  Hold'em No Limit ($0.01/$0.02 USD) - 2022/02/19 10:57:36 PT [2022/02/19 13:57:36 ET]
Table 'Hermod IV' 9-max Seat #5 is the button
Seat 1: llhrul ($1.86 in chips) 
Seat 2: CatechinIsMe ($4.60 in chips) 
Seat 3: DesperatDawg ($1.53 in chips) 
Seat 4: Pejep ($2.02 in chips) 
Seat 5: MizzMeduza ($1.99 in chips) 
Seat 6: Dorex2007 ($2 in chips) 
Seat 7: smallsha ($1.12 in chips) 
Dorex2007: posts small blind $0.01
smallsha: posts big blind $0.02
diddko1: sits out 
*** HOLE CARDS ***
Dealt to Dorex2007 [5h 8s]
llhrul: folds 
CatechinIsMe: calls $0.02
DesperatDawg: folds 
Pejep: folds 
MizzMeduza: folds 
Dorex2007: folds 
smallsha: raises $0.02 to $0.04
CatechinIsMe: calls $0.02
*** FLOP *** [Tc 2c Jd]
smallsha: bets $0.06
CatechinIsMe: calls $0.06
*** TURN *** [Tc 2c Jd] [3d]
smallsha: bets $0.12
CatechinIsMe: folds 
Uncalled bet ($0.12) returned to smallsha
smallsha collected $0.20 from pot
smallsha: doesn't show hand 
*** SUMMARY ***
Total pot $0.21 | Rake $0.01 
Board [Tc 2c Jd 3d]
Seat 1: llhrul folded before Flop (didn't bet)
Seat 2: CatechinIsMe folded on the Turn
Seat 3: DesperatDawg folded before Flop (didn't bet)
Seat 4: Pejep folded before Flop (didn't bet)
Seat 5: MizzMeduza (button) folded before Flop (didn't bet)
Seat 6: Dorex2007 (small blind) folded before Flop
Seat 7: smallsha (big blind) collected ($0.20)



PokerStars Hand #234210613539:  Hold'em No Limit ($0.01/$0.02 USD) - 2022/02/19 10:58:35 PT [2022/02/19 13:58:35 ET]
Table 'Hermod IV' 9-max Seat #6 is the button
Seat 1: llhrul ($1.86 in chips) 
Seat 2: CatechinIsMe ($4.50 in chips) 
Seat 3: DesperatDawg ($1.53 in chips) 
Seat 4: Pejep ($2.02 in chips) 
Seat 5: MizzMeduza ($1.99 in chips) 
Seat 6: Dorex2007 ($2 in chips) 
Seat 7: smallsha ($1.22 in chips) 
Seat 8: diddko1 ($2 in chips) 
smallsha: posts small blind $0.01
diddko1: posts big blind $0.02
*** HOLE CARDS ***
Dealt to Dorex2007 [Ac 8c]
llhrul: folds 
CatechinIsMe: folds 
DesperatDawg: folds 
Pejep: folds 
MizzMeduza: calls $0.02
Dorex2007: folds 
smallsha: calls $0.01
diddko1: checks 
*** FLOP *** [Js 7s 4c]
smallsha: checks 
diddko1: checks 
MizzMeduza: checks 
*** TURN *** [Js 7s 4c] [5d]
smallsha: checks 
diddko1: checks 
MizzMeduza: checks 
*** RIVER *** [Js 7s 4c 5d] [Kd]
smallsha: checks 
diddko1: checks 
MizzMeduza: checks 
*** SHOW DOWN ***
smallsha: shows [Qh 2h] (high card King)
diddko1: shows [Qc 7c] (a pair of Sevens)
MizzMeduza: mucks hand 
diddko1 collected $0.06 from pot
*** SUMMARY ***
Total pot $0.06 | Rake $0 
Board [Js 7s 4c 5d Kd]
Seat 1: llhrul folded before Flop (didn't bet)
Seat 2: CatechinIsMe folded before Flop (didn't bet)
Seat 3: DesperatDawg folded before Flop (didn't bet)
Seat 4: Pejep folded before Flop (didn't bet)
Seat 5: MizzMeduza mucked [9s Tc]
Seat 6: Dorex2007 (button) folded before Flop (didn't bet)
Seat 7: smallsha (small blind) showed [Qh 2h] and lost with high card King
Seat 8: diddko1 (big blind) showed [Qc 7c] and won ($0.06) with a pair of Sevens



PokerStars Hand #234210636808:  Hold'em No Limit ($0.01/$0.02 USD) - 2022/02/19 10:59:40 PT [2022/02/19 13:59:40 ET]
Table 'Hermod IV' 9-max Seat #7 is the button
Seat 1: llhrul ($1.86 in chips) 
Seat 2: CatechinIsMe ($4.50 in chips) 
Seat 4: Pejep ($2.02 in chips) 
Seat 5: MizzMeduza ($1.97 in chips) 
Seat 6: Dorex2007 ($2 in chips) 
Seat 7: smallsha ($1.20 in chips) 
Seat 8: diddko1 ($2.04 in chips) 
diddko1: posts small blind $0.01
llhrul: posts big blind $0.02
*** HOLE CARDS ***
Dealt to Dorex2007 [6c 9h]
CatechinIsMe: folds 
Pejep: folds 
MizzMeduza: folds 
Dorex2007: folds 
smallsha: raises $0.06 to $0.08
diddko1: folds 
llhrul: calls $0.06
*** FLOP *** [6s Ad Jc]
llhrul: bets $0.08
smallsha: raises $0.14 to $0.22
llhrul: calls $0.14
*** TURN *** [6s Ad Jc] [2c]
llhrul: checks 
smallsha: checks 
*** RIVER *** [6s Ad Jc 2c] [Qd]
llhrul: bets $0.30
smallsha: calls $0.30
*** SHOW DOWN ***
llhrul: shows [Jh Ac] (two pair, Aces and Jacks)
smallsha: mucks hand 
llhrul collected $1.17 from pot
*** SUMMARY ***
Total pot $1.21 | Rake $0.04 
Board [6s Ad Jc 2c Qd]
Seat 1: llhrul (big blind) showed [Jh Ac] and won ($1.17) with two pair, Aces and Jacks
Seat 2: CatechinIsMe folded before Flop (didn't bet)
Seat 4: Pejep folded before Flop (didn't bet)
Seat 5: MizzMeduza folded before Flop (didn't bet)
Seat 6: Dorex2007 folded before Flop (didn't bet)
Seat 7: smallsha (button) mucked [Kh Qc]
Seat 8: diddko1 (small blind) folded before Flop



PokerStars Hand #234210658308:  Hold'em No Limit ($0.01/$0.02 USD) - 2022/02/19 11:00:35 PT [2022/02/19 14:00:35 ET]
Table 'Hermod IV' 9-max Seat #8 is the button
Seat 1: llhrul ($2.43 in chips) 
Seat 2: CatechinIsMe ($4.50 in chips) 
Seat 4: Pejep ($2.02 in chips) 
Seat 5: MizzMeduza ($1.97 in chips) 
Seat 6: Dorex2007 ($2 in chips) 
Seat 7: smallsha ($0.60 in chips) 
Seat 8: diddko1 ($2.03 in chips) 
llhrul: posts small blind $0.01
CatechinIsMe: posts big blind $0.02
*** HOLE CARDS ***
Dealt to Dorex2007 [3d 6h]
Pejep: folds 
MizzMeduza: calls $0.02
Dorex2007: folds 
smallsha: raises $0.08 to $0.10
diddko1: folds 
llhrul: raises $0.08 to $0.18
CatechinIsMe: folds 
MizzMeduza: folds 
smallsha: raises $0.08 to $0.26
llhrul: raises $0.28 to $0.54
smallsha: calls $0.28
*** FLOP *** [5d 7d 3h]
llhrul: bets $0.54
smallsha: calls $0.06 and is all-in
Uncalled bet ($0.48) returned to llhrul
llhrul has timed out
*** TURN *** [5d 7d 3h] [2c]
*** RIVER *** [5d 7d 3h 2c] [7h]
*** SHOW DOWN ***
llhrul: shows [Ah As] (two pair, Aces and Sevens)
smallsha: shows [5s Ks] (two pair, Sevens and Fives)
llhrul collected $1.20 from pot
smallsha cashed out the hand for $0.23
*** SUMMARY ***
Total pot $1.24 | Rake $0.04 
Board [5d 7d 3h 2c 7h]
Seat 1: llhrul (small blind) showed [Ah As] and won ($1.20) with two pair, Aces and Sevens
Seat 2: CatechinIsMe (big blind) folded before Flop
Seat 4: Pejep folded before Flop (didn't bet)
Seat 5: MizzMeduza folded before Flop
Seat 6: Dorex2007 folded before Flop (didn't bet)
Seat 7: smallsha showed [5s Ks] and lost with two pair, Sevens and Fives (cashed out).
Seat 8: diddko1 (button) folded before Flop (didn't bet)



PokerStars Hand #234210689050:  Hold'em No Limit ($0.01/$0.02 USD) - 2022/02/19 11:01:42 PT [2022/02/19 14:01:42 ET]
Table 'Hermod IV' 9-max Seat #1 is the button
Seat 1: llhrul ($3.03 in chips) 
Seat 2: CatechinIsMe ($4.48 in chips) 
Seat 4: Pejep ($2.02 in chips) 
Seat 5: MizzMeduza ($1.95 in chips) 
Seat 6: Dorex2007 ($2 in chips) 
Seat 7: smallsha ($0.23 in chips) 
Seat 8: diddko1 ($2.03 in chips) 
CatechinIsMe: posts small blind $0.01
Pejep: posts big blind $0.02
*** HOLE CARDS ***
Dealt to Dorex2007 [6c 3d]
MizzMeduza: folds 
Dorex2007: folds 
smallsha: calls $0.02
diddko1: folds 
llhrul: calls $0.02
CatechinIsMe: calls $0.01
Pejep: checks 
*** FLOP *** [3c Kc 5d]
CatechinIsMe: checks 
Pejep: checks 
smallsha: checks 
llhrul: checks 
*** TURN *** [3c Kc 5d] [6s]
CatechinIsMe: checks 
Pejep: checks 
smallsha: checks 
llhrul: bets $0.02
CatechinIsMe: folds 
Pejep: folds 
smallsha: calls $0.02
*** RIVER *** [3c Kc 5d 6s] [8d]
smallsha: checks 
llhrul: checks 
*** SHOW DOWN ***
smallsha: shows [Qs 7s] (high card King)
llhrul: shows [Qh Tc] (high card King - Queen+Ten kicker)
llhrul collected $0.12 from pot
*** SUMMARY ***
Total pot $0.12 | Rake $0 
Board [3c Kc 5d 6s 8d]
Seat 1: llhrul (button) showed [Qh Tc] and won ($0.12) with high card King
Seat 2: CatechinIsMe (small blind) folded on the Turn
Seat 4: Pejep (big blind) folded on the Turn
Seat 5: MizzMeduza folded before Flop (didn't bet)
Seat 6: Dorex2007 folded before Flop (didn't bet)
Seat 7: smallsha showed [Qs 7s] and lost with high card King
Seat 8: diddko1 folded before Flop (didn't bet)



PokerStars Hand #234210729566:  Hold'em No Limit ($0.01/$0.02 USD) - 2022/02/19 11:02:55 PT [2022/02/19 14:02:55 ET]
Table 'Hermod IV' 9-max Seat #2 is the button
Seat 1: llhrul ($3.11 in chips) 
Seat 2: CatechinIsMe ($4.46 in chips) 
Seat 4: Pejep ($2 in chips) 
Seat 5: MizzMeduza ($1.95 in chips) 
Seat 6: Dorex2007 ($2 in chips) 
Seat 7: smallsha ($0.19 in chips) 
Seat 8: diddko1 ($2.03 in chips) 
Pejep: posts small blind $0.01
MizzMeduza: posts big blind $0.02
*** HOLE CARDS ***
Dealt to Dorex2007 [Qs 7d]
Dorex2007: folds 
smallsha: calls $0.02
diddko1: folds 
llhrul: calls $0.02
CatechinIsMe: raises $0.04 to $0.06
Pejep: folds 
MizzMeduza: calls $0.04
smallsha: calls $0.04
llhrul: folds 
*** FLOP *** [Qd 3s 8h]
MizzMeduza: checks 
smallsha: checks 
CatechinIsMe: checks 
*** TURN *** [Qd 3s 8h] [Ts]
MizzMeduza: checks 
smallsha: checks 
CatechinIsMe: checks 
*** RIVER *** [Qd 3s 8h Ts] [5c]
MizzMeduza: bets $0.10
smallsha: calls $0.10
CatechinIsMe: folds 
*** SHOW DOWN ***
MizzMeduza: shows [2h As] (high card Ace)
smallsha: shows [Kc 5h] (a pair of Fives)
smallsha collected $0.40 from pot
*** SUMMARY ***
Total pot $0.41 | Rake $0.01 
Board [Qd 3s 8h Ts 5c]
Seat 1: llhrul folded before Flop
Seat 2: CatechinIsMe (button) folded on the River
Seat 4: Pejep (small blind) folded before Flop
Seat 5: MizzMeduza (big blind) showed [2h As] and lost with high card Ace
Seat 6: Dorex2007 folded before Flop (didn't bet)
Seat 7: smallsha showed [Kc 5h] and won ($0.40) with a pair of Fives
Seat 8: diddko1 folded before Flop (didn't bet)



PokerStars Hand #234210772716:  Hold'em No Limit ($0.01/$0.02 USD) - 2022/02/19 11:04:07 PT [2022/02/19 14:04:07 ET]
Table 'Hermod IV' 9-max Seat #4 is the button
Seat 1: llhrul ($3.09 in chips) 
Seat 2: CatechinIsMe ($4.40 in chips) 
Seat 3: DesperatDawg ($1.53 in chips) 
Seat 4: Pejep ($2 in chips) 
Seat 5: MizzMeduza ($1.79 in chips) 
Seat 6: Dorex2007 ($2 in chips) 
Seat 7: smallsha ($0.43 in chips) 
Seat 8: diddko1 ($2.03 in chips) 
MizzMeduza: posts small blind $0.01
Dorex2007: posts big blind $0.02
coolDadJimbo: sits out 
DesperatDawg: posts small & big blinds $0.03
*** HOLE CARDS ***
Dealt to Dorex2007 [Jh Jc]
smallsha: folds 
diddko1: folds 
llhrul: folds 
CatechinIsMe: folds 
DesperatDawg: checks 
Pejep: raises $0.10 to $0.12
MizzMeduza: calls $0.11
Dorex2007: raises $1.88 to $2 and is all-in
DesperatDawg: folds 
CatechinIsMe leaves the table
Pejep: folds 
MizzMeduza: folds 
Uncalled bet ($1.88) returned to Dorex2007
Dorex2007 collected $0.39 from pot
Dorex2007: doesn't show hand 
*** SUMMARY ***
Total pot $0.39 | Rake $0 
Seat 1: llhrul folded before Flop (didn't bet)
Seat 2: CatechinIsMe folded before Flop (didn't bet)
Seat 3: DesperatDawg folded before Flop (didn't bet)
Seat 4: Pejep (button) folded before Flop
Seat 5: MizzMeduza (small blind) folded before Flop
Seat 6: Dorex2007 (big blind) collected ($0.39)
Seat 7: smallsha folded before Flop (didn't bet)
Seat 8: diddko1 folded before Flop (didn't bet)



PokerStars Hand #234210795581:  Hold'em No Limit ($0.01/$0.02 USD) - 2022/02/19 11:04:45 PT [2022/02/19 14:04:45 ET]
Table 'Hermod IV' 9-max Seat #5 is the button
Seat 1: llhrul ($3.09 in chips) 
Seat 3: DesperatDawg ($1.50 in chips) 
Seat 4: Pejep ($2 in chips) 
Seat 5: MizzMeduza ($1.67 in chips) 
Seat 6: Dorex2007 ($2.27 in chips) 
Seat 7: smallsha ($0.43 in chips) 
Seat 8: diddko1 ($2.03 in chips) 
Dorex2007: posts small blind $0.01
smallsha: posts big blind $0.02
coolDadJimbo: sits out 
*** HOLE CARDS ***
Dealt to Dorex2007 [8s 3s]
diddko1: folds 
llhrul: calls $0.02
DesperatDawg: folds 
Pejep: folds 
MizzMeduza: calls $0.02
Dorex2007: folds 
smallsha: checks 
*** FLOP *** [5h 8h 9c]
smallsha: checks 
llhrul: bets $0.02
MizzMeduza: folds 
smallsha: folds 
Uncalled bet ($0.02) returned to llhrul
llhrul collected $0.07 from pot
llhrul: doesn't show hand 
*** SUMMARY ***
Total pot $0.07 | Rake $0 
Board [5h 8h 9c]
Seat 1: llhrul collected ($0.07)
Seat 3: DesperatDawg folded before Flop (didn't bet)
Seat 4: Pejep folded before Flop (didn't bet)
Seat 5: MizzMeduza (button) folded on the Flop
Seat 6: Dorex2007 (small blind) folded before Flop
Seat 7: smallsha (big blind) folded on the Flop
Seat 8: diddko1 folded before Flop (didn't bet)



PokerStars Hand #234210822813:  Hold'em No Limit ($0.01/$0.02 USD) - 2022/02/19 11:05:30 PT [2022/02/19 14:05:30 ET]
Table 'Hermod IV' 9-max Seat #6 is the button
Seat 3: DesperatDawg ($1.50 in chips) 
Seat 4: Pejep ($2 in chips) 
Seat 5: MizzMeduza ($1.65 in chips) 
Seat 6: Dorex2007 ($2.26 in chips) 
Seat 7: smallsha ($0.41 in chips) 
Seat 8: diddko1 ($2.03 in chips) 
smallsha: posts small blind $0.01
diddko1: posts big blind $0.02
coolDadJimbo: sits out 
*** HOLE CARDS ***
Dealt to Dorex2007 [4h 8c]
DesperatDawg: raises $0.02 to $0.04
Pejep: calls $0.04
MizzMeduza: folds 
Dorex2007: folds 
smallsha: folds 
Fajan69 joins the table at seat #2 
diddko1: folds 
*** FLOP *** [2c 5c Kd]
DesperatDawg: checks 
Pejep: bets $0.04
DesperatDawg: calls $0.04
*** TURN *** [2c 5c Kd] [Qh]
DesperatDawg: checks 
Pejep: checks 
*** RIVER *** [2c 5c Kd Qh] [3h]
DesperatDawg: checks 
Pejep: checks 
*** SHOW DOWN ***
DesperatDawg: shows [6s 6d] (a pair of Sixes)
Pejep: mucks hand 
DesperatDawg collected $0.18 from pot
*** SUMMARY ***
Total pot $0.19 | Rake $0.01 
Board [2c 5c Kd Qh 3h]
Seat 3: DesperatDawg showed [6s 6d] and won ($0.18) with a pair of Sixes
Seat 4: Pejep mucked [As Tc]
Seat 5: MizzMeduza folded before Flop (didn't bet)
Seat 6: Dorex2007 (button) folded before Flop (didn't bet)
Seat 7: smallsha (small blind) folded before Flop
Seat 8: diddko1 (big blind) folded before Flop



PokerStars Hand #234210844173:  Hold'em No Limit ($0.01/$0.02 USD) - 2022/02/19 11:06:06 PT [2022/02/19 14:06:06 ET]
Table 'Hermod IV' 9-max Seat #7 is the button
Seat 3: DesperatDawg ($1.60 in chips) 
Seat 4: Pejep ($2 in chips) 
Seat 5: MizzMeduza ($1.65 in chips) 
Seat 6: Dorex2007 ($2.26 in chips) 
Seat 7: smallsha ($0.40 in chips) 
Seat 8: diddko1 ($2.01 in chips) 
Seat 9: coolDadJimbo ($2 in chips) 
diddko1: posts small blind $0.01
coolDadJimbo: posts big blind $0.02
Fajan69: sits out 
*** HOLE CARDS ***
Dealt to Dorex2007 [3s 6s]
DesperatDawg: folds 
Pejep: folds 
MizzMeduza: folds 
Dorex2007: folds 
smallsha: folds 
diddko1: folds 
Uncalled bet ($0.01) returned to coolDadJimbo
coolDadJimbo collected $0.02 from pot
*** SUMMARY ***
Total pot $0.02 | Rake $0 
Seat 3: DesperatDawg folded before Flop (didn't bet)
Seat 4: Pejep folded before Flop (didn't bet)
Seat 5: MizzMeduza folded before Flop (didn't bet)
Seat 6: Dorex2007 folded before Flop (didn't bet)
Seat 7: smallsha (button) folded before Flop (didn't bet)
Seat 8: diddko1 (small blind) folded before Flop
Seat 9: coolDadJimbo (big blind) collected ($0.02)



PokerStars Hand #234210849691:  Hold'em No Limit ($0.01/$0.02 USD) - 2022/02/19 11:06:15 PT [2022/02/19 14:06:15 ET]
Table 'Hermod IV' 9-max Seat #8 is the button
Seat 1: llhrul ($3.14 in chips) 
Seat 3: DesperatDawg ($1.60 in chips) 
Seat 4: Pejep ($2 in chips) 
Seat 5: MizzMeduza ($1.65 in chips) 
Seat 6: Dorex2007 ($2.26 in chips) 
Seat 7: smallsha ($0.40 in chips) 
Seat 8: diddko1 ($2 in chips) 
Seat 9: coolDadJimbo ($2.01 in chips) 
coolDadJimbo: posts small blind $0.01
llhrul: posts big blind $0.02
Fajan69: sits out 
*** HOLE CARDS ***
Dealt to Dorex2007 [8d 7d]
DesperatDawg: folds 
Pejep: folds 
MizzMeduza: folds 
Dorex2007: folds 
smallsha: raises $0.06 to $0.08
diddko1: folds 
coolDadJimbo: folds 
llhrul: folds 
Uncalled bet ($0.06) returned to smallsha
smallsha collected $0.05 from pot
smallsha: doesn't show hand 
*** SUMMARY ***
Total pot $0.05 | Rake $0 
Seat 1: llhrul (big blind) folded before Flop
Seat 3: DesperatDawg folded before Flop (didn't bet)
Seat 4: Pejep folded before Flop (didn't bet)
Seat 5: MizzMeduza folded before Flop (didn't bet)
Seat 6: Dorex2007 folded before Flop (didn't bet)
Seat 7: smallsha collected ($0.05)
Seat 8: diddko1 (button) folded before Flop (didn't bet)
Seat 9: coolDadJimbo (small blind) folded before Flop



PokerStars Hand #234210863667:  Hold'em No Limit ($0.01/$0.02 USD) - 2022/02/19 11:06:39 PT [2022/02/19 14:06:39 ET]
Table 'Hermod IV' 9-max Seat #9 is the button
Seat 1: llhrul ($3.12 in chips) 
Seat 2: Fajan69 ($0.85 in chips) 
Seat 3: DesperatDawg ($1.60 in chips) 
Seat 4: Pejep ($2 in chips) 
Seat 5: MizzMeduza ($1.65 in chips) 
Seat 6: Dorex2007 ($2.26 in chips) 
Seat 7: smallsha ($0.43 in chips) 
Seat 8: diddko1 ($2 in chips) 
Seat 9: coolDadJimbo ($2 in chips) 
llhrul: posts small blind $0.01
Fajan69: posts big blind $0.02
*** HOLE CARDS ***
Dealt to Dorex2007 [7c 9s]
DesperatDawg: folds 
Pejep: folds 
MizzMeduza: calls $0.02
Dorex2007: folds 
smallsha: folds 
diddko1: calls $0.02
coolDadJimbo: folds 
llhrul: calls $0.01
Fajan69: checks 
*** FLOP *** [Ks 2c 8c]
llhrul: checks 
Fajan69: checks 
Pejep leaves the table
MizzMeduza: checks 
diddko1: bets $0.04
llhrul: folds 
Fajan69: folds 
MizzMeduza: folds 
Uncalled bet ($0.04) returned to diddko1
diddko1 collected $0.08 from pot
diddko1: doesn't show hand 
*** SUMMARY ***
Total pot $0.08 | Rake $0 
Board [Ks 2c 8c]
Seat 1: llhrul (small blind) folded on the Flop
Seat 2: Fajan69 (big blind) folded on the Flop
Seat 3: DesperatDawg folded before Flop (didn't bet)
Seat 4: Pejep folded before Flop (didn't bet)
Seat 5: MizzMeduza folded on the Flop
Seat 6: Dorex2007 folded before Flop (didn't bet)
Seat 7: smallsha folded before Flop (didn't bet)
Seat 8: diddko1 collected ($0.08)
Seat 9: coolDadJimbo (button) folded before Flop (didn't bet)



PokerStars Hand #234210892324:  Hold'em No Limit ($0.01/$0.02 USD) - 2022/02/19 11:07:27 PT [2022/02/19 14:07:27 ET]
Table 'Hermod IV' 9-max Seat #1 is the button
Seat 1: llhrul ($3.10 in chips) 
Seat 2: Fajan69 ($0.83 in chips) 
Seat 3: DesperatDawg ($1.60 in chips) 
Seat 5: MizzMeduza ($1.63 in chips) 
Seat 6: Dorex2007 ($2.26 in chips) 
Seat 7: smallsha ($0.43 in chips) 
Seat 8: diddko1 ($2.06 in chips) 
Seat 9: coolDadJimbo ($2 in chips) 
Fajan69: posts small blind $0.01
DesperatDawg: posts big blind $0.02
*** HOLE CARDS ***
Dealt to Dorex2007 [9d Jh]
MizzMeduza: folds 
Dorex2007: folds 
smallsha: folds 
diddko1: folds 
coolDadJimbo: raises $0.06 to $0.08
Stafp440 joins the table at seat #4 
llhrul: folds 
Fajan69: folds 
DesperatDawg: folds 
Uncalled bet ($0.06) returned to coolDadJimbo
coolDadJimbo collected $0.05 from pot
*** SUMMARY ***
Total pot $0.05 | Rake $0 
Seat 1: llhrul (button) folded before Flop (didn't bet)
Seat 2: Fajan69 (small blind) folded before Flop
Seat 3: DesperatDawg (big blind) folded before Flop
Seat 5: MizzMeduza folded before Flop (didn't bet)
Seat 6: Dorex2007 folded before Flop (didn't bet)
Seat 7: smallsha folded before Flop (didn't bet)
Seat 8: diddko1 folded before Flop (didn't bet)
Seat 9: coolDadJimbo collected ($0.05)



PokerStars Hand #234210908600:  Hold'em No Limit ($0.01/$0.02 USD) - 2022/02/19 11:07:54 PT [2022/02/19 14:07:54 ET]
Table 'Hermod IV' 9-max Seat #2 is the button
Seat 1: llhrul ($3.10 in chips) 
Seat 2: Fajan69 ($0.82 in chips) 
Seat 3: DesperatDawg ($1.58 in chips) 
Seat 4: Stafp440 ($2 in chips) 
Seat 5: MizzMeduza ($1.63 in chips) 
Seat 6: Dorex2007 ($2.26 in chips) 
Seat 7: smallsha ($0.43 in chips) 
Seat 8: diddko1 ($2.06 in chips) 
Seat 9: coolDadJimbo ($2.03 in chips) 
DesperatDawg: posts small blind $0.01
Stafp440: posts big blind $0.02
*** HOLE CARDS ***
Dealt to Dorex2007 [3s 8h]
MizzMeduza: calls $0.02
Dorex2007: folds 
smallsha: folds 
diddko1: folds 
coolDadJimbo: raises $0.05 to $0.07
llhrul: folds 
Fajan69: calls $0.07
DesperatDawg: folds 
Stafp440: calls $0.05
MizzMeduza: calls $0.05
*** FLOP *** [2h As 7h]
Stafp440: checks 
MizzMeduza: checks 
coolDadJimbo: bets $0.22
Fajan69: folds 
Stafp440: folds 
MizzMeduza: folds 
Uncalled bet ($0.22) returned to coolDadJimbo
coolDadJimbo collected $0.28 from pot
*** SUMMARY ***
Total pot $0.29 | Rake $0.01 
Board [2h As 7h]
Seat 1: llhrul folded before Flop (didn't bet)
Seat 2: Fajan69 (button) folded on the Flop
Seat 3: DesperatDawg (small blind) folded before Flop
Seat 4: Stafp440 (big blind) folded on the Flop
Seat 5: MizzMeduza folded on the Flop
Seat 6: Dorex2007 folded before Flop (didn't bet)
Seat 7: smallsha folded before Flop (didn't bet)
Seat 8: diddko1 folded before Flop (didn't bet)
Seat 9: coolDadJimbo collected ($0.28)



PokerStars Hand #234210945151:  Hold'em No Limit ($0.01/$0.02 USD) - 2022/02/19 11:08:44 PT [2022/02/19 14:08:44 ET]
Table 'Hermod IV' 9-max Seat #3 is the button
Seat 1: llhrul ($3.10 in chips) 
Seat 2: Fajan69 ($0.75 in chips) 
Seat 3: DesperatDawg ($1.57 in chips) 
Seat 4: Stafp440 ($1.93 in chips) 
Seat 5: MizzMeduza ($1.56 in chips) 
Seat 6: Dorex2007 ($2.26 in chips) 
Seat 7: smallsha ($0.43 in chips) 
Seat 8: diddko1 ($2.06 in chips) 
Seat 9: coolDadJimbo ($2.24 in chips) 
Stafp440: posts small blind $0.01
MizzMeduza: posts big blind $0.02
*** HOLE CARDS ***
Dealt to Dorex2007 [Ah Kh]
Dorex2007: raises $0.04 to $0.06
smallsha: folds 
diddko1: folds 
coolDadJimbo: raises $0.15 to $0.21
llhrul: folds 
Fajan69: folds 
DesperatDawg: folds 
Stafp440: calls $0.20
MizzMeduza: calls $0.19
Dorex2007: folds 
*** FLOP *** [9h Td Jc]
Stafp440: checks 
MizzMeduza: checks 
coolDadJimbo: bets $0.54
Stafp440: folds 
MizzMeduza: folds 
Uncalled bet ($0.54) returned to coolDadJimbo
coolDadJimbo collected $0.67 from pot
*** SUMMARY ***
Total pot $0.69 | Rake $0.02 
Board [9h Td Jc]
Seat 1: llhrul folded before Flop (didn't bet)
Seat 2: Fajan69 folded before Flop (didn't bet)
Seat 3: DesperatDawg (button) folded before Flop (didn't bet)
Seat 4: Stafp440 (small blind) folded on the Flop
Seat 5: MizzMeduza (big blind) folded on the Flop
Seat 6: Dorex2007 folded before Flop
Seat 7: smallsha folded before Flop (didn't bet)
Seat 8: diddko1 folded before Flop (didn't bet)
Seat 9: coolDadJimbo collected ($0.67)



PokerStars Hand #234210982706:  Hold'em No Limit ($0.01/$0.02 USD) - 2022/02/19 11:09:37 PT [2022/02/19 14:09:37 ET]
Table 'Hermod IV' 9-max Seat #4 is the button
Seat 1: llhrul ($3.10 in chips) 
Seat 2: Fajan69 ($0.75 in chips) 
Seat 3: DesperatDawg ($1.57 in chips) 
Seat 4: Stafp440 ($1.72 in chips) 
Seat 5: MizzMeduza ($1.35 in chips) 
Seat 6: Dorex2007 ($2.20 in chips) 
Seat 7: smallsha ($0.43 in chips) 
Seat 8: diddko1 ($2.06 in chips) 
Seat 9: coolDadJimbo ($2.70 in chips) 
MizzMeduza: posts small blind $0.01
Dorex2007: posts big blind $0.02
*** HOLE CARDS ***
Dealt to Dorex2007 [Kh Tc]
smallsha: folds 
diddko1: folds 
coolDadJimbo: folds 
llhrul: folds 
Fajan69: folds 
DesperatDawg: folds 
Stafp440: raises $0.02 to $0.04
MizzMeduza: folds 
Dorex2007: calls $0.02
*** FLOP *** [2s 8h Td]
Dorex2007: checks 
Stafp440: bets $1.68 and is all-in
Dorex2007: calls $1.68
*** TURN *** [2s 8h Td] [3h]
*** RIVER *** [2s 8h Td 3h] [Ac]
*** SHOW DOWN ***
Dorex2007: shows [Kh Tc] (a pair of Tens)
Stafp440: shows [9d 6d] (high card Ace)
Stafp440 cashed out the hand for $0.78 | Cash Out Fee $0.01
Dorex2007 cashed out the hand for $2.51 | Cash Out Fee $0.03
*** SUMMARY ***
Total pot $3.45 | Rake $0.12 
Board [2s 8h Td 3h Ac]
Seat 1: llhrul folded before Flop (didn't bet)
Seat 2: Fajan69 folded before Flop (didn't bet)
Seat 3: DesperatDawg folded before Flop (didn't bet)
Seat 4: Stafp440 (button) showed [9d 6d] and lost with high card Ace (cashed out).
Seat 5: MizzMeduza (small blind) folded before Flop
Seat 6: Dorex2007 (big blind) showed [Kh Tc] and won ($3.33) with a pair of Tens (pot not awarded as player cashed out)
Seat 7: smallsha folded before Flop (didn't bet)
Seat 8: diddko1 folded before Flop (didn't bet)
Seat 9: coolDadJimbo folded before Flop (didn't bet)



PokerStars Hand #234211013943:  Hold'em No Limit ($0.01/$0.02 USD) - 2022/02/19 11:10:30 PT [2022/02/19 14:10:30 ET]
Table 'Hermod IV' 9-max Seat #5 is the button
Seat 1: llhrul ($3.10 in chips) 
Seat 2: Fajan69 ($0.75 in chips) 
Seat 3: DesperatDawg ($1.57 in chips) 
Seat 4: Stafp440 ($0.78 in chips) 
Seat 5: MizzMeduza ($1.34 in chips) 
Seat 6: Dorex2007 ($2.99 in chips) 
Seat 7: smallsha ($1.23 in chips) 
Seat 8: diddko1 ($2.06 in chips) 
Seat 9: coolDadJimbo ($2.70 in chips) 
Dorex2007: posts small blind $0.01
smallsha: posts big blind $0.02
*** HOLE CARDS ***
Dealt to Dorex2007 [5h 6c]
diddko1: folds 
coolDadJimbo: folds 
llhrul: calls $0.02
Fajan69: calls $0.02
DesperatDawg: folds 
Stafp440: raises $0.76 to $0.78 and is all-in
MizzMeduza: folds 
Dorex2007: folds 
smallsha: folds 
llhrul: folds 
Fajan69: folds 
Uncalled bet ($0.76) returned to Stafp440
Stafp440 collected $0.09 from pot
Stafp440: doesn't show hand 
*** SUMMARY ***
Total pot $0.09 | Rake $0 
Seat 1: llhrul folded before Flop
Seat 2: Fajan69 folded before Flop
Seat 3: DesperatDawg folded before Flop (didn't bet)
Seat 4: Stafp440 collected ($0.09)
Seat 5: MizzMeduza (button) folded before Flop (didn't bet)
Seat 6: Dorex2007 (small blind) folded before Flop
Seat 7: smallsha (big blind) folded before Flop
Seat 8: diddko1 folded before Flop (didn't bet)
Seat 9: coolDadJimbo folded before Flop (didn't bet)



PokerStars Hand #234211038734:  Hold'em No Limit ($0.01/$0.02 USD) - 2022/02/19 11:11:11 PT [2022/02/19 14:11:11 ET]
Table 'Hermod IV' 9-max Seat #6 is the button
Seat 1: llhrul ($3.08 in chips) 
Seat 2: Fajan69 ($0.73 in chips) 
Seat 3: DesperatDawg ($1.57 in chips) 
Seat 4: Stafp440 ($0.85 in chips) 
Seat 5: MizzMeduza ($1.34 in chips) 
Seat 6: Dorex2007 ($2.98 in chips) 
Seat 7: smallsha ($1.21 in chips) 
Seat 8: diddko1 ($2.06 in chips) 
Seat 9: coolDadJimbo ($2.70 in chips) 
smallsha: posts small blind $0.01
diddko1: posts big blind $0.02
*** HOLE CARDS ***
Dealt to Dorex2007 [2h Ah]
coolDadJimbo: folds 
llhrul: calls $0.02
Fajan69: folds 
DesperatDawg: folds 
Stafp440: calls $0.02
MizzMeduza: folds 
Dorex2007: calls $0.02
smallsha: folds 
diddko1: checks 
*** FLOP *** [Kd Qs 2c]
diddko1: checks 
llhrul: checks 
Stafp440: checks 
Dorex2007: checks 
*** TURN *** [Kd Qs 2c] [9s]
diddko1: checks 
llhrul: checks 
Stafp440: checks 
Dorex2007: checks 
*** RIVER *** [Kd Qs 2c 9s] [2d]
diddko1: checks 
llhrul: checks 
Stafp440: checks 
Dorex2007: bets $0.09
diddko1: folds 
llhrul: folds 
Stafp440: folds 
Uncalled bet ($0.09) returned to Dorex2007
Dorex2007 collected $0.09 from pot
Dorex2007: doesn't show hand 
*** SUMMARY ***
Total pot $0.09 | Rake $0 
Board [Kd Qs 2c 9s 2d]
Seat 1: llhrul folded on the River
Seat 2: Fajan69 folded before Flop (didn't bet)
Seat 3: DesperatDawg folded before Flop (didn't bet)
Seat 4: Stafp440 folded on the River
Seat 5: MizzMeduza folded before Flop (didn't bet)
Seat 6: Dorex2007 (button) collected ($0.09)
Seat 7: smallsha (small blind) folded before Flop
Seat 8: diddko1 (big blind) folded on the River
Seat 9: coolDadJimbo folded before Flop (didn't bet)



PokerStars Hand #234211075623:  Hold'em No Limit ($0.01/$0.02 USD) - 2022/02/19 11:12:14 PT [2022/02/19 14:12:14 ET]
Table 'Hermod IV' 9-max Seat #7 is the button
Seat 1: llhrul ($3.06 in chips) 
Seat 2: Fajan69 ($0.73 in chips) 
Seat 3: DesperatDawg ($1.57 in chips) 
Seat 4: Stafp440 ($0.83 in chips) 
Seat 5: MizzMeduza ($1.34 in chips) 
Seat 6: Dorex2007 ($3.05 in chips) 
Seat 7: smallsha ($1.20 in chips) 
Seat 8: diddko1 ($2.04 in chips) 
Seat 9: coolDadJimbo ($2.70 in chips) 
diddko1: posts small blind $0.01
coolDadJimbo: posts big blind $0.02
*** HOLE CARDS ***
Dealt to Dorex2007 [9s Qh]
llhrul: folds 
Fajan69: folds 
DesperatDawg: folds 
Stafp440: raises $0.06 to $0.08
MizzMeduza: folds 
Dorex2007: folds 
smallsha: folds 
diddko1: folds 
coolDadJimbo: folds 
Uncalled bet ($0.06) returned to Stafp440
Stafp440 collected $0.05 from pot
*** SUMMARY ***
Total pot $0.05 | Rake $0 
Seat 1: llhrul folded before Flop (didn't bet)
Seat 2: Fajan69 folded before Flop (didn't bet)
Seat 3: DesperatDawg folded before Flop (didn't bet)
Seat 4: Stafp440 collected ($0.05)
Seat 5: MizzMeduza folded before Flop (didn't bet)
Seat 6: Dorex2007 folded before Flop (didn't bet)
Seat 7: smallsha (button) folded before Flop (didn't bet)
Seat 8: diddko1 (small blind) folded before Flop
Seat 9: coolDadJimbo (big blind) folded before Flop



PokerStars Hand #234211086480:  Hold'em No Limit ($0.01/$0.02 USD) - 2022/02/19 11:12:32 PT [2022/02/19 14:12:32 ET]
Table 'Hermod IV' 9-max Seat #8 is the button
Seat 1: llhrul ($3.06 in chips) 
Seat 2: Fajan69 ($0.73 in chips) 
Seat 3: DesperatDawg ($1.57 in chips) 
Seat 4: Stafp440 ($0.86 in chips) 
Seat 5: MizzMeduza ($1.34 in chips) 
Seat 6: Dorex2007 ($3.05 in chips) 
Seat 7: smallsha ($1.20 in chips) 
Seat 8: diddko1 ($2.03 in chips) 
Seat 9: coolDadJimbo ($2.68 in chips) 
coolDadJimbo: posts small blind $0.01
llhrul: posts big blind $0.02
*** HOLE CARDS ***
Dealt to Dorex2007 [9d Jc]
Fajan69: calls $0.02
DesperatDawg: folds 
Stafp440: raises $0.02 to $0.04
MizzMeduza: folds 
Dorex2007: folds 
smallsha: calls $0.04
diddko1: folds 
coolDadJimbo: folds 
llhrul: calls $0.02
Fajan69: raises $0.04 to $0.08
Stafp440: raises $0.04 to $0.12
smallsha: folds 
llhrul: folds 
Fajan69: raises $0.61 to $0.73 and is all-in
Stafp440: calls $0.61
*** FLOP *** [8d Kc 2c]
*** TURN *** [8d Kc 2c] [Th]
*** RIVER *** [8d Kc 2c Th] [2d]
*** SHOW DOWN ***
Fajan69: shows [Jh Js] (two pair, Jacks and Deuces)
Stafp440: shows [As Ac] (two pair, Aces and Deuces)
Stafp440 collected $1.50 from pot
*** SUMMARY ***
Total pot $1.55 | Rake $0.05 
Board [8d Kc 2c Th 2d]
Seat 1: llhrul (big blind) folded before Flop
Seat 2: Fajan69 showed [Jh Js] and lost with two pair, Jacks and Deuces
Seat 3: DesperatDawg folded before Flop (didn't bet)
Seat 4: Stafp440 showed [As Ac] and won ($1.50) with two pair, Aces and Deuces
Seat 5: MizzMeduza folded before Flop (didn't bet)
Seat 6: Dorex2007 folded before Flop (didn't bet)
Seat 7: smallsha folded before Flop
Seat 8: diddko1 (button) folded before Flop (didn't bet)
Seat 9: coolDadJimbo (small blind) folded before Flop



PokerStars Hand #234211122758:  Hold'em No Limit ($0.01/$0.02 USD) - 2022/02/19 11:13:34 PT [2022/02/19 14:13:34 ET]
Table 'Hermod IV' 9-max Seat #9 is the button
Seat 1: llhrul ($3.02 in chips) 
Seat 3: DesperatDawg ($1.57 in chips) 
Seat 4: Stafp440 ($1.63 in chips) 
Seat 5: MizzMeduza ($1.34 in chips) 
Seat 6: Dorex2007 ($3.05 in chips) 
Seat 7: smallsha ($1.16 in chips) 
Seat 8: diddko1 ($2.03 in chips) 
Seat 9: coolDadJimbo ($2.67 in chips) 
llhrul: posts small blind $0.01
DesperatDawg: posts big blind $0.02
*** HOLE CARDS ***
Dealt to Dorex2007 [5h Js]
Stafp440: calls $0.02
MizzMeduza: folds 
Dorex2007: folds 
Fajan69 leaves the table
smallsha: folds 
diddko1: folds 
coolDadJimbo: folds 
llhrul: calls $0.01
DesperatDawg: checks 
*** FLOP *** [Th As Jh]
llhrul: checks 
DesperatDawg: checks 
Stafp440: checks 
*** TURN *** [Th As Jh] [Ac]
llhrul: checks 
DesperatDawg: bets $0.03
Stafp440: folds 
llhrul: folds 
Uncalled bet ($0.03) returned to DesperatDawg
DesperatDawg collected $0.06 from pot
DesperatDawg: doesn't show hand 
*** SUMMARY ***
Total pot $0.06 | Rake $0 
Board [Th As Jh Ac]
Seat 1: llhrul (small blind) folded on the Turn
Seat 3: DesperatDawg (big blind) collected ($0.06)
Seat 4: Stafp440 folded on the Turn
Seat 5: MizzMeduza folded before Flop (didn't bet)
Seat 6: Dorex2007 folded before Flop (didn't bet)
Seat 7: smallsha folded before Flop (didn't bet)
Seat 8: diddko1 folded before Flop (didn't bet)
Seat 9: coolDadJimbo (button) folded before Flop (didn't bet)



PokerStars Hand #234211147721:  Hold'em No Limit ($0.01/$0.02 USD) - 2022/02/19 11:14:17 PT [2022/02/19 14:14:17 ET]
Table 'Hermod IV' 9-max Seat #1 is the button
Seat 1: llhrul ($3 in chips) 
Seat 3: DesperatDawg ($1.61 in chips) 
Seat 4: Stafp440 ($1.61 in chips) 
Seat 5: MizzMeduza ($1.34 in chips) 
Seat 6: Dorex2007 ($3.05 in chips) 
Seat 7: smallsha ($1.16 in chips) 
Seat 8: diddko1 ($2.03 in chips) 
Seat 9: coolDadJimbo ($2.67 in chips) 
DesperatDawg: posts small blind $0.01
Stafp440: posts big blind $0.02
*** HOLE CARDS ***
Dealt to Dorex2007 [6d 2c]
23volk9 joins the table at seat #2 
MizzMeduza: folds 
Dorex2007: folds 
smallsha: folds 
diddko1: folds 
coolDadJimbo: folds 
llhrul: folds 
DesperatDawg: calls $0.01
Stafp440: checks 
*** FLOP *** [Qc 9c 7s]
DesperatDawg: checks 
Stafp440: bets $0.02
DesperatDawg: folds 
Uncalled bet ($0.02) returned to Stafp440
Stafp440 collected $0.04 from pot
Stafp440: doesn't show hand 
*** SUMMARY ***
Total pot $0.04 | Rake $0 
Board [Qc 9c 7s]
Seat 1: llhrul (button) folded before Flop (didn't bet)
Seat 3: DesperatDawg (small blind) folded on the Flop
Seat 4: Stafp440 (big blind) collected ($0.04)
Seat 5: MizzMeduza folded before Flop (didn't bet)
Seat 6: Dorex2007 folded before Flop (didn't bet)
Seat 7: smallsha folded before Flop (didn't bet)
Seat 8: diddko1 folded before Flop (didn't bet)
Seat 9: coolDadJimbo folded before Flop (didn't bet)



PokerStars Hand #234211163150:  Hold'em No Limit ($0.01/$0.02 USD) - 2022/02/19 11:14:43 PT [2022/02/19 14:14:43 ET]
Table 'Hermod IV' 9-max Seat #3 is the button
Seat 1: llhrul ($3 in chips) 
Seat 2: 23volk9 ($1.20 in chips) 
Seat 3: DesperatDawg ($1.59 in chips) 
Seat 4: Stafp440 ($1.63 in chips) 
Seat 5: MizzMeduza ($1.34 in chips) 
Seat 6: Dorex2007 ($3.05 in chips) 
Seat 7: smallsha ($1.16 in chips) 
Seat 8: diddko1 ($2.03 in chips) 
Seat 9: coolDadJimbo ($2.67 in chips) 
Stafp440: posts small blind $0.01
MizzMeduza: posts big blind $0.02
23volk9: posts big blind $0.02
*** HOLE CARDS ***
Dealt to Dorex2007 [5h Jd]
Dorex2007: folds 
smallsha: raises $0.02 to $0.04
diddko1: folds 
coolDadJimbo: calls $0.04
llhrul: folds 
23volk9: calls $0.02
DesperatDawg: folds 
Stafp440: calls $0.03
MizzMeduza: folds 
*** FLOP *** [4c 5d 7h]
Stafp440: bets $0.02
smallsha: raises $0.10 to $0.12
coolDadJimbo: folds 
23volk9: folds 
Stafp440: folds 
Uncalled bet ($0.10) returned to smallsha
smallsha collected $0.21 from pot
smallsha: doesn't show hand 
*** SUMMARY ***
Total pot $0.22 | Rake $0.01 
Board [4c 5d 7h]
Seat 1: llhrul folded before Flop (didn't bet)
Seat 2: 23volk9 folded on the Flop
Seat 3: DesperatDawg (button) folded before Flop (didn't bet)
Seat 4: Stafp440 (small blind) folded on the Flop
Seat 5: MizzMeduza (big blind) folded before Flop
Seat 6: Dorex2007 folded before Flop (didn't bet)
Seat 7: smallsha collected ($0.21)
Seat 8: diddko1 folded before Flop (didn't bet)
Seat 9: coolDadJimbo folded on the Flop



PokerStars Hand #234211187183:  Hold'em No Limit ($0.01/$0.02 USD) - 2022/02/19 11:15:23 PT [2022/02/19 14:15:23 ET]
Table 'Hermod IV' 9-max Seat #4 is the button
Seat 1: llhrul ($3 in chips) 
Seat 2: 23volk9 ($1.16 in chips) 
Seat 3: DesperatDawg ($1.59 in chips) 
Seat 4: Stafp440 ($1.57 in chips) 
Seat 5: MizzMeduza ($1.32 in chips) 
Seat 6: Dorex2007 ($3.05 in chips) 
Seat 7: smallsha ($1.31 in chips) 
Seat 8: diddko1 ($2.03 in chips) 
Seat 9: coolDadJimbo ($2.63 in chips) 
MizzMeduza: posts small blind $0.01
Dorex2007: posts big blind $0.02
*** HOLE CARDS ***
Dealt to Dorex2007 [4h 8c]
smallsha: folds 
diddko1: folds 
coolDadJimbo: folds 
llhrul: folds 
23volk9: folds 
DesperatDawg: folds 
Stafp440: folds 
MizzMeduza: calls $0.01
Dorex2007: checks 
*** FLOP *** [7c Tc 8h]
MizzMeduza: bets $0.04
Dorex2007: calls $0.04
*** TURN *** [7c Tc 8h] [Ah]
MizzMeduza: bets $0.06
Dorex2007: raises $0.08 to $0.14
MizzMeduza: calls $0.08
*** RIVER *** [7c Tc 8h Ah] [Td]
MizzMeduza: checks 
Dorex2007: bets $0.26
MizzMeduza: calls $0.26
*** SHOW DOWN ***
Dorex2007: shows [4h 8c] (two pair, Tens and Eights)
MizzMeduza: shows [7h 8s] (two pair, Tens and Eights)
MizzMeduza collected $0.45 from pot
Dorex2007 collected $0.44 from pot
*** SUMMARY ***
Total pot $0.92 | Rake $0.03 
Board [7c Tc 8h Ah Td]
Seat 1: llhrul folded before Flop (didn't bet)
Seat 2: 23volk9 folded before Flop (didn't bet)
Seat 3: DesperatDawg folded before Flop (didn't bet)
Seat 4: Stafp440 (button) folded before Flop (didn't bet)
Seat 5: MizzMeduza (small blind) showed [7h 8s] and won ($0.45) with two pair, Tens and Eights
Seat 6: Dorex2007 (big blind) showed [4h 8c] and won ($0.44) with two pair, Tens and Eights
Seat 7: smallsha folded before Flop (didn't bet)
Seat 8: diddko1 folded before Flop (didn't bet)
Seat 9: coolDadJimbo folded before Flop (didn't bet)



PokerStars Hand #234211228858:  Hold'em No Limit ($0.01/$0.02 USD) - 2022/02/19 11:16:33 PT [2022/02/19 14:16:33 ET]
Table 'Hermod IV' 9-max Seat #5 is the button
Seat 1: llhrul ($3 in chips) 
Seat 2: 23volk9 ($1.16 in chips) 
Seat 3: DesperatDawg ($1.59 in chips) 
Seat 4: Stafp440 ($1.57 in chips) 
Seat 5: MizzMeduza ($1.31 in chips) 
Seat 6: Dorex2007 ($3.03 in chips) 
Seat 7: smallsha ($1.31 in chips) 
Seat 8: diddko1 ($2.03 in chips) 
Seat 9: coolDadJimbo ($2.63 in chips) 
Dorex2007: posts small blind $0.01
smallsha: posts big blind $0.02
*** HOLE CARDS ***
Dealt to Dorex2007 [2h 8s]
diddko1: raises $0.04 to $0.06
coolDadJimbo: folds 
llhrul: folds 
23volk9: folds 
DesperatDawg: folds 
Stafp440: calls $0.06
MizzMeduza: folds 
Dorex2007: folds 
smallsha: calls $0.04
*** FLOP *** [3s 7c 3d]
smallsha: checks 
diddko1: bets $0.09
Stafp440: folds 
smallsha: folds 
Uncalled bet ($0.09) returned to diddko1
diddko1 collected $0.18 from pot
diddko1: doesn't show hand 
*** SUMMARY ***
Total pot $0.19 | Rake $0.01 
Board [3s 7c 3d]
Seat 1: llhrul folded before Flop (didn't bet)
Seat 2: 23volk9 folded before Flop (didn't bet)
Seat 3: DesperatDawg folded before Flop (didn't bet)
Seat 4: Stafp440 folded on the Flop
Seat 5: MizzMeduza (button) folded before Flop (didn't bet)
Seat 6: Dorex2007 (small blind) folded before Flop
Seat 7: smallsha (big blind) folded on the Flop
Seat 8: diddko1 collected ($0.18)
Seat 9: coolDadJimbo folded before Flop (didn't bet)



PokerStars Hand #234211252652:  Hold'em No Limit ($0.01/$0.02 USD) - 2022/02/19 11:17:13 PT [2022/02/19 14:17:13 ET]
Table 'Hermod IV' 9-max Seat #6 is the button
Seat 1: llhrul ($3 in chips) 
Seat 2: 23volk9 ($1.16 in chips) 
Seat 3: DesperatDawg ($1.59 in chips) 
Seat 4: Stafp440 ($1.51 in chips) 
Seat 5: MizzMeduza ($1.31 in chips) 
Seat 6: Dorex2007 ($3.02 in chips) 
Seat 7: smallsha ($1.25 in chips) 
Seat 8: diddko1 ($2.15 in chips) 
Seat 9: coolDadJimbo ($2.63 in chips) 
smallsha: posts small blind $0.01
diddko1: posts big blind $0.02
*** HOLE CARDS ***
Dealt to Dorex2007 [5c 9c]
coolDadJimbo: folds 
llhrul: calls $0.02
23volk9: folds 
DesperatDawg: folds 
Stafp440: folds 
Stafp440 leaves the table
MizzMeduza: folds 
Dorex2007: folds 
smallsha: calls $0.01
diddko1: checks 
*** FLOP *** [6d Jc 5s]
smallsha: checks 
diddko1: checks 
llhrul: bets $0.02
matheuscycle joins the table at seat #4 
smallsha: calls $0.02
diddko1: folds 
*** TURN *** [6d Jc 5s] [7s]
smallsha: checks 
llhrul: bets $0.04
smallsha: folds 
Uncalled bet ($0.04) returned to llhrul
llhrul collected $0.10 from pot
llhrul: doesn't show hand 
*** SUMMARY ***
Total pot $0.10 | Rake $0 
Board [6d Jc 5s 7s]
Seat 1: llhrul collected ($0.10)
Seat 2: 23volk9 folded before Flop (didn't bet)
Seat 3: DesperatDawg folded before Flop (didn't bet)
Seat 4: Stafp440 folded before Flop (didn't bet)
Seat 5: MizzMeduza folded before Flop (didn't bet)
Seat 6: Dorex2007 (button) folded before Flop (didn't bet)
Seat 7: smallsha (small blind) folded on the Turn
Seat 8: diddko1 (big blind) folded on the Flop
Seat 9: coolDadJimbo folded before Flop (didn't bet)



PokerStars Hand #234211287593:  Hold'em No Limit ($0.01/$0.02 USD) - 2022/02/19 11:18:11 PT [2022/02/19 14:18:11 ET]
Table 'Hermod IV' 9-max Seat #7 is the button
Seat 1: llhrul ($3.06 in chips) 
Seat 2: 23volk9 ($1.16 in chips) 
Seat 3: DesperatDawg ($1.59 in chips) 
Seat 4: matheuscycle ($1 in chips) 
Seat 5: MizzMeduza ($1.31 in chips) 
Seat 6: Dorex2007 ($3.02 in chips) 
Seat 7: smallsha ($1.21 in chips) 
Seat 8: diddko1 ($2.13 in chips) 
Seat 9: coolDadJimbo ($2.63 in chips) 
diddko1: posts small blind $0.01
coolDadJimbo: posts big blind $0.02
matheuscycle: posts big blind $0.02
*** HOLE CARDS ***
Dealt to Dorex2007 [4h Qs]
llhrul: calls $0.02
23volk9: calls $0.02
DesperatDawg: calls $0.02
matheuscycle: checks 
MizzMeduza: calls $0.02
Dorex2007: folds 
smallsha: calls $0.02
diddko1: calls $0.01
coolDadJimbo: checks 
*** FLOP *** [3h 2c Th]
diddko1: checks 
coolDadJimbo: checks 
llhrul: checks 
23volk9: checks 
DesperatDawg: checks 
matheuscycle: bets $0.02
MizzMeduza: folds 
smallsha: calls $0.02
diddko1: folds 
coolDadJimbo: folds 
llhrul: calls $0.02
23volk9: calls $0.02
DesperatDawg: folds 
*** TURN *** [3h 2c Th] [As]
DesperatDawg leaves the table
llhrul: bets $0.02
23volk9: calls $0.02
matheuscycle: calls $0.02
smallsha: calls $0.02
*** RIVER *** [3h 2c Th As] [5s]
llhrul: checks 
23volk9: checks 
matheuscycle: bets $0.16
smallsha: folds 
llhrul: folds 
ishin 1 joins the table at seat #3 
23volk9: folds 
Uncalled bet ($0.16) returned to matheuscycle
matheuscycle collected $0.31 from pot
matheuscycle: doesn't show hand 
*** SUMMARY ***
Total pot $0.32 | Rake $0.01 
Board [3h 2c Th As 5s]
Seat 1: llhrul folded on the River
Seat 2: 23volk9 folded on the River
Seat 3: DesperatDawg folded on the Flop
Seat 4: matheuscycle collected ($0.31)
Seat 5: MizzMeduza folded on the Flop
Seat 6: Dorex2007 folded before Flop (didn't bet)
Seat 7: smallsha (button) folded on the River
Seat 8: diddko1 (small blind) folded on the Flop
Seat 9: coolDadJimbo (big blind) folded on the Flop



PokerStars Hand #234211342271:  Hold'em No Limit ($0.01/$0.02 USD) - 2022/02/19 11:19:42 PT [2022/02/19 14:19:42 ET]
Table 'Hermod IV' 9-max Seat #8 is the button
Seat 1: llhrul ($3 in chips) 
Seat 2: 23volk9 ($1.10 in chips) 
Seat 4: matheuscycle ($1.25 in chips) 
Seat 5: MizzMeduza ($1.29 in chips) 
Seat 6: Dorex2007 ($3.02 in chips) 
Seat 7: smallsha ($1.15 in chips) 
Seat 8: diddko1 ($2.11 in chips) 
Seat 9: coolDadJimbo ($2.61 in chips) 
coolDadJimbo: posts small blind $0.01
llhrul: posts big blind $0.02
ishin 1: sits out 
*** HOLE CARDS ***
Dealt to Dorex2007 [Jd Ac]
23volk9: calls $0.02
matheuscycle: calls $0.02
MizzMeduza: calls $0.02
Dorex2007: raises $0.04 to $0.06
smallsha: folds 
diddko1: folds 
coolDadJimbo: folds 
llhrul: folds 
23volk9: calls $0.04
matheuscycle: calls $0.04
MizzMeduza: raises $0.27 to $0.33
Dorex2007: folds 
23volk9: calls $0.27
matheuscycle: folds 
*** FLOP *** [9s Kc 9c]
23volk9: checks 
MizzMeduza: bets $0.39
23volk9: raises $0.38 to $0.77 and is all-in
MizzMeduza: calls $0.38
*** TURN *** [9s Kc 9c] [5h]
*** RIVER *** [9s Kc 9c 5h] [4h]
*** SHOW DOWN ***
23volk9: shows [7d 7c] (two pair, Nines and Sevens)
MizzMeduza: shows [Ah Kd] (two pair, Kings and Nines)
MizzMeduza collected $2.27 from pot
23volk9 cashed out the hand for $0.29
*** SUMMARY ***
Total pot $2.35 | Rake $0.08 
Board [9s Kc 9c 5h 4h]
Seat 1: llhrul (big blind) folded before Flop
Seat 2: 23volk9 showed [7d 7c] and lost with two pair, Nines and Sevens (cashed out).
Seat 4: matheuscycle folded before Flop
Seat 5: MizzMeduza showed [Ah Kd] and won ($2.27) with two pair, Kings and Nines
Seat 6: Dorex2007 folded before Flop
Seat 7: smallsha folded before Flop (didn't bet)
Seat 8: diddko1 (button) folded before Flop (didn't bet)
Seat 9: coolDadJimbo (small blind) folded before Flop



PokerStars Hand #234211393572:  Hold'em No Limit ($0.01/$0.02 USD) - 2022/02/19 11:21:08 PT [2022/02/19 14:21:08 ET]
Table 'Hermod IV' 9-max Seat #9 is the button
Seat 1: llhrul ($2.98 in chips) 
Seat 2: 23volk9 ($0.29 in chips) 
Seat 3: ishin 1 ($2 in chips) 
Seat 4: matheuscycle ($1.19 in chips) 
Seat 5: MizzMeduza ($2.46 in chips) 
Seat 6: Dorex2007 ($2.96 in chips) 
Seat 7: smallsha ($1.15 in chips) 
Seat 8: diddko1 ($2.11 in chips) 
Seat 9: coolDadJimbo ($2.60 in chips) 
llhrul: posts small blind $0.01
23volk9: posts big blind $0.02
ishin 1: posts big blind $0.02
*** HOLE CARDS ***
Dealt to Dorex2007 [8h 4h]
ishin 1: raises $0.04 to $0.06
matheuscycle: folds 
MizzMeduza: folds 
Dorex2007: folds 
smallsha: calls $0.06
diddko1: folds 
coolDadJimbo: folds 
llhrul: folds 
23volk9: folds 
*** FLOP *** [7d 2s Tc]
ishin 1: bets $0.06
smallsha: raises $0.14 to $0.20
ishin 1: calls $0.14
*** TURN *** [7d 2s Tc] [7h]
ishin 1: checks 
smallsha: bets $0.30
ishin 1: folds 
Uncalled bet ($0.30) returned to smallsha
smallsha collected $0.53 from pot
smallsha: doesn't show hand 
*** SUMMARY ***
Total pot $0.55 | Rake $0.02 
Board [7d 2s Tc 7h]
Seat 1: llhrul (small blind) folded before Flop
Seat 2: 23volk9 (big blind) folded before Flop
Seat 3: ishin 1 folded on the Turn
Seat 4: matheuscycle folded before Flop (didn't bet)
Seat 5: MizzMeduza folded before Flop (didn't bet)
Seat 6: Dorex2007 folded before Flop (didn't bet)
Seat 7: smallsha collected ($0.53)
Seat 8: diddko1 folded before Flop (didn't bet)
Seat 9: coolDadJimbo (button) folded before Flop (didn't bet)



PokerStars Hand #234211430795:  Hold'em No Limit ($0.01/$0.02 USD) - 2022/02/19 11:22:11 PT [2022/02/19 14:22:11 ET]
Table 'Hermod IV' 9-max Seat #1 is the button
Seat 1: llhrul ($2.97 in chips) 
Seat 2: 23volk9 ($0.27 in chips) 
Seat 3: ishin 1 ($1.74 in chips) 
Seat 4: matheuscycle ($1.19 in chips) 
Seat 5: MizzMeduza ($2.46 in chips) 
Seat 6: Dorex2007 ($2.96 in chips) 
Seat 7: smallsha ($1.42 in chips) 
Seat 8: diddko1 ($2.11 in chips) 
Seat 9: coolDadJimbo ($2.60 in chips) 
23volk9: posts small blind $0.01
ishin 1: posts big blind $0.02
*** HOLE CARDS ***
Dealt to Dorex2007 [9s 7s]
matheuscycle: folds 
MizzMeduza has timed out
MizzMeduza: folds 
Dorex2007: folds 
smallsha: folds 
diddko1: raises $0.04 to $0.06
coolDadJimbo: calls $0.06
llhrul: folds 
23volk9: raises $0.21 to $0.27 and is all-in
ishin 1: folds 
diddko1: folds 
coolDadJimbo: folds 
Uncalled bet ($0.21) returned to 23volk9
23volk9 collected $0.20 from pot
23volk9: doesn't show hand 
*** SUMMARY ***
Total pot $0.20 | Rake $0 
Seat 1: llhrul (button) folded before Flop (didn't bet)
Seat 2: 23volk9 (small blind) collected ($0.20)
Seat 3: ishin 1 (big blind) folded before Flop
Seat 4: matheuscycle folded before Flop (didn't bet)
Seat 5: MizzMeduza folded before Flop (didn't bet)
Seat 6: Dorex2007 folded before Flop (didn't bet)
Seat 7: smallsha folded before Flop (didn't bet)
Seat 8: diddko1 folded before Flop
Seat 9: coolDadJimbo folded before Flop



PokerStars Hand #234211465991:  Hold'em No Limit ($0.01/$0.02 USD) - 2022/02/19 11:23:10 PT [2022/02/19 14:23:10 ET]
Table 'Hermod IV' 9-max Seat #2 is the button
Seat 1: llhrul ($2.97 in chips) 
Seat 2: 23volk9 ($0.41 in chips) 
Seat 3: ishin 1 ($1.72 in chips) 
Seat 4: matheuscycle ($1.19 in chips) 
Seat 6: Dorex2007 ($2.96 in chips) 
Seat 7: smallsha ($1.42 in chips) 
Seat 8: diddko1 ($2.05 in chips) 
Seat 9: coolDadJimbo ($2.54 in chips) 
ishin 1: posts small blind $0.01
matheuscycle: posts big blind $0.02
*** HOLE CARDS ***
Dealt to Dorex2007 [Th 9d]
Dorex2007: folds 
smallsha: folds 
diddko1: folds 
coolDadJimbo: raises $0.06 to $0.08
llhrul: folds 
23volk9: folds 
ishin 1: calls $0.07
matheuscycle: folds 
*** FLOP *** [4c 4s 9s]
ishin 1: checks 
coolDadJimbo: checks 
*** TURN *** [4c 4s 9s] [Jh]
ishin 1: bets $0.06
coolDadJimbo: folds 
Uncalled bet ($0.06) returned to ishin 1
ishin 1 collected $0.17 from pot
ishin 1: doesn't show hand 
*** SUMMARY ***
Total pot $0.18 | Rake $0.01 
Board [4c 4s 9s Jh]
Seat 1: llhrul folded before Flop (didn't bet)
Seat 2: 23volk9 (button) folded before Flop (didn't bet)
Seat 3: ishin 1 (small blind) collected ($0.17)
Seat 4: matheuscycle (big blind) folded before Flop
Seat 6: Dorex2007 folded before Flop (didn't bet)
Seat 7: smallsha folded before Flop (didn't bet)
Seat 8: diddko1 folded before Flop (didn't bet)
Seat 9: coolDadJimbo folded on the Turn



PokerStars Hand #234211487508:  Hold'em No Limit ($0.01/$0.02 USD) - 2022/02/19 11:23:47 PT [2022/02/19 14:23:47 ET]
Table 'Hermod IV' 9-max Seat #3 is the button
Seat 1: llhrul ($2.97 in chips) 
Seat 2: 23volk9 ($0.41 in chips) 
Seat 3: ishin 1 ($1.81 in chips) 
Seat 4: matheuscycle ($1.17 in chips) 
Seat 6: Dorex2007 ($2.96 in chips) 
Seat 7: smallsha ($1.42 in chips) 
Seat 8: diddko1 ($2.05 in chips) 
Seat 9: coolDadJimbo ($2.46 in chips) 
matheuscycle: posts small blind $0.01
Dorex2007: posts big blind $0.02
*** HOLE CARDS ***
Dealt to Dorex2007 [7h 6c]
smallsha: folds 
diddko1: folds 
coolDadJimbo: folds 
llhrul: folds 
23volk9: folds 
ishin 1: raises $0.06 to $0.08
matheuscycle: folds 
Dorex2007: folds 
Uncalled bet ($0.06) returned to ishin 1
ishin 1 collected $0.05 from pot
ishin 1: doesn't show hand 
*** SUMMARY ***
Total pot $0.05 | Rake $0 
Seat 1: llhrul folded before Flop (didn't bet)
Seat 2: 23volk9 folded before Flop (didn't bet)
Seat 3: ishin 1 (button) collected ($0.05)
Seat 4: matheuscycle (small blind) folded before Flop
Seat 6: Dorex2007 (big blind) folded before Flop
Seat 7: smallsha folded before Flop (didn't bet)
Seat 8: diddko1 folded before Flop (didn't bet)
Seat 9: coolDadJimbo folded before Flop (didn't bet)



PokerStars Hand #234211501715:  Hold'em No Limit ($0.01/$0.02 USD) - 2022/02/19 11:24:11 PT [2022/02/19 14:24:11 ET]
Table 'Hermod IV' 9-max Seat #4 is the button
Seat 1: llhrul ($2.97 in chips) 
Seat 2: 23volk9 ($0.41 in chips) 
Seat 3: ishin 1 ($1.84 in chips) 
Seat 4: matheuscycle ($1.16 in chips) 
Seat 6: Dorex2007 ($2.94 in chips) 
Seat 7: smallsha ($1.42 in chips) 
Seat 8: diddko1 ($2.05 in chips) 
Seat 9: coolDadJimbo ($2.46 in chips) 
Dorex2007: posts small blind $0.01
smallsha: posts big blind $0.02
*** HOLE CARDS ***
Dealt to Dorex2007 [4d 3s]
diddko1: raises $0.04 to $0.06
coolDadJimbo: folds 
llhrul: folds 
23volk9: folds 
ishin 1: calls $0.06
matheuscycle: folds 
Dorex2007: folds 
smallsha: calls $0.04
*** FLOP *** [Js Ah Jd]
smallsha: checks 
diddko1: checks 
ishin 1: checks 
*** TURN *** [Js Ah Jd] [7h]
smallsha: checks 
diddko1: bets $0.09
ishin 1: calls $0.09
smallsha: folds 
*** RIVER *** [Js Ah Jd 7h] [Qs]
diddko1: checks 
ishin 1: checks 
*** SHOW DOWN ***
diddko1: shows [Ks Ac] (two pair, Aces and Jacks)
ishin 1: mucks hand 
diddko1 collected $0.36 from pot
*** SUMMARY ***
Total pot $0.37 | Rake $0.01 
Board [Js Ah Jd 7h Qs]
Seat 1: llhrul folded before Flop (didn't bet)
Seat 2: 23volk9 folded before Flop (didn't bet)
Seat 3: ishin 1 mucked [8d Kh]
Seat 4: matheuscycle (button) folded before Flop (didn't bet)
Seat 6: Dorex2007 (small blind) folded before Flop
Seat 7: smallsha (big blind) folded on the Turn
Seat 8: diddko1 showed [Ks Ac] and won ($0.36) with two pair, Aces and Jacks
Seat 9: coolDadJimbo folded before Flop (didn't bet)



PokerStars Hand #234211544576:  Hold'em No Limit ($0.01/$0.02 USD) - 2022/02/19 11:25:16 PT [2022/02/19 14:25:16 ET]
Table 'Hermod IV' 9-max Seat #6 is the button
Seat 1: llhrul ($2.97 in chips) 
Seat 2: 23volk9 ($0.41 in chips) 
Seat 3: ishin 1 ($1.69 in chips) 
Seat 4: matheuscycle ($1.16 in chips) 
Seat 6: Dorex2007 ($2.93 in chips) 
Seat 7: smallsha ($1.36 in chips) 
Seat 8: diddko1 ($2.26 in chips) 
Seat 9: coolDadJimbo ($2.46 in chips) 
smallsha: posts small blind $0.01
diddko1: posts big blind $0.02
*** HOLE CARDS ***
Dealt to Dorex2007 [2h Ac]
coolDadJimbo: folds 
llhrul: folds 
23volk9: folds 
ishin 1: raises $0.04 to $0.06
matheuscycle: folds 
Dorex2007: folds 
smallsha: folds 
diddko1: folds 
Uncalled bet ($0.04) returned to ishin 1
ishin 1 collected $0.05 from pot
ishin 1: doesn't show hand 
*** SUMMARY ***
Total pot $0.05 | Rake $0 
Seat 1: llhrul folded before Flop (didn't bet)
Seat 2: 23volk9 folded before Flop (didn't bet)
Seat 3: ishin 1 collected ($0.05)
Seat 4: matheuscycle folded before Flop (didn't bet)
Seat 6: Dorex2007 (button) folded before Flop (didn't bet)
Seat 7: smallsha (small blind) folded before Flop
Seat 8: diddko1 (big blind) folded before Flop
Seat 9: coolDadJimbo folded before Flop (didn't bet)



PokerStars Hand #234211554080:  Hold'em No Limit ($0.01/$0.02 USD) - 2022/02/19 11:25:32 PT [2022/02/19 14:25:32 ET]
Table 'Hermod IV' 9-max Seat #7 is the button
Seat 1: llhrul ($2.97 in chips) 
Seat 2: 23volk9 ($0.41 in chips) 
Seat 3: ishin 1 ($1.72 in chips) 
Seat 4: matheuscycle ($1.16 in chips) 
Seat 6: Dorex2007 ($2.93 in chips) 
Seat 7: smallsha ($1.35 in chips) 
Seat 8: diddko1 ($2.24 in chips) 
Seat 9: coolDadJimbo ($2.46 in chips) 
diddko1: posts small blind $0.01
coolDadJimbo: posts big blind $0.02
*** HOLE CARDS ***
Dealt to Dorex2007 [Qh 6s]
llhrul: calls $0.02
23volk9: folds 
ishin 1: folds 
matheuscycle: folds 
Dorex2007: folds 
smallsha: calls $0.02
diddko1: folds 
coolDadJimbo: checks 
*** FLOP *** [Kc 8h Qs]
coolDadJimbo: checks 
llhrul: bets $0.04
smallsha: folds 
coolDadJimbo: folds 
Uncalled bet ($0.04) returned to llhrul
llhrul collected $0.07 from pot
llhrul: doesn't show hand 
*** SUMMARY ***
Total pot $0.07 | Rake $0 
Board [Kc 8h Qs]
Seat 1: llhrul collected ($0.07)
Seat 2: 23volk9 folded before Flop (didn't bet)
Seat 3: ishin 1 folded before Flop (didn't bet)
Seat 4: matheuscycle folded before Flop (didn't bet)
Seat 6: Dorex2007 folded before Flop (didn't bet)
Seat 7: smallsha (button) folded on the Flop
Seat 8: diddko1 (small blind) folded before Flop
Seat 9: coolDadJimbo (big blind) folded on the Flop



PokerStars Hand #234211580440:  Hold'em No Limit ($0.01/$0.02 USD) - 2022/02/19 11:26:17 PT [2022/02/19 14:26:17 ET]
Table 'Hermod IV' 9-max Seat #8 is the button
Seat 1: llhrul ($3.02 in chips) 
Seat 2: 23volk9 ($0.41 in chips) 
Seat 3: ishin 1 ($1.72 in chips) 
Seat 4: matheuscycle ($1.16 in chips) 
Seat 6: Dorex2007 ($2.93 in chips) 
Seat 7: smallsha ($1.33 in chips) 
Seat 8: diddko1 ($2.23 in chips) 
Seat 9: coolDadJimbo ($2.44 in chips) 
coolDadJimbo: posts small blind $0.01
llhrul: posts big blind $0.02
*** HOLE CARDS ***
Dealt to Dorex2007 [Qd 6h]
23volk9: folds 
ishin 1: folds 
matheuscycle: calls $0.02
Dorex2007: folds 
smallsha: folds 
diddko1: calls $0.02
coolDadJimbo: folds 
llhrul: checks 
*** FLOP *** [7c Td 8d]
llhrul: checks 
matheuscycle: bets $0.02
diddko1: folds 
llhrul: raises $0.02 to $0.04
matheuscycle: raises $0.02 to $0.06
llhrul: calls $0.02
*** TURN *** [7c Td 8d] [9s]
llhrul: bets $0.02
matheuscycle: raises $0.11 to $0.13
llhrul: calls $0.11
*** RIVER *** [7c Td 8d 9s] [As]
llhrul: checks 
matheuscycle: bets $0.22
llhrul: calls $0.22
*** SHOW DOWN ***
matheuscycle: shows [3d Ah] (a pair of Aces)
llhrul: shows [6c 9h] (a straight, Six to Ten)
llhrul collected $0.86 from pot
*** SUMMARY ***
Total pot $0.89 | Rake $0.03 
Board [7c Td 8d 9s As]
Seat 1: llhrul (big blind) showed [6c 9h] and won ($0.86) with a straight, Six to Ten
Seat 2: 23volk9 folded before Flop (didn't bet)
Seat 3: ishin 1 folded before Flop (didn't bet)
Seat 4: matheuscycle showed [3d Ah] and lost with a pair of Aces
Seat 6: Dorex2007 folded before Flop (didn't bet)
Seat 7: smallsha folded before Flop (didn't bet)
Seat 8: diddko1 (button) folded on the Flop
Seat 9: coolDadJimbo (small blind) folded before Flop



PokerStars Hand #234211615867:  Hold'em No Limit ($0.01/$0.02 USD) - 2022/02/19 11:27:18 PT [2022/02/19 14:27:18 ET]
Table 'Hermod IV' 9-max Seat #9 is the button
Seat 1: llhrul ($3.45 in chips) 
Seat 2: 23volk9 ($0.41 in chips) 
Seat 3: ishin 1 ($1.72 in chips) 
Seat 4: matheuscycle ($0.73 in chips) 
Seat 6: Dorex2007 ($2.93 in chips) 
Seat 7: smallsha ($1.33 in chips) 
Seat 8: diddko1 ($2.21 in chips) 
Seat 9: coolDadJimbo ($2.43 in chips) 
llhrul: posts small blind $0.01
23volk9: posts big blind $0.02
*** HOLE CARDS ***
Dealt to Dorex2007 [Td 9c]
ishin 1: raises $0.04 to $0.06
matheuscycle: raises $0.04 to $0.10
Dorex2007: folds 
smallsha: folds 
diddko1: folds 
coolDadJimbo: folds 
llhrul: folds 
23volk9: folds 
ishin 1: calls $0.04
*** FLOP *** [7d 9d 5c]
ishin 1: checks 
matheuscycle: bets $0.63 and is all-in
ishin 1: folds 
Uncalled bet ($0.63) returned to matheuscycle
matheuscycle collected $0.22 from pot
matheuscycle: doesn't show hand 
*** SUMMARY ***
Total pot $0.23 | Rake $0.01 
Board [7d 9d 5c]
Seat 1: llhrul (small blind) folded before Flop
Seat 2: 23volk9 (big blind) folded before Flop
Seat 3: ishin 1 folded on the Flop
Seat 4: matheuscycle collected ($0.22)
Seat 6: Dorex2007 folded before Flop (didn't bet)
Seat 7: smallsha folded before Flop (didn't bet)
Seat 8: diddko1 folded before Flop (didn't bet)
Seat 9: coolDadJimbo (button) folded before Flop (didn't bet)



PokerStars Hand #234211639550:  Hold'em No Limit ($0.01/$0.02 USD) - 2022/02/19 11:28:00 PT [2022/02/19 14:28:00 ET]
Table 'Hermod IV' 9-max Seat #1 is the button
Seat 1: llhrul ($3.44 in chips) 
Seat 2: 23volk9 ($0.39 in chips) 
Seat 3: ishin 1 ($1.62 in chips) 
Seat 4: matheuscycle ($0.85 in chips) 
Seat 6: Dorex2007 ($2.93 in chips) 
Seat 7: smallsha ($1.33 in chips) 
Seat 8: diddko1 ($2.21 in chips) 
Seat 9: coolDadJimbo ($2.43 in chips) 
23volk9: posts small blind $0.01
ishin 1: posts big blind $0.02
*** HOLE CARDS ***
Dealt to Dorex2007 [Qc Jh]
matheuscycle: raises $0.02 to $0.04
Dorex2007: folds 
smallsha: calls $0.04
diddko1: calls $0.04
coolDadJimbo: calls $0.04
llhrul: calls $0.04
23volk9: folds 
ishin 1: raises $0.14 to $0.18
matheuscycle: raises $0.14 to $0.32
smallsha: folds 
diddko1: folds 
coolDadJimbo: folds 
llhrul: folds 
ishin 1: raises $0.52 to $0.84
matheuscycle: raises $0.01 to $0.85 and is all-in
ishin 1: calls $0.01
*** FLOP *** [Js 3c 5c]
*** TURN *** [Js 3c 5c] [Th]
*** RIVER *** [Js 3c 5c Th] [Kh]
*** SHOW DOWN ***
ishin 1: shows [As Kc] (a pair of Kings)
matheuscycle: shows [6d 6c] (a pair of Sixes)
ishin 1 collected $1.80 from pot
matheuscycle cashed out the hand for $0.97 | Cash Out Fee $0.01
*** SUMMARY ***
Total pot $1.87 | Rake $0.07 
Board [Js 3c 5c Th Kh]
Seat 1: llhrul (button) folded before Flop
Seat 2: 23volk9 (small blind) folded before Flop
Seat 3: ishin 1 (big blind) showed [As Kc] and won ($1.80) with a pair of Kings
Seat 4: matheuscycle showed [6d 6c] and lost with a pair of Sixes (cashed out).
Seat 6: Dorex2007 folded before Flop (didn't bet)
Seat 7: smallsha folded before Flop
Seat 8: diddko1 folded before Flop
Seat 9: coolDadJimbo folded before Flop



PokerStars Hand #234211681185:  Hold'em No Limit ($0.01/$0.02 USD) - 2022/02/19 11:29:13 PT [2022/02/19 14:29:13 ET]
Table 'Hermod IV' 9-max Seat #2 is the button
Seat 1: llhrul ($3.40 in chips) 
Seat 2: 23volk9 ($0.38 in chips) 
Seat 3: ishin 1 ($2.57 in chips) 
Seat 4: matheuscycle ($0.97 in chips) 
Seat 6: Dorex2007 ($2.93 in chips) 
Seat 7: smallsha ($1.29 in chips) 
Seat 8: diddko1 ($2.17 in chips) 
Seat 9: coolDadJimbo ($2.39 in chips) 
ishin 1: posts small blind $0.01
matheuscycle: posts big blind $0.02
MizzMeduza: sits out 
*** HOLE CARDS ***
Dealt to Dorex2007 [9h 3s]
Dorex2007: folds 
smallsha: raises $0.02 to $0.04
diddko1: folds 
coolDadJimbo: folds 
llhrul: folds 
23volk9: calls $0.04
ishin 1: calls $0.03
matheuscycle: folds 
*** FLOP *** [Jd Ks Qh]
ishin 1: checks 
smallsha: bets $0.04
23volk9: calls $0.04
ishin 1: folds 
*** TURN *** [Jd Ks Qh] [Kc]
smallsha: bets $0.30
ishin 1 leaves the table
23volk9: folds 
Uncalled bet ($0.30) returned to smallsha
smallsha collected $0.21 from pot
smallsha: doesn't show hand 
*** SUMMARY ***
Total pot $0.22 | Rake $0.01 
Board [Jd Ks Qh Kc]
Seat 1: llhrul folded before Flop (didn't bet)
Seat 2: 23volk9 (button) folded on the Turn
Seat 3: ishin 1 (small blind) folded on the Flop
Seat 4: matheuscycle (big blind) folded before Flop
Seat 6: Dorex2007 folded before Flop (didn't bet)
Seat 7: smallsha collected ($0.21)
Seat 8: diddko1 folded before Flop (didn't bet)
Seat 9: coolDadJimbo folded before Flop (didn't bet)



PokerStars Hand #234211726545:  Hold'em No Limit ($0.01/$0.02 USD) - 2022/02/19 11:30:32 PT [2022/02/19 14:30:32 ET]
Table 'Hermod IV' 9-max Seat #4 is the button
Seat 1: llhrul ($3.40 in chips) 
Seat 2: 23volk9 ($0.30 in chips) 
Seat 4: matheuscycle ($0.95 in chips) 
Seat 6: Dorex2007 ($2.93 in chips) 
Seat 7: smallsha ($1.42 in chips) 
Seat 8: diddko1 ($2.17 in chips) 
Seat 9: coolDadJimbo ($2.39 in chips) 
Dorex2007: posts small blind $0.01
smallsha: posts big blind $0.02
*** HOLE CARDS ***
Dealt to Dorex2007 [4d 8c]
diddko1: folds 
coolDadJimbo: folds 
llhrul: calls $0.02
23volk9: calls $0.02
matheuscycle: folds 
Dorex2007: folds 
smallsha: checks 
*** FLOP *** [3d 9d 2c]
smallsha: bets $0.06
llhrul: folds 
23volk9: folds 
Uncalled bet ($0.06) returned to smallsha
smallsha collected $0.07 from pot
smallsha: doesn't show hand 
*** SUMMARY ***
Total pot $0.07 | Rake $0 
Board [3d 9d 2c]
Seat 1: llhrul folded on the Flop
Seat 2: 23volk9 folded on the Flop
Seat 4: matheuscycle (button) folded before Flop (didn't bet)
Seat 6: Dorex2007 (small blind) folded before Flop
Seat 7: smallsha (big blind) collected ($0.07)
Seat 8: diddko1 folded before Flop (didn't bet)
Seat 9: coolDadJimbo folded before Flop (didn't bet)



PokerStars Hand #234211739998:  Hold'em No Limit ($0.01/$0.02 USD) - 2022/02/19 11:30:56 PT [2022/02/19 14:30:56 ET]
Table 'Hermod IV' 9-max Seat #6 is the button
Seat 1: llhrul ($3.38 in chips) 
Seat 2: 23volk9 ($0.28 in chips) 
Seat 4: matheuscycle ($0.95 in chips) 
Seat 6: Dorex2007 ($2.92 in chips) 
Seat 7: smallsha ($1.47 in chips) 
Seat 8: diddko1 ($2.17 in chips) 
Seat 9: coolDadJimbo ($2.39 in chips) 
smallsha: posts small blind $0.01
diddko1: posts big blind $0.02
MizzMeduza: sits out 
*** HOLE CARDS ***
Dealt to Dorex2007 [5s 9d]
coolDadJimbo: folds 
llhrul: folds 
23volk9: raises $0.03 to $0.05
matheuscycle: calls $0.05
Dorex2007: folds 
Tiewire joins the table at seat #3 
smallsha: raises $0.07 to $0.12
diddko1: folds 
23volk9: raises $0.16 to $0.28 and is all-in
matheuscycle: folds 
smallsha: calls $0.16
*** FLOP *** [Qs As Jd]
*** TURN *** [Qs As Jd] [5d]
*** RIVER *** [Qs As Jd 5d] [6d]
*** SHOW DOWN ***
smallsha: shows [Qh Qc] (three of a kind, Queens)
23volk9: shows [Ac Qd] (two pair, Aces and Queens)
smallsha cashed out the hand for $0.43
*** SUMMARY ***
Total pot $0.63 | Rake $0.02 
Board [Qs As Jd 5d 6d]
Seat 1: llhrul folded before Flop (didn't bet)
Seat 2: 23volk9 showed [Ac Qd] and lost with two pair, Aces and Queens
Seat 4: matheuscycle folded before Flop
Seat 6: Dorex2007 (button) folded before Flop (didn't bet)
Seat 7: smallsha (small blind) showed [Qh Qc] and won ($0.61) with three of a kind, Queens (pot not awarded as player cashed out)
Seat 8: diddko1 (big blind) folded before Flop
Seat 9: coolDadJimbo folded before Flop (didn't bet)



PokerStars Hand #234211761933:  Hold'em No Limit ($0.01/$0.02 USD) - 2022/02/19 11:31:34 PT [2022/02/19 14:31:34 ET]
Table 'Hermod IV' 9-max Seat #7 is the button
Seat 1: llhrul ($3.38 in chips) 
Seat 4: matheuscycle ($0.90 in chips) 
Seat 6: Dorex2007 ($2.92 in chips) 
Seat 7: smallsha ($1.62 in chips) 
Seat 8: diddko1 ($2.15 in chips) 
Seat 9: coolDadJimbo ($2.39 in chips) 
diddko1: posts small blind $0.01
coolDadJimbo: posts big blind $0.02
Tiewire: sits out 
MizzMeduza: sits out 
*** HOLE CARDS ***
Dealt to Dorex2007 [7d 4h]
llhrul: calls $0.02
matheuscycle: calls $0.02
Dorex2007: folds 
23volk9 leaves the table
smallsha: folds 
diddko1: folds 
coolDadJimbo: checks 
*** FLOP *** [2c Kd 9d]
coolDadJimbo: checks 
llhrul: bets $0.02
matheuscycle: folds 
coolDadJimbo: folds 
Uncalled bet ($0.02) returned to llhrul
llhrul collected $0.07 from pot
llhrul: doesn't show hand 
*** SUMMARY ***
Total pot $0.07 | Rake $0 
Board [2c Kd 9d]
Seat 1: llhrul collected ($0.07)
Seat 4: matheuscycle folded on the Flop
Seat 6: Dorex2007 folded before Flop (didn't bet)
Seat 7: smallsha (button) folded before Flop (didn't bet)
Seat 8: diddko1 (small blind) folded before Flop
Seat 9: coolDadJimbo (big blind) folded on the Flop



PokerStars Hand #234211784295:  Hold'em No Limit ($0.01/$0.02 USD) - 2022/02/19 11:32:12 PT [2022/02/19 14:32:12 ET]
Table 'Hermod IV' 9-max Seat #8 is the button
Seat 1: llhrul ($3.43 in chips) 
Seat 4: matheuscycle ($0.88 in chips) 
Seat 6: Dorex2007 ($2.92 in chips) 
Seat 7: smallsha ($1.62 in chips) 
Seat 8: diddko1 ($2.14 in chips) 
Seat 9: coolDadJimbo ($2.37 in chips) 
coolDadJimbo: posts small blind $0.01
llhrul: posts big blind $0.02
Tiewire: sits out 
MizzMeduza: sits out 
*** HOLE CARDS ***
Dealt to Dorex2007 [6h 3c]
matheuscycle: folds 
Dorex2007: folds 
smallsha: folds 
diddko1: folds 
coolDadJimbo: raises $0.06 to $0.08
llhrul: calls $0.06
*** FLOP *** [5s 2s 3s]
coolDadJimbo: checks 
llhrul: checks 
*** TURN *** [5s 2s 3s] [5h]
coolDadJimbo: checks 
llhrul: bets $0.02
coolDadJimbo: folds 
Uncalled bet ($0.02) returned to llhrul
llhrul collected $0.15 from pot
llhrul: doesn't show hand 
blackdog37 joins the table at seat #2 
*** SUMMARY ***
Total pot $0.16 | Rake $0.01 
Board [5s 2s 3s 5h]
Seat 1: llhrul (big blind) collected ($0.15)
Seat 4: matheuscycle folded before Flop (didn't bet)
Seat 6: Dorex2007 folded before Flop (didn't bet)
Seat 7: smallsha folded before Flop (didn't bet)
Seat 8: diddko1 (button) folded before Flop (didn't bet)
Seat 9: coolDadJimbo (small blind) folded on the Turn



PokerStars Hand #234211807181:  Hold'em No Limit ($0.01/$0.02 USD) - 2022/02/19 11:32:52 PT [2022/02/19 14:32:52 ET]
Table 'Hermod IV' 9-max Seat #9 is the button
Seat 1: llhrul ($3.50 in chips) 
Seat 2: blackdog37 ($1.60 in chips) 
Seat 4: matheuscycle ($0.88 in chips) 
Seat 6: Dorex2007 ($2.92 in chips) 
Seat 7: smallsha ($1.62 in chips) 
Seat 8: diddko1 ($2.14 in chips) 
Seat 9: coolDadJimbo ($2.29 in chips) 
llhrul: posts small blind $0.01
blackdog37: posts big blind $0.02
Tiewire: sits out 
MizzMeduza: sits out 
*** HOLE CARDS ***
Dealt to Dorex2007 [3h As]
matheuscycle: raises $0.02 to $0.04
Dorex2007: folds 
smallsha: calls $0.04
diddko1: calls $0.04
coolDadJimbo: raises $0.12 to $0.16
llhrul: folds 
blackdog37: folds 
matheuscycle: calls $0.12
smallsha: folds 
diddko1: folds 
*** FLOP *** [9c 8d 2c]
matheuscycle: bets $0.12
coolDadJimbo: raises $2.01 to $2.13 and is all-in
matheuscycle: folds 
Uncalled bet ($2.01) returned to coolDadJimbo
coolDadJimbo collected $0.65 from pot
*** SUMMARY ***
Total pot $0.67 | Rake $0.02 
Board [9c 8d 2c]
Seat 1: llhrul (small blind) folded before Flop
Seat 2: blackdog37 (big blind) folded before Flop
Seat 4: matheuscycle folded on the Flop
Seat 6: Dorex2007 folded before Flop (didn't bet)
Seat 7: smallsha folded before Flop
Seat 8: diddko1 folded before Flop
Seat 9: coolDadJimbo (button) collected ($0.65)



PokerStars Hand #234211843776:  Hold'em No Limit ($0.01/$0.02 USD) - 2022/02/19 11:33:56 PT [2022/02/19 14:33:56 ET]
Table 'Hermod IV' 9-max Seat #1 is the button
Seat 1: llhrul ($3.49 in chips) 
Seat 2: blackdog37 ($1.58 in chips) 
Seat 3: Tiewire ($2 in chips) 
Seat 4: matheuscycle ($0.60 in chips) 
Seat 6: Dorex2007 ($2.92 in chips) 
Seat 7: smallsha ($1.58 in chips) 
Seat 8: diddko1 ($2.10 in chips) 
Seat 9: coolDadJimbo ($2.66 in chips) 
blackdog37: posts small blind $0.01
Tiewire: posts big blind $0.02
MizzMeduza: sits out 
*** HOLE CARDS ***
Dealt to Dorex2007 [2h 4c]
matheuscycle: folds 
Dorex2007: folds 
smallsha: calls $0.02
diddko1: folds 
coolDadJimbo: folds 
llhrul: raises $0.02 to $0.04
blackdog37: calls $0.03
Tiewire: calls $0.02
smallsha: calls $0.02
*** FLOP *** [5h 3s 9s]
blackdog37: checks 
Tiewire: checks 
smallsha: checks 
llhrul: bets $0.04
blackdog37: calls $0.04
Tiewire: folds 
smallsha: folds 
*** TURN *** [5h 3s 9s] [Ah]
blackdog37: checks 
llhrul: bets $0.04
blackdog37: raises $0.06 to $0.10
llhrul: folds 
Uncalled bet ($0.06) returned to blackdog37
blackdog37 collected $0.31 from pot
blackdog37: doesn't show hand 
*** SUMMARY ***
Total pot $0.32 | Rake $0.01 
Board [5h 3s 9s Ah]
Seat 1: llhrul (button) folded on the Turn
Seat 2: blackdog37 (small blind) collected ($0.31)
Seat 3: Tiewire (big blind) folded on the Flop
Seat 4: matheuscycle folded before Flop (didn't bet)
Seat 6: Dorex2007 folded before Flop (didn't bet)
Seat 7: smallsha folded on the Flop
Seat 8: diddko1 folded before Flop (didn't bet)
Seat 9: coolDadJimbo folded before Flop (didn't bet)



PokerStars Hand #234211882257:  Hold'em No Limit ($0.01/$0.02 USD) - 2022/02/19 11:35:04 PT [2022/02/19 14:35:04 ET]
Table 'Hermod IV' 9-max Seat #2 is the button
Seat 1: llhrul ($3.37 in chips) 
Seat 2: blackdog37 ($1.77 in chips) 
Seat 3: Tiewire ($2 in chips) 
Seat 4: matheuscycle ($0.60 in chips) 
Seat 6: Dorex2007 ($2.92 in chips) 
Seat 7: smallsha ($1.54 in chips) 
Seat 8: diddko1 ($2.10 in chips) 
Seat 9: coolDadJimbo ($2.66 in chips) 
Tiewire: posts small blind $0.01
matheuscycle: posts big blind $0.02
MizzMeduza: sits out 
*** HOLE CARDS ***
Dealt to Dorex2007 [Qc 5h]
Dorex2007 has timed out
Dorex2007: folds 
smallsha: raises $0.04 to $0.06
diddko1: folds 
coolDadJimbo: calls $0.06
llhrul: folds 
blackdog37: folds 
Tiewire: folds 
matheuscycle: folds 
*** FLOP *** [Ah Qh 7s]
smallsha: bets $0.10
coolDadJimbo: folds 
Uncalled bet ($0.10) returned to smallsha
smallsha collected $0.14 from pot
smallsha: doesn't show hand 
*** SUMMARY ***
Total pot $0.15 | Rake $0.01 
Board [Ah Qh 7s]
Seat 1: llhrul folded before Flop (didn't bet)
Seat 2: blackdog37 (button) folded before Flop (didn't bet)
Seat 3: Tiewire (small blind) folded before Flop
Seat 4: matheuscycle (big blind) folded before Flop
Seat 6: Dorex2007 folded before Flop (didn't bet)
Seat 7: smallsha collected ($0.14)
Seat 8: diddko1 folded before Flop (didn't bet)
Seat 9: coolDadJimbo folded on the Flop



PokerStars Hand #234211914161:  Hold'em No Limit ($0.01/$0.02 USD) - 2022/02/19 11:36:00 PT [2022/02/19 14:36:00 ET]
Table 'Hermod IV' 9-max Seat #3 is the button
Seat 1: llhrul ($3.37 in chips) 
Seat 2: blackdog37 ($1.77 in chips) 
Seat 3: Tiewire ($2 in chips) 
Seat 4: matheuscycle ($0.58 in chips) 
Seat 5: MizzMeduza ($2.46 in chips) 
Seat 6: Dorex2007 ($2.92 in chips) 
Seat 7: smallsha ($1.62 in chips) 
Seat 8: diddko1 ($2.10 in chips) 
Seat 9: coolDadJimbo ($2.60 in chips) 
matheuscycle: posts small blind $0.01
MizzMeduza: posts big blind $0.02
*** HOLE CARDS ***
Dealt to Dorex2007 [2h 9s]
Dorex2007: folds 
smallsha: folds 
diddko1: folds 
coolDadJimbo: raises $0.06 to $0.08
llhrul: folds 
blackdog37: folds 
Tiewire: folds 
matheuscycle: folds 
MizzMeduza: calls $0.06
*** FLOP *** [Tc As Kc]
MizzMeduza: checks 
coolDadJimbo: bets $0.13
MizzMeduza: calls $0.13
*** TURN *** [Tc As Kc] [6h]
MizzMeduza: checks 
coolDadJimbo: bets $0.33
MizzMeduza: calls $0.33
*** RIVER *** [Tc As Kc 6h] [Qd]
MizzMeduza: checks 
coolDadJimbo: checks 
*** SHOW DOWN ***
MizzMeduza: shows [Ah 7s] (a pair of Aces)
coolDadJimbo: shows [Ks Kh] (three of a kind, Kings)
coolDadJimbo collected $1.05 from pot
*** SUMMARY ***
Total pot $1.09 | Rake $0.04 
Board [Tc As Kc 6h Qd]
Seat 1: llhrul folded before Flop (didn't bet)
Seat 2: blackdog37 folded before Flop (didn't bet)
Seat 3: Tiewire (button) folded before Flop (didn't bet)
Seat 4: matheuscycle (small blind) folded before Flop
Seat 5: MizzMeduza (big blind) showed [Ah 7s] and lost with a pair of Aces
Seat 6: Dorex2007 folded before Flop (didn't bet)
Seat 7: smallsha folded before Flop (didn't bet)
Seat 8: diddko1 folded before Flop (didn't bet)
Seat 9: coolDadJimbo showed [Ks Kh] and won ($1.05) with three of a kind, Kings



PokerStars Hand #234211943921:  Hold'em No Limit ($0.01/$0.02 USD) - 2022/02/19 11:36:52 PT [2022/02/19 14:36:52 ET]
Table 'Hermod IV' 9-max Seat #4 is the button
Seat 1: llhrul ($3.37 in chips) 
Seat 2: blackdog37 ($1.77 in chips) 
Seat 3: Tiewire ($2 in chips) 
Seat 4: matheuscycle ($0.57 in chips) 
Seat 5: MizzMeduza ($1.92 in chips) 
Seat 6: Dorex2007 ($2.92 in chips) 
Seat 7: smallsha ($1.62 in chips) 
Seat 8: diddko1 ($2.10 in chips) 
Seat 9: coolDadJimbo ($3.11 in chips) 
MizzMeduza: posts small blind $0.01
Dorex2007: posts big blind $0.02
*** HOLE CARDS ***
Dealt to Dorex2007 [Ad 4s]
smallsha: folds 
diddko1: folds 
coolDadJimbo: raises $0.06 to $0.08
llhrul: folds 
blackdog37: folds 
Tiewire: folds 
matheuscycle: raises $0.06 to $0.14
MizzMeduza: folds 
Dorex2007: folds 
coolDadJimbo: calls $0.06
*** FLOP *** [4d 7s 3h]
coolDadJimbo: checks 
matheuscycle: bets $0.15
coolDadJimbo: folds 
Uncalled bet ($0.15) returned to matheuscycle
matheuscycle collected $0.30 from pot
matheuscycle: doesn't show hand 
*** SUMMARY ***
Total pot $0.31 | Rake $0.01 
Board [4d 7s 3h]
Seat 1: llhrul folded before Flop (didn't bet)
Seat 2: blackdog37 folded before Flop (didn't bet)
Seat 3: Tiewire folded before Flop (didn't bet)
Seat 4: matheuscycle (button) collected ($0.30)
Seat 5: MizzMeduza (small blind) folded before Flop
Seat 6: Dorex2007 (big blind) folded before Flop
Seat 7: smallsha folded before Flop (didn't bet)
Seat 8: diddko1 folded before Flop (didn't bet)
Seat 9: coolDadJimbo folded on the Flop



PokerStars Hand #234211965883:  Hold'em No Limit ($0.01/$0.02 USD) - 2022/02/19 11:37:26 PT [2022/02/19 14:37:26 ET]
Table 'Hermod IV' 9-max Seat #5 is the button
Seat 1: llhrul ($3.37 in chips) 
Seat 2: blackdog37 ($1.77 in chips) 
Seat 3: Tiewire ($2 in chips) 
Seat 4: matheuscycle ($0.73 in chips) 
Seat 5: MizzMeduza ($1.91 in chips) 
Seat 6: Dorex2007 ($2.90 in chips) 
Seat 7: smallsha ($1.62 in chips) 
Seat 8: diddko1 ($2.10 in chips) 
Seat 9: coolDadJimbo ($2.97 in chips) 
Dorex2007: posts small blind $0.01
smallsha: posts big blind $0.02
*** HOLE CARDS ***
Dealt to Dorex2007 [8d 5s]
diddko1: folds 
coolDadJimbo: folds 
llhrul: folds 
blackdog37: folds 
Tiewire: folds 
matheuscycle: raises $0.02 to $0.04
MizzMeduza: calls $0.04
Dorex2007: folds 
smallsha: folds 
*** FLOP *** [Js Ah 5d]
matheuscycle: bets $0.11
MizzMeduza: folds 
Uncalled bet ($0.11) returned to matheuscycle
matheuscycle collected $0.11 from pot
matheuscycle: doesn't show hand 
*** SUMMARY ***
Total pot $0.11 | Rake $0 
Board [Js Ah 5d]
Seat 1: llhrul folded before Flop (didn't bet)
Seat 2: blackdog37 folded before Flop (didn't bet)
Seat 3: Tiewire folded before Flop (didn't bet)
Seat 4: matheuscycle collected ($0.11)
Seat 5: MizzMeduza (button) folded on the Flop
Seat 6: Dorex2007 (small blind) folded before Flop
Seat 7: smallsha (big blind) folded before Flop
Seat 8: diddko1 folded before Flop (didn't bet)
Seat 9: coolDadJimbo folded before Flop (didn't bet)



PokerStars Hand #234211998402:  Hold'em No Limit ($0.01/$0.02 USD) - 2022/02/19 11:38:10 PT [2022/02/19 14:38:10 ET]
Table 'Hermod IV' 9-max Seat #6 is the button
Seat 1: llhrul ($3.37 in chips) 
Seat 2: blackdog37 ($1.77 in chips) 
Seat 3: Tiewire ($2 in chips) 
Seat 4: matheuscycle ($0.80 in chips) 
Seat 5: MizzMeduza ($1.87 in chips) 
Seat 6: Dorex2007 ($2.89 in chips) 
Seat 7: smallsha ($1.60 in chips) 
Seat 8: diddko1 ($2.10 in chips) 
Seat 9: coolDadJimbo ($2.97 in chips) 
smallsha: posts small blind $0.01
diddko1: posts big blind $0.02
*** HOLE CARDS ***
Dealt to Dorex2007 [8c 3d]
coolDadJimbo: folds 
llhrul: folds 
blackdog37: folds 
Tiewire: folds 
matheuscycle: raises $0.02 to $0.04
MizzMeduza: folds 
Dorex2007: folds 
smallsha: raises $0.08 to $0.12
diddko1: folds 
matheuscycle: folds 
Uncalled bet ($0.08) returned to smallsha
smallsha collected $0.10 from pot
smallsha: doesn't show hand 
*** SUMMARY ***
Total pot $0.10 | Rake $0 
Seat 1: llhrul folded before Flop (didn't bet)
Seat 2: blackdog37 folded before Flop (didn't bet)
Seat 3: Tiewire folded before Flop (didn't bet)
Seat 4: matheuscycle folded before Flop
Seat 5: MizzMeduza folded before Flop (didn't bet)
Seat 6: Dorex2007 (button) folded before Flop (didn't bet)
Seat 7: smallsha (small blind) collected ($0.10)
Seat 8: diddko1 (big blind) folded before Flop
Seat 9: coolDadJimbo folded before Flop (didn't bet)



PokerStars Hand #234212014979:  Hold'em No Limit ($0.01/$0.02 USD) - 2022/02/19 11:38:39 PT [2022/02/19 14:38:39 ET]
Table 'Hermod IV' 9-max Seat #7 is the button
Seat 1: llhrul ($3.37 in chips) 
Seat 2: blackdog37 ($1.77 in chips) 
Seat 3: Tiewire ($2 in chips) 
Seat 4: matheuscycle ($0.76 in chips) 
Seat 5: MizzMeduza ($1.87 in chips) 
Seat 6: Dorex2007 ($2.89 in chips) 
Seat 7: smallsha ($1.66 in chips) 
Seat 8: diddko1 ($2.08 in chips) 
diddko1: posts small blind $0.01
coolDadJimbo: is sitting out 
llhrul: posts big blind $0.02
*** HOLE CARDS ***
Dealt to Dorex2007 [7d Tc]
blackdog37: folds 
Tiewire: folds 
matheuscycle: folds 
MizzMeduza: folds 
Dorex2007: folds 
smallsha: folds 
diddko1: folds 
Uncalled bet ($0.01) returned to llhrul
llhrul collected $0.02 from pot
llhrul: doesn't show hand 
*** SUMMARY ***
Total pot $0.02 | Rake $0 
Seat 1: llhrul (big blind) collected ($0.02)
Seat 2: blackdog37 folded before Flop (didn't bet)
Seat 3: Tiewire folded before Flop (didn't bet)
Seat 4: matheuscycle folded before Flop (didn't bet)
Seat 5: MizzMeduza folded before Flop (didn't bet)
Seat 6: Dorex2007 folded before Flop (didn't bet)
Seat 7: smallsha (button) folded before Flop (didn't bet)
Seat 8: diddko1 (small blind) folded before Flop



