PokerStars Hand #234776267727:  Hold'em No Limit ($0.01/$0.02 USD) - 2022/03/13 15:31:37 PT [2022/03/13 18:31:37 ET]
Table 'Tolosa' 9-max Seat #4 is the button
Seat 1: tutjak ($2 in chips) 
Seat 2: LuisZeifer ($1.56 in chips) 
Seat 3: Dorex2007 ($2 in chips) 
Seat 4: JMPORTES ($1.98 in chips) 
Seat 5: airdestiny ($2.02 in chips) 
Seat 6: Catonajack ($1.01 in chips) 
Seat 7: pissant50844 ($2.29 in chips) 
Seat 8: famedi ($3.06 in chips) 
airdestiny: posts small blind $0.01
Catonajack: posts big blind $0.02
T.Escobar420: sits out 
Dorex2007: posts big blind $0.02
*** HOLE CARDS ***
Dealt to Dorex2007 [Qh 6d]
pissant50844: folds 
famedi: folds 
tutjak: folds 
LuisZeifer: folds 
Dorex2007: checks 
JMPORTES: calls $0.02
airdestiny has timed out
airdestiny: folds 
Catonajack: checks 
*** FLOP *** [Jh 5d 8s]
Catonajack: checks 
Dorex2007: checks 
JMPORTES: bets $0.02
Catonajack: raises $0.11 to $0.13
tutjak leaves the table
Dorex2007: folds 
JMPORTES: calls $0.11
*** TURN *** [Jh 5d 8s] [4d]
Bradley80199 joins the table at seat #1 
Catonajack: bets $0.34
JMPORTES: raises $0.34 to $0.68
Catonajack: raises $0.18 to $0.86 and is all-in
JMPORTES: calls $0.18
*** RIVER *** [Jh 5d 8s 4d] [Th]
*** SHOW DOWN ***
Catonajack: shows [Js 8d] (two pair, Jacks and Eights)
JMPORTES: shows [8h 6h] (a pair of Eights)
Catonajack collected $1.98 from pot
*** SUMMARY ***
Total pot $2.05 | Rake $0.07 
Board [Jh 5d 8s 4d Th]
Seat 1: tutjak folded before Flop (didn't bet)
Seat 2: LuisZeifer folded before Flop (didn't bet)
Seat 3: Dorex2007 folded on the Flop (didn't bet)
Seat 4: JMPORTES (button) showed [8h 6h] and lost with a pair of Eights
Seat 5: airdestiny (small blind) folded before Flop
Seat 6: Catonajack (big blind) showed [Js 8d] and won ($1.98) with two pair, Jacks and Eights
Seat 7: pissant50844 folded before Flop (didn't bet)
Seat 8: famedi folded before Flop (didn't bet)



PokerStars Hand #234776320145:  Hold'em No Limit ($0.01/$0.02 USD) - 2022/03/13 15:33:28 PT [2022/03/13 18:33:28 ET]
Table 'Tolosa' 9-max Seat #6 is the button
Seat 1: Bradley80199 ($2 in chips) 
Seat 2: LuisZeifer ($1.56 in chips) 
Seat 3: Dorex2007 ($2 in chips) 
Seat 4: JMPORTES ($0.97 in chips) 
Seat 6: Catonajack ($1.98 in chips) 
Seat 7: pissant50844 ($2.29 in chips) 
Seat 8: famedi ($3.06 in chips) 
Seat 9: T.Escobar420 ($1 in chips) 
pissant50844: posts small blind $0.01
famedi: posts big blind $0.02
T.Escobar420: posts big blind $0.02
Bradley80199: posts big blind $0.02
*** HOLE CARDS ***
Dealt to Dorex2007 [8s Jd]
T.Escobar420: raises $0.02 to $0.04
Bradley80199: folds 
LuisZeifer: folds 
Dorex2007: folds 
JMPORTES: calls $0.04
Catonajack: folds 
pissant50844: folds 
famedi: folds 
*** FLOP *** [Ts 3s 7h]
T.Escobar420: bets $0.02
JMPORTES: calls $0.02
*** TURN *** [Ts 3s 7h] [Ad]
T.Escobar420: checks 
JMPORTES: checks 
*** RIVER *** [Ts 3s 7h Ad] [4h]
T.Escobar420: checks 
JMPORTES: checks 
*** SHOW DOWN ***
T.Escobar420: shows [Ks 5s] (high card Ace)
JMPORTES: mucks hand 
T.Escobar420 collected $0.16 from pot
*** SUMMARY ***
Total pot $0.17 | Rake $0.01 
Board [Ts 3s 7h Ad 4h]
Seat 1: Bradley80199 folded before Flop (didn't bet)
Seat 2: LuisZeifer folded before Flop (didn't bet)
Seat 3: Dorex2007 folded before Flop (didn't bet)
Seat 4: JMPORTES mucked [9d 8c]
Seat 6: Catonajack (button) folded before Flop (didn't bet)
Seat 7: pissant50844 (small blind) folded before Flop
Seat 8: famedi (big blind) folded before Flop
Seat 9: T.Escobar420 showed [Ks 5s] and won ($0.16) with high card Ace



PokerStars Hand #234776350552:  Hold'em No Limit ($0.01/$0.02 USD) - 2022/03/13 15:34:38 PT [2022/03/13 18:34:38 ET]
Table 'Tolosa' 9-max Seat #7 is the button
Seat 1: Bradley80199 ($1.98 in chips) 
Seat 2: LuisZeifer ($1.56 in chips) 
Seat 3: Dorex2007 ($2 in chips) 
Seat 4: JMPORTES ($0.91 in chips) 
Seat 5: airdestiny ($2.01 in chips) 
Seat 6: Catonajack ($1.98 in chips) 
Seat 7: pissant50844 ($2.28 in chips) 
Seat 8: famedi ($3.04 in chips) 
Seat 9: T.Escobar420 ($1.10 in chips) 
famedi: posts small blind $0.01
T.Escobar420: posts big blind $0.02
*** HOLE CARDS ***
Dealt to Dorex2007 [Qc Kc]
Bradley80199: raises $0.02 to $0.04
LuisZeifer: folds 
Dorex2007: calls $0.04
JMPORTES: calls $0.04
airdestiny: folds 
Catonajack: folds 
pissant50844: folds 
famedi: folds 
T.Escobar420: calls $0.02
*** FLOP *** [4h Qs Ad]
T.Escobar420: checks 
Bradley80199: bets $0.06
Dorex2007: calls $0.06
JMPORTES: raises $0.46 to $0.52
T.Escobar420: folds 
Bradley80199: calls $0.46
Dorex2007: folds 
*** TURN *** [4h Qs Ad] [2d]
Bradley80199: bets $0.36
JMPORTES: calls $0.35 and is all-in
Uncalled bet ($0.01) returned to Bradley80199
*** RIVER *** [4h Qs Ad 2d] [4s]
*** SHOW DOWN ***
Bradley80199: shows [As Js] (two pair, Aces and Fours)
JMPORTES: shows [3s 4d] (three of a kind, Fours)
JMPORTES collected $1.90 from pot
*** SUMMARY ***
Total pot $1.97 | Rake $0.07 
Board [4h Qs Ad 2d 4s]
Seat 1: Bradley80199 showed [As Js] and lost with two pair, Aces and Fours
Seat 2: LuisZeifer folded before Flop (didn't bet)
Seat 3: Dorex2007 folded on the Flop
Seat 4: JMPORTES showed [3s 4d] and won ($1.90) with three of a kind, Fours
Seat 5: airdestiny folded before Flop (didn't bet)
Seat 6: Catonajack folded before Flop (didn't bet)
Seat 7: pissant50844 (button) folded before Flop (didn't bet)
Seat 8: famedi (small blind) folded before Flop
Seat 9: T.Escobar420 (big blind) folded on the Flop



PokerStars Hand #234776378243:  Hold'em No Limit ($0.01/$0.02 USD) - 2022/03/13 15:35:43 PT [2022/03/13 18:35:43 ET]
Table 'Tolosa' 9-max Seat #8 is the button
Seat 1: Bradley80199 ($1.07 in chips) 
Seat 2: LuisZeifer ($1.56 in chips) 
Seat 3: Dorex2007 ($2 in chips) 
Seat 4: JMPORTES ($1.90 in chips) 
Seat 5: airdestiny ($2.01 in chips) 
Seat 6: Catonajack ($1.98 in chips) 
Seat 7: pissant50844 ($2.28 in chips) 
Seat 8: famedi ($3.03 in chips) 
Seat 9: T.Escobar420 ($1.06 in chips) 
T.Escobar420: posts small blind $0.01
Bradley80199: posts big blind $0.02
*** HOLE CARDS ***
Dealt to Dorex2007 [Td 4d]
LuisZeifer: folds 
Dorex2007: folds 
JMPORTES: calls $0.02
airdestiny: folds 
airdestiny leaves the table
Catonajack: raises $0.06 to $0.08
pissant50844: folds 
famedi: folds 
T.Escobar420: folds 
Bradley80199: calls $0.06
JMPORTES: calls $0.06
*** FLOP *** [2h Jc 6d]
Bradley80199: checks 
JMPORTES: checks 
Catonajack: bets $0.20
Bradley80199: calls $0.20
JMPORTES: folds 
*** TURN *** [2h Jc 6d] [2c]
Bradley80199: checks 
Catonajack: bets $0.46
Bradley80199: raises $0.33 to $0.79 and is all-in
Catonajack: calls $0.33
*** RIVER *** [2h Jc 6d 2c] [Ah]
*** SHOW DOWN ***
Bradley80199: shows [7c Tc] (a pair of Deuces)
Catonajack: shows [Ks Kh] (two pair, Kings and Deuces)
Catonajack collected $2.15 from pot
*** SUMMARY ***
Total pot $2.23 | Rake $0.08 
Board [2h Jc 6d 2c Ah]
Seat 1: Bradley80199 (big blind) showed [7c Tc] and lost with a pair of Deuces
Seat 2: LuisZeifer folded before Flop (didn't bet)
Seat 3: Dorex2007 folded before Flop (didn't bet)
Seat 4: JMPORTES folded on the Flop
Seat 5: airdestiny folded before Flop (didn't bet)
Seat 6: Catonajack showed [Ks Kh] and won ($2.15) with two pair, Kings and Deuces
Seat 7: pissant50844 folded before Flop (didn't bet)
Seat 8: famedi (button) folded before Flop (didn't bet)
Seat 9: T.Escobar420 (small blind) folded before Flop



PokerStars Hand #234776411001:  Hold'em No Limit ($0.01/$0.02 USD) - 2022/03/13 15:36:59 PT [2022/03/13 18:36:59 ET]
Table 'Tolosa' 9-max Seat #9 is the button
Seat 2: LuisZeifer ($1.56 in chips) 
Seat 3: Dorex2007 ($2 in chips) 
Seat 4: JMPORTES ($1.82 in chips) 
Seat 6: Catonajack ($3.06 in chips) 
Seat 7: pissant50844 ($2.28 in chips) 
Seat 8: famedi ($3.03 in chips) 
Seat 9: T.Escobar420 ($1.05 in chips) 
LuisZeifer: posts small blind $0.01
Dorex2007: posts big blind $0.02
*** HOLE CARDS ***
Dealt to Dorex2007 [Tc 4s]
Bradley80199 leaves the table
JMPORTES: calls $0.02
Catonajack: raises $0.02 to $0.04
pissant50844: folds 
famedi: folds 
T.Escobar420: folds 
LuisZeifer: folds 
Dorex2007: folds 
JMPORTES: raises $0.02 to $0.06
Catonajack: calls $0.02
*** FLOP *** [9h 8c 3s]
JMPORTES: bets $0.22
Catonajack: calls $0.22
*** TURN *** [9h 8c 3s] [Kd]
JMPORTES: bets $0.54
Catonajack: raises $2.24 to $2.78 and is all-in
JMPORTES: calls $1 and is all-in
Uncalled bet ($1.24) returned to Catonajack
*** RIVER *** [9h 8c 3s Kd] [4h]
*** SHOW DOWN ***
JMPORTES: shows [9s 9c] (three of a kind, Nines)
Catonajack: shows [8h 9d] (two pair, Nines and Eights)
JMPORTES collected $3.54 from pot
*** SUMMARY ***
Total pot $3.67 | Rake $0.13 
Board [9h 8c 3s Kd 4h]
Seat 2: LuisZeifer (small blind) folded before Flop
Seat 3: Dorex2007 (big blind) folded before Flop
Seat 4: JMPORTES showed [9s 9c] and won ($3.54) with three of a kind, Nines
Seat 6: Catonajack showed [8h 9d] and lost with two pair, Nines and Eights
Seat 7: pissant50844 folded before Flop (didn't bet)
Seat 8: famedi folded before Flop (didn't bet)
Seat 9: T.Escobar420 (button) folded before Flop (didn't bet)



PokerStars Hand #234776448266:  Hold'em No Limit ($0.01/$0.02 USD) - 2022/03/13 15:38:12 PT [2022/03/13 18:38:12 ET]
Table 'Tolosa' 9-max Seat #2 is the button
Seat 2: LuisZeifer ($1.55 in chips) 
Seat 3: Dorex2007 ($2 in chips) 
Seat 4: JMPORTES ($3.54 in chips) 
Seat 6: Catonajack ($1.24 in chips) 
Seat 7: pissant50844 ($2.28 in chips) 
Seat 8: famedi ($3.03 in chips) 
Seat 9: T.Escobar420 ($1.05 in chips) 
Dorex2007: posts small blind $0.01
JMPORTES: posts big blind $0.02
*** HOLE CARDS ***
Dealt to Dorex2007 [8d 7d]
Catonajack: folds 
pissant50844: folds 
famedi: folds 
T.Escobar420: calls $0.02
LuisZeifer: folds 
Dorex2007: calls $0.01
JMPORTES: checks 
*** FLOP *** [3c 6c 4h]
Dorex2007: checks 
JMPORTES: bets $0.02
T.Escobar420: folds 
Dorex2007: calls $0.02
*** TURN *** [3c 6c 4h] [Ah]
Dorex2007: checks 
JMPORTES: bets $0.02
Dorex2007: calls $0.02
*** RIVER *** [3c 6c 4h Ah] [7h]
Dorex2007: bets $0.07
JMPORTES: raises $0.07 to $0.14
Dorex2007: calls $0.07
*** SHOW DOWN ***
JMPORTES: shows [6h 5h] (a flush, Ace high)
Dorex2007: mucks hand 
JMPORTES collected $0.41 from pot
*** SUMMARY ***
Total pot $0.42 | Rake $0.01 
Board [3c 6c 4h Ah 7h]
Seat 2: LuisZeifer (button) folded before Flop (didn't bet)
Seat 3: Dorex2007 (small blind) mucked [8d 7d]
Seat 4: JMPORTES (big blind) showed [6h 5h] and won ($0.41) with a flush, Ace high
Seat 6: Catonajack folded before Flop (didn't bet)
Seat 7: pissant50844 folded before Flop (didn't bet)
Seat 8: famedi folded before Flop (didn't bet)
Seat 9: T.Escobar420 folded on the Flop



PokerStars Hand #234776480055:  Hold'em No Limit ($0.01/$0.02 USD) - 2022/03/13 15:39:14 PT [2022/03/13 18:39:14 ET]
Table 'Tolosa' 9-max Seat #3 is the button
Seat 2: LuisZeifer ($1.55 in chips) 
Seat 3: Dorex2007 ($2 in chips) 
Seat 4: JMPORTES ($3.75 in chips) 
Seat 6: Catonajack ($1.24 in chips) 
Seat 7: pissant50844 ($2.28 in chips) 
Seat 8: famedi ($3.03 in chips) 
Seat 9: T.Escobar420 ($1.03 in chips) 
JMPORTES: posts small blind $0.01
Catonajack: posts big blind $0.02
*** HOLE CARDS ***
Dealt to Dorex2007 [6h 7c]
pissant50844: folds 
famedi: raises $0.08 to $0.10
T.Escobar420: folds 
LuisZeifer: folds 
Dorex2007: folds 
JMPORTES: folds 
Catonajack: folds 
Uncalled bet ($0.08) returned to famedi
famedi collected $0.05 from pot
famedi: doesn't show hand 
*** SUMMARY ***
Total pot $0.05 | Rake $0 
Seat 2: LuisZeifer folded before Flop (didn't bet)
Seat 3: Dorex2007 (button) folded before Flop (didn't bet)
Seat 4: JMPORTES (small blind) folded before Flop
Seat 6: Catonajack (big blind) folded before Flop
Seat 7: pissant50844 folded before Flop (didn't bet)
Seat 8: famedi collected ($0.05)
Seat 9: T.Escobar420 folded before Flop (didn't bet)



PokerStars Hand #234776491211:  Hold'em No Limit ($0.01/$0.02 USD) - 2022/03/13 15:39:41 PT [2022/03/13 18:39:41 ET]
Table 'Tolosa' 9-max Seat #4 is the button
Seat 2: LuisZeifer ($1.55 in chips) 
Seat 3: Dorex2007 ($2 in chips) 
Seat 4: JMPORTES ($3.74 in chips) 
Seat 6: Catonajack ($1.22 in chips) 
Seat 7: pissant50844 ($2.28 in chips) 
Seat 8: famedi ($3.06 in chips) 
Seat 9: T.Escobar420 ($1.03 in chips) 
Catonajack: posts small blind $0.01
pissant50844: posts big blind $0.02
*** HOLE CARDS ***
Dealt to Dorex2007 [3h Qs]
famedi: folds 
T.Escobar420: calls $0.02
LuisZeifer: folds 
Dorex2007: folds 
JMPORTES: calls $0.02
Catonajack: calls $0.01
pissant50844: checks 
*** FLOP *** [Jc 9h 9s]
Catonajack: checks 
pissant50844: checks 
T.Escobar420: checks 
JMPORTES: checks 
*** TURN *** [Jc 9h 9s] [4h]
Catonajack: bets $0.04
pissant50844: folds 
T.Escobar420: folds 
JMPORTES: folds 
Uncalled bet ($0.04) returned to Catonajack
Catonajack collected $0.08 from pot
Catonajack: doesn't show hand 
*** SUMMARY ***
Total pot $0.08 | Rake $0 
Board [Jc 9h 9s 4h]
Seat 2: LuisZeifer folded before Flop (didn't bet)
Seat 3: Dorex2007 folded before Flop (didn't bet)
Seat 4: JMPORTES (button) folded on the Turn
Seat 6: Catonajack (small blind) collected ($0.08)
Seat 7: pissant50844 (big blind) folded on the Turn
Seat 8: famedi folded before Flop (didn't bet)
Seat 9: T.Escobar420 folded on the Turn



PokerStars Hand #234776508219:  Hold'em No Limit ($0.01/$0.02 USD) - 2022/03/13 15:40:21 PT [2022/03/13 18:40:21 ET]
Table 'Tolosa' 9-max Seat #6 is the button
Seat 2: LuisZeifer ($1.55 in chips) 
Seat 3: Dorex2007 ($2 in chips) 
Seat 4: JMPORTES ($3.72 in chips) 
Seat 6: Catonajack ($1.28 in chips) 
Seat 8: famedi ($3.06 in chips) 
Seat 9: T.Escobar420 ($1.01 in chips) 
famedi: posts small blind $0.01
T.Escobar420: posts big blind $0.02
*** HOLE CARDS ***
Dealt to Dorex2007 [Ah Qs]
LuisZeifer: folds 
Dorex2007: raises $0.02 to $0.04
JMPORTES: calls $0.04
Catonajack: calls $0.04
famedi: folds 
T.Escobar420: calls $0.02
*** FLOP *** [2c 6s 4s]
T.Escobar420: checks 
pissant50844 leaves the table
Dorex2007: checks 
JMPORTES: checks 
Catonajack: bets $0.08
T.Escobar420: folds 
Dorex2007: folds 
JMPORTES: folds 
Uncalled bet ($0.08) returned to Catonajack
Catonajack collected $0.16 from pot
Catonajack: doesn't show hand 
*** SUMMARY ***
Total pot $0.17 | Rake $0.01 
Board [2c 6s 4s]
Seat 2: LuisZeifer folded before Flop (didn't bet)
Seat 3: Dorex2007 folded on the Flop
Seat 4: JMPORTES folded on the Flop
Seat 6: Catonajack (button) collected ($0.16)
Seat 8: famedi (small blind) folded before Flop
Seat 9: T.Escobar420 (big blind) folded on the Flop



PokerStars Hand #234776532829:  Hold'em No Limit ($0.01/$0.02 USD) - 2022/03/13 15:41:00 PT [2022/03/13 18:41:00 ET]
Table 'Tolosa' 9-max Seat #8 is the button
Seat 2: LuisZeifer ($1.55 in chips) 
Seat 3: Dorex2007 ($2 in chips) 
Seat 4: JMPORTES ($3.68 in chips) 
Seat 6: Catonajack ($1.40 in chips) 
Seat 8: famedi ($3.05 in chips) 
Seat 9: T.Escobar420 ($0.97 in chips) 
T.Escobar420: posts small blind $0.01
LuisZeifer: posts big blind $0.02
*** HOLE CARDS ***
Dealt to Dorex2007 [Th 9c]
Dorex2007: folds 
JMPORTES: raises $0.02 to $0.04
Catonajack: raises $0.02 to $0.06
famedi: folds 
T.Escobar420: calls $0.05
LuisZeifer: folds 
JMPORTES: calls $0.02
*** FLOP *** [9h Tc 9s]
T.Escobar420: checks 
JMPORTES: checks 
Catonajack: bets $0.16
T.Escobar420: folds 
JMPORTES: folds 
Uncalled bet ($0.16) returned to Catonajack
Catonajack collected $0.19 from pot
Catonajack: doesn't show hand 
*** SUMMARY ***
Total pot $0.20 | Rake $0.01 
Board [9h Tc 9s]
Seat 2: LuisZeifer (big blind) folded before Flop
Seat 3: Dorex2007 folded before Flop (didn't bet)
Seat 4: JMPORTES folded on the Flop
Seat 6: Catonajack collected ($0.19)
Seat 8: famedi (button) folded before Flop (didn't bet)
Seat 9: T.Escobar420 (small blind) folded on the Flop



