PokerStars Hand #237476949828:  Hold'em No Limit ($0.02/$0.05 USD) - 2022/07/20 11:44:50 PT [2022/07/20 14:44:50 ET]
Table 'Dibaj' 9-max Seat #3 is the button
Seat 1: PCMaran ($4.50 in chips) 
Seat 2: Dorex2007 ($5 in chips) 
Seat 3: Jabs955 ($3.99 in chips) 
Seat 4: tanyaa1956 ($5.10 in chips) 
Seat 6: igorpinaa ($4.94 in chips) 
Seat 7: Stormy1979 ($4.95 in chips) 
Seat 8: Faquill0 ($6.40 in chips) 
Seat 9: martikaa77 ($3.85 in chips) 
tanyaa1956: posts small blind $0.02
igorpinaa: posts big blind $0.05
Dorex2007: posts big blind $0.05
*** HOLE CARDS ***
Dealt to Dorex2007 [4d Js]
Stormy1979: folds 
Faquill0: folds 
martikaa77: folds 
PCMaran: folds 
Dorex2007: checks 
Jabs955: folds 
tanyaa1956: raises $0.15 to $0.20
igorpinaa: folds 
Dorex2007: folds 
Uncalled bet ($0.15) returned to tanyaa1956
tanyaa1956 collected $0.15 from pot
*** SUMMARY ***
Total pot $0.15 | Rake $0 
Seat 1: PCMaran folded before Flop (didn't bet)
Seat 2: Dorex2007 folded before Flop (didn't bet)
Seat 3: Jabs955 (button) folded before Flop (didn't bet)
Seat 4: tanyaa1956 (small blind) collected ($0.15)
Seat 6: igorpinaa (big blind) folded before Flop
Seat 7: Stormy1979 folded before Flop (didn't bet)
Seat 8: Faquill0 folded before Flop (didn't bet)
Seat 9: martikaa77 folded before Flop (didn't bet)



PokerStars Hand #237476959450:  Hold'em No Limit ($0.02/$0.05 USD) - 2022/07/20 11:45:15 PT [2022/07/20 14:45:15 ET]
Table 'Dibaj' 9-max Seat #4 is the button
Seat 1: PCMaran ($4.50 in chips) 
Seat 2: Dorex2007 ($5 in chips) 
Seat 3: Jabs955 ($3.99 in chips) 
Seat 4: tanyaa1956 ($5.20 in chips) 
Seat 6: igorpinaa ($4.89 in chips) 
Seat 7: Stormy1979 ($4.95 in chips) 
Seat 8: Faquill0 ($6.40 in chips) 
Seat 9: martikaa77 ($3.85 in chips) 
igorpinaa: posts small blind $0.02
Stormy1979: posts big blind $0.05
*** HOLE CARDS ***
Dealt to Dorex2007 [Ah Th]
Faquill0: raises $0.07 to $0.12
martikaa77: folds 
PCMaran: folds 
Dorex2007: calls $0.12
Jabs955: folds 
tanyaa1956: folds 
igorpinaa: folds 
Stormy1979: folds 
*** FLOP *** [8c 2d 6h]
Faquill0: bets $0.10
Dorex2007: folds 
Uncalled bet ($0.10) returned to Faquill0
Faquill0 collected $0.30 from pot
*** SUMMARY ***
Total pot $0.31 | Rake $0.01 
Board [8c 2d 6h]
Seat 1: PCMaran folded before Flop (didn't bet)
Seat 2: Dorex2007 folded on the Flop
Seat 3: Jabs955 folded before Flop (didn't bet)
Seat 4: tanyaa1956 (button) folded before Flop (didn't bet)
Seat 6: igorpinaa (small blind) folded before Flop
Seat 7: Stormy1979 (big blind) folded before Flop
Seat 8: Faquill0 collected ($0.30)
Seat 9: martikaa77 folded before Flop (didn't bet)



PokerStars Hand #237476969806:  Hold'em No Limit ($0.02/$0.05 USD) - 2022/07/20 11:45:43 PT [2022/07/20 14:45:43 ET]
Table 'Dibaj' 9-max Seat #6 is the button
Seat 1: PCMaran ($4.50 in chips) 
Seat 2: Dorex2007 ($5 in chips) 
Seat 3: Jabs955 ($3.99 in chips) 
Seat 4: tanyaa1956 ($5.20 in chips) 
Seat 6: igorpinaa ($4.87 in chips) 
Seat 7: Stormy1979 ($4.90 in chips) 
Seat 8: Faquill0 ($6.58 in chips) 
Seat 9: martikaa77 ($3.85 in chips) 
Stormy1979: posts small blind $0.02
Faquill0: posts big blind $0.05
*** HOLE CARDS ***
Dealt to Dorex2007 [2h Kh]
martikaa77: folds 
PCMaran: folds 
Dorex2007: folds 
Jabs955: folds 
tanyaa1956: folds 
igorpinaa has timed out
igorpinaa: folds 
Stormy1979: folds 
Uncalled bet ($0.03) returned to Faquill0
Faquill0 collected $0.04 from pot
*** SUMMARY ***
Total pot $0.04 | Rake $0 
Seat 1: PCMaran folded before Flop (didn't bet)
Seat 2: Dorex2007 folded before Flop (didn't bet)
Seat 3: Jabs955 folded before Flop (didn't bet)
Seat 4: tanyaa1956 folded before Flop (didn't bet)
Seat 6: igorpinaa (button) folded before Flop (didn't bet)
Seat 7: Stormy1979 (small blind) folded before Flop
Seat 8: Faquill0 (big blind) collected ($0.04)
Seat 9: martikaa77 folded before Flop (didn't bet)



PokerStars Hand #237476977824:  Hold'em No Limit ($0.02/$0.05 USD) - 2022/07/20 11:46:05 PT [2022/07/20 14:46:05 ET]
Table 'Dibaj' 9-max Seat #7 is the button
Seat 1: PCMaran ($4.50 in chips) 
Seat 2: Dorex2007 ($5 in chips) 
Seat 3: Jabs955 ($3.99 in chips) 
Seat 4: tanyaa1956 ($5.20 in chips) 
Seat 7: Stormy1979 ($4.88 in chips) 
Seat 8: Faquill0 ($6.60 in chips) 
Seat 9: martikaa77 ($3.85 in chips) 
Faquill0: posts small blind $0.02
martikaa77: posts big blind $0.05
*** HOLE CARDS ***
Dealt to Dorex2007 [Qc 7h]
igorpinaa is disconnected 
PCMaran has timed out
PCMaran: folds 
Dorex2007: folds 
Jabs955: folds 
tanyaa1956: folds 
Stormy1979: folds 
Faquill0: folds 
Uncalled bet ($0.03) returned to martikaa77
martikaa77 collected $0.04 from pot
*** SUMMARY ***
Total pot $0.04 | Rake $0 
Seat 1: PCMaran folded before Flop (didn't bet)
Seat 2: Dorex2007 folded before Flop (didn't bet)
Seat 3: Jabs955 folded before Flop (didn't bet)
Seat 4: tanyaa1956 folded before Flop (didn't bet)
Seat 7: Stormy1979 (button) folded before Flop (didn't bet)
Seat 8: Faquill0 (small blind) folded before Flop
Seat 9: martikaa77 (big blind) collected ($0.04)



PokerStars Hand #237476984179:  Hold'em No Limit ($0.02/$0.05 USD) - 2022/07/20 11:46:21 PT [2022/07/20 14:46:21 ET]
Table 'Dibaj' 9-max Seat #8 is the button
Seat 1: PCMaran ($4.50 in chips) 
Seat 2: Dorex2007 ($5 in chips) 
Seat 3: Jabs955 ($3.99 in chips) 
Seat 4: tanyaa1956 ($5.20 in chips) 
Seat 7: Stormy1979 ($4.88 in chips) 
Seat 8: Faquill0 ($6.58 in chips) 
Seat 9: martikaa77 ($3.87 in chips) 
martikaa77: posts small blind $0.02
PCMaran: posts big blind $0.05
*** HOLE CARDS ***
Dealt to Dorex2007 [9c Kd]
Dorex2007: folds 
Jabs955: calls $0.05
tanyaa1956: folds 
Stormy1979: calls $0.05
Faquill0: raises $0.15 to $0.20
martikaa77: folds 
PCMaran: folds 
Jabs955: calls $0.15
Stormy1979: folds 
*** FLOP *** [4d 7d 5h]
Jabs955: bets $0.20
Faquill0: calls $0.20
*** TURN *** [4d 7d 5h] [6c]
Jabs955: checks 
Faquill0: checks 
*** RIVER *** [4d 7d 5h 6c] [3h]
Jabs955: bets $0.44
Faquill0: calls $0.44
*** SHOW DOWN ***
Jabs955: shows [Jc Tc] (a straight, Three to Seven)
Faquill0: shows [Kc Js] (a straight, Three to Seven)
Jabs955 collected $0.87 from pot
Faquill0 collected $0.86 from pot
*** SUMMARY ***
Total pot $1.80 | Rake $0.07 
Board [4d 7d 5h 6c 3h]
Seat 1: PCMaran (big blind) folded before Flop
Seat 2: Dorex2007 folded before Flop (didn't bet)
Seat 3: Jabs955 showed [Jc Tc] and won ($0.87) with a straight, Three to Seven
Seat 4: tanyaa1956 folded before Flop (didn't bet)
Seat 7: Stormy1979 folded before Flop
Seat 8: Faquill0 (button) showed [Kc Js] and won ($0.86) with a straight, Three to Seven
Seat 9: martikaa77 (small blind) folded before Flop



PokerStars Hand #237477017239:  Hold'em No Limit ($0.02/$0.05 USD) - 2022/07/20 11:47:28 PT [2022/07/20 14:47:28 ET]
Table 'Dibaj' 9-max Seat #9 is the button
Seat 1: PCMaran ($4.45 in chips) 
Seat 2: Dorex2007 ($5 in chips) 
Seat 3: Jabs955 ($4.02 in chips) 
Seat 4: tanyaa1956 ($5.20 in chips) 
Seat 7: Stormy1979 ($4.83 in chips) 
Seat 8: Faquill0 ($6.60 in chips) 
Seat 9: martikaa77 ($3.85 in chips) 
PCMaran: posts small blind $0.02
Dorex2007: posts big blind $0.05
*** HOLE CARDS ***
Dealt to Dorex2007 [Ah 3s]
Jabs955: folds 
tanyaa1956: folds 
Stormy1979: calls $0.05
Faquill0: folds 
martikaa77: raises $0.17 to $0.22
PCMaran: folds 
Dorex2007: folds 
Stormy1979: folds 
Uncalled bet ($0.17) returned to martikaa77
martikaa77 collected $0.17 from pot
*** SUMMARY ***
Total pot $0.17 | Rake $0 
Seat 1: PCMaran (small blind) folded before Flop
Seat 2: Dorex2007 (big blind) folded before Flop
Seat 3: Jabs955 folded before Flop (didn't bet)
Seat 4: tanyaa1956 folded before Flop (didn't bet)
Seat 7: Stormy1979 folded before Flop
Seat 8: Faquill0 folded before Flop (didn't bet)
Seat 9: martikaa77 (button) collected ($0.17)



PokerStars Hand #237477029686:  Hold'em No Limit ($0.02/$0.05 USD) - 2022/07/20 11:48:01 PT [2022/07/20 14:48:01 ET]
Table 'Dibaj' 9-max Seat #1 is the button
Seat 1: PCMaran ($4.43 in chips) 
Seat 2: Dorex2007 ($5 in chips) 
Seat 3: Jabs955 ($4.02 in chips) 
Seat 4: tanyaa1956 ($5.20 in chips) 
Seat 7: Stormy1979 ($4.78 in chips) 
Seat 8: Faquill0 ($6.60 in chips) 
Seat 9: martikaa77 ($3.97 in chips) 
Dorex2007: posts small blind $0.02
Jabs955: posts big blind $0.05
*** HOLE CARDS ***
Dealt to Dorex2007 [6h Th]
tanyaa1956: folds 
Stormy1979: raises $0.10 to $0.15
Faquill0: calls $0.15
martikaa77: folds 
PCMaran: calls $0.15
Dorex2007: folds 
Jabs955: folds 
*** FLOP *** [Jc 3s Tc]
Stormy1979: bets $0.25
Faquill0: calls $0.25
PCMaran: calls $0.25
*** TURN *** [Jc 3s Tc] [9d]
Stormy1979: bets $0.61
Faquill0: calls $0.61
PCMaran: calls $0.61
*** RIVER *** [Jc 3s Tc 9d] [2d]
Stormy1979: bets $1.48
Faquill0: raises $4.11 to $5.59 and is all-in
PCMaran: folds 
Stormy1979: calls $2.29 and is all-in
Uncalled bet ($1.82) returned to Faquill0
*** SHOW DOWN ***
Faquill0: shows [Qc Kh] (a straight, Nine to King)
Stormy1979: shows [Ac Ah] (a pair of Aces)
Faquill0 collected $10.20 from pot
*** SUMMARY ***
Total pot $10.64 | Rake $0.44 
Board [Jc 3s Tc 9d 2d]
Seat 1: PCMaran (button) folded on the River
Seat 2: Dorex2007 (small blind) folded before Flop
Seat 3: Jabs955 (big blind) folded before Flop
Seat 4: tanyaa1956 folded before Flop (didn't bet)
Seat 7: Stormy1979 showed [Ac Ah] and lost with a pair of Aces
Seat 8: Faquill0 showed [Qc Kh] and won ($10.20) with a straight, Nine to King
Seat 9: martikaa77 folded before Flop (didn't bet)



PokerStars Hand #237477050409:  Hold'em No Limit ($0.02/$0.05 USD) - 2022/07/20 11:48:56 PT [2022/07/20 14:48:56 ET]
Table 'Dibaj' 9-max Seat #2 is the button
Seat 1: PCMaran ($3.42 in chips) 
Seat 2: Dorex2007 ($5 in chips) 
Seat 3: Jabs955 ($3.97 in chips) 
Seat 4: tanyaa1956 ($5.20 in chips) 
Seat 8: Faquill0 ($12.02 in chips) 
Seat 9: martikaa77 ($3.97 in chips) 
Jabs955: posts small blind $0.02
tanyaa1956: posts big blind $0.05
*** HOLE CARDS ***
Dealt to Dorex2007 [9c Qh]
Faquill0: raises $0.07 to $0.12
martikaa77: folds 
PCMaran: folds 
Dorex2007: folds 
Jabs955: folds 
tanyaa1956: folds 
Uncalled bet ($0.07) returned to Faquill0
Faquill0 collected $0.12 from pot
*** SUMMARY ***
Total pot $0.12 | Rake $0 
Seat 1: PCMaran folded before Flop (didn't bet)
Seat 2: Dorex2007 (button) folded before Flop (didn't bet)
Seat 3: Jabs955 (small blind) folded before Flop
Seat 4: tanyaa1956 (big blind) folded before Flop
Seat 8: Faquill0 collected ($0.12)
Seat 9: martikaa77 folded before Flop (didn't bet)



PokerStars Hand #237477060555:  Hold'em No Limit ($0.02/$0.05 USD) - 2022/07/20 11:49:23 PT [2022/07/20 14:49:23 ET]
Table 'Dibaj' 9-max Seat #3 is the button
Seat 1: PCMaran ($5 in chips) 
Seat 2: Dorex2007 ($5 in chips) 
Seat 3: Jabs955 ($3.95 in chips) 
Seat 4: tanyaa1956 ($5.15 in chips) 
Seat 7: Stormy1979 ($5 in chips) 
Seat 8: Faquill0 ($12.09 in chips) 
Seat 9: martikaa77 ($3.97 in chips) 
tanyaa1956: posts small blind $0.02
Stormy1979: posts big blind $0.05
*** HOLE CARDS ***
Dealt to Dorex2007 [Ah As]
Faquill0: folds 
martikaa77: folds 
PCMaran: folds 
Dorex2007: raises $0.10 to $0.15
Jabs955: folds 
tanyaa1956: folds 
Stormy1979: raises $0.20 to $0.35
Dorex2007: raises $0.30 to $0.65
Stormy1979: raises $0.30 to $0.95
Dorex2007: raises $1.92 to $2.87
Stormy1979: raises $2.13 to $5 and is all-in
Dorex2007: calls $2.13 and is all-in
*** FLOP *** [Jc 4s 4c]
*** TURN *** [Jc 4s 4c] [6d]
*** RIVER *** [Jc 4s 4c 6d] [5c]
*** SHOW DOWN ***
Stormy1979: shows [Qd Qc] (two pair, Queens and Fours)
Dorex2007: shows [Ah As] (two pair, Aces and Fours)
Dorex2007 cashed out the hand for $7.68 | Cash Out Fee $0.08
*** SUMMARY ***
Total pot $10.02 | Rake $0.42 
Board [Jc 4s 4c 6d 5c]
Seat 1: PCMaran folded before Flop (didn't bet)
Seat 2: Dorex2007 showed [Ah As] and won ($9.60) with two pair, Aces and Fours (pot not awarded as player cashed out)
Seat 3: Jabs955 (button) folded before Flop (didn't bet)
Seat 4: tanyaa1956 (small blind) folded before Flop
Seat 7: Stormy1979 (big blind) showed [Qd Qc] and lost with two pair, Queens and Fours
Seat 8: Faquill0 folded before Flop (didn't bet)
Seat 9: martikaa77 folded before Flop (didn't bet)



PokerStars Hand #237477085490:  Hold'em No Limit ($0.02/$0.05 USD) - 2022/07/20 11:50:29 PT [2022/07/20 14:50:29 ET]
Table 'Dibaj' 9-max Seat #4 is the button
Seat 1: PCMaran ($5 in chips) 
Seat 2: Dorex2007 ($7.68 in chips) 
Seat 3: Jabs955 ($3.95 in chips) 
Seat 4: tanyaa1956 ($5.13 in chips) 
Seat 8: Faquill0 ($12.09 in chips) 
Seat 9: martikaa77 ($3.97 in chips) 
Faquill0: posts small blind $0.02
martikaa77: posts big blind $0.05
*** HOLE CARDS ***
Dealt to Dorex2007 [4h Ac]
PCMaran: folds 
Dorex2007: folds 
Stormy1979 leaves the table
Jabs955: raises $0.10 to $0.15
tanyaa1956: folds 
Faquill0: folds 
martikaa77: calls $0.10
*** FLOP *** [9c Ts 3s]
martikaa77: checks 
Jabs955: bets $0.15
martikaa77: calls $0.15
*** TURN *** [9c Ts 3s] [Qs]
martikaa77: checks 
Jabs955: checks 
*** RIVER *** [9c Ts 3s Qs] [9h]
martikaa77: bets $0.29
Jabs955: folds 
Uncalled bet ($0.29) returned to martikaa77
martikaa77 collected $0.59 from pot
*** SUMMARY ***
Total pot $0.62 | Rake $0.03 
Board [9c Ts 3s Qs 9h]
Seat 1: PCMaran folded before Flop (didn't bet)
Seat 2: Dorex2007 folded before Flop (didn't bet)
Seat 3: Jabs955 folded on the River
Seat 4: tanyaa1956 (button) folded before Flop (didn't bet)
Seat 8: Faquill0 (small blind) folded before Flop
Seat 9: martikaa77 (big blind) collected ($0.59)



PokerStars Hand #237477099269:  Hold'em No Limit ($0.02/$0.05 USD) - 2022/07/20 11:51:05 PT [2022/07/20 14:51:05 ET]
Table 'Dibaj' 9-max Seat #8 is the button
Seat 1: PCMaran ($5 in chips) 
Seat 2: Dorex2007 ($7.68 in chips) 
Seat 3: Jabs955 ($3.65 in chips) 
Seat 4: tanyaa1956 ($5.13 in chips) 
Seat 8: Faquill0 ($12.07 in chips) 
Seat 9: martikaa77 ($4.26 in chips) 
martikaa77: posts small blind $0.02
PCMaran: posts big blind $0.05
*** HOLE CARDS ***
Dealt to Dorex2007 [6c 3c]
Dorex2007: folds 
Jabs955: folds 
tanyaa1956: folds 
Faquill0: raises $0.07 to $0.12
martikaa77: calls $0.10
PCMaran: folds 
*** FLOP *** [Qh 2c Kc]
martikaa77: checks 
Faquill0: bets $0.20
martikaa77: calls $0.20
*** TURN *** [Qh 2c Kc] [Qd]
martikaa77: checks 
Faquill0: bets $0.55
martikaa77: calls $0.55
*** RIVER *** [Qh 2c Kc Qd] [Ks]
martikaa77: checks 
Faquill0: checks 
*** SHOW DOWN ***
martikaa77: shows [Ts Jc] (two pair, Kings and Queens)
Faquill0: shows [2d 2s] (a full house, Deuces full of Kings)
Faquill0 collected $1.72 from pot
*** SUMMARY ***
Total pot $1.79 | Rake $0.07 
Board [Qh 2c Kc Qd Ks]
Seat 1: PCMaran (big blind) folded before Flop
Seat 2: Dorex2007 folded before Flop (didn't bet)
Seat 3: Jabs955 folded before Flop (didn't bet)
Seat 4: tanyaa1956 folded before Flop (didn't bet)
Seat 8: Faquill0 (button) showed [2d 2s] and won ($1.72) with a full house, Deuces full of Kings
Seat 9: martikaa77 (small blind) showed [Ts Jc] and lost with two pair, Kings and Queens



PokerStars Hand #237477121759:  Hold'em No Limit ($0.02/$0.05 USD) - 2022/07/20 11:52:03 PT [2022/07/20 14:52:03 ET]
Table 'Dibaj' 9-max Seat #9 is the button
Seat 1: PCMaran ($4.95 in chips) 
Seat 2: Dorex2007 ($7.68 in chips) 
Seat 3: Jabs955 ($3.65 in chips) 
Seat 4: tanyaa1956 ($5.13 in chips) 
Seat 8: Faquill0 ($12.92 in chips) 
Seat 9: martikaa77 ($3.39 in chips) 
PCMaran: posts small blind $0.02
Dorex2007: posts big blind $0.05
*** HOLE CARDS ***
Dealt to Dorex2007 [Ts 5d]
Jabs955: folds 
tanyaa1956: folds 
Faquill0: folds 
martikaa77: folds 
PCMaran: folds 
Uncalled bet ($0.03) returned to Dorex2007
Dorex2007 collected $0.04 from pot
*** SUMMARY ***
Total pot $0.04 | Rake $0 
Seat 1: PCMaran (small blind) folded before Flop
Seat 2: Dorex2007 (big blind) collected ($0.04)
Seat 3: Jabs955 folded before Flop (didn't bet)
Seat 4: tanyaa1956 folded before Flop (didn't bet)
Seat 8: Faquill0 folded before Flop (didn't bet)
Seat 9: martikaa77 (button) folded before Flop (didn't bet)



PokerStars Hand #237477125399:  Hold'em No Limit ($0.02/$0.05 USD) - 2022/07/20 11:52:12 PT [2022/07/20 14:52:12 ET]
Table 'Dibaj' 9-max Seat #1 is the button
Seat 1: PCMaran ($4.93 in chips) 
Seat 2: Dorex2007 ($7.70 in chips) 
Seat 3: Jabs955 ($3.65 in chips) 
Seat 4: tanyaa1956 ($5.13 in chips) 
Seat 8: Faquill0 ($12.92 in chips) 
Seat 9: martikaa77 ($3.39 in chips) 
Dorex2007: posts small blind $0.02
Jabs955: posts big blind $0.05
*** HOLE CARDS ***
Dealt to Dorex2007 [3h 7s]
tanyaa1956: folds 
Faquill0: folds 
martikaa77: raises $0.10 to $0.15
PCMaran: calls $0.15
Dorex2007: folds 
Jabs955: folds 
*** FLOP *** [Ah Kc 9s]
martikaa77: bets $0.17
PCMaran: calls $0.17
*** TURN *** [Ah Kc 9s] [9c]
martikaa77: bets $0.34
PCMaran: calls $0.34
*** RIVER *** [Ah Kc 9s 9c] [4d]
martikaa77: bets $1.33
PCMaran: calls $1.33
*** SHOW DOWN ***
martikaa77: shows [Qc 5c] (a pair of Nines)
PCMaran: shows [As 6s] (two pair, Aces and Nines)
PCMaran collected $3.88 from pot
*** SUMMARY ***
Total pot $4.05 | Rake $0.17 
Board [Ah Kc 9s 9c 4d]
Seat 1: PCMaran (button) showed [As 6s] and won ($3.88) with two pair, Aces and Nines
Seat 2: Dorex2007 (small blind) folded before Flop
Seat 3: Jabs955 (big blind) folded before Flop
Seat 4: tanyaa1956 folded before Flop (didn't bet)
Seat 8: Faquill0 folded before Flop (didn't bet)
Seat 9: martikaa77 showed [Qc 5c] and lost with a pair of Nines



PokerStars Hand #237477137084:  Hold'em No Limit ($0.02/$0.05 USD) - 2022/07/20 11:52:42 PT [2022/07/20 14:52:42 ET]
Table 'Dibaj' 9-max Seat #2 is the button
Seat 1: PCMaran ($6.82 in chips) 
Seat 2: Dorex2007 ($7.68 in chips) 
Seat 3: Jabs955 ($3.60 in chips) 
Seat 8: Faquill0 ($12.92 in chips) 
Seat 9: martikaa77 ($1.40 in chips) 
Jabs955: posts small blind $0.02
tanyaa1956: is sitting out 
Faquill0: posts big blind $0.05
*** HOLE CARDS ***
Dealt to Dorex2007 [7h Qc]
martikaa77: folds 
PCMaran: folds 
Dorex2007: folds 
Jabs955: raises $0.10 to $0.15
Faquill0: folds 
Uncalled bet ($0.10) returned to Jabs955
Jabs955 collected $0.10 from pot
tigerww785 leaves the table
*** SUMMARY ***
Total pot $0.10 | Rake $0 
Seat 1: PCMaran folded before Flop (didn't bet)
Seat 2: Dorex2007 (button) folded before Flop (didn't bet)
Seat 3: Jabs955 (small blind) collected ($0.10)
Seat 8: Faquill0 (big blind) folded before Flop
Seat 9: martikaa77 folded before Flop (didn't bet)



PokerStars Hand #237477141174:  Hold'em No Limit ($0.02/$0.05 USD) - 2022/07/20 11:52:52 PT [2022/07/20 14:52:52 ET]
Table 'Dibaj' 9-max Seat #3 is the button
Seat 1: PCMaran ($6.82 in chips) 
Seat 2: Dorex2007 ($7.68 in chips) 
Seat 3: Jabs955 ($3.65 in chips) 
Seat 8: Faquill0 ($12.87 in chips) 
Seat 9: martikaa77 ($1.40 in chips) 
Faquill0: posts small blind $0.02
martikaa77: posts big blind $0.05
*** HOLE CARDS ***
Dealt to Dorex2007 [2c Js]
PCMaran: folds 
Dorex2007: folds 
Jabs955: folds 
Faquill0: folds 
Uncalled bet ($0.03) returned to martikaa77
martikaa77 collected $0.04 from pot
*** SUMMARY ***
Total pot $0.04 | Rake $0 
Seat 1: PCMaran folded before Flop (didn't bet)
Seat 2: Dorex2007 folded before Flop (didn't bet)
Seat 3: Jabs955 (button) folded before Flop (didn't bet)
Seat 8: Faquill0 (small blind) folded before Flop
Seat 9: martikaa77 (big blind) collected ($0.04)



