PokerStars Hand #238844963913:  Hold'em No Limit ($0.02/$0.05 USD) - 2022/09/24 16:56:10 PT [2022/09/24 19:56:10 ET]
Table 'Adonis II' 9-max Seat #9 is the button
Seat 1: lacta01 ($5.96 in chips) 
Seat 2: Debz1412 ($2 in chips) 
Seat 3: OdinBR1990 ($3.76 in chips) 
Seat 4: Caio Inter ($4.45 in chips) 
Seat 5: Elias671 ($3.16 in chips) 
Seat 6: VascoSerg ($5.58 in chips) 
Seat 8: Dorex2007 ($5 in chips) 
Seat 9: arafaelll129 ($1.73 in chips) 
lacta01: posts small blind $0.02
Debz1412: posts big blind $0.05
Dorex2007: posts big blind $0.05
*** HOLE CARDS ***
Dealt to Dorex2007 [Ts 4s]
niallo69 joins the table at seat #7 
OdinBR1990: folds 
OdinBR1990 leaves the table
Caio Inter has timed out
Caio Inter: folds 
Elias671: calls $0.05
VascoSerg: folds 
Dorex2007: checks 
arafaelll129: folds 
lacta01: calls $0.03
Debz1412: raises $0.15 to $0.20
Elias671: raises $0.15 to $0.35
Dorex2007: folds 
lacta01: folds 
Debz1412: calls $0.15
*** FLOP *** [5h 6s 8c]
Debz1412: checks 
Elias671: bets $0.77
Debz1412: folds 
Uncalled bet ($0.77) returned to Elias671
Elias671 collected $0.77 from pot
*** SUMMARY ***
Total pot $0.80 | Rake $0.03 
Board [5h 6s 8c]
Seat 1: lacta01 (small blind) folded before Flop
Seat 2: Debz1412 (big blind) folded on the Flop
Seat 3: OdinBR1990 folded before Flop (didn't bet)
Seat 4: Caio Inter folded before Flop (didn't bet)
Seat 5: Elias671 collected ($0.77)
Seat 6: VascoSerg folded before Flop (didn't bet)
Seat 8: Dorex2007 folded before Flop (didn't bet)
Seat 9: arafaelll129 (button) folded before Flop (didn't bet)



PokerStars Hand #238844973575:  Hold'em No Limit ($0.02/$0.05 USD) - 2022/09/24 16:56:58 PT [2022/09/24 19:56:58 ET]
Table 'Adonis II' 9-max Seat #1 is the button
Seat 1: lacta01 ($5.91 in chips) 
Seat 2: Debz1412 ($1.65 in chips) 
Seat 5: Elias671 ($3.58 in chips) 
Seat 6: VascoSerg ($5.58 in chips) 
Seat 7: niallo69 ($4 in chips) 
Seat 8: Dorex2007 ($5 in chips) 
Seat 9: arafaelll129 ($1.73 in chips) 
Debz1412: posts small blind $0.02
Elias671: posts big blind $0.05
niallo69: posts big blind $0.05
*** HOLE CARDS ***
Dealt to Dorex2007 [9c Ts]
VascoSerg: folds 
niallo69: checks 
Dorex2007: folds 
arafaelll129: folds 
lacta01: folds 
Debz1412: calls $0.03
Elias671: checks 
*** FLOP *** [9d As 9s]
Debz1412: checks 
Elias671: checks 
niallo69: bets $0.05
Debz1412: folds 
Elias671: folds 
Uncalled bet ($0.05) returned to niallo69
niallo69 collected $0.14 from pot
niallo69: doesn't show hand 
*** SUMMARY ***
Total pot $0.15 | Rake $0.01 
Board [9d As 9s]
Seat 1: lacta01 (button) folded before Flop (didn't bet)
Seat 2: Debz1412 (small blind) folded on the Flop
Seat 5: Elias671 (big blind) folded on the Flop
Seat 6: VascoSerg folded before Flop (didn't bet)
Seat 7: niallo69 collected ($0.14)
Seat 8: Dorex2007 folded before Flop (didn't bet)
Seat 9: arafaelll129 folded before Flop (didn't bet)



PokerStars Hand #238844980299:  Hold'em No Limit ($0.02/$0.05 USD) - 2022/09/24 16:57:31 PT [2022/09/24 19:57:31 ET]
Table 'Adonis II' 9-max Seat #2 is the button
Seat 1: lacta01 ($5.91 in chips) 
Seat 2: Debz1412 ($1.60 in chips) 
Seat 5: Elias671 ($3.53 in chips) 
Seat 6: VascoSerg ($5.58 in chips) 
Seat 7: niallo69 ($4.09 in chips) 
Seat 8: Dorex2007 ($5 in chips) 
Seat 9: arafaelll129 ($1.73 in chips) 
Elias671: posts small blind $0.02
VascoSerg: posts big blind $0.05
*** HOLE CARDS ***
Dealt to Dorex2007 [2c 6c]
niallo69: calls $0.05
Dorex2007: folds 
arafaelll129: folds 
lacta01: raises $0.10 to $0.15
Debz1412: folds 
Elias671: calls $0.13
VascoSerg: folds 
niallo69: calls $0.10
*** FLOP *** [9h 8h 3s]
Elias671: bets $0.20
niallo69: folds 
lacta01: calls $0.20
*** TURN *** [9h 8h 3s] [6d]
Elias671: bets $0.20
James90099 joins the table at seat #3 
lacta01: folds 
Uncalled bet ($0.20) returned to Elias671
Elias671 collected $0.86 from pot
*** SUMMARY ***
Total pot $0.90 | Rake $0.04 
Board [9h 8h 3s 6d]
Seat 1: lacta01 folded on the Turn
Seat 2: Debz1412 (button) folded before Flop (didn't bet)
Seat 5: Elias671 (small blind) collected ($0.86)
Seat 6: VascoSerg (big blind) folded before Flop
Seat 7: niallo69 folded on the Flop
Seat 8: Dorex2007 folded before Flop (didn't bet)
Seat 9: arafaelll129 folded before Flop (didn't bet)



PokerStars Hand #238844988270:  Hold'em No Limit ($0.02/$0.05 USD) - 2022/09/24 16:58:11 PT [2022/09/24 19:58:11 ET]
Table 'Adonis II' 9-max Seat #5 is the button
Seat 1: lacta01 ($5.56 in chips) 
Seat 2: Debz1412 ($1.60 in chips) 
Seat 5: Elias671 ($4.04 in chips) 
Seat 6: VascoSerg ($5.53 in chips) 
Seat 7: niallo69 ($3.94 in chips) 
Seat 8: Dorex2007 ($5 in chips) 
Seat 9: arafaelll129 ($1.73 in chips) 
VascoSerg: posts small blind $0.02
niallo69: posts big blind $0.05
James90099: sits out 
Caio Inter: sits out 
*** HOLE CARDS ***
Dealt to Dorex2007 [Kd 6c]
Dorex2007: folds 
arafaelll129: raises $0.06 to $0.11
lacta01: folds 
Debz1412: calls $0.11
Elias671: calls $0.11
VascoSerg: folds 
niallo69: folds 
*** FLOP *** [8c Tc Kc]
arafaelll129: checks 
Debz1412: checks 
Elias671: bets $0.15
arafaelll129: folds 
Debz1412: folds 
Uncalled bet ($0.15) returned to Elias671
Elias671 collected $0.38 from pot
*** SUMMARY ***
Total pot $0.40 | Rake $0.02 
Board [8c Tc Kc]
Seat 1: lacta01 folded before Flop (didn't bet)
Seat 2: Debz1412 folded on the Flop
Seat 5: Elias671 (button) collected ($0.38)
Seat 6: VascoSerg (small blind) folded before Flop
Seat 7: niallo69 (big blind) folded before Flop
Seat 8: Dorex2007 folded before Flop (didn't bet)
Seat 9: arafaelll129 folded on the Flop



PokerStars Hand #238844994683:  Hold'em No Limit ($0.02/$0.05 USD) - 2022/09/24 16:58:43 PT [2022/09/24 19:58:43 ET]
Table 'Adonis II' 9-max Seat #6 is the button
Seat 1: lacta01 ($5.56 in chips) 
Seat 2: Debz1412 ($1.49 in chips) 
Seat 4: Caio Inter ($4.45 in chips) 
Seat 5: Elias671 ($4.31 in chips) 
Seat 6: VascoSerg ($5.51 in chips) 
Seat 7: niallo69 ($3.89 in chips) 
Seat 8: Dorex2007 ($5 in chips) 
Seat 9: arafaelll129 ($1.62 in chips) 
niallo69: posts small blind $0.02
Dorex2007: posts big blind $0.05
James90099: sits out 
Caio Inter: posts small & big blinds $0.07
*** HOLE CARDS ***
Dealt to Dorex2007 [2d 5d]
arafaelll129: raises $0.10 to $0.15
lacta01: folds 
Debz1412: calls $0.15
Caio Inter: folds 
Elias671: calls $0.15
VascoSerg: folds 
niallo69: calls $0.13
Dorex2007: folds 
*** FLOP *** [7s Qs 7c]
niallo69: checks 
arafaelll129: checks 
Debz1412: checks 
Elias671: checks 
*** TURN *** [7s Qs 7c] [6h]
niallo69: bets $0.05
arafaelll129: raises $0.23 to $0.28
Debz1412: calls $0.28
Elias671: folds 
niallo69: folds 
*** RIVER *** [7s Qs 7c 6h] [2h]
arafaelll129: bets $1.19 and is all-in
Debz1412: folds 
Uncalled bet ($1.19) returned to arafaelll129
arafaelll129 collected $1.27 from pot
arafaelll129: doesn't show hand 
*** SUMMARY ***
Total pot $1.33 | Rake $0.06 
Board [7s Qs 7c 6h 2h]
Seat 1: lacta01 folded before Flop (didn't bet)
Seat 2: Debz1412 folded on the River
Seat 4: Caio Inter folded before Flop (didn't bet)
Seat 5: Elias671 folded on the Turn
Seat 6: VascoSerg (button) folded before Flop (didn't bet)
Seat 7: niallo69 (small blind) folded on the Turn
Seat 8: Dorex2007 (big blind) folded before Flop
Seat 9: arafaelll129 collected ($1.27)



PokerStars Hand #238845007593:  Hold'em No Limit ($0.02/$0.05 USD) - 2022/09/24 16:59:47 PT [2022/09/24 19:59:47 ET]
Table 'Adonis II' 9-max Seat #7 is the button
Seat 1: lacta01 ($5.56 in chips) 
Seat 2: Debz1412 ($1.06 in chips) 
Seat 4: Caio Inter ($4.38 in chips) 
Seat 5: Elias671 ($4.16 in chips) 
Seat 6: VascoSerg ($5.51 in chips) 
Seat 7: niallo69 ($3.69 in chips) 
Seat 8: Dorex2007 ($5 in chips) 
Seat 9: arafaelll129 ($2.46 in chips) 
Dorex2007: posts small blind $0.02
arafaelll129: posts big blind $0.05
James90099: sits out 
*** HOLE CARDS ***
Dealt to Dorex2007 [7c Kc]
lacta01: folds 
Debz1412: calls $0.05
Caio Inter: folds 
Elias671: folds 
VascoSerg: folds 
niallo69: folds 
Dorex2007: calls $0.03
arafaelll129: checks 
*** FLOP *** [8d 6d Jd]
Dorex2007: checks 
arafaelll129: checks 
Debz1412: checks 
*** TURN *** [8d 6d Jd] [4s]
Dorex2007: checks 
arafaelll129: checks 
Debz1412: checks 
*** RIVER *** [8d 6d Jd 4s] [Js]
Dorex2007: checks 
arafaelll129: checks 
Debz1412: checks 
*** SHOW DOWN ***
Dorex2007: shows [7c Kc] (a pair of Jacks)
arafaelll129: shows [5d As] (a pair of Jacks - Ace kicker)
Debz1412: mucks hand 
arafaelll129 collected $0.14 from pot
*** SUMMARY ***
Total pot $0.15 | Rake $0.01 
Board [8d 6d Jd 4s Js]
Seat 1: lacta01 folded before Flop (didn't bet)
Seat 2: Debz1412 mucked [Qh 2c]
Seat 4: Caio Inter folded before Flop (didn't bet)
Seat 5: Elias671 folded before Flop (didn't bet)
Seat 6: VascoSerg folded before Flop (didn't bet)
Seat 7: niallo69 (button) folded before Flop (didn't bet)
Seat 8: Dorex2007 (small blind) showed [7c Kc] and lost with a pair of Jacks
Seat 9: arafaelll129 (big blind) showed [5d As] and won ($0.14) with a pair of Jacks



PokerStars Hand #238845018593:  Hold'em No Limit ($0.02/$0.05 USD) - 2022/09/24 17:00:38 PT [2022/09/24 20:00:38 ET]
Table 'Adonis II' 9-max Seat #8 is the button
Seat 1: lacta01 ($5.56 in chips) 
Seat 2: Debz1412 ($1.01 in chips) 
Seat 4: Caio Inter ($4.38 in chips) 
Seat 5: Elias671 ($4.16 in chips) 
Seat 6: VascoSerg ($5.51 in chips) 
Seat 7: niallo69 ($3.69 in chips) 
Seat 8: Dorex2007 ($5 in chips) 
Seat 9: arafaelll129 ($2.55 in chips) 
arafaelll129: posts small blind $0.02
lacta01: posts big blind $0.05
James90099: sits out 
*** HOLE CARDS ***
Dealt to Dorex2007 [3d Th]
Debz1412: calls $0.05
Caio Inter has timed out
Caio Inter: folds 
Elias671: folds 
VascoSerg: folds 
niallo69: raises $0.05 to $0.10
Dorex2007: folds 
arafaelll129: folds 
lacta01: folds 
Debz1412: calls $0.05
*** FLOP *** [5c Qs Jc]
Debz1412: checks 
niallo69: bets $0.10
Debz1412: folds 
Uncalled bet ($0.10) returned to niallo69
niallo69 collected $0.26 from pot
niallo69: doesn't show hand 
*** SUMMARY ***
Total pot $0.27 | Rake $0.01 
Board [5c Qs Jc]
Seat 1: lacta01 (big blind) folded before Flop
Seat 2: Debz1412 folded on the Flop
Seat 4: Caio Inter folded before Flop (didn't bet)
Seat 5: Elias671 folded before Flop (didn't bet)
Seat 6: VascoSerg folded before Flop (didn't bet)
Seat 7: niallo69 collected ($0.26)
Seat 8: Dorex2007 (button) folded before Flop (didn't bet)
Seat 9: arafaelll129 (small blind) folded before Flop



PokerStars Hand #238845029668:  Hold'em No Limit ($0.02/$0.05 USD) - 2022/09/24 17:01:26 PT [2022/09/24 20:01:26 ET]
Table 'Adonis II' 9-max Seat #9 is the button
Seat 1: lacta01 ($5.51 in chips) 
Seat 2: Debz1412 ($0.91 in chips) 
Seat 4: Caio Inter ($4.38 in chips) 
Seat 5: Elias671 ($4.16 in chips) 
Seat 6: VascoSerg ($5.51 in chips) 
Seat 7: niallo69 ($3.85 in chips) 
Seat 8: Dorex2007 ($5 in chips) 
Seat 9: arafaelll129 ($2.53 in chips) 
lacta01: posts small blind $0.02
Debz1412: posts big blind $0.05
James90099: sits out 
*** HOLE CARDS ***
Dealt to Dorex2007 [3c 5d]
Caio Inter has timed out
Caio Inter: folds 
Elias671: calls $0.05
VascoSerg: raises $0.19 to $0.24
niallo69: folds 
Dorex2007: folds 
arafaelll129 has timed out
arafaelll129: folds 
lacta01: calls $0.22
Debz1412: calls $0.19
Elias671: folds 
*** FLOP *** [6d 6h Jh]
lacta01: checks 
Debz1412: checks 
VascoSerg: checks 
*** TURN *** [6d 6h Jh] [3h]
lacta01: checks 
Debz1412: checks 
VascoSerg: checks 
*** RIVER *** [6d 6h Jh 3h] [9h]
lacta01: checks 
Debz1412: checks 
VascoSerg: checks 
*** SHOW DOWN ***
lacta01: shows [Ks Ad] (a pair of Sixes)
Debz1412: mucks hand 
VascoSerg: mucks hand 
lacta01 collected $0.74 from pot
*** SUMMARY ***
Total pot $0.77 | Rake $0.03 
Board [6d 6h Jh 3h 9h]
Seat 1: lacta01 (small blind) showed [Ks Ad] and won ($0.74) with a pair of Sixes
Seat 2: Debz1412 (big blind) mucked [2s 5c]
Seat 4: Caio Inter folded before Flop (didn't bet)
Seat 5: Elias671 folded before Flop
Seat 6: VascoSerg mucked [As 5s]
Seat 7: niallo69 folded before Flop (didn't bet)
Seat 8: Dorex2007 folded before Flop (didn't bet)
Seat 9: arafaelll129 (button) folded before Flop (didn't bet)



PokerStars Hand #238845052689:  Hold'em No Limit ($0.02/$0.05 USD) - 2022/09/24 17:03:00 PT [2022/09/24 20:03:00 ET]
Table 'Adonis II' 9-max Seat #1 is the button
Seat 1: lacta01 ($6.01 in chips) 
Seat 2: Debz1412 ($0.67 in chips) 
Seat 3: James90099 ($5 in chips) 
Seat 4: Caio Inter ($4.38 in chips) 
Seat 5: Elias671 ($4.11 in chips) 
Seat 6: VascoSerg ($5.27 in chips) 
Seat 7: niallo69 ($3.85 in chips) 
Seat 8: Dorex2007 ($5 in chips) 
Seat 9: arafaelll129 ($2.53 in chips) 
Debz1412: posts small blind $0.02
James90099: posts big blind $0.05
*** HOLE CARDS ***
Dealt to Dorex2007 [4s Qc]
Caio Inter: folds 
Elias671: folds 
VascoSerg: raises $0.10 to $0.15
niallo69: calls $0.15
Dorex2007: folds 
arafaelll129: calls $0.15
lacta01 has timed out
lacta01: folds 
Debz1412: calls $0.13
James90099: folds 
*** FLOP *** [4h Jd 5c]
Debz1412: checks 
VascoSerg: bets $0.31
niallo69: folds 
arafaelll129: calls $0.31
Debz1412: folds 
*** TURN *** [4h Jd 5c] [Td]
VascoSerg: bets $0.92
arafaelll129: folds 
Uncalled bet ($0.92) returned to VascoSerg
VascoSerg collected $1.22 from pot
VascoSerg: doesn't show hand 
*** SUMMARY ***
Total pot $1.27 | Rake $0.05 
Board [4h Jd 5c Td]
Seat 1: lacta01 (button) folded before Flop (didn't bet)
Seat 2: Debz1412 (small blind) folded on the Flop
Seat 3: James90099 (big blind) folded before Flop
Seat 4: Caio Inter folded before Flop (didn't bet)
Seat 5: Elias671 folded before Flop (didn't bet)
Seat 6: VascoSerg collected ($1.22)
Seat 7: niallo69 folded on the Flop
Seat 8: Dorex2007 folded before Flop (didn't bet)
Seat 9: arafaelll129 folded on the Turn



PokerStars Hand #238845072183:  Hold'em No Limit ($0.02/$0.05 USD) - 2022/09/24 17:04:19 PT [2022/09/24 20:04:19 ET]
Table 'Adonis II' 9-max Seat #2 is the button
Seat 1: lacta01 ($6.01 in chips) 
Seat 2: Debz1412 ($0.52 in chips) 
Seat 3: James90099 ($5 in chips) 
Seat 4: Caio Inter ($4.38 in chips) 
Seat 5: Elias671 ($4.11 in chips) 
Seat 6: VascoSerg ($6.03 in chips) 
Seat 7: niallo69 ($3.70 in chips) 
Seat 8: Dorex2007 ($5 in chips) 
Seat 9: arafaelll129 ($2.07 in chips) 
James90099: posts small blind $0.02
Caio Inter: posts big blind $0.05
*** HOLE CARDS ***
Dealt to Dorex2007 [4h 6d]
Elias671: folds 
VascoSerg: folds 
niallo69: calls $0.05
Dorex2007: folds 
arafaelll129: folds 
lacta01: calls $0.05
Debz1412: calls $0.05
James90099: calls $0.03
Caio Inter: raises $0.15 to $0.20
niallo69: calls $0.15
lacta01: folds 
Debz1412: calls $0.15
James90099: calls $0.15
*** FLOP *** [5h 2c Jh]
James90099: checks 
Caio Inter: checks 
niallo69: bets $0.20
Debz1412: raises $0.12 to $0.32 and is all-in
James90099: folds 
Caio Inter: folds 
niallo69: calls $0.12
*** TURN *** [5h 2c Jh] [8c]
*** RIVER *** [5h 2c Jh 8c] [Th]
*** SHOW DOWN ***
niallo69: shows [Kd Jd] (a pair of Jacks)
Debz1412: shows [2h Jc] (two pair, Jacks and Deuces)
Debz1412 collected $1.43 from pot
*** SUMMARY ***
Total pot $1.49 | Rake $0.06 
Board [5h 2c Jh 8c Th]
Seat 1: lacta01 folded before Flop
Seat 2: Debz1412 (button) showed [2h Jc] and won ($1.43) with two pair, Jacks and Deuces
Seat 3: James90099 (small blind) folded on the Flop
Seat 4: Caio Inter (big blind) folded on the Flop
Seat 5: Elias671 folded before Flop (didn't bet)
Seat 6: VascoSerg folded before Flop (didn't bet)
Seat 7: niallo69 showed [Kd Jd] and lost with a pair of Jacks
Seat 8: Dorex2007 folded before Flop (didn't bet)
Seat 9: arafaelll129 folded before Flop (didn't bet)



PokerStars Hand #238845093754:  Hold'em No Limit ($0.02/$0.05 USD) - 2022/09/24 17:05:44 PT [2022/09/24 20:05:44 ET]
Table 'Adonis II' 9-max Seat #3 is the button
Seat 1: lacta01 ($5.96 in chips) 
Seat 2: Debz1412 ($1.43 in chips) 
Seat 3: James90099 ($5 in chips) 
Seat 4: Caio Inter ($4.18 in chips) 
Seat 5: Elias671 ($4.11 in chips) 
Seat 6: VascoSerg ($6.03 in chips) 
Seat 7: niallo69 ($3.18 in chips) 
Seat 8: Dorex2007 ($5 in chips) 
Seat 9: arafaelll129 ($2.07 in chips) 
Caio Inter: posts small blind $0.02
Elias671: posts big blind $0.05
*** HOLE CARDS ***
Dealt to Dorex2007 [Ah Kd]
VascoSerg: folds 
niallo69: folds 
Dorex2007: raises $0.10 to $0.15
arafaelll129: folds 
lacta01: folds 
Debz1412: calls $0.15
James90099: folds 
Caio Inter: folds 
Elias671: calls $0.10
*** FLOP *** [2s 7d 8d]
Elias671: bets $0.05
Dorex2007: raises $4.80 to $4.85 and is all-in
Debz1412: folds 
Elias671: folds 
Uncalled bet ($4.80) returned to Dorex2007
Dorex2007 collected $0.55 from pot
Dorex2007: doesn't show hand 
*** SUMMARY ***
Total pot $0.57 | Rake $0.02 
Board [2s 7d 8d]
Seat 1: lacta01 folded before Flop (didn't bet)
Seat 2: Debz1412 folded on the Flop
Seat 3: James90099 (button) folded before Flop (didn't bet)
Seat 4: Caio Inter (small blind) folded before Flop
Seat 5: Elias671 (big blind) folded on the Flop
Seat 6: VascoSerg folded before Flop (didn't bet)
Seat 7: niallo69 folded before Flop (didn't bet)
Seat 8: Dorex2007 collected ($0.55)
Seat 9: arafaelll129 folded before Flop (didn't bet)



PokerStars Hand #238845104118:  Hold'em No Limit ($0.02/$0.05 USD) - 2022/09/24 17:06:26 PT [2022/09/24 20:06:26 ET]
Table 'Adonis II' 9-max Seat #4 is the button
Seat 1: lacta01 ($5.96 in chips) 
Seat 2: Debz1412 ($1.28 in chips) 
Seat 3: James90099 ($5 in chips) 
Seat 4: Caio Inter ($4.16 in chips) 
Seat 5: Elias671 ($3.91 in chips) 
Seat 6: VascoSerg ($6.03 in chips) 
Seat 7: niallo69 ($3.18 in chips) 
Seat 8: Dorex2007 ($5.35 in chips) 
Seat 9: arafaelll129 ($2.07 in chips) 
Elias671: posts small blind $0.02
VascoSerg: posts big blind $0.05
*** HOLE CARDS ***
Dealt to Dorex2007 [3s Ac]
niallo69: folds 
Dorex2007: folds 
arafaelll129: folds 
lacta01 has timed out
lacta01: folds 
Debz1412: calls $0.05
James90099: folds 
Caio Inter: folds 
Elias671: calls $0.03
VascoSerg: checks 
*** FLOP *** [2d Kc 7h]
Elias671: bets $0.20
VascoSerg: folds 
Debz1412: folds 
Uncalled bet ($0.20) returned to Elias671
Elias671 collected $0.14 from pot
*** SUMMARY ***
Total pot $0.15 | Rake $0.01 
Board [2d Kc 7h]
Seat 1: lacta01 folded before Flop (didn't bet)
Seat 2: Debz1412 folded on the Flop
Seat 3: James90099 folded before Flop (didn't bet)
Seat 4: Caio Inter (button) folded before Flop (didn't bet)
Seat 5: Elias671 (small blind) collected ($0.14)
Seat 6: VascoSerg (big blind) folded on the Flop
Seat 7: niallo69 folded before Flop (didn't bet)
Seat 8: Dorex2007 folded before Flop (didn't bet)
Seat 9: arafaelll129 folded before Flop (didn't bet)



PokerStars Hand #238845113052:  Hold'em No Limit ($0.02/$0.05 USD) - 2022/09/24 17:07:02 PT [2022/09/24 20:07:02 ET]
Table 'Adonis II' 9-max Seat #5 is the button
Seat 2: Debz1412 ($1.23 in chips) 
Seat 3: James90099 ($5 in chips) 
Seat 4: Caio Inter ($4.16 in chips) 
Seat 5: Elias671 ($4 in chips) 
Seat 6: VascoSerg ($5.98 in chips) 
Seat 7: niallo69 ($3.18 in chips) 
Seat 8: Dorex2007 ($5.35 in chips) 
Seat 9: arafaelll129 ($2.07 in chips) 
VascoSerg: posts small blind $0.02
niallo69: posts big blind $0.05
*** HOLE CARDS ***
Dealt to Dorex2007 [9s Jc]
Dorex2007: folds 
arafaelll129: folds 
Debz1412: calls $0.05
James90099: folds 
Caio Inter: raises $0.05 to $0.10
Elias671: raises $0.05 to $0.15
VascoSerg: folds 
niallo69: calls $0.10
Debz1412: calls $0.10
Caio Inter: calls $0.05
*** FLOP *** [Ts 2h 8h]
niallo69: checks 
Debz1412: checks 
Caio Inter: bets $0.29
Elias671: folds 
niallo69: folds 
Debz1412: calls $0.29
*** TURN *** [Ts 2h 8h] [5d]
Debz1412: checks 
Caio Inter: bets $0.62
Debz1412: folds 
Uncalled bet ($0.62) returned to Caio Inter
Caio Inter collected $1.15 from pot
*** SUMMARY ***
Total pot $1.20 | Rake $0.05 
Board [Ts 2h 8h 5d]
Seat 2: Debz1412 folded on the Turn
Seat 3: James90099 folded before Flop (didn't bet)
Seat 4: Caio Inter collected ($1.15)
Seat 5: Elias671 (button) folded on the Flop
Seat 6: VascoSerg (small blind) folded before Flop
Seat 7: niallo69 (big blind) folded on the Flop
Seat 8: Dorex2007 folded before Flop (didn't bet)
Seat 9: arafaelll129 folded before Flop (didn't bet)



PokerStars Hand #238845128826:  Hold'em No Limit ($0.02/$0.05 USD) - 2022/09/24 17:08:06 PT [2022/09/24 20:08:06 ET]
Table 'Adonis II' 9-max Seat #6 is the button
Seat 1: lacta01 ($5.96 in chips) 
Seat 2: Debz1412 ($0.79 in chips) 
Seat 3: James90099 ($5 in chips) 
Seat 4: Caio Inter ($4.87 in chips) 
Seat 5: Elias671 ($3.85 in chips) 
Seat 6: VascoSerg ($5.96 in chips) 
Seat 7: niallo69 ($3.03 in chips) 
Seat 8: Dorex2007 ($5.35 in chips) 
Seat 9: arafaelll129 ($2.07 in chips) 
niallo69: posts small blind $0.02
Dorex2007: posts big blind $0.05
*** HOLE CARDS ***
Dealt to Dorex2007 [3h 8c]
arafaelll129: folds 
lacta01 has timed out
lacta01: folds 
Debz1412: folds 
James90099: raises $0.10 to $0.15
Caio Inter: folds 
Elias671: calls $0.15
VascoSerg: folds 
niallo69: folds 
Dorex2007: folds 
*** FLOP *** [9s 3d 2d]
James90099: checks 
Elias671: checks 
*** TURN *** [9s 3d 2d] [Kh]
James90099: bets $0.25
Elias671: calls $0.25
*** RIVER *** [9s 3d 2d Kh] [Ad]
James90099: bets $0.90
Elias671: calls $0.90
*** SHOW DOWN ***
James90099: shows [Qh Th] (high card Ace)
Elias671: shows [4d Ks] (a pair of Kings)
Elias671 collected $2.56 from pot
*** SUMMARY ***
Total pot $2.67 | Rake $0.11 
Board [9s 3d 2d Kh Ad]
Seat 1: lacta01 folded before Flop (didn't bet)
Seat 2: Debz1412 folded before Flop (didn't bet)
Seat 3: James90099 showed [Qh Th] and lost with high card Ace
Seat 4: Caio Inter folded before Flop (didn't bet)
Seat 5: Elias671 showed [4d Ks] and won ($2.56) with a pair of Kings
Seat 6: VascoSerg (button) folded before Flop (didn't bet)
Seat 7: niallo69 (small blind) folded before Flop
Seat 8: Dorex2007 (big blind) folded before Flop
Seat 9: arafaelll129 folded before Flop (didn't bet)



PokerStars Hand #238845150316:  Hold'em No Limit ($0.02/$0.05 USD) - 2022/09/24 17:09:34 PT [2022/09/24 20:09:34 ET]
Table 'Adonis II' 9-max Seat #7 is the button
Seat 1: lacta01 ($5.96 in chips) 
Seat 2: Debz1412 ($0.79 in chips) 
Seat 3: James90099 ($5 in chips) 
Seat 4: Caio Inter ($4.87 in chips) 
Seat 5: Elias671 ($5.11 in chips) 
Seat 6: VascoSerg ($5.96 in chips) 
Seat 7: niallo69 ($3.01 in chips) 
Seat 8: Dorex2007 ($5.30 in chips) 
Seat 9: arafaelll129 ($2.07 in chips) 
Dorex2007: posts small blind $0.02
arafaelll129: posts big blind $0.05
*** HOLE CARDS ***
Dealt to Dorex2007 [Kc 6s]
lacta01 has timed out
lacta01: folds 
Debz1412: calls $0.05
James90099: folds 
Caio Inter: raises $0.25 to $0.30
Elias671: folds 
VascoSerg: folds 
niallo69: folds 
Dorex2007: folds 
arafaelll129: folds 
Debz1412: calls $0.25
*** FLOP *** [8s Qd 5c]
Debz1412: checks 
Caio Inter: bets $0.37
Debz1412: folds 
Uncalled bet ($0.37) returned to Caio Inter
Caio Inter collected $0.64 from pot
*** SUMMARY ***
Total pot $0.67 | Rake $0.03 
Board [8s Qd 5c]
Seat 1: lacta01 folded before Flop (didn't bet)
Seat 2: Debz1412 folded on the Flop
Seat 3: James90099 folded before Flop (didn't bet)
Seat 4: Caio Inter collected ($0.64)
Seat 5: Elias671 folded before Flop (didn't bet)
Seat 6: VascoSerg folded before Flop (didn't bet)
Seat 7: niallo69 (button) folded before Flop (didn't bet)
Seat 8: Dorex2007 (small blind) folded before Flop
Seat 9: arafaelll129 (big blind) folded before Flop



PokerStars Hand #238845160466:  Hold'em No Limit ($0.02/$0.05 USD) - 2022/09/24 17:10:15 PT [2022/09/24 20:10:15 ET]
Table 'Adonis II' 9-max Seat #8 is the button
Seat 1: lacta01 ($5.96 in chips) 
Seat 2: Debz1412 ($0.49 in chips) 
Seat 3: James90099 ($5 in chips) 
Seat 4: Caio Inter ($5.21 in chips) 
Seat 5: Elias671 ($5.11 in chips) 
Seat 6: VascoSerg ($5.96 in chips) 
Seat 7: niallo69 ($3.01 in chips) 
Seat 8: Dorex2007 ($5.28 in chips) 
Seat 9: arafaelll129 ($2.02 in chips) 
arafaelll129: posts small blind $0.02
lacta01: posts big blind $0.05
*** HOLE CARDS ***
Dealt to Dorex2007 [Qc 4h]
Debz1412: folds 
James90099: folds 
Caio Inter: raises $0.05 to $0.10
Elias671: folds 
VascoSerg: folds 
niallo69: calls $0.10
Dorex2007: folds 
arafaelll129: folds 
lacta01: folds 
*** FLOP *** [Ad Ah 4d]
Caio Inter: checks 
niallo69: checks 
*** TURN *** [Ad Ah 4d] [5d]
Caio Inter: checks 
niallo69: checks 
*** RIVER *** [Ad Ah 4d 5d] [Jc]
Caio Inter: bets $0.68
niallo69: calls $0.68
*** SHOW DOWN ***
Caio Inter: shows [As 4s] (a full house, Aces full of Fours)
niallo69: mucks hand 
Caio Inter collected $1.56 from pot
*** SUMMARY ***
Total pot $1.63 | Rake $0.07 
Board [Ad Ah 4d 5d Jc]
Seat 1: lacta01 (big blind) folded before Flop
Seat 2: Debz1412 folded before Flop (didn't bet)
Seat 3: James90099 folded before Flop (didn't bet)
Seat 4: Caio Inter showed [As 4s] and won ($1.56) with a full house, Aces full of Fours
Seat 5: Elias671 folded before Flop (didn't bet)
Seat 6: VascoSerg folded before Flop (didn't bet)
Seat 7: niallo69 mucked [Qd Jh]
Seat 8: Dorex2007 (button) folded before Flop (didn't bet)
Seat 9: arafaelll129 (small blind) folded before Flop



PokerStars Hand #238845180295:  Hold'em No Limit ($0.02/$0.05 USD) - 2022/09/24 17:11:36 PT [2022/09/24 20:11:36 ET]
Table 'Adonis II' 9-max Seat #9 is the button
Seat 1: lacta01 ($5.91 in chips) 
Seat 2: Debz1412 ($0.49 in chips) 
Seat 3: James90099 ($5 in chips) 
Seat 4: Caio Inter ($5.99 in chips) 
Seat 5: Elias671 ($5.11 in chips) 
Seat 6: VascoSerg ($5.96 in chips) 
Seat 7: niallo69 ($2.23 in chips) 
Seat 8: Dorex2007 ($5.28 in chips) 
Seat 9: arafaelll129 ($2 in chips) 
lacta01: posts small blind $0.02
Debz1412: posts big blind $0.05
*** HOLE CARDS ***
Dealt to Dorex2007 [3h Jc]
James90099: folds 
Caio Inter: folds 
Elias671: raises $0.05 to $0.10
VascoSerg: folds 
niallo69: folds 
Dorex2007: folds 
arafaelll129: calls $0.10
lacta01: folds 
Debz1412: calls $0.05
*** FLOP *** [Kh 9d 3d]
Debz1412: checks 
Elias671: bets $0.15
arafaelll129: folds 
Debz1412: folds 
Uncalled bet ($0.15) returned to Elias671
Elias671 collected $0.31 from pot
*** SUMMARY ***
Total pot $0.32 | Rake $0.01 
Board [Kh 9d 3d]
Seat 1: lacta01 (small blind) folded before Flop
Seat 2: Debz1412 (big blind) folded on the Flop
Seat 3: James90099 folded before Flop (didn't bet)
Seat 4: Caio Inter folded before Flop (didn't bet)
Seat 5: Elias671 collected ($0.31)
Seat 6: VascoSerg folded before Flop (didn't bet)
Seat 7: niallo69 folded before Flop (didn't bet)
Seat 8: Dorex2007 folded before Flop (didn't bet)
Seat 9: arafaelll129 (button) folded on the Flop



PokerStars Hand #238845193049:  Hold'em No Limit ($0.02/$0.05 USD) - 2022/09/24 17:12:29 PT [2022/09/24 20:12:29 ET]
Table 'Adonis II' 9-max Seat #1 is the button
Seat 1: lacta01 ($5.89 in chips) 
Seat 2: Debz1412 ($0.39 in chips) 
Seat 3: James90099 ($5 in chips) 
Seat 4: Caio Inter ($5.99 in chips) 
Seat 5: Elias671 ($5.32 in chips) 
Seat 6: VascoSerg ($5.96 in chips) 
Seat 7: niallo69 ($2.23 in chips) 
Seat 8: Dorex2007 ($5.28 in chips) 
Seat 9: arafaelll129 ($1.90 in chips) 
Debz1412: posts small blind $0.02
James90099: posts big blind $0.05
*** HOLE CARDS ***
Dealt to Dorex2007 [9c 3d]
Caio Inter has timed out
Caio Inter: folds 
Elias671: calls $0.05
VascoSerg: folds 
niallo69: calls $0.05
Dorex2007: folds 
arafaelll129: folds 
lacta01 has timed out
lacta01: folds 
Debz1412: calls $0.03
James90099: checks 
*** FLOP *** [Kh 7c 5c]
Debz1412: checks 
James90099: checks 
Elias671: checks 
niallo69: bets $0.10
Debz1412: calls $0.10
James90099: folds 
Elias671: raises $0.10 to $0.20
niallo69: calls $0.10
Debz1412: calls $0.10
*** TURN *** [Kh 7c 5c] [8h]
Debz1412: checks 
Elias671: bets $0.25
niallo69: calls $0.25
Debz1412: calls $0.14 and is all-in
*** RIVER *** [Kh 7c 5c 8h] [8s]
Elias671: bets $0.25
niallo69: folds 
Uncalled bet ($0.25) returned to Elias671
*** SHOW DOWN ***
Elias671: shows [2c Kc] (two pair, Kings and Eights)
Elias671 collected $0.21 from side pot
Debz1412: shows [3c 4c] (a pair of Eights)
Elias671 collected $1.17 from main pot
*** SUMMARY ***
Total pot $1.44 Main pot $1.17. Side pot $0.21. | Rake $0.06 
Board [Kh 7c 5c 8h 8s]
Seat 1: lacta01 (button) folded before Flop (didn't bet)
Seat 2: Debz1412 (small blind) showed [3c 4c] and lost with a pair of Eights
Seat 3: James90099 (big blind) folded on the Flop
Seat 4: Caio Inter folded before Flop (didn't bet)
Seat 5: Elias671 showed [2c Kc] and won ($1.38) with two pair, Kings and Eights
Seat 6: VascoSerg folded before Flop (didn't bet)
Seat 7: niallo69 folded on the River
Seat 8: Dorex2007 folded before Flop (didn't bet)
Seat 9: arafaelll129 folded before Flop (didn't bet)



PokerStars Hand #238845218095:  Hold'em No Limit ($0.02/$0.05 USD) - 2022/09/24 17:14:12 PT [2022/09/24 20:14:12 ET]
Table 'Adonis II' 9-max Seat #3 is the button
Seat 3: James90099 ($5 in chips) 
Seat 5: Elias671 ($6.20 in chips) 
Seat 6: VascoSerg ($5.96 in chips) 
Seat 7: niallo69 ($1.73 in chips) 
Seat 8: Dorex2007 ($5.28 in chips) 
Seat 9: arafaelll129 ($1.90 in chips) 
Elias671: posts small blind $0.02
VascoSerg: posts big blind $0.05
*** HOLE CARDS ***
Dealt to Dorex2007 [Jh 9h]
niallo69: folds 
Dorex2007: folds 
Debz1412 leaves the table
MrWaffle_lol joins the table at seat #2 
arafaelll129 has timed out
arafaelll129: folds 
James90099: raises $0.10 to $0.15
Elias671: raises $0.10 to $0.25
VascoSerg: folds 
James90099: calls $0.10
*** FLOP *** [Jd 4c Ks]
Elias671: bets $0.20
James90099: folds 
Uncalled bet ($0.20) returned to Elias671
Elias671 collected $0.53 from pot
*** SUMMARY ***
Total pot $0.55 | Rake $0.02 
Board [Jd 4c Ks]
Seat 3: James90099 (button) folded on the Flop
Seat 5: Elias671 (small blind) collected ($0.53)
Seat 6: VascoSerg (big blind) folded before Flop
Seat 7: niallo69 folded before Flop (didn't bet)
Seat 8: Dorex2007 folded before Flop (didn't bet)
Seat 9: arafaelll129 folded before Flop (didn't bet)



PokerStars Hand #238845228149:  Hold'em No Limit ($0.02/$0.05 USD) - 2022/09/24 17:14:54 PT [2022/09/24 20:14:54 ET]
Table 'Adonis II' 9-max Seat #5 is the button
Seat 3: James90099 ($5 in chips) 
Seat 4: Caio Inter ($5.99 in chips) 
Seat 5: Elias671 ($6.48 in chips) 
Seat 6: VascoSerg ($5.91 in chips) 
Seat 7: niallo69 ($1.73 in chips) 
Seat 8: Dorex2007 ($5.28 in chips) 
VascoSerg: posts small blind $0.02
niallo69: posts big blind $0.05
MrWaffle_lol: sits out 
Caio Inter: posts small blind $0.02
*** HOLE CARDS ***
Dealt to Dorex2007 [8c Ad]
Dorex2007: folds 
James90099: folds 
Caio Inter: folds 
Elias671: folds 
VascoSerg: folds 
Uncalled bet ($0.03) returned to niallo69
niallo69 collected $0.06 from pot
niallo69: doesn't show hand 
*** SUMMARY ***
Total pot $0.06 | Rake $0 
Seat 3: James90099 folded before Flop (didn't bet)
Seat 4: Caio Inter folded before Flop (didn't bet)
Seat 5: Elias671 (button) folded before Flop (didn't bet)
Seat 6: VascoSerg (small blind) folded before Flop
Seat 7: niallo69 (big blind) collected ($0.06)
Seat 8: Dorex2007 folded before Flop (didn't bet)



PokerStars Hand #238845231271:  Hold'em No Limit ($0.02/$0.05 USD) - 2022/09/24 17:15:08 PT [2022/09/24 20:15:08 ET]
Table 'Adonis II' 9-max Seat #6 is the button
Seat 3: James90099 ($5 in chips) 
Seat 4: Caio Inter ($5.97 in chips) 
Seat 5: Elias671 ($6.48 in chips) 
Seat 6: VascoSerg ($5.89 in chips) 
Seat 7: niallo69 ($1.77 in chips) 
Seat 8: Dorex2007 ($5.28 in chips) 
Seat 9: arafaelll129 ($1.90 in chips) 
niallo69: posts small blind $0.02
Dorex2007: posts big blind $0.05
MrWaffle_lol: sits out 
*** HOLE CARDS ***
Dealt to Dorex2007 [2h 6d]
arafaelll129: folds 
James90099: folds 
Caio Inter: folds 
Elias671: folds 
VascoSerg: folds 
niallo69: calls $0.03
Dorex2007: checks 
*** FLOP *** [7d Td Ac]
niallo69: bets $0.10
Dorex2007: folds 
Uncalled bet ($0.10) returned to niallo69
niallo69 collected $0.10 from pot
niallo69: doesn't show hand 
*** SUMMARY ***
Total pot $0.10 | Rake $0 
Board [7d Td Ac]
Seat 3: James90099 folded before Flop (didn't bet)
Seat 4: Caio Inter folded before Flop (didn't bet)
Seat 5: Elias671 folded before Flop (didn't bet)
Seat 6: VascoSerg (button) folded before Flop (didn't bet)
Seat 7: niallo69 (small blind) collected ($0.10)
Seat 8: Dorex2007 (big blind) folded on the Flop
Seat 9: arafaelll129 folded before Flop (didn't bet)



PokerStars Hand #238845237511:  Hold'em No Limit ($0.02/$0.05 USD) - 2022/09/24 17:15:33 PT [2022/09/24 20:15:33 ET]
Table 'Adonis II' 9-max Seat #7 is the button
Seat 1: lacta01 ($5.89 in chips) 
Seat 3: James90099 ($5 in chips) 
Seat 4: Caio Inter ($5.97 in chips) 
Seat 5: Elias671 ($6.48 in chips) 
Seat 6: VascoSerg ($5.89 in chips) 
Seat 7: niallo69 ($1.82 in chips) 
Seat 8: Dorex2007 ($5.23 in chips) 
Seat 9: arafaelll129 ($1.90 in chips) 
Dorex2007: posts small blind $0.02
arafaelll129: posts big blind $0.05
MrWaffle_lol: sits out 
*** HOLE CARDS ***
Dealt to Dorex2007 [5s As]
lacta01 has timed out
lacta01: folds 
James90099: folds 
Caio Inter: folds 
Elias671: folds 
VascoSerg: folds 
niallo69: calls $0.05
Dorex2007: calls $0.03
arafaelll129: checks 
*** FLOP *** [4c Ah 2h]
Dorex2007: checks 
arafaelll129: checks 
niallo69: bets $0.10
Dorex2007: calls $0.10
arafaelll129: folds 
*** TURN *** [4c Ah 2h] [Tc]
Dorex2007: checks 
niallo69: checks 
*** RIVER *** [4c Ah 2h Tc] [Qs]
Dorex2007: bets $0.17
niallo69: folds 
Uncalled bet ($0.17) returned to Dorex2007
Dorex2007 collected $0.34 from pot
Dorex2007: doesn't show hand 
*** SUMMARY ***
Total pot $0.35 | Rake $0.01 
Board [4c Ah 2h Tc Qs]
Seat 1: lacta01 folded before Flop (didn't bet)
Seat 3: James90099 folded before Flop (didn't bet)
Seat 4: Caio Inter folded before Flop (didn't bet)
Seat 5: Elias671 folded before Flop (didn't bet)
Seat 6: VascoSerg folded before Flop (didn't bet)
Seat 7: niallo69 (button) folded on the River
Seat 8: Dorex2007 (small blind) collected ($0.34)
Seat 9: arafaelll129 (big blind) folded on the Flop



PokerStars Hand #238845249011:  Hold'em No Limit ($0.02/$0.05 USD) - 2022/09/24 17:16:21 PT [2022/09/24 20:16:21 ET]
Table 'Adonis II' 9-max Seat #8 is the button
Seat 2: MrWaffle_lol ($2 in chips) 
Seat 3: James90099 ($5 in chips) 
Seat 4: Caio Inter ($5.97 in chips) 
Seat 5: Elias671 ($6.48 in chips) 
Seat 6: VascoSerg ($5.89 in chips) 
Seat 7: niallo69 ($1.67 in chips) 
Seat 8: Dorex2007 ($5.42 in chips) 
Seat 9: arafaelll129 ($1.85 in chips) 
arafaelll129: posts small blind $0.02
MrWaffle_lol: posts big blind $0.05
*** HOLE CARDS ***
Dealt to Dorex2007 [Jc Ac]
James90099: folds 
Caio Inter has timed out
Caio Inter: folds 
Elias671: calls $0.05
VascoSerg: folds 
niallo69: folds 
Dorex2007: raises $0.10 to $0.15
arafaelll129: folds 
MrWaffle_lol: folds 
Elias671: calls $0.10
*** FLOP *** [Kd Td 5d]
Elias671: bets $0.20
Dorex2007: folds 
Uncalled bet ($0.20) returned to Elias671
Elias671 collected $0.35 from pot
*** SUMMARY ***
Total pot $0.37 | Rake $0.02 
Board [Kd Td 5d]
Seat 2: MrWaffle_lol (big blind) folded before Flop
Seat 3: James90099 folded before Flop (didn't bet)
Seat 4: Caio Inter folded before Flop (didn't bet)
Seat 5: Elias671 collected ($0.35)
Seat 6: VascoSerg folded before Flop (didn't bet)
Seat 7: niallo69 folded before Flop (didn't bet)
Seat 8: Dorex2007 (button) folded on the Flop
Seat 9: arafaelll129 (small blind) folded before Flop



PokerStars Hand #238845259124:  Hold'em No Limit ($0.02/$0.05 USD) - 2022/09/24 17:17:04 PT [2022/09/24 20:17:04 ET]
Table 'Adonis II' 9-max Seat #9 is the button
Seat 2: MrWaffle_lol ($1.95 in chips) 
Seat 3: James90099 ($5 in chips) 
Seat 4: Caio Inter ($5.97 in chips) 
Seat 5: Elias671 ($6.68 in chips) 
Seat 6: VascoSerg ($5.89 in chips) 
Seat 7: niallo69 ($1.67 in chips) 
Seat 8: Dorex2007 ($5.27 in chips) 
Seat 9: arafaelll129 ($1.83 in chips) 
MrWaffle_lol: posts small blind $0.02
James90099: posts big blind $0.05
*** HOLE CARDS ***
Dealt to Dorex2007 [2c 8c]
Caio Inter: folds 
Elias671: calls $0.05
VascoSerg: folds 
niallo69: calls $0.05
Dorex2007: folds 
arafaelll129: folds 
MrWaffle_lol: calls $0.03
James90099: checks 
*** FLOP *** [Qh 6c Qd]
MrWaffle_lol: checks 
James90099: checks 
Elias671: checks 
niallo69: checks 
*** TURN *** [Qh 6c Qd] [Ah]
MrWaffle_lol: checks 
James90099: checks 
Elias671: checks 
niallo69: bets $0.10
MrWaffle_lol: folds 
James90099: folds 
Elias671: folds 
Uncalled bet ($0.10) returned to niallo69
niallo69 collected $0.19 from pot
niallo69: doesn't show hand 
*** SUMMARY ***
Total pot $0.20 | Rake $0.01 
Board [Qh 6c Qd Ah]
Seat 2: MrWaffle_lol (small blind) folded on the Turn
Seat 3: James90099 (big blind) folded on the Turn
Seat 4: Caio Inter folded before Flop (didn't bet)
Seat 5: Elias671 folded on the Turn
Seat 6: VascoSerg folded before Flop (didn't bet)
Seat 7: niallo69 collected ($0.19)
Seat 8: Dorex2007 folded before Flop (didn't bet)
Seat 9: arafaelll129 (button) folded before Flop (didn't bet)



PokerStars Hand #238845271964:  Hold'em No Limit ($0.02/$0.05 USD) - 2022/09/24 17:17:57 PT [2022/09/24 20:17:57 ET]
Table 'Adonis II' 9-max Seat #2 is the button
Seat 2: MrWaffle_lol ($1.90 in chips) 
Seat 3: James90099 ($5 in chips) 
Seat 4: Caio Inter ($5.97 in chips) 
Seat 5: Elias671 ($6.63 in chips) 
Seat 6: VascoSerg ($5.89 in chips) 
Seat 7: niallo69 ($1.81 in chips) 
Seat 8: Dorex2007 ($5.27 in chips) 
Seat 9: arafaelll129 ($1.83 in chips) 
James90099: posts small blind $0.02
Caio Inter is disconnected 
Caio Inter is connected 
Caio Inter: posts big blind $0.05
*** HOLE CARDS ***
Dealt to Dorex2007 [8d Jh]
Elias671: calls $0.05
VascoSerg: folds 
niallo69: folds 
Dorex2007: folds 
arafaelll129: raises $0.06 to $0.11
MrWaffle_lol: folds 
James90099: folds 
Caio Inter is disconnected 
Caio Inter has timed out while disconnected
Caio Inter: folds 
Elias671: calls $0.06
*** FLOP *** [5d Kh 6c]
Elias671: checks 
arafaelll129: bets $0.10
Elias671: folds 
Uncalled bet ($0.10) returned to arafaelll129
arafaelll129 collected $0.28 from pot
arafaelll129: doesn't show hand 
*** SUMMARY ***
Total pot $0.29 | Rake $0.01 
Board [5d Kh 6c]
Seat 2: MrWaffle_lol (button) folded before Flop (didn't bet)
Seat 3: James90099 (small blind) folded before Flop
Seat 4: Caio Inter (big blind) folded before Flop
Seat 5: Elias671 folded on the Flop
Seat 6: VascoSerg folded before Flop (didn't bet)
Seat 7: niallo69 folded before Flop (didn't bet)
Seat 8: Dorex2007 folded before Flop (didn't bet)
Seat 9: arafaelll129 collected ($0.28)



PokerStars Hand #238845284252:  Hold'em No Limit ($0.02/$0.05 USD) - 2022/09/24 17:18:48 PT [2022/09/24 20:18:48 ET]
Table 'Adonis II' 9-max Seat #3 is the button
Seat 2: MrWaffle_lol ($1.90 in chips) 
Seat 3: James90099 ($5 in chips) 
Seat 5: Elias671 ($6.52 in chips) 
Seat 6: VascoSerg ($5.89 in chips) 
Seat 7: niallo69 ($1.81 in chips) 
Seat 8: Dorex2007 ($5.27 in chips) 
Seat 9: arafaelll129 ($2 in chips) 
Elias671: posts small blind $0.02
VascoSerg: posts big blind $0.05
*** HOLE CARDS ***
Dealt to Dorex2007 [9h 4s]
niallo69: raises $0.05 to $0.10
Dorex2007: folds 
arafaelll129: folds 
MrWaffle_lol: folds 
James90099: calls $0.10
Elias671: folds 
VascoSerg: folds 
*** FLOP *** [Td Js 7c]
niallo69: bets $0.10
James90099: calls $0.10
*** TURN *** [Td Js 7c] [Qd]
niallo69: bets $0.10
James90099: raises $0.25 to $0.35
niallo69: calls $0.25
*** RIVER *** [Td Js 7c Qd] [Qc]
niallo69: checks 
James90099: bets $4.45 and is all-in
niallo69: folds 
Uncalled bet ($4.45) returned to James90099
James90099 collected $1.12 from pot
James90099: doesn't show hand 
*** SUMMARY ***
Total pot $1.17 | Rake $0.05 
Board [Td Js 7c Qd Qc]
Seat 2: MrWaffle_lol folded before Flop (didn't bet)
Seat 3: James90099 (button) collected ($1.12)
Seat 5: Elias671 (small blind) folded before Flop
Seat 6: VascoSerg (big blind) folded before Flop
Seat 7: niallo69 folded on the River
Seat 8: Dorex2007 folded before Flop (didn't bet)
Seat 9: arafaelll129 folded before Flop (didn't bet)



PokerStars Hand #238845302967:  Hold'em No Limit ($0.02/$0.05 USD) - 2022/09/24 17:20:06 PT [2022/09/24 20:20:06 ET]
Table 'Adonis II' 9-max Seat #5 is the button
Seat 2: MrWaffle_lol ($1.90 in chips) 
Seat 3: James90099 ($5.57 in chips) 
Seat 4: Caio Inter ($5.92 in chips) 
Seat 5: Elias671 ($6.50 in chips) 
Seat 6: VascoSerg ($5.84 in chips) 
Seat 7: niallo69 ($1.26 in chips) 
Seat 8: Dorex2007 ($5.27 in chips) 
Seat 9: arafaelll129 ($2 in chips) 
VascoSerg: posts small blind $0.02
niallo69: posts big blind $0.05
Caio Inter: posts small blind $0.02
*** HOLE CARDS ***
Dealt to Dorex2007 [3s 7h]
Dorex2007: folds 
arafaelll129: folds 
MrWaffle_lol: raises $0.14 to $0.19
James90099: folds 
Caio Inter: folds 
Elias671: folds 
VascoSerg: folds 
niallo69: calls $0.14
*** FLOP *** [5d 8c Ad]
niallo69: checks 
MrWaffle_lol: bets $0.25
niallo69: folds 
Uncalled bet ($0.25) returned to MrWaffle_lol
MrWaffle_lol collected $0.40 from pot
MrWaffle_lol: doesn't show hand 
*** SUMMARY ***
Total pot $0.42 | Rake $0.02 
Board [5d 8c Ad]
Seat 2: MrWaffle_lol collected ($0.40)
Seat 3: James90099 folded before Flop (didn't bet)
Seat 4: Caio Inter folded before Flop (didn't bet)
Seat 5: Elias671 (button) folded before Flop (didn't bet)
Seat 6: VascoSerg (small blind) folded before Flop
Seat 7: niallo69 (big blind) folded on the Flop
Seat 8: Dorex2007 folded before Flop (didn't bet)
Seat 9: arafaelll129 folded before Flop (didn't bet)



PokerStars Hand #238845308866:  Hold'em No Limit ($0.02/$0.05 USD) - 2022/09/24 17:20:31 PT [2022/09/24 20:20:31 ET]
Table 'Adonis II' 9-max Seat #6 is the button
Seat 2: MrWaffle_lol ($2.11 in chips) 
Seat 3: James90099 ($5.57 in chips) 
Seat 4: Caio Inter ($5.90 in chips) 
Seat 5: Elias671 ($6.50 in chips) 
Seat 6: VascoSerg ($5.82 in chips) 
Seat 7: niallo69 ($1.07 in chips) 
Seat 8: Dorex2007 ($5.27 in chips) 
Seat 9: arafaelll129 ($2 in chips) 
niallo69: posts small blind $0.02
Dorex2007: posts big blind $0.05
*** HOLE CARDS ***
Dealt to Dorex2007 [Kc 8d]
arafaelll129: folds 
MrWaffle_lol: folds 
James90099: folds 
Caio Inter: folds 
Elias671: calls $0.05
VascoSerg: folds 
niallo69: raises $0.05 to $0.10
Dorex2007: folds 
Elias671: calls $0.05
*** FLOP *** [7h 5s Ah]
niallo69: bets $0.10
Elias671: calls $0.10
*** TURN *** [7h 5s Ah] [4d]
niallo69: checks 
Elias671: bets $0.15
niallo69: calls $0.15
*** RIVER *** [7h 5s Ah 4d] [Td]
niallo69: checks 
Elias671: checks 
*** SHOW DOWN ***
niallo69: shows [Qd Qh] (a pair of Queens)
Elias671: mucks hand 
niallo69 collected $0.72 from pot
*** SUMMARY ***
Total pot $0.75 | Rake $0.03 
Board [7h 5s Ah 4d Td]
Seat 2: MrWaffle_lol folded before Flop (didn't bet)
Seat 3: James90099 folded before Flop (didn't bet)
Seat 4: Caio Inter folded before Flop (didn't bet)
Seat 5: Elias671 mucked [5h 2h]
Seat 6: VascoSerg (button) folded before Flop (didn't bet)
Seat 7: niallo69 (small blind) showed [Qd Qh] and won ($0.72) with a pair of Queens
Seat 8: Dorex2007 (big blind) folded before Flop
Seat 9: arafaelll129 folded before Flop (didn't bet)



PokerStars Hand #238845320066:  Hold'em No Limit ($0.02/$0.05 USD) - 2022/09/24 17:21:17 PT [2022/09/24 20:21:17 ET]
Table 'Adonis II' 9-max Seat #7 is the button
Seat 2: MrWaffle_lol ($2.11 in chips) 
Seat 3: James90099 ($5.57 in chips) 
Seat 4: Caio Inter ($5.90 in chips) 
Seat 5: Elias671 ($6.15 in chips) 
Seat 6: VascoSerg ($5.82 in chips) 
Seat 7: niallo69 ($1.44 in chips) 
Seat 8: Dorex2007 ($5.22 in chips) 
Seat 9: arafaelll129 ($2 in chips) 
Dorex2007: posts small blind $0.02
arafaelll129: posts big blind $0.05
*** HOLE CARDS ***
Dealt to Dorex2007 [Kd 9c]
MrWaffle_lol: folds 
James90099: folds 
Caio Inter: folds 
Elias671: calls $0.05
VascoSerg: folds 
niallo69: folds 
Dorex2007: folds 
arafaelll129: checks 
*** FLOP *** [Ac 8h Qs]
arafaelll129: checks 
Elias671: checks 
*** TURN *** [Ac 8h Qs] [Tc]
arafaelll129: checks 
Elias671: checks 
*** RIVER *** [Ac 8h Qs Tc] [4c]
arafaelll129: checks 
Elias671: bets $0.20
arafaelll129: folds 
Uncalled bet ($0.20) returned to Elias671
Elias671 collected $0.12 from pot
*** SUMMARY ***
Total pot $0.12 | Rake $0 
Board [Ac 8h Qs Tc 4c]
Seat 2: MrWaffle_lol folded before Flop (didn't bet)
Seat 3: James90099 folded before Flop (didn't bet)
Seat 4: Caio Inter folded before Flop (didn't bet)
Seat 5: Elias671 collected ($0.12)
Seat 6: VascoSerg folded before Flop (didn't bet)
Seat 7: niallo69 (button) folded before Flop (didn't bet)
Seat 8: Dorex2007 (small blind) folded before Flop
Seat 9: arafaelll129 (big blind) folded on the River



PokerStars Hand #238845328391:  Hold'em No Limit ($0.02/$0.05 USD) - 2022/09/24 17:21:53 PT [2022/09/24 20:21:53 ET]
Table 'Adonis II' 9-max Seat #8 is the button
Seat 2: MrWaffle_lol ($2.11 in chips) 
Seat 3: James90099 ($5.57 in chips) 
Seat 4: Caio Inter ($5.90 in chips) 
Seat 5: Elias671 ($6.22 in chips) 
Seat 6: VascoSerg ($5.82 in chips) 
Seat 7: niallo69 ($1.44 in chips) 
Seat 8: Dorex2007 ($5.20 in chips) 
Seat 9: arafaelll129 ($1.95 in chips) 
arafaelll129: posts small blind $0.02
MrWaffle_lol: posts big blind $0.05
*** HOLE CARDS ***
Dealt to Dorex2007 [9s 2c]
James90099: folds 
Caio Inter: folds 
Elias671: calls $0.05
VascoSerg: folds 
niallo69: raises $0.05 to $0.10
Dorex2007: folds 
arafaelll129: folds 
MrWaffle_lol: folds 
Elias671: calls $0.05
*** FLOP *** [7s 9h 6c]
Elias671: checks 
niallo69: checks 
*** TURN *** [7s 9h 6c] [Ad]
Elias671: bets $0.15
niallo69: raises $0.15 to $0.30
Elias671: raises $0.15 to $0.45
niallo69: calls $0.15
*** RIVER *** [7s 9h 6c Ad] [Td]
Elias671: bets $1.12
niallo69: calls $0.89 and is all-in
Uncalled bet ($0.23) returned to Elias671
*** SHOW DOWN ***
Elias671: shows [6h 9c] (two pair, Nines and Sixes)
niallo69: shows [Kd Ac] (a pair of Aces)
Elias671 collected $2.83 from pot
*** SUMMARY ***
Total pot $2.95 | Rake $0.12 
Board [7s 9h 6c Ad Td]
Seat 2: MrWaffle_lol (big blind) folded before Flop
Seat 3: James90099 folded before Flop (didn't bet)
Seat 4: Caio Inter folded before Flop (didn't bet)
Seat 5: Elias671 showed [6h 9c] and won ($2.83) with two pair, Nines and Sixes
Seat 6: VascoSerg folded before Flop (didn't bet)
Seat 7: niallo69 showed [Kd Ac] and lost with a pair of Aces
Seat 8: Dorex2007 (button) folded before Flop (didn't bet)
Seat 9: arafaelll129 (small blind) folded before Flop



PokerStars Hand #238845395316:  Hold'em No Limit ($0.02/$0.05 USD) - 2022/09/24 17:26:36 PT [2022/09/24 20:26:36 ET]
Table 'Adonis II' 9-max Seat #9 is the button
Seat 3: James90099 ($5.81 in chips) 
Seat 4: Caio Inter ($5.41 in chips) 
Seat 5: Elias671 ($8.10 in chips) 
Seat 6: VascoSerg ($5.75 in chips) 
Seat 7: HAEMHuk2009 ($5 in chips) 
Seat 8: Dorex2007 ($5.20 in chips) 
Seat 9: arafaelll129 ($1.86 in chips) 
James90099: posts small blind $0.02
Caio Inter: posts big blind $0.05
Dorex2007: posts small & big blinds $0.07
*** HOLE CARDS ***
Dealt to Dorex2007 [Js 3h]
Elias671: calls $0.05
VascoSerg: raises $0.19 to $0.24
HAEMHuk2009: folds 
Dorex2007: folds 
arafaelll129: folds 
James90099: folds 
Caio Inter: calls $0.19
Elias671: folds 
*** FLOP *** [8d 8h 4h]
Caio Inter: checks 
VascoSerg: checks 
*** TURN *** [8d 8h 4h] [7h]
Maria1995587 joins the table at seat #2 
Caio Inter: checks 
VascoSerg: checks 
*** RIVER *** [8d 8h 4h 7h] [As]
Caio Inter: checks 
VascoSerg: checks 
*** SHOW DOWN ***
Caio Inter: shows [Jc Qd] (a pair of Eights)
VascoSerg: shows [6h 6c] (two pair, Eights and Sixes)
VascoSerg collected $0.59 from pot
*** SUMMARY ***
Total pot $0.62 | Rake $0.03 
Board [8d 8h 4h 7h As]
Seat 3: James90099 (small blind) folded before Flop
Seat 4: Caio Inter (big blind) showed [Jc Qd] and lost with a pair of Eights
Seat 5: Elias671 folded before Flop
Seat 6: VascoSerg showed [6h 6c] and won ($0.59) with two pair, Eights and Sixes
Seat 7: HAEMHuk2009 folded before Flop (didn't bet)
Seat 8: Dorex2007 folded before Flop (didn't bet)
Seat 9: arafaelll129 (button) folded before Flop (didn't bet)



PokerStars Hand #238845417964:  Hold'em No Limit ($0.02/$0.05 USD) - 2022/09/24 17:28:11 PT [2022/09/24 20:28:11 ET]
Table 'Adonis II' 9-max Seat #3 is the button
Seat 2: Maria1995587 ($5 in chips) 
Seat 3: James90099 ($5.79 in chips) 
Seat 4: Caio Inter ($5.17 in chips) 
Seat 5: Elias671 ($8.05 in chips) 
Seat 6: VascoSerg ($6.10 in chips) 
Seat 7: HAEMHuk2009 ($5 in chips) 
Seat 8: Dorex2007 ($5.13 in chips) 
Seat 9: arafaelll129 ($1.86 in chips) 
Caio Inter: posts small blind $0.02
Elias671: posts big blind $0.05
Maria1995587: posts big blind $0.05
*** HOLE CARDS ***
Dealt to Dorex2007 [5h 9d]
VascoSerg: folds 
HAEMHuk2009: folds 
Dorex2007: folds 
arafaelll129: folds 
Maria1995587: raises $0.10 to $0.15
James90099: folds 
Caio Inter: folds 
Elias671: calls $0.10
*** FLOP *** [Qs 2h 3c]
Elias671: checks 
Maria1995587: bets $0.15
Elias671: folds 
Uncalled bet ($0.15) returned to Maria1995587
Maria1995587 collected $0.31 from pot
*** SUMMARY ***
Total pot $0.32 | Rake $0.01 
Board [Qs 2h 3c]
Seat 2: Maria1995587 collected ($0.31)
Seat 3: James90099 (button) folded before Flop (didn't bet)
Seat 4: Caio Inter (small blind) folded before Flop
Seat 5: Elias671 (big blind) folded on the Flop
Seat 6: VascoSerg folded before Flop (didn't bet)
Seat 7: HAEMHuk2009 folded before Flop (didn't bet)
Seat 8: Dorex2007 folded before Flop (didn't bet)
Seat 9: arafaelll129 folded before Flop (didn't bet)



PokerStars Hand #238845425062:  Hold'em No Limit ($0.02/$0.05 USD) - 2022/09/24 17:28:42 PT [2022/09/24 20:28:42 ET]
Table 'Adonis II' 9-max Seat #4 is the button
Seat 2: Maria1995587 ($5.16 in chips) 
Seat 3: James90099 ($5.79 in chips) 
Seat 4: Caio Inter ($5.15 in chips) 
Seat 5: Elias671 ($7.90 in chips) 
Seat 6: VascoSerg ($6.10 in chips) 
Seat 7: HAEMHuk2009 ($5 in chips) 
Seat 8: Dorex2007 ($5.13 in chips) 
Seat 9: arafaelll129 ($1.86 in chips) 
Elias671: posts small blind $0.02
VascoSerg: posts big blind $0.05
*** HOLE CARDS ***
Dealt to Dorex2007 [9s 2h]
HAEMHuk2009: folds 
Dorex2007: folds 
arafaelll129: folds 
Maria1995587: raises $0.10 to $0.15
James90099: folds 
Caio Inter: folds 
Elias671: calls $0.13
VascoSerg: folds 
*** FLOP *** [Js 6d As]
Elias671: bets $0.05
Maria1995587: raises $0.20 to $0.25
Elias671: calls $0.20
*** TURN *** [Js 6d As] [Ks]
Elias671: bets $0.20
Maria1995587: calls $0.20
*** RIVER *** [Js 6d As Ks] [8h]
Elias671: bets $0.20
Maria1995587: calls $0.20
*** SHOW DOWN ***
Elias671: shows [Kc Th] (a pair of Kings)
Maria1995587: shows [7h Ac] (a pair of Aces)
Maria1995587 collected $1.58 from pot
*** SUMMARY ***
Total pot $1.65 | Rake $0.07 
Board [Js 6d As Ks 8h]
Seat 2: Maria1995587 showed [7h Ac] and won ($1.58) with a pair of Aces
Seat 3: James90099 folded before Flop (didn't bet)
Seat 4: Caio Inter (button) folded before Flop (didn't bet)
Seat 5: Elias671 (small blind) showed [Kc Th] and lost with a pair of Kings
Seat 6: VascoSerg (big blind) folded before Flop
Seat 7: HAEMHuk2009 folded before Flop (didn't bet)
Seat 8: Dorex2007 folded before Flop (didn't bet)
Seat 9: arafaelll129 folded before Flop (didn't bet)



PokerStars Hand #238845436074:  Hold'em No Limit ($0.02/$0.05 USD) - 2022/09/24 17:29:30 PT [2022/09/24 20:29:30 ET]
Table 'Adonis II' 9-max Seat #5 is the button
Seat 2: Maria1995587 ($5.94 in chips) 
Seat 3: James90099 ($5.79 in chips) 
Seat 4: Caio Inter ($5.15 in chips) 
Seat 5: Elias671 ($7.10 in chips) 
Seat 6: VascoSerg ($6.05 in chips) 
Seat 7: HAEMHuk2009 ($5 in chips) 
Seat 8: Dorex2007 ($5.13 in chips) 
Seat 9: arafaelll129 ($1.86 in chips) 
VascoSerg: posts small blind $0.02
HAEMHuk2009: posts big blind $0.05
*** HOLE CARDS ***
Dealt to Dorex2007 [5c 8d]
Dorex2007: folds 
arafaelll129: folds 
Maria1995587: raises $0.10 to $0.15
James90099: raises $0.37 to $0.52
Caio Inter: folds 
Elias671: folds 
VascoSerg: folds 
HAEMHuk2009: folds 
Maria1995587: folds 
Uncalled bet ($0.37) returned to James90099
James90099 collected $0.37 from pot
James90099: doesn't show hand 
*** SUMMARY ***
Total pot $0.37 | Rake $0 
Seat 2: Maria1995587 folded before Flop
Seat 3: James90099 collected ($0.37)
Seat 4: Caio Inter folded before Flop (didn't bet)
Seat 5: Elias671 (button) folded before Flop (didn't bet)
Seat 6: VascoSerg (small blind) folded before Flop
Seat 7: HAEMHuk2009 (big blind) folded before Flop
Seat 8: Dorex2007 folded before Flop (didn't bet)
Seat 9: arafaelll129 folded before Flop (didn't bet)



PokerStars Hand #238845445321:  Hold'em No Limit ($0.02/$0.05 USD) - 2022/09/24 17:30:09 PT [2022/09/24 20:30:09 ET]
Table 'Adonis II' 9-max Seat #6 is the button
Seat 2: Maria1995587 ($5.79 in chips) 
Seat 3: James90099 ($6.01 in chips) 
Seat 4: Caio Inter ($5.15 in chips) 
Seat 5: Elias671 ($7.10 in chips) 
Seat 6: VascoSerg ($6.03 in chips) 
Seat 7: HAEMHuk2009 ($5 in chips) 
Seat 8: Dorex2007 ($5.13 in chips) 
Seat 9: arafaelll129 ($1.86 in chips) 
HAEMHuk2009: posts small blind $0.02
Dorex2007: posts big blind $0.05
*** HOLE CARDS ***
Dealt to Dorex2007 [Th 8s]
arafaelll129: folds 
Maria1995587: calls $0.05
James90099: folds 
Caio Inter: raises $0.15 to $0.20
Elias671: calls $0.20
VascoSerg: folds 
HAEMHuk2009: folds 
Dorex2007: folds 
Maria1995587: folds 
*** FLOP *** [Jh 7c 5h]
Caio Inter: bets $0.25
Elias671: calls $0.25
*** TURN *** [Jh 7c 5h] [5s]
Caio Inter: bets $0.49
Elias671: folds 
Uncalled bet ($0.49) returned to Caio Inter
Caio Inter collected $0.98 from pot
*** SUMMARY ***
Total pot $1.02 | Rake $0.04 
Board [Jh 7c 5h 5s]
Seat 2: Maria1995587 folded before Flop
Seat 3: James90099 folded before Flop (didn't bet)
Seat 4: Caio Inter collected ($0.98)
Seat 5: Elias671 folded on the Turn
Seat 6: VascoSerg (button) folded before Flop (didn't bet)
Seat 7: HAEMHuk2009 (small blind) folded before Flop
Seat 8: Dorex2007 (big blind) folded before Flop
Seat 9: arafaelll129 folded before Flop (didn't bet)



PokerStars Hand #238845455397:  Hold'em No Limit ($0.02/$0.05 USD) - 2022/09/24 17:30:53 PT [2022/09/24 20:30:53 ET]
Table 'Adonis II' 9-max Seat #7 is the button
Seat 2: Maria1995587 ($5.74 in chips) 
Seat 3: James90099 ($6.01 in chips) 
Seat 4: Caio Inter ($5.68 in chips) 
Seat 5: Elias671 ($6.65 in chips) 
Seat 6: VascoSerg ($6.03 in chips) 
Seat 7: HAEMHuk2009 ($5 in chips) 
Seat 8: Dorex2007 ($5.08 in chips) 
Seat 9: arafaelll129 ($1.86 in chips) 
Dorex2007: posts small blind $0.02
arafaelll129: posts big blind $0.05
*** HOLE CARDS ***
Dealt to Dorex2007 [8c Kh]
Maria1995587: folds 
James90099 has timed out
James90099: folds 
Caio Inter: folds 
Elias671: folds 
VascoSerg: raises $0.07 to $0.12
HAEMHuk2009: folds 
Dorex2007: folds 
arafaelll129: calls $0.07
*** FLOP *** [As 5c Qc]
arafaelll129: checks 
VascoSerg: checks 
*** TURN *** [As 5c Qc] [Td]
arafaelll129: checks 
VascoSerg: checks 
*** RIVER *** [As 5c Qc Td] [5h]
arafaelll129: bets $1.74 and is all-in
VascoSerg: folds 
Uncalled bet ($1.74) returned to arafaelll129
arafaelll129 collected $0.25 from pot
arafaelll129: doesn't show hand 
*** SUMMARY ***
Total pot $0.26 | Rake $0.01 
Board [As 5c Qc Td 5h]
Seat 2: Maria1995587 folded before Flop (didn't bet)
Seat 3: James90099 folded before Flop (didn't bet)
Seat 4: Caio Inter folded before Flop (didn't bet)
Seat 5: Elias671 folded before Flop (didn't bet)
Seat 6: VascoSerg folded on the River
Seat 7: HAEMHuk2009 (button) folded before Flop (didn't bet)
Seat 8: Dorex2007 (small blind) folded before Flop
Seat 9: arafaelll129 (big blind) collected ($0.25)



PokerStars Hand #238845465218:  Hold'em No Limit ($0.02/$0.05 USD) - 2022/09/24 17:31:35 PT [2022/09/24 20:31:35 ET]
Table 'Adonis II' 9-max Seat #8 is the button
Seat 2: Maria1995587 ($5.74 in chips) 
Seat 3: James90099 ($6.01 in chips) 
Seat 4: Caio Inter ($5.68 in chips) 
Seat 5: Elias671 ($6.65 in chips) 
Seat 6: VascoSerg ($5.91 in chips) 
Seat 7: HAEMHuk2009 ($5 in chips) 
Seat 8: Dorex2007 ($5.06 in chips) 
Seat 9: arafaelll129 ($1.99 in chips) 
arafaelll129: posts small blind $0.02
Maria1995587: posts big blind $0.05
*** HOLE CARDS ***
Dealt to Dorex2007 [7d Qs]
James90099: folds 
Caio Inter: raises $0.10 to $0.15
Elias671: folds 
VascoSerg: folds 
HAEMHuk2009: folds 
Dorex2007: folds 
arafaelll129: folds 
Maria1995587: folds 
Uncalled bet ($0.10) returned to Caio Inter
Caio Inter collected $0.12 from pot
lacta01 leaves the table
*** SUMMARY ***
Total pot $0.12 | Rake $0 
Seat 2: Maria1995587 (big blind) folded before Flop
Seat 3: James90099 folded before Flop (didn't bet)
Seat 4: Caio Inter collected ($0.12)
Seat 5: Elias671 folded before Flop (didn't bet)
Seat 6: VascoSerg folded before Flop (didn't bet)
Seat 7: HAEMHuk2009 folded before Flop (didn't bet)
Seat 8: Dorex2007 (button) folded before Flop (didn't bet)
Seat 9: arafaelll129 (small blind) folded before Flop



PokerStars Hand #238845470949:  Hold'em No Limit ($0.02/$0.05 USD) - 2022/09/24 17:32:00 PT [2022/09/24 20:32:00 ET]
Table 'Adonis II' 9-max Seat #9 is the button
Seat 2: Maria1995587 ($5.69 in chips) 
Seat 3: James90099 ($6.01 in chips) 
Seat 4: Caio Inter ($5.75 in chips) 
Seat 5: Elias671 ($6.65 in chips) 
Seat 6: VascoSerg ($5.91 in chips) 
Seat 7: HAEMHuk2009 ($5 in chips) 
Seat 8: Dorex2007 ($5.06 in chips) 
Seat 9: arafaelll129 ($1.97 in chips) 
Maria1995587: posts small blind $0.02
James90099: posts big blind $0.05
*** HOLE CARDS ***
Dealt to Dorex2007 [Ts Jh]
Caio Inter: raises $0.10 to $0.15
Elias671: calls $0.15
VascoSerg: folds 
HAEMHuk2009: folds 
Dorex2007: folds 
arafaelll129: folds 
Maria1995587: calls $0.13
James90099: calls $0.10
*** FLOP *** [2d Kh 9s]
Maria1995587: checks 
James90099: checks 
Caio Inter: checks 
Elias671: bets $0.15
Maria1995587: folds 
James90099: folds 
Caio Inter: calls $0.15
*** TURN *** [2d Kh 9s] [Td]
Caio Inter: checks 
Elias671: bets $0.86
Caio Inter: folds 
Uncalled bet ($0.86) returned to Elias671
Elias671 collected $0.86 from pot
*** SUMMARY ***
Total pot $0.90 | Rake $0.04 
Board [2d Kh 9s Td]
Seat 2: Maria1995587 (small blind) folded on the Flop
Seat 3: James90099 (big blind) folded on the Flop
Seat 4: Caio Inter folded on the Turn
Seat 5: Elias671 collected ($0.86)
Seat 6: VascoSerg folded before Flop (didn't bet)
Seat 7: HAEMHuk2009 folded before Flop (didn't bet)
Seat 8: Dorex2007 folded before Flop (didn't bet)
Seat 9: arafaelll129 (button) folded before Flop (didn't bet)



PokerStars Hand #238845488872:  Hold'em No Limit ($0.02/$0.05 USD) - 2022/09/24 17:33:18 PT [2022/09/24 20:33:18 ET]
Table 'Adonis II' 9-max Seat #2 is the button
Seat 2: Maria1995587 ($5.54 in chips) 
Seat 3: James90099 ($5.86 in chips) 
Seat 4: Caio Inter ($5.45 in chips) 
Seat 5: Elias671 ($7.21 in chips) 
Seat 6: VascoSerg ($5.91 in chips) 
Seat 7: HAEMHuk2009 ($5 in chips) 
Seat 8: Dorex2007 ($5.06 in chips) 
Seat 9: arafaelll129 ($1.97 in chips) 
James90099: posts small blind $0.02
Caio Inter: posts big blind $0.05
*** HOLE CARDS ***
Dealt to Dorex2007 [Qc 4s]
Elias671: calls $0.05
VascoSerg: raises $0.17 to $0.22
HAEMHuk2009: folds 
Dorex2007: folds 
arafaelll129: folds 
Maria1995587: folds 
James90099: folds 
Caio Inter: calls $0.17
Elias671: raises $0.68 to $0.90
VascoSerg: raises $1.12 to $2.02
Caio Inter: folds 
Elias671: raises $5.19 to $7.21 and is all-in
VascoSerg: calls $3.89 and is all-in
Uncalled bet ($1.30) returned to Elias671
*** FLOP *** [2s 6c Jc]
*** TURN *** [2s 6c Jc] [4c]
*** RIVER *** [2s 6c Jc 4c] [3c]
*** SHOW DOWN ***
Elias671: shows [Kh Kc] (a flush, King high)
VascoSerg: shows [Ac Ah] (a flush, Ace high)
VascoSerg cashed out the hand for $9.45 | Cash Out Fee $0.10
*** SUMMARY ***
Total pot $12.06 | Rake $0.50 
Board [2s 6c Jc 4c 3c]
Seat 2: Maria1995587 (button) folded before Flop (didn't bet)
Seat 3: James90099 (small blind) folded before Flop
Seat 4: Caio Inter (big blind) folded before Flop
Seat 5: Elias671 showed [Kh Kc] and lost with a flush, King high
Seat 6: VascoSerg showed [Ac Ah] and won ($11.56) with a flush, Ace high (pot not awarded as player cashed out)
Seat 7: HAEMHuk2009 folded before Flop (didn't bet)
Seat 8: Dorex2007 folded before Flop (didn't bet)
Seat 9: arafaelll129 folded before Flop (didn't bet)



PokerStars Hand #238845501368:  Hold'em No Limit ($0.02/$0.05 USD) - 2022/09/24 17:34:12 PT [2022/09/24 20:34:12 ET]
Table 'Adonis II' 9-max Seat #3 is the button
Seat 2: Maria1995587 ($5.54 in chips) 
Seat 3: James90099 ($5.84 in chips) 
Seat 4: Caio Inter ($5.23 in chips) 
Seat 5: Elias671 ($1.30 in chips) 
Seat 6: VascoSerg ($9.45 in chips) 
Seat 7: HAEMHuk2009 ($5 in chips) 
Seat 8: Dorex2007 ($5.06 in chips) 
Seat 9: arafaelll129 ($1.97 in chips) 
Caio Inter: posts small blind $0.02
Elias671: posts big blind $0.05
*** HOLE CARDS ***
Dealt to Dorex2007 [As 8d]
VascoSerg: folds 
HAEMHuk2009: folds 
Dorex2007: folds 
arafaelll129: folds 
Maria1995587: folds 
James90099: raises $0.10 to $0.15
Caio Inter: calls $0.13
Elias671: raises $0.45 to $0.60
James90099: folds 
Caio Inter: raises $4.63 to $5.23 and is all-in
Elias671: calls $0.70 and is all-in
Uncalled bet ($3.93) returned to Caio Inter
*** FLOP *** [Qd 9s 2d]
*** TURN *** [Qd 9s 2d] [5s]
*** RIVER *** [Qd 9s 2d 5s] [8h]
*** SHOW DOWN ***
Caio Inter: shows [Ah Ts] (high card Ace)
Elias671: shows [5c 8c] (two pair, Eights and Fives)
Elias671 collected $2.64 from pot
*** SUMMARY ***
Total pot $2.75 | Rake $0.11 
Board [Qd 9s 2d 5s 8h]
Seat 2: Maria1995587 folded before Flop (didn't bet)
Seat 3: James90099 (button) folded before Flop
Seat 4: Caio Inter (small blind) showed [Ah Ts] and lost with high card Ace
Seat 5: Elias671 (big blind) showed [5c 8c] and won ($2.64) with two pair, Eights and Fives
Seat 6: VascoSerg folded before Flop (didn't bet)
Seat 7: HAEMHuk2009 folded before Flop (didn't bet)
Seat 8: Dorex2007 folded before Flop (didn't bet)
Seat 9: arafaelll129 folded before Flop (didn't bet)



PokerStars Hand #238845514557:  Hold'em No Limit ($0.02/$0.05 USD) - 2022/09/24 17:35:10 PT [2022/09/24 20:35:10 ET]
Table 'Adonis II' 9-max Seat #4 is the button
Seat 2: Maria1995587 ($5.54 in chips) 
Seat 3: James90099 ($5.69 in chips) 
Seat 4: Caio Inter ($3.93 in chips) 
Seat 5: Elias671 ($2.64 in chips) 
Seat 6: VascoSerg ($9.45 in chips) 
Seat 7: HAEMHuk2009 ($5 in chips) 
Seat 8: Dorex2007 ($5.06 in chips) 
Seat 9: arafaelll129 ($1.97 in chips) 
Elias671: posts small blind $0.02
VascoSerg: posts big blind $0.05
*** HOLE CARDS ***
Dealt to Dorex2007 [3c Kc]
HAEMHuk2009: raises $0.10 to $0.15
Dorex2007: folds 
arafaelll129: folds 
Maria1995587: calls $0.15
James90099: folds 
Caio Inter: folds 
Elias671: calls $0.13
VascoSerg: folds 
*** FLOP *** [3d 5s Td]
Elias671: checks 
HAEMHuk2009: checks 
Maria1995587: checks 
*** TURN *** [3d 5s Td] [6s]
Elias671: checks 
HAEMHuk2009: checks 
Maria1995587: checks 
*** RIVER *** [3d 5s Td 6s] [9c]
Elias671: checks 
HAEMHuk2009: checks 
Maria1995587: bets $0.48
Elias671: folds 
HAEMHuk2009: calls $0.48
*** SHOW DOWN ***
Maria1995587: shows [Ks Ac] (high card Ace)
HAEMHuk2009: shows [Kd As] (high card Ace)
HAEMHuk2009 collected $0.70 from pot
Maria1995587 collected $0.70 from pot
*** SUMMARY ***
Total pot $1.46 | Rake $0.06 
Board [3d 5s Td 6s 9c]
Seat 2: Maria1995587 showed [Ks Ac] and won ($0.70) with high card Ace
Seat 3: James90099 folded before Flop (didn't bet)
Seat 4: Caio Inter (button) folded before Flop (didn't bet)
Seat 5: Elias671 (small blind) folded on the River
Seat 6: VascoSerg (big blind) folded before Flop
Seat 7: HAEMHuk2009 showed [Kd As] and won ($0.70) with high card Ace
Seat 8: Dorex2007 folded before Flop (didn't bet)
Seat 9: arafaelll129 folded before Flop (didn't bet)



PokerStars Hand #238845534337:  Hold'em No Limit ($0.02/$0.05 USD) - 2022/09/24 17:36:36 PT [2022/09/24 20:36:36 ET]
Table 'Adonis II' 9-max Seat #5 is the button
Seat 2: Maria1995587 ($5.61 in chips) 
Seat 3: James90099 ($5.69 in chips) 
Seat 4: Caio Inter ($3.93 in chips) 
Seat 5: Elias671 ($2.49 in chips) 
Seat 6: VascoSerg ($9.40 in chips) 
Seat 7: HAEMHuk2009 ($5.07 in chips) 
Seat 8: Dorex2007 ($5.06 in chips) 
Seat 9: arafaelll129 ($1.97 in chips) 
VascoSerg: posts small blind $0.02
HAEMHuk2009: posts big blind $0.05
*** HOLE CARDS ***
Dealt to Dorex2007 [Qh 6d]
Dorex2007: folds 
arafaelll129: folds 
Maria1995587: calls $0.05
James90099: folds 
Caio Inter: raises $0.10 to $0.15
Elias671: folds 
VascoSerg: raises $0.30 to $0.45
HAEMHuk2009: folds 
Maria1995587: folds 
Caio Inter: folds 
Uncalled bet ($0.30) returned to VascoSerg
VascoSerg collected $0.40 from pot
VascoSerg: doesn't show hand 
*** SUMMARY ***
Total pot $0.40 | Rake $0 
Seat 2: Maria1995587 folded before Flop
Seat 3: James90099 folded before Flop (didn't bet)
Seat 4: Caio Inter folded before Flop
Seat 5: Elias671 (button) folded before Flop (didn't bet)
Seat 6: VascoSerg (small blind) collected ($0.40)
Seat 7: HAEMHuk2009 (big blind) folded before Flop
Seat 8: Dorex2007 folded before Flop (didn't bet)
Seat 9: arafaelll129 folded before Flop (didn't bet)



PokerStars Hand #238845542028:  Hold'em No Limit ($0.02/$0.05 USD) - 2022/09/24 17:37:10 PT [2022/09/24 20:37:10 ET]
Table 'Adonis II' 9-max Seat #6 is the button
Seat 2: Maria1995587 ($5.56 in chips) 
Seat 3: James90099 ($5.69 in chips) 
Seat 4: Caio Inter ($3.78 in chips) 
Seat 5: Elias671 ($2.49 in chips) 
Seat 6: VascoSerg ($9.65 in chips) 
Seat 7: HAEMHuk2009 ($5.02 in chips) 
Seat 8: Dorex2007 ($5.06 in chips) 
Seat 9: arafaelll129 ($5 in chips) 
HAEMHuk2009: posts small blind $0.02
Dorex2007: posts big blind $0.05
*** HOLE CARDS ***
Dealt to Dorex2007 [9d 9h]
arafaelll129: folds 
Maria1995587: folds 
James90099: folds 
Caio Inter: folds 
arafaelll129 leaves the table
Caio Inter leaves the table
Elias671 has timed out
Elias671: folds 
VascoSerg: folds 
HAEMHuk2009: raises $0.10 to $0.15
Dorex2007: calls $0.10
*** FLOP *** [8c 3c Ah]
HAEMHuk2009: bets $0.22
AGVsmarT joins the table at seat #4 
Dorex2007: folds 
Uncalled bet ($0.22) returned to HAEMHuk2009
HAEMHuk2009 collected $0.29 from pot
HAEMHuk2009: doesn't show hand 
*** SUMMARY ***
Total pot $0.30 | Rake $0.01 
Board [8c 3c Ah]
Seat 2: Maria1995587 folded before Flop (didn't bet)
Seat 3: James90099 folded before Flop (didn't bet)
Seat 4: Caio Inter folded before Flop (didn't bet)
Seat 5: Elias671 folded before Flop (didn't bet)
Seat 6: VascoSerg (button) folded before Flop (didn't bet)
Seat 7: HAEMHuk2009 (small blind) collected ($0.29)
Seat 8: Dorex2007 (big blind) folded on the Flop
Seat 9: arafaelll129 folded before Flop (didn't bet)



PokerStars Hand #238845553150:  Hold'em No Limit ($0.02/$0.05 USD) - 2022/09/24 17:37:59 PT [2022/09/24 20:37:59 ET]
Table 'Adonis II' 9-max Seat #7 is the button
Seat 2: Maria1995587 ($5.56 in chips) 
Seat 3: James90099 ($5.69 in chips) 
Seat 5: Elias671 ($2.49 in chips) 
Seat 6: VascoSerg ($9.65 in chips) 
Seat 7: HAEMHuk2009 ($5.16 in chips) 
Seat 8: Dorex2007 ($5 in chips) 
Dorex2007: posts small blind $0.02
Maria1995587: posts big blind $0.05
AGVsmarT: sits out 
*** HOLE CARDS ***
Dealt to Dorex2007 [Qd 5c]
James90099: raises $0.10 to $0.15
Elias671: calls $0.15
VascoSerg: folds 
HAEMHuk2009: folds 
Dorex2007: folds 
Maria1995587: folds 
*** FLOP *** [Td Kc 3s]
James90099: bets $0.12
Elias671: calls $0.12
*** TURN *** [Td Kc 3s] [4s]
James90099: checks 
Elias671: bets $0.58
James90099: calls $0.58
*** RIVER *** [Td Kc 3s 4s] [7h]
James90099: checks 
Elias671: bets $1.64 and is all-in
James90099: calls $1.64
*** SHOW DOWN ***
Elias671: shows [Qh Kd] (a pair of Kings)
James90099: shows [Tc Ah] (a pair of Tens)
Elias671 collected $4.84 from pot
*** SUMMARY ***
Total pot $5.05 | Rake $0.21 
Board [Td Kc 3s 4s 7h]
Seat 2: Maria1995587 (big blind) folded before Flop
Seat 3: James90099 showed [Tc Ah] and lost with a pair of Tens
Seat 5: Elias671 showed [Qh Kd] and won ($4.84) with a pair of Kings
Seat 6: VascoSerg folded before Flop (didn't bet)
Seat 7: HAEMHuk2009 (button) folded before Flop (didn't bet)
Seat 8: Dorex2007 (small blind) folded before Flop



PokerStars Hand #238845569616:  Hold'em No Limit ($0.02/$0.05 USD) - 2022/09/24 17:39:12 PT [2022/09/24 20:39:12 ET]
Table 'Adonis II' 9-max Seat #8 is the button
Seat 2: Maria1995587 ($5.51 in chips) 
Seat 3: James90099 ($5 in chips) 
Seat 5: Elias671 ($4.84 in chips) 
Seat 6: VascoSerg ($9.65 in chips) 
Seat 7: HAEMHuk2009 ($5.16 in chips) 
Seat 8: Dorex2007 ($5 in chips) 
Maria1995587: posts small blind $0.02
James90099: posts big blind $0.05
AGVsmarT: sits out 
*** HOLE CARDS ***
Dealt to Dorex2007 [6d Th]
Elias671: calls $0.05
VascoSerg: folds 
HAEMHuk2009: folds 
Dorex2007: folds 
Maria1995587: folds 
James90099: checks 
*** FLOP *** [2h 3d 6s]
James90099: checks 
Elias671: checks 
*** TURN *** [2h 3d 6s] [Kc]
James90099: checks 
Elias671: checks 
*** RIVER *** [2h 3d 6s Kc] [Js]
James90099: checks 
Elias671: checks 
*** SHOW DOWN ***
James90099: shows [8d 4h] (high card King)
Elias671: shows [Jh Ad] (a pair of Jacks)
Elias671 collected $0.12 from pot
*** SUMMARY ***
Total pot $0.12 | Rake $0 
Board [2h 3d 6s Kc Js]
Seat 2: Maria1995587 (small blind) folded before Flop
Seat 3: James90099 (big blind) showed [8d 4h] and lost with high card King
Seat 5: Elias671 showed [Jh Ad] and won ($0.12) with a pair of Jacks
Seat 6: VascoSerg folded before Flop (didn't bet)
Seat 7: HAEMHuk2009 folded before Flop (didn't bet)
Seat 8: Dorex2007 (button) folded before Flop (didn't bet)



PokerStars Hand #238845581322:  Hold'em No Limit ($0.02/$0.05 USD) - 2022/09/24 17:40:04 PT [2022/09/24 20:40:04 ET]
Table 'Adonis II' 9-max Seat #2 is the button
Seat 2: Maria1995587 ($5.49 in chips) 
Seat 3: James90099 ($5 in chips) 
Seat 4: AGVsmarT ($4 in chips) 
Seat 5: Elias671 ($4.91 in chips) 
Seat 6: VascoSerg ($9.65 in chips) 
Seat 7: HAEMHuk2009 ($5.16 in chips) 
Seat 8: Dorex2007 ($5 in chips) 
James90099: posts small blind $0.02
AGVsmarT: posts big blind $0.05
*** HOLE CARDS ***
Dealt to Dorex2007 [5d Ks]
Elias671: folds 
VascoSerg: folds 
HAEMHuk2009: folds 
Dorex2007: folds 
Maria1995587: folds 
James90099: calls $0.03
AGVsmarT: checks 
*** FLOP *** [Qs 9s 3c]
James90099: checks 
AGVsmarT: bets $0.05
James90099: calls $0.05
*** TURN *** [Qs 9s 3c] [2h]
James90099: checks 
AGVsmarT: bets $0.05
James90099: calls $0.05
*** RIVER *** [Qs 9s 3c 2h] [5c]
James90099: bets $0.10
AGVsmarT: folds 
Uncalled bet ($0.10) returned to James90099
James90099 collected $0.29 from pot
James90099: doesn't show hand 
*** SUMMARY ***
Total pot $0.30 | Rake $0.01 
Board [Qs 9s 3c 2h 5c]
Seat 2: Maria1995587 (button) folded before Flop (didn't bet)
Seat 3: James90099 (small blind) collected ($0.29)
Seat 4: AGVsmarT (big blind) folded on the River
Seat 5: Elias671 folded before Flop (didn't bet)
Seat 6: VascoSerg folded before Flop (didn't bet)
Seat 7: HAEMHuk2009 folded before Flop (didn't bet)
Seat 8: Dorex2007 folded before Flop (didn't bet)



PokerStars Hand #238845590516:  Hold'em No Limit ($0.02/$0.05 USD) - 2022/09/24 17:40:44 PT [2022/09/24 20:40:44 ET]
Table 'Adonis II' 9-max Seat #3 is the button
Seat 2: Maria1995587 ($5.49 in chips) 
Seat 3: James90099 ($5.14 in chips) 
Seat 4: AGVsmarT ($3.85 in chips) 
Seat 5: Elias671 ($4.91 in chips) 
Seat 6: VascoSerg ($9.65 in chips) 
Seat 7: HAEMHuk2009 ($5.16 in chips) 
Seat 8: Dorex2007 ($5 in chips) 
AGVsmarT: posts small blind $0.02
Elias671: posts big blind $0.05
*** HOLE CARDS ***
Dealt to Dorex2007 [9c 3s]
VascoSerg: folds 
HAEMHuk2009: folds 
Dorex2007: folds 
Maria1995587: folds 
James90099: raises $0.10 to $0.15
AGVsmarT: folds 
Elias671: folds 
Uncalled bet ($0.10) returned to James90099
James90099 collected $0.12 from pot
James90099: doesn't show hand 
*** SUMMARY ***
Total pot $0.12 | Rake $0 
Seat 2: Maria1995587 folded before Flop (didn't bet)
Seat 3: James90099 (button) collected ($0.12)
Seat 4: AGVsmarT (small blind) folded before Flop
Seat 5: Elias671 (big blind) folded before Flop
Seat 6: VascoSerg folded before Flop (didn't bet)
Seat 7: HAEMHuk2009 folded before Flop (didn't bet)
Seat 8: Dorex2007 folded before Flop (didn't bet)



PokerStars Hand #238845595941:  Hold'em No Limit ($0.02/$0.05 USD) - 2022/09/24 17:41:09 PT [2022/09/24 20:41:09 ET]
Table 'Adonis II' 9-max Seat #4 is the button
Seat 2: Maria1995587 ($5.49 in chips) 
Seat 3: James90099 ($5.21 in chips) 
Seat 4: AGVsmarT ($3.83 in chips) 
Seat 5: Elias671 ($4.86 in chips) 
Seat 6: VascoSerg ($9.65 in chips) 
Seat 7: HAEMHuk2009 ($5.16 in chips) 
Seat 8: Dorex2007 ($5 in chips) 
Elias671: posts small blind $0.02
VascoSerg: posts big blind $0.05
*** HOLE CARDS ***
Dealt to Dorex2007 [Td Qd]
HAEMHuk2009: folds 
Dorex2007: folds 
Maria1995587: folds 
James90099: folds 
AGVsmarT: folds 
Elias671: calls $0.03
VascoSerg: raises $0.17 to $0.22
Elias671: calls $0.17
*** FLOP *** [5d 3d 4s]
Elias671: bets $0.20
VascoSerg: calls $0.20
*** TURN *** [5d 3d 4s] [6d]
Elias671: bets $0.25
VascoSerg: calls $0.25
*** RIVER *** [5d 3d 4s 6d] [7c]
Elias671: bets $0.50
VascoSerg: calls $0.50
*** SHOW DOWN ***
Elias671: shows [Kd 4h] (a straight, Three to Seven)
VascoSerg: shows [Jd As] (a straight, Three to Seven)
Elias671 collected $1.12 from pot
VascoSerg collected $1.12 from pot
*** SUMMARY ***
Total pot $2.34 | Rake $0.10 
Board [5d 3d 4s 6d 7c]
Seat 2: Maria1995587 folded before Flop (didn't bet)
Seat 3: James90099 folded before Flop (didn't bet)
Seat 4: AGVsmarT (button) folded before Flop (didn't bet)
Seat 5: Elias671 (small blind) showed [Kd 4h] and won ($1.12) with a straight, Three to Seven
Seat 6: VascoSerg (big blind) showed [Jd As] and won ($1.12) with a straight, Three to Seven
Seat 7: HAEMHuk2009 folded before Flop (didn't bet)
Seat 8: Dorex2007 folded before Flop (didn't bet)



PokerStars Hand #238845613079:  Hold'em No Limit ($0.02/$0.05 USD) - 2022/09/24 17:42:25 PT [2022/09/24 20:42:25 ET]
Table 'Adonis II' 9-max Seat #6 is the button
Seat 2: Maria1995587 ($5.49 in chips) 
Seat 3: James90099 ($5.21 in chips) 
Seat 4: AGVsmarT ($3.83 in chips) 
Seat 5: Elias671 ($4.88 in chips) 
Seat 6: VascoSerg ($9.58 in chips) 
Seat 7: HAEMHuk2009 ($5.11 in chips) 
Seat 8: Dorex2007 ($5 in chips) 
HAEMHuk2009: posts small blind $0.02
Dorex2007: posts big blind $0.05
*** HOLE CARDS ***
Dealt to Dorex2007 [6c Ad]
Maria1995587: folds 
James90099: raises $0.10 to $0.15
AGVsmarT: calls $0.15
Elias671: calls $0.15
VascoSerg: folds 
HAEMHuk2009: folds 
Dorex2007: folds 
*** FLOP *** [Ac 2c Kd]
James90099: checks 
AGVsmarT: checks 
Elias671: checks 
*** TURN *** [Ac 2c Kd] [Qd]
James90099: bets $0.17
AGVsmarT: folds 
Elias671: folds 
Uncalled bet ($0.17) returned to James90099
James90099 collected $0.50 from pot
James90099: doesn't show hand 
*** SUMMARY ***
Total pot $0.52 | Rake $0.02 
Board [Ac 2c Kd Qd]
Seat 2: Maria1995587 folded before Flop (didn't bet)
Seat 3: James90099 collected ($0.50)
Seat 4: AGVsmarT folded on the Turn
Seat 5: Elias671 folded on the Turn
Seat 6: VascoSerg (button) folded before Flop (didn't bet)
Seat 7: HAEMHuk2009 (small blind) folded before Flop
Seat 8: Dorex2007 (big blind) folded before Flop



PokerStars Hand #238845623279:  Hold'em No Limit ($0.02/$0.05 USD) - 2022/09/24 17:43:11 PT [2022/09/24 20:43:11 ET]
Table 'Adonis II' 9-max Seat #7 is the button
Seat 2: Maria1995587 ($5.49 in chips) 
Seat 3: James90099 ($5.56 in chips) 
Seat 4: AGVsmarT ($3.68 in chips) 
Seat 5: Elias671 ($4.73 in chips) 
Seat 6: VascoSerg ($9.58 in chips) 
Seat 7: HAEMHuk2009 ($5.09 in chips) 
Seat 8: Dorex2007 ($5 in chips) 
Dorex2007: posts small blind $0.02
Maria1995587: posts big blind $0.05
*** HOLE CARDS ***
Dealt to Dorex2007 [Kh 8h]
James90099: folds 
AGVsmarT: raises $0.12 to $0.17
Elias671: folds 
VascoSerg: folds 
HAEMHuk2009: folds 
Dorex2007: folds 
Maria1995587: folds 
Uncalled bet ($0.12) returned to AGVsmarT
AGVsmarT collected $0.12 from pot
*** SUMMARY ***
Total pot $0.12 | Rake $0 
Seat 2: Maria1995587 (big blind) folded before Flop
Seat 3: James90099 folded before Flop (didn't bet)
Seat 4: AGVsmarT collected ($0.12)
Seat 5: Elias671 folded before Flop (didn't bet)
Seat 6: VascoSerg folded before Flop (didn't bet)
Seat 7: HAEMHuk2009 (button) folded before Flop (didn't bet)
Seat 8: Dorex2007 (small blind) folded before Flop



PokerStars Hand #238845628063:  Hold'em No Limit ($0.02/$0.05 USD) - 2022/09/24 17:43:33 PT [2022/09/24 20:43:33 ET]
Table 'Adonis II' 9-max Seat #8 is the button
Seat 2: Maria1995587 ($5.44 in chips) 
Seat 4: AGVsmarT ($3.75 in chips) 
Seat 5: Elias671 ($4.73 in chips) 
Seat 6: VascoSerg ($9.58 in chips) 
Seat 7: HAEMHuk2009 ($5.09 in chips) 
Seat 8: Dorex2007 ($5 in chips) 
Maria1995587: posts small blind $0.02
James90099: is sitting out 
AGVsmarT: posts big blind $0.05
*** HOLE CARDS ***
Dealt to Dorex2007 [8d 9h]
Elias671: calls $0.05
VascoSerg: folds 
HAEMHuk2009: folds 
Dorex2007: folds 
Maria1995587: calls $0.03
AGVsmarT: raises $0.15 to $0.20
Elias671: calls $0.15
James90099 leaves the table
Maria1995587: folds 
*** FLOP *** [7h 6h 5h]
AGVsmarT: bets $0.21
Elias671: calls $0.21
*** TURN *** [7h 6h 5h] [9s]
AGVsmarT: bets $0.25
Elias671: folds 
Uncalled bet ($0.25) returned to AGVsmarT
AGVsmarT collected $0.83 from pot
*** SUMMARY ***
Total pot $0.87 | Rake $0.04 
Board [7h 6h 5h 9s]
Seat 2: Maria1995587 (small blind) folded before Flop
Seat 4: AGVsmarT (big blind) collected ($0.83)
Seat 5: Elias671 folded on the Turn
Seat 6: VascoSerg folded before Flop (didn't bet)
Seat 7: HAEMHuk2009 folded before Flop (didn't bet)
Seat 8: Dorex2007 (button) folded before Flop (didn't bet)



PokerStars Hand #238845637764:  Hold'em No Limit ($0.02/$0.05 USD) - 2022/09/24 17:44:16 PT [2022/09/24 20:44:16 ET]
Table 'Adonis II' 9-max Seat #2 is the button
Seat 2: Maria1995587 ($5.39 in chips) 
Seat 4: AGVsmarT ($4.17 in chips) 
Seat 5: Elias671 ($4.32 in chips) 
Seat 6: VascoSerg ($9.58 in chips) 
Seat 7: HAEMHuk2009 ($5.09 in chips) 
Seat 8: Dorex2007 ($5 in chips) 
AGVsmarT: posts small blind $0.02
Elias671: posts big blind $0.05
*** HOLE CARDS ***
Dealt to Dorex2007 [9c 5c]
VascoSerg: folds 
HAEMHuk2009: raises $0.08 to $0.13
Dorex2007: folds 
Maria1995587: calls $0.13
AGVsmarT: folds 
Elias671: calls $0.08
*** FLOP *** [2h Jh 7c]
Elias671: checks 
HAEMHuk2009: bets $0.29
Maria1995587: calls $0.29
Elias671: folds 
*** TURN *** [2h Jh 7c] [Qh]
HAEMHuk2009: checks 
Maria1995587: bets $0.50
HAEMHuk2009: calls $0.50
*** RIVER *** [2h Jh 7c Qh] [Ah]
HAEMHuk2009: checks 
Maria1995587: checks 
*** SHOW DOWN ***
HAEMHuk2009: shows [As Jc] (two pair, Aces and Jacks)
Maria1995587: mucks hand 
HAEMHuk2009 collected $1.91 from pot
*** SUMMARY ***
Total pot $1.99 | Rake $0.08 
Board [2h Jh 7c Qh Ah]
Seat 2: Maria1995587 (button) mucked [7d 6d]
Seat 4: AGVsmarT (small blind) folded before Flop
Seat 5: Elias671 (big blind) folded on the Flop
Seat 6: VascoSerg folded before Flop (didn't bet)
Seat 7: HAEMHuk2009 showed [As Jc] and won ($1.91) with two pair, Aces and Jacks
Seat 8: Dorex2007 folded before Flop (didn't bet)



PokerStars Hand #238845654763:  Hold'em No Limit ($0.02/$0.05 USD) - 2022/09/24 17:45:33 PT [2022/09/24 20:45:33 ET]
Table 'Adonis II' 9-max Seat #4 is the button
Seat 2: Maria1995587 ($4.47 in chips) 
Seat 4: AGVsmarT ($4.15 in chips) 
Seat 5: Elias671 ($4.19 in chips) 
Seat 6: VascoSerg ($9.58 in chips) 
Seat 7: HAEMHuk2009 ($6.08 in chips) 
Seat 8: Dorex2007 ($5 in chips) 
Elias671: posts small blind $0.02
VascoSerg: posts big blind $0.05
*** HOLE CARDS ***
Dealt to Dorex2007 [6h 3c]
HAEMHuk2009: folds 
Dorex2007: folds 
Maria1995587: folds 
AGVsmarT has timed out
AGVsmarT: folds 
Elias671: folds 
Uncalled bet ($0.03) returned to VascoSerg
VascoSerg collected $0.04 from pot
VascoSerg: doesn't show hand 
*** SUMMARY ***
Total pot $0.04 | Rake $0 
Seat 2: Maria1995587 folded before Flop (didn't bet)
Seat 4: AGVsmarT (button) folded before Flop (didn't bet)
Seat 5: Elias671 (small blind) folded before Flop
Seat 6: VascoSerg (big blind) collected ($0.04)
Seat 7: HAEMHuk2009 folded before Flop (didn't bet)
Seat 8: Dorex2007 folded before Flop (didn't bet)



PokerStars Hand #238845660224:  Hold'em No Limit ($0.02/$0.05 USD) - 2022/09/24 17:45:58 PT [2022/09/24 20:45:58 ET]
Table 'Adonis II' 9-max Seat #5 is the button
Seat 2: Maria1995587 ($4.47 in chips) 
Seat 4: AGVsmarT ($4.15 in chips) 
Seat 5: Elias671 ($4.17 in chips) 
Seat 6: VascoSerg ($9.60 in chips) 
Seat 7: HAEMHuk2009 ($6.08 in chips) 
Seat 8: Dorex2007 ($5 in chips) 
VascoSerg: posts small blind $0.02
HAEMHuk2009: posts big blind $0.05
*** HOLE CARDS ***
Dealt to Dorex2007 [3h 8c]
Dorex2007: folds 
Maria1995587: folds 
AGVsmarT: folds 
Elias671: calls $0.05
VascoSerg: folds 
HAEMHuk2009: checks 
*** FLOP *** [4c 2c 8h]
HAEMHuk2009: checks 
Elias671: bets $0.12
HAEMHuk2009: folds 
Uncalled bet ($0.12) returned to Elias671
Elias671 collected $0.12 from pot
*** SUMMARY ***
Total pot $0.12 | Rake $0 
Board [4c 2c 8h]
Seat 2: Maria1995587 folded before Flop (didn't bet)
Seat 4: AGVsmarT folded before Flop (didn't bet)
Seat 5: Elias671 (button) collected ($0.12)
Seat 6: VascoSerg (small blind) folded before Flop
Seat 7: HAEMHuk2009 (big blind) folded on the Flop
Seat 8: Dorex2007 folded before Flop (didn't bet)



PokerStars Hand #238845667567:  Hold'em No Limit ($0.02/$0.05 USD) - 2022/09/24 17:46:32 PT [2022/09/24 20:46:32 ET]
Table 'Adonis II' 9-max Seat #6 is the button
Seat 2: Maria1995587 ($4.47 in chips) 
Seat 4: AGVsmarT ($4.15 in chips) 
Seat 5: Elias671 ($4.24 in chips) 
Seat 6: VascoSerg ($9.58 in chips) 
Seat 7: HAEMHuk2009 ($6.03 in chips) 
Seat 8: Dorex2007 ($5 in chips) 
HAEMHuk2009: posts small blind $0.02
Dorex2007: posts big blind $0.05
*** HOLE CARDS ***
Dealt to Dorex2007 [3h Qc]
Maria1995587: calls $0.05
AGVsmarT: folds 
Elias671: folds 
VascoSerg: folds 
HAEMHuk2009: folds 
Dorex2007: checks 
*** FLOP *** [6s 4d Tc]
Dorex2007: checks 
Maria1995587: checks 
*** TURN *** [6s 4d Tc] [2c]
Dorex2007: checks 
Maria1995587: bets $0.12
Dorex2007: folds 
Uncalled bet ($0.12) returned to Maria1995587
Maria1995587 collected $0.12 from pot
*** SUMMARY ***
Total pot $0.12 | Rake $0 
Board [6s 4d Tc 2c]
Seat 2: Maria1995587 collected ($0.12)
Seat 4: AGVsmarT folded before Flop (didn't bet)
Seat 5: Elias671 folded before Flop (didn't bet)
Seat 6: VascoSerg (button) folded before Flop (didn't bet)
Seat 7: HAEMHuk2009 (small blind) folded before Flop
Seat 8: Dorex2007 (big blind) folded on the Turn



PokerStars Hand #238845679998:  Hold'em No Limit ($0.02/$0.05 USD) - 2022/09/24 17:47:29 PT [2022/09/24 20:47:29 ET]
Table 'Adonis II' 9-max Seat #7 is the button
Seat 2: Maria1995587 ($4.54 in chips) 
Seat 4: AGVsmarT ($4.15 in chips) 
Seat 5: Elias671 ($4.24 in chips) 
Seat 6: VascoSerg ($9.58 in chips) 
Seat 7: HAEMHuk2009 ($6.01 in chips) 
Seat 8: Dorex2007 ($5 in chips) 
Dorex2007: posts small blind $0.02
Maria1995587: posts big blind $0.05
*** HOLE CARDS ***
Dealt to Dorex2007 [Qh 7h]
AGVsmarT: folds 
Elias671: calls $0.05
VascoSerg: folds 
HAEMHuk2009: folds 
Dorex2007: calls $0.03
Maria1995587: raises $0.10 to $0.15
Elias671: calls $0.10
Dorex2007: folds 
*** FLOP *** [Jc 3d Qc]
Maria1995587: checks 
Elias671: bets $0.05
Maria1995587: calls $0.05
*** TURN *** [Jc 3d Qc] [Js]
Maria1995587: checks 
Elias671: checks 
*** RIVER *** [Jc 3d Qc Js] [6c]
Maria1995587: checks 
Elias671: bets $0.25
Maria1995587: folds 
Uncalled bet ($0.25) returned to Elias671
Elias671 collected $0.43 from pot
*** SUMMARY ***
Total pot $0.45 | Rake $0.02 
Board [Jc 3d Qc Js 6c]
Seat 2: Maria1995587 (big blind) folded on the River
Seat 4: AGVsmarT folded before Flop (didn't bet)
Seat 5: Elias671 collected ($0.43)
Seat 6: VascoSerg folded before Flop (didn't bet)
Seat 7: HAEMHuk2009 (button) folded before Flop (didn't bet)
Seat 8: Dorex2007 (small blind) folded before Flop



PokerStars Hand #238845691235:  Hold'em No Limit ($0.02/$0.05 USD) - 2022/09/24 17:48:20 PT [2022/09/24 20:48:20 ET]
Table 'Adonis II' 9-max Seat #8 is the button
Seat 2: Maria1995587 ($4.34 in chips) 
Seat 4: AGVsmarT ($4.15 in chips) 
Seat 5: Elias671 ($4.47 in chips) 
Seat 6: VascoSerg ($9.58 in chips) 
Seat 7: HAEMHuk2009 ($6.01 in chips) 
Seat 8: Dorex2007 ($5 in chips) 
Maria1995587: posts small blind $0.02
AGVsmarT: posts big blind $0.05
*** HOLE CARDS ***
Dealt to Dorex2007 [6h Kc]
Elias671: calls $0.05
VascoSerg: raises $0.19 to $0.24
HAEMHuk2009: folds 
Dorex2007: folds 
Maria1995587: folds 
AGVsmarT: folds 
Elias671: folds 
Uncalled bet ($0.19) returned to VascoSerg
VascoSerg collected $0.17 from pot
VascoSerg: doesn't show hand 
*** SUMMARY ***
Total pot $0.17 | Rake $0 
Seat 2: Maria1995587 (small blind) folded before Flop
Seat 4: AGVsmarT (big blind) folded before Flop
Seat 5: Elias671 folded before Flop
Seat 6: VascoSerg collected ($0.17)
Seat 7: HAEMHuk2009 folded before Flop (didn't bet)
Seat 8: Dorex2007 (button) folded before Flop (didn't bet)



PokerStars Hand #238845697569:  Hold'em No Limit ($0.02/$0.05 USD) - 2022/09/24 17:48:49 PT [2022/09/24 20:48:49 ET]
Table 'Adonis II' 9-max Seat #2 is the button
Seat 2: Maria1995587 ($4.32 in chips) 
Seat 4: AGVsmarT ($4.10 in chips) 
Seat 5: Elias671 ($4.42 in chips) 
Seat 6: VascoSerg ($9.70 in chips) 
Seat 7: HAEMHuk2009 ($6.01 in chips) 
Seat 8: Dorex2007 ($5 in chips) 
AGVsmarT: posts small blind $0.02
Elias671: posts big blind $0.05
*** HOLE CARDS ***
Dealt to Dorex2007 [6c 3d]
VascoSerg: folds 
HAEMHuk2009: folds 
Dorex2007: folds 
Maria1995587: folds 
AGVsmarT: calls $0.03
Elias671: raises $0.10 to $0.15
AGVsmarT: folds 
Uncalled bet ($0.10) returned to Elias671
Elias671 collected $0.10 from pot
*** SUMMARY ***
Total pot $0.10 | Rake $0 
Seat 2: Maria1995587 (button) folded before Flop (didn't bet)
Seat 4: AGVsmarT (small blind) folded before Flop
Seat 5: Elias671 (big blind) collected ($0.10)
Seat 6: VascoSerg folded before Flop (didn't bet)
Seat 7: HAEMHuk2009 folded before Flop (didn't bet)
Seat 8: Dorex2007 folded before Flop (didn't bet)



PokerStars Hand #238845701752:  Hold'em No Limit ($0.02/$0.05 USD) - 2022/09/24 17:49:07 PT [2022/09/24 20:49:07 ET]
Table 'Adonis II' 9-max Seat #4 is the button
Seat 2: Maria1995587 ($4.32 in chips) 
Seat 4: AGVsmarT ($4.05 in chips) 
Seat 5: Elias671 ($4.47 in chips) 
Seat 6: VascoSerg ($9.70 in chips) 
Seat 7: HAEMHuk2009 ($6.01 in chips) 
Seat 8: Dorex2007 ($5 in chips) 
Elias671: posts small blind $0.02
VascoSerg: posts big blind $0.05
*** HOLE CARDS ***
Dealt to Dorex2007 [7s As]
HAEMHuk2009: folds 
Dorex2007: folds 
Maria1995587: folds 
AGVsmarT: folds 
Elias671: calls $0.03
ripperzin joins the table at seat #1 
VascoSerg: checks 
*** FLOP *** [3s Qh 2d]
Elias671: checks 
VascoSerg: checks 
*** TURN *** [3s Qh 2d] [6h]
Elias671: bets $0.15
VascoSerg: folds 
Uncalled bet ($0.15) returned to Elias671
Elias671 collected $0.10 from pot
*** SUMMARY ***
Total pot $0.10 | Rake $0 
Board [3s Qh 2d 6h]
Seat 2: Maria1995587 folded before Flop (didn't bet)
Seat 4: AGVsmarT (button) folded before Flop (didn't bet)
Seat 5: Elias671 (small blind) collected ($0.10)
Seat 6: VascoSerg (big blind) folded on the Turn
Seat 7: HAEMHuk2009 folded before Flop (didn't bet)
Seat 8: Dorex2007 folded before Flop (didn't bet)



PokerStars Hand #238845708402:  Hold'em No Limit ($0.02/$0.05 USD) - 2022/09/24 17:49:38 PT [2022/09/24 20:49:38 ET]
Table 'Adonis II' 9-max Seat #5 is the button
Seat 2: Maria1995587 ($4.32 in chips) 
Seat 4: AGVsmarT ($4.05 in chips) 
Seat 5: Elias671 ($4.52 in chips) 
Seat 6: VascoSerg ($9.65 in chips) 
Seat 8: Dorex2007 ($5 in chips) 
VascoSerg: posts small blind $0.02
HAEMHuk2009 has timed out
HAEMHuk2009: is sitting out 
Dorex2007: posts big blind $0.05
ripperzin: sits out 
*** HOLE CARDS ***
Dealt to Dorex2007 [4h Ac]
Maria1995587: folds 
AGVsmarT: folds 
Elias671: calls $0.05
VascoSerg: folds 
Dorex2007: checks 
*** FLOP *** [3h 5d 9d]
Dorex2007: checks 
Elias671: bets $0.05
HAEMHuk2009 is disconnected 
Dorex2007: calls $0.05
*** TURN *** [3h 5d 9d] [8s]
Dorex2007: checks 
Elias671: bets $0.05
Dorex2007: calls $0.05
*** RIVER *** [3h 5d 9d 8s] [Ts]
Dorex2007: checks 
Elias671: checks 
*** SHOW DOWN ***
Dorex2007: shows [4h Ac] (high card Ace)
Elias671: shows [Js 3s] (a pair of Threes)
Elias671 collected $0.31 from pot
*** SUMMARY ***
Total pot $0.32 | Rake $0.01 
Board [3h 5d 9d 8s Ts]
Seat 2: Maria1995587 folded before Flop (didn't bet)
Seat 4: AGVsmarT folded before Flop (didn't bet)
Seat 5: Elias671 (button) showed [Js 3s] and won ($0.31) with a pair of Threes
Seat 6: VascoSerg (small blind) folded before Flop
Seat 8: Dorex2007 (big blind) showed [4h Ac] and lost with high card Ace



PokerStars Hand #238845717106:  Hold'em No Limit ($0.02/$0.05 USD) - 2022/09/24 17:50:19 PT [2022/09/24 20:50:19 ET]
Table 'Adonis II' 9-max Seat #6 is the button
Seat 1: ripperzin ($4 in chips) 
Seat 2: Maria1995587 ($4.32 in chips) 
Seat 4: AGVsmarT ($4.05 in chips) 
Seat 5: Elias671 ($4.68 in chips) 
Seat 6: VascoSerg ($9.63 in chips) 
Seat 8: Dorex2007 ($5 in chips) 
Dorex2007: posts small blind $0.02
ripperzin: posts big blind $0.05
*** HOLE CARDS ***
Dealt to Dorex2007 [Kh Ah]
Maria1995587: folds 
AGVsmarT has timed out
AGVsmarT: folds 
Elias671: calls $0.05
VascoSerg: folds 
Dorex2007: raises $0.10 to $0.15
ripperzin: calls $0.10
Elias671: folds 
*** FLOP *** [Qs 5c Ac]
Dorex2007: checks 
ripperzin: checks 
*** TURN *** [Qs 5c Ac] [7s]
Dorex2007: bets $0.23
ripperzin: calls $0.23
*** RIVER *** [Qs 5c Ac 7s] [As]
Dorex2007: bets $0.39
ripperzin: raises $0.78 to $1.17
Dorex2007: calls $0.78
*** SHOW DOWN ***
ripperzin: shows [5d 3d] (two pair, Aces and Fives)
Dorex2007: shows [Kh Ah] (three of a kind, Aces)
Dorex2007 collected $3.02 from pot
*** SUMMARY ***
Total pot $3.15 | Rake $0.13 
Board [Qs 5c Ac 7s As]
Seat 1: ripperzin (big blind) showed [5d 3d] and lost with two pair, Aces and Fives
Seat 2: Maria1995587 folded before Flop (didn't bet)
Seat 4: AGVsmarT folded before Flop (didn't bet)
Seat 5: Elias671 folded before Flop
Seat 6: VascoSerg (button) folded before Flop (didn't bet)
Seat 8: Dorex2007 (small blind) showed [Kh Ah] and won ($3.02) with three of a kind, Aces



PokerStars Hand #238845732476:  Hold'em No Limit ($0.02/$0.05 USD) - 2022/09/24 17:51:31 PT [2022/09/24 20:51:31 ET]
Table 'Adonis II' 9-max Seat #8 is the button
Seat 1: ripperzin ($2.45 in chips) 
Seat 2: Maria1995587 ($4.32 in chips) 
Seat 4: AGVsmarT ($4.05 in chips) 
Seat 5: Elias671 ($4.63 in chips) 
Seat 6: VascoSerg ($9.63 in chips) 
Seat 8: Dorex2007 ($6.47 in chips) 
ripperzin: posts small blind $0.02
Maria1995587: posts big blind $0.05
HAEMHuk2009: sits out 
*** HOLE CARDS ***
Dealt to Dorex2007 [7s 5s]
AGVsmarT: folds 
Elias671: folds 
VascoSerg: folds 
Dorex2007: folds 
ripperzin: calls $0.03
Maria1995587: checks 
*** FLOP *** [5d Ac 3h]
ripperzin: bets $0.05
Maria1995587: calls $0.05
*** TURN *** [5d Ac 3h] [Jh]
ripperzin: bets $0.19
henriquefjc joins the table at seat #3 
Maria1995587: folds 
Uncalled bet ($0.19) returned to ripperzin
ripperzin collected $0.19 from pot
ripperzin: doesn't show hand 
*** SUMMARY ***
Total pot $0.20 | Rake $0.01 
Board [5d Ac 3h Jh]
Seat 1: ripperzin (small blind) collected ($0.19)
Seat 2: Maria1995587 (big blind) folded on the Turn
Seat 4: AGVsmarT folded before Flop (didn't bet)
Seat 5: Elias671 folded before Flop (didn't bet)
Seat 6: VascoSerg folded before Flop (didn't bet)
Seat 8: Dorex2007 (button) folded before Flop (didn't bet)



PokerStars Hand #238845738887:  Hold'em No Limit ($0.02/$0.05 USD) - 2022/09/24 17:52:00 PT [2022/09/24 20:52:00 ET]
Table 'Adonis II' 9-max Seat #1 is the button
Seat 1: ripperzin ($2.54 in chips) 
Seat 2: Maria1995587 ($4.22 in chips) 
Seat 3: henriquefjc ($4 in chips) 
Seat 4: AGVsmarT ($4.05 in chips) 
Seat 5: Elias671 ($4.63 in chips) 
Seat 6: VascoSerg ($9.63 in chips) 
Seat 8: Dorex2007 ($6.47 in chips) 
Maria1995587: posts small blind $0.02
henriquefjc: posts big blind $0.05
HAEMHuk2009: sits out 
*** HOLE CARDS ***
Dealt to Dorex2007 [6s 2h]
AGVsmarT has timed out
AGVsmarT: folds 
Elias671: calls $0.05
VascoSerg: folds 
Dorex2007: folds 
ripperzin: calls $0.05
medo50050 joins the table at seat #9 
Maria1995587: calls $0.03
henriquefjc: checks 
*** FLOP *** [9s Qh 3h]
Maria1995587: checks 
henriquefjc: checks 
Elias671: checks 
ripperzin: bets $0.05
Maria1995587: calls $0.05
henriquefjc: folds 
Elias671: calls $0.05
*** TURN *** [9s Qh 3h] [4h]
Maria1995587: checks 
Elias671: bets $0.05
ripperzin: calls $0.05
Maria1995587: calls $0.05
*** RIVER *** [9s Qh 3h 4h] [3s]
Maria1995587: checks 
Elias671: bets $0.20
ripperzin: raises $0.30 to $0.50
Maria1995587: folds 
Elias671: folds 
Uncalled bet ($0.30) returned to ripperzin
ripperzin collected $0.86 from pot
ripperzin: doesn't show hand 
*** SUMMARY ***
Total pot $0.90 | Rake $0.04 
Board [9s Qh 3h 4h 3s]
Seat 1: ripperzin (button) collected ($0.86)
Seat 2: Maria1995587 (small blind) folded on the River
Seat 3: henriquefjc (big blind) folded on the Flop
Seat 4: AGVsmarT folded before Flop (didn't bet)
Seat 5: Elias671 folded on the River
Seat 6: VascoSerg folded before Flop (didn't bet)
Seat 8: Dorex2007 folded before Flop (didn't bet)



PokerStars Hand #238845756407:  Hold'em No Limit ($0.02/$0.05 USD) - 2022/09/24 17:53:23 PT [2022/09/24 20:53:23 ET]
Table 'Adonis II' 9-max Seat #2 is the button
Seat 1: ripperzin ($3.05 in chips) 
Seat 2: Maria1995587 ($4.07 in chips) 
Seat 3: henriquefjc ($3.95 in chips) 
Seat 4: AGVsmarT ($4.05 in chips) 
Seat 5: Elias671 ($4.28 in chips) 
Seat 6: VascoSerg ($9.63 in chips) 
Seat 8: Dorex2007 ($6.47 in chips) 
Seat 9: medo50050 ($5 in chips) 
henriquefjc: posts small blind $0.02
AGVsmarT: posts big blind $0.05
HAEMHuk2009: sits out 
medo50050: posts big blind $0.05
*** HOLE CARDS ***
Dealt to Dorex2007 [9c Qd]
Elias671: raises $0.15 to $0.20
VascoSerg: folds 
Dorex2007: folds 
medo50050: calls $0.15
ripperzin: raises $0.67 to $0.87
Maria1995587: folds 
henriquefjc: folds 
AGVsmarT: folds 
Elias671: calls $0.67
medo50050: calls $0.67
*** FLOP *** [4d 4c As]
Elias671: bets $0.25
medo50050: folds 
ripperzin: raises $0.25 to $0.50
Elias671: calls $0.25
*** TURN *** [4d 4c As] [Ad]
Elias671: bets $2.91 and is all-in
ripperzin: calls $1.68 and is all-in
Uncalled bet ($1.23) returned to Elias671
*** RIVER *** [4d 4c As Ad] [9h]
*** SHOW DOWN ***
Elias671: shows [6c 6s] (two pair, Aces and Sixes)
ripperzin: shows [Ah 3d] (a full house, Aces full of Fours)
ripperzin collected $6.75 from pot
*** SUMMARY ***
Total pot $7.04 | Rake $0.29 
Board [4d 4c As Ad 9h]
Seat 1: ripperzin showed [Ah 3d] and won ($6.75) with a full house, Aces full of Fours
Seat 2: Maria1995587 (button) folded before Flop (didn't bet)
Seat 3: henriquefjc (small blind) folded before Flop
Seat 4: AGVsmarT (big blind) folded before Flop
Seat 5: Elias671 showed [6c 6s] and lost with two pair, Aces and Sixes
Seat 6: VascoSerg folded before Flop (didn't bet)
Seat 8: Dorex2007 folded before Flop (didn't bet)
Seat 9: medo50050 folded on the Flop



PokerStars Hand #238845766500:  Hold'em No Limit ($0.02/$0.05 USD) - 2022/09/24 17:54:11 PT [2022/09/24 20:54:11 ET]
Table 'Adonis II' 9-max Seat #3 is the button
Seat 1: ripperzin ($6.75 in chips) 
Seat 2: Maria1995587 ($4.07 in chips) 
Seat 3: henriquefjc ($3.93 in chips) 
Seat 4: AGVsmarT ($4 in chips) 
Seat 5: Elias671 ($1.23 in chips) 
Seat 6: VascoSerg ($9.63 in chips) 
Seat 8: Dorex2007 ($6.47 in chips) 
Seat 9: medo50050 ($4.13 in chips) 
AGVsmarT: posts small blind $0.02
Elias671: posts big blind $0.05
HAEMHuk2009: sits out 
*** HOLE CARDS ***
Dealt to Dorex2007 [3s 7d]
VascoSerg: folds 
Dorex2007: folds 
medo50050: calls $0.05
ripperzin: raises $0.25 to $0.30
Maria1995587: folds 
henriquefjc: folds 
AGVsmarT: calls $0.28
Elias671: calls $0.25
medo50050: calls $0.25
*** FLOP *** [Jd 5d Ad]
AGVsmarT: checks 
Elias671: checks 
medo50050: bets $0.57
ripperzin: calls $0.57
AGVsmarT: folds 
Elias671: folds 
*** TURN *** [Jd 5d Ad] [Ah]
medo50050: checks 
ripperzin: checks 
*** RIVER *** [Jd 5d Ad Ah] [Kd]
medo50050: checks 
ripperzin: bets $1.80
medo50050: folds 
Uncalled bet ($1.80) returned to ripperzin
ripperzin collected $2.24 from pot
ripperzin: doesn't show hand 
*** SUMMARY ***
Total pot $2.34 | Rake $0.10 
Board [Jd 5d Ad Ah Kd]
Seat 1: ripperzin collected ($2.24)
Seat 2: Maria1995587 folded before Flop (didn't bet)
Seat 3: henriquefjc (button) folded before Flop (didn't bet)
Seat 4: AGVsmarT (small blind) folded on the Flop
Seat 5: Elias671 (big blind) folded on the Flop
Seat 6: VascoSerg folded before Flop (didn't bet)
Seat 8: Dorex2007 folded before Flop (didn't bet)
Seat 9: medo50050 folded on the River



PokerStars Hand #238845781301:  Hold'em No Limit ($0.02/$0.05 USD) - 2022/09/24 17:55:22 PT [2022/09/24 20:55:22 ET]
Table 'Adonis II' 9-max Seat #4 is the button
Seat 1: ripperzin ($8.12 in chips) 
Seat 2: Maria1995587 ($4.07 in chips) 
Seat 3: henriquefjc ($3.93 in chips) 
Seat 4: AGVsmarT ($3.70 in chips) 
Seat 5: Elias671 ($0.93 in chips) 
Seat 6: VascoSerg ($9.63 in chips) 
Seat 8: Dorex2007 ($6.47 in chips) 
Seat 9: medo50050 ($3.26 in chips) 
Elias671: posts small blind $0.02
VascoSerg: posts big blind $0.05
HAEMHuk2009: sits out 
*** HOLE CARDS ***
Dealt to Dorex2007 [9h Jd]
Dorex2007: folds 
medo50050: raises $0.05 to $0.10
ripperzin: folds 
Maria1995587: folds 
henriquefjc: folds 
AGVsmarT: folds 
Elias671: raises $0.25 to $0.35
VascoSerg: folds 
medo50050: calls $0.25
*** FLOP *** [Th 8c 5c]
Elias671: bets $0.05
medo50050: calls $0.05
*** TURN *** [Th 8c 5c] [4s]
Elias671: bets $0.05
medo50050: calls $0.05
*** RIVER *** [Th 8c 5c 4s] [Tc]
Elias671: bets $0.05
medo50050: raises $1.01 to $1.06
Elias671: folds 
Uncalled bet ($1.01) returned to medo50050
medo50050 collected $1.01 from pot
*** SUMMARY ***
Total pot $1.05 | Rake $0.04 
Board [Th 8c 5c 4s Tc]
Seat 1: ripperzin folded before Flop (didn't bet)
Seat 2: Maria1995587 folded before Flop (didn't bet)
Seat 3: henriquefjc folded before Flop (didn't bet)
Seat 4: AGVsmarT (button) folded before Flop (didn't bet)
Seat 5: Elias671 (small blind) folded on the River
Seat 6: VascoSerg (big blind) folded before Flop
Seat 8: Dorex2007 folded before Flop (didn't bet)
Seat 9: medo50050 collected ($1.01)



PokerStars Hand #238845815747:  Hold'em No Limit ($0.02/$0.05 USD) - 2022/09/24 17:58:38 PT [2022/09/24 20:58:38 ET]
Table 'Adonis II' 9-max Seat #9 is the button
Seat 1: ripperzin ($7.54 in chips) 
Seat 2: Maria1995587 ($4.07 in chips) 
Seat 3: henriquefjc ($3.93 in chips) 
Seat 4: AGVsmarT ($3.60 in chips) 
Seat 6: VascoSerg ($9.08 in chips) 
Seat 7: HAEMHuk2009 ($7.06 in chips) 
Seat 8: Dorex2007 ($6.47 in chips) 
Seat 9: medo50050 ($4.14 in chips) 
ripperzin: posts small blind $0.02
Maria1995587: posts big blind $0.05
PANTERO 777: sits out 
Dorex2007: posts small & big blinds $0.07
*** HOLE CARDS ***
Dealt to Dorex2007 [4h 3h]
henriquefjc: folds 
AGVsmarT: calls $0.05
VascoSerg: raises $0.17 to $0.22
HAEMHuk2009: folds 
Dorex2007: folds 
medo50050: calls $0.22
ripperzin: folds 
Maria1995587: folds 
AGVsmarT: calls $0.17
*** FLOP *** [2d 3d Th]
AGVsmarT: checks 
VascoSerg: checks 
medo50050: checks 
*** TURN *** [2d 3d Th] [6s]
AGVsmarT: bets $0.10
VascoSerg: calls $0.10
medo50050: raises $0.10 to $0.20
AGVsmarT: calls $0.10
VascoSerg: calls $0.10
*** RIVER *** [2d 3d Th 6s] [2c]
AGVsmarT: checks 
VascoSerg: checks 
medo50050: bets $1.34
AGVsmarT: folds 
VascoSerg: folds 
Uncalled bet ($1.34) returned to medo50050
medo50050 collected $1.34 from pot
*** SUMMARY ***
Total pot $1.40 | Rake $0.06 
Board [2d 3d Th 6s 2c]
Seat 1: ripperzin (small blind) folded before Flop
Seat 2: Maria1995587 (big blind) folded before Flop
Seat 3: henriquefjc folded before Flop (didn't bet)
Seat 4: AGVsmarT folded on the River
Seat 6: VascoSerg folded on the River
Seat 7: HAEMHuk2009 folded before Flop (didn't bet)
Seat 8: Dorex2007 folded before Flop (didn't bet)
Seat 9: medo50050 (button) collected ($1.34)



PokerStars Hand #238845828901:  Hold'em No Limit ($0.02/$0.05 USD) - 2022/09/24 17:59:54 PT [2022/09/24 20:59:54 ET]
Table 'Adonis II' 9-max Seat #1 is the button
Seat 1: ripperzin ($7.52 in chips) 
Seat 2: Maria1995587 ($4.02 in chips) 
Seat 3: henriquefjc ($3.93 in chips) 
Seat 4: AGVsmarT ($5 in chips) 
Seat 6: VascoSerg ($8.66 in chips) 
Seat 7: HAEMHuk2009 ($7.06 in chips) 
Seat 8: Dorex2007 ($6.40 in chips) 
Seat 9: medo50050 ($5.06 in chips) 
Maria1995587: posts small blind $0.02
henriquefjc: posts big blind $0.05
PANTERO 777: sits out 
*** HOLE CARDS ***
Dealt to Dorex2007 [7h 7d]
AGVsmarT: folds 
VascoSerg: raises $0.10 to $0.15
HAEMHuk2009: folds 
Dorex2007: calls $0.15
medo50050: calls $0.15
ripperzin: folds 
Maria1995587: folds 
henriquefjc: calls $0.10
*** FLOP *** [8h Ts Qs]
henriquefjc: checks 
VascoSerg: bets $0.29
Dorex2007: folds 
medo50050: folds 
henriquefjc: folds 
Uncalled bet ($0.29) returned to VascoSerg
VascoSerg collected $0.59 from pot
VascoSerg: doesn't show hand 
*** SUMMARY ***
Total pot $0.62 | Rake $0.03 
Board [8h Ts Qs]
Seat 1: ripperzin (button) folded before Flop (didn't bet)
Seat 2: Maria1995587 (small blind) folded before Flop
Seat 3: henriquefjc (big blind) folded on the Flop
Seat 4: AGVsmarT folded before Flop (didn't bet)
Seat 6: VascoSerg collected ($0.59)
Seat 7: HAEMHuk2009 folded before Flop (didn't bet)
Seat 8: Dorex2007 folded on the Flop
Seat 9: medo50050 folded on the Flop



PokerStars Hand #238845837983:  Hold'em No Limit ($0.02/$0.05 USD) - 2022/09/24 18:00:44 PT [2022/09/24 21:00:44 ET]
Table 'Adonis II' 9-max Seat #2 is the button
Seat 1: ripperzin ($7.52 in chips) 
Seat 2: Maria1995587 ($4 in chips) 
Seat 3: henriquefjc ($3.78 in chips) 
Seat 4: AGVsmarT ($5 in chips) 
Seat 6: VascoSerg ($9.10 in chips) 
Seat 7: HAEMHuk2009 ($7.06 in chips) 
Seat 8: Dorex2007 ($6.25 in chips) 
Seat 9: medo50050 ($4.91 in chips) 
henriquefjc: posts small blind $0.02
AGVsmarT: posts big blind $0.05
PANTERO 777: sits out 
*** HOLE CARDS ***
Dealt to Dorex2007 [9d Th]
VascoSerg: folds 
HAEMHuk2009: folds 
Dorex2007: folds 
medo50050: calls $0.05
ripperzin: raises $0.17 to $0.22
Maria1995587: folds 
henriquefjc: folds 
AGVsmarT: folds 
medo50050: calls $0.17
*** FLOP *** [6h 5s 8h]
medo50050: checks 
ripperzin: checks 
*** TURN *** [6h 5s 8h] [Kc]
medo50050: checks 
ripperzin: bets $0.24
medo50050: calls $0.24
*** RIVER *** [6h 5s 8h Kc] [Qs]
medo50050: checks 
ripperzin: bets $0.95
medo50050: folds 
Uncalled bet ($0.95) returned to ripperzin
ripperzin collected $0.95 from pot
ripperzin: doesn't show hand 
*** SUMMARY ***
Total pot $0.99 | Rake $0.04 
Board [6h 5s 8h Kc Qs]
Seat 1: ripperzin collected ($0.95)
Seat 2: Maria1995587 (button) folded before Flop (didn't bet)
Seat 3: henriquefjc (small blind) folded before Flop
Seat 4: AGVsmarT (big blind) folded before Flop
Seat 6: VascoSerg folded before Flop (didn't bet)
Seat 7: HAEMHuk2009 folded before Flop (didn't bet)
Seat 8: Dorex2007 folded before Flop (didn't bet)
Seat 9: medo50050 folded on the River



PokerStars Hand #238845852517:  Hold'em No Limit ($0.02/$0.05 USD) - 2022/09/24 18:01:54 PT [2022/09/24 21:01:54 ET]
Table 'Adonis II' 9-max Seat #3 is the button
Seat 1: ripperzin ($8.01 in chips) 
Seat 2: Maria1995587 ($4 in chips) 
Seat 3: henriquefjc ($3.76 in chips) 
Seat 4: AGVsmarT ($4.95 in chips) 
Seat 5: PANTERO 777 ($2.45 in chips) 
Seat 6: VascoSerg ($9.10 in chips) 
Seat 7: HAEMHuk2009 ($7.06 in chips) 
Seat 8: Dorex2007 ($6.25 in chips) 
Seat 9: medo50050 ($4.45 in chips) 
AGVsmarT: posts small blind $0.02
PANTERO 777: posts big blind $0.05
*** HOLE CARDS ***
Dealt to Dorex2007 [3h 5d]
VascoSerg: folds 
HAEMHuk2009: folds 
Dorex2007: folds 
medo50050: calls $0.05
ripperzin: folds 
Maria1995587: folds 
henriquefjc: folds 
AGVsmarT: folds 
PANTERO 777: checks 
*** FLOP *** [6d 5c 2c]
PANTERO 777: checks 
medo50050: bets $0.05
PANTERO 777: folds 
Uncalled bet ($0.05) returned to medo50050
medo50050 collected $0.12 from pot
*** SUMMARY ***
Total pot $0.12 | Rake $0 
Board [6d 5c 2c]
Seat 1: ripperzin folded before Flop (didn't bet)
Seat 2: Maria1995587 folded before Flop (didn't bet)
Seat 3: henriquefjc (button) folded before Flop (didn't bet)
Seat 4: AGVsmarT (small blind) folded before Flop
Seat 5: PANTERO 777 (big blind) folded on the Flop
Seat 6: VascoSerg folded before Flop (didn't bet)
Seat 7: HAEMHuk2009 folded before Flop (didn't bet)
Seat 8: Dorex2007 folded before Flop (didn't bet)
Seat 9: medo50050 collected ($0.12)



PokerStars Hand #238845866293:  Hold'em No Limit ($0.02/$0.05 USD) - 2022/09/24 18:03:01 PT [2022/09/24 21:03:01 ET]
Table 'Adonis II' 9-max Seat #4 is the button
Seat 1: ripperzin ($8.01 in chips) 
Seat 2: Maria1995587 ($4 in chips) 
Seat 3: henriquefjc ($3.76 in chips) 
Seat 4: AGVsmarT ($4.93 in chips) 
Seat 5: PANTERO 777 ($2.40 in chips) 
Seat 6: VascoSerg ($9.10 in chips) 
Seat 7: HAEMHuk2009 ($7.06 in chips) 
Seat 8: Dorex2007 ($6.25 in chips) 
Seat 9: medo50050 ($4.52 in chips) 
PANTERO 777: posts small blind $0.02
VascoSerg: posts big blind $0.05
*** HOLE CARDS ***
Dealt to Dorex2007 [2s 9c]
HAEMHuk2009: folds 
Dorex2007: folds 
medo50050: raises $0.05 to $0.10
ripperzin: raises $0.27 to $0.37
Maria1995587: folds 
henriquefjc: folds 
AGVsmarT: folds 
PANTERO 777: folds 
VascoSerg: folds 
medo50050: calls $0.27
*** FLOP *** [6d 7d 8s]
medo50050: bets $0.78
ripperzin: calls $0.78
*** TURN *** [6d 7d 8s] [6s]
medo50050: bets $1.10
ripperzin: folds 
Uncalled bet ($1.10) returned to medo50050
medo50050 collected $2.27 from pot
*** SUMMARY ***
Total pot $2.37 | Rake $0.10 
Board [6d 7d 8s 6s]
Seat 1: ripperzin folded on the Turn
Seat 2: Maria1995587 folded before Flop (didn't bet)
Seat 3: henriquefjc folded before Flop (didn't bet)
Seat 4: AGVsmarT (button) folded before Flop (didn't bet)
Seat 5: PANTERO 777 (small blind) folded before Flop
Seat 6: VascoSerg (big blind) folded before Flop
Seat 7: HAEMHuk2009 folded before Flop (didn't bet)
Seat 8: Dorex2007 folded before Flop (didn't bet)
Seat 9: medo50050 collected ($2.27)



PokerStars Hand #238845879487:  Hold'em No Limit ($0.02/$0.05 USD) - 2022/09/24 18:04:04 PT [2022/09/24 21:04:04 ET]
Table 'Adonis II' 9-max Seat #5 is the button
Seat 1: ripperzin ($6.86 in chips) 
Seat 2: Maria1995587 ($4 in chips) 
Seat 3: henriquefjc ($3.76 in chips) 
Seat 4: AGVsmarT ($4.93 in chips) 
Seat 5: PANTERO 777 ($2.38 in chips) 
Seat 6: VascoSerg ($9.05 in chips) 
Seat 7: HAEMHuk2009 ($7.06 in chips) 
Seat 8: Dorex2007 ($6.25 in chips) 
Seat 9: medo50050 ($5.64 in chips) 
VascoSerg: posts small blind $0.02
HAEMHuk2009: posts big blind $0.05
*** HOLE CARDS ***
Dealt to Dorex2007 [6c 2s]
Dorex2007: folds 
medo50050: folds 
ripperzin: folds 
Maria1995587: calls $0.05
henriquefjc: folds 
AGVsmarT: folds 
PANTERO 777: folds 
VascoSerg: raises $0.21 to $0.26
HAEMHuk2009: folds 
Maria1995587: folds 
Uncalled bet ($0.21) returned to VascoSerg
VascoSerg collected $0.15 from pot
VascoSerg: doesn't show hand 
*** SUMMARY ***
Total pot $0.15 | Rake $0 
Seat 1: ripperzin folded before Flop (didn't bet)
Seat 2: Maria1995587 folded before Flop
Seat 3: henriquefjc folded before Flop (didn't bet)
Seat 4: AGVsmarT folded before Flop (didn't bet)
Seat 5: PANTERO 777 (button) folded before Flop (didn't bet)
Seat 6: VascoSerg (small blind) collected ($0.15)
Seat 7: HAEMHuk2009 (big blind) folded before Flop
Seat 8: Dorex2007 folded before Flop (didn't bet)
Seat 9: medo50050 folded before Flop (didn't bet)



PokerStars Hand #238845886829:  Hold'em No Limit ($0.02/$0.05 USD) - 2022/09/24 18:04:39 PT [2022/09/24 21:04:39 ET]
Table 'Adonis II' 9-max Seat #6 is the button
Seat 1: ripperzin ($6.86 in chips) 
Seat 2: Maria1995587 ($3.95 in chips) 
Seat 3: henriquefjc ($3.76 in chips) 
Seat 4: AGVsmarT ($4.93 in chips) 
Seat 5: PANTERO 777 ($2.38 in chips) 
Seat 6: VascoSerg ($9.15 in chips) 
Seat 7: HAEMHuk2009 ($7.01 in chips) 
Seat 8: Dorex2007 ($6.25 in chips) 
Seat 9: medo50050 ($5.64 in chips) 
HAEMHuk2009: posts small blind $0.02
Dorex2007: posts big blind $0.05
*** HOLE CARDS ***
Dealt to Dorex2007 [Jd 2s]
medo50050: calls $0.05
ripperzin: folds 
Maria1995587: folds 
henriquefjc: folds 
AGVsmarT: calls $0.05
PANTERO 777: folds 
VascoSerg: folds 
HAEMHuk2009: folds 
Dorex2007: checks 
*** FLOP *** [7h 6s 9s]
Dorex2007: checks 
medo50050: bets $0.05
AGVsmarT: calls $0.05
HAEMHuk2009 leaves the table
Dorex2007: folds 
*** TURN *** [7h 6s 9s] [6h]
medo50050: bets $0.26
AGVsmarT: folds 
Uncalled bet ($0.26) returned to medo50050
medo50050 collected $0.26 from pot
*** SUMMARY ***
Total pot $0.27 | Rake $0.01 
Board [7h 6s 9s 6h]
Seat 1: ripperzin folded before Flop (didn't bet)
Seat 2: Maria1995587 folded before Flop (didn't bet)
Seat 3: henriquefjc folded before Flop (didn't bet)
Seat 4: AGVsmarT folded on the Turn
Seat 5: PANTERO 777 folded before Flop (didn't bet)
Seat 6: VascoSerg (button) folded before Flop (didn't bet)
Seat 7: HAEMHuk2009 (small blind) folded before Flop
Seat 8: Dorex2007 (big blind) folded on the Flop
Seat 9: medo50050 collected ($0.26)



PokerStars Hand #238845902082:  Hold'em No Limit ($0.02/$0.05 USD) - 2022/09/24 18:05:52 PT [2022/09/24 21:05:52 ET]
Table 'Adonis II' 9-max Seat #8 is the button
Seat 1: ripperzin ($6.86 in chips) 
Seat 2: Maria1995587 ($3.95 in chips) 
Seat 3: henriquefjc ($3.76 in chips) 
Seat 4: AGVsmarT ($4.83 in chips) 
Seat 5: PANTERO 777 ($2.38 in chips) 
Seat 6: VascoSerg ($9.15 in chips) 
Seat 8: Dorex2007 ($6.20 in chips) 
Seat 9: medo50050 ($5.80 in chips) 
medo50050: posts small blind $0.02
ripperzin: posts big blind $0.05
*** HOLE CARDS ***
Dealt to Dorex2007 [9s 3d]
Maria1995587: folds 
henriquefjc: folds 
AGVsmarT: calls $0.05
PANTERO 777: folds 
VascoSerg: folds 
Dorex2007: folds 
medo50050: calls $0.03
ripperzin: raises $0.15 to $0.20
AGVsmarT: folds 
medo50050: calls $0.15
*** FLOP *** [Ah Kc Jh]
medo50050: checks 
iglesias150 joins the table at seat #7 
ripperzin: bets $0.43
medo50050: calls $0.43
*** TURN *** [Ah Kc Jh] [Qc]
medo50050: bets $1.26
ripperzin: folds 
Uncalled bet ($1.26) returned to medo50050
medo50050 collected $1.26 from pot
*** SUMMARY ***
Total pot $1.31 | Rake $0.05 
Board [Ah Kc Jh Qc]
Seat 1: ripperzin (big blind) folded on the Turn
Seat 2: Maria1995587 folded before Flop (didn't bet)
Seat 3: henriquefjc folded before Flop (didn't bet)
Seat 4: AGVsmarT folded before Flop
Seat 5: PANTERO 777 folded before Flop (didn't bet)
Seat 6: VascoSerg folded before Flop (didn't bet)
Seat 8: Dorex2007 (button) folded before Flop (didn't bet)
Seat 9: medo50050 (small blind) collected ($1.26)



PokerStars Hand #238845918795:  Hold'em No Limit ($0.02/$0.05 USD) - 2022/09/24 18:07:13 PT [2022/09/24 21:07:13 ET]
Table 'Adonis II' 9-max Seat #9 is the button
Seat 1: ripperzin ($6.23 in chips) 
Seat 2: Maria1995587 ($3.95 in chips) 
Seat 3: henriquefjc ($3.76 in chips) 
Seat 4: AGVsmarT ($4.78 in chips) 
Seat 5: PANTERO 777 ($2.38 in chips) 
Seat 6: VascoSerg ($9.15 in chips) 
Seat 7: iglesias150 ($4 in chips) 
Seat 8: Dorex2007 ($6.20 in chips) 
Seat 9: medo50050 ($6.43 in chips) 
ripperzin: posts small blind $0.02
Maria1995587: posts big blind $0.05
iglesias150: posts big blind $0.05
*** HOLE CARDS ***
Dealt to Dorex2007 [2c 5s]
henriquefjc: calls $0.05
AGVsmarT is connected 
AGVsmarT has timed out
AGVsmarT: folds 
PANTERO 777: calls $0.05
VascoSerg: folds 
iglesias150: checks 
Dorex2007: folds 
medo50050: calls $0.05
ripperzin: raises $0.30 to $0.35
Maria1995587: folds 
henriquefjc: folds 
PANTERO 777: calls $0.30
iglesias150: folds 
medo50050: calls $0.30
*** FLOP *** [4d Jh Qh]
ripperzin: bets $1.15
PANTERO 777: folds 
medo50050: calls $1.15
*** TURN *** [4d Jh Qh] [2d]
ripperzin: bets $1.67
medo50050: calls $1.67
*** RIVER *** [4d Jh Qh 2d] [9c]
ripperzin: checks 
medo50050: checks 
*** SHOW DOWN ***
ripperzin: shows [Jd Ac] (a pair of Jacks)
medo50050: mucks hand 
ripperzin collected $6.56 from pot
*** SUMMARY ***
Total pot $6.84 | Rake $0.28 
Board [4d Jh Qh 2d 9c]
Seat 1: ripperzin (small blind) showed [Jd Ac] and won ($6.56) with a pair of Jacks
Seat 2: Maria1995587 (big blind) folded before Flop
Seat 3: henriquefjc folded before Flop
Seat 4: AGVsmarT folded before Flop (didn't bet)
Seat 5: PANTERO 777 folded on the Flop
Seat 6: VascoSerg folded before Flop (didn't bet)
Seat 7: iglesias150 folded before Flop (didn't bet)
Seat 8: Dorex2007 folded before Flop (didn't bet)
Seat 9: medo50050 (button) mucked [Jc Kd]



PokerStars Hand #238845948477:  Hold'em No Limit ($0.02/$0.05 USD) - 2022/09/24 18:09:38 PT [2022/09/24 21:09:38 ET]
Table 'Adonis II' 9-max Seat #1 is the button
Seat 1: ripperzin ($9.62 in chips) 
Seat 2: Maria1995587 ($3.90 in chips) 
Seat 3: henriquefjc ($3.71 in chips) 
Seat 4: AGVsmarT ($4.78 in chips) 
Seat 5: PANTERO 777 ($2.03 in chips) 
Seat 6: VascoSerg ($9.15 in chips) 
Seat 7: iglesias150 ($3.95 in chips) 
Seat 8: Dorex2007 ($6.20 in chips) 
Seat 9: medo50050 ($3.26 in chips) 
Maria1995587: posts small blind $0.02
henriquefjc: posts big blind $0.05
*** HOLE CARDS ***
Dealt to Dorex2007 [6s 3h]
AGVsmarT: calls $0.05
PANTERO 777: raises $0.15 to $0.20
VascoSerg: folds 
iglesias150: folds 
Dorex2007: folds 
medo50050: raises $0.15 to $0.35
ripperzin: folds 
Maria1995587: folds 
henriquefjc: folds 
AGVsmarT: folds 
PANTERO 777: raises $1.68 to $2.03 and is all-in
medo50050: calls $1.68
*** FLOP *** [Kc 7d Td]
*** TURN *** [Kc 7d Td] [Js]
*** RIVER *** [Kc 7d Td Js] [8d]
*** SHOW DOWN ***
PANTERO 777: shows [Kd As] (a pair of Kings)
medo50050: shows [3c 2c] (high card King)
PANTERO 777 cashed out the hand for $2.45 | Cash Out Fee $0.02
*** SUMMARY ***
Total pot $4.18 | Rake $0.17 
Board [Kc 7d Td Js 8d]
Seat 1: ripperzin (button) folded before Flop (didn't bet)
Seat 2: Maria1995587 (small blind) folded before Flop
Seat 3: henriquefjc (big blind) folded before Flop
Seat 4: AGVsmarT folded before Flop
Seat 5: PANTERO 777 showed [Kd As] and won ($4.01) with a pair of Kings (pot not awarded as player cashed out)
Seat 6: VascoSerg folded before Flop (didn't bet)
Seat 7: iglesias150 folded before Flop (didn't bet)
Seat 8: Dorex2007 folded before Flop (didn't bet)
Seat 9: medo50050 showed [3c 2c] and lost with high card King



PokerStars Hand #238845959678:  Hold'em No Limit ($0.02/$0.05 USD) - 2022/09/24 18:10:33 PT [2022/09/24 21:10:33 ET]
Table 'Adonis II' 9-max Seat #2 is the button
Seat 1: ripperzin ($9.62 in chips) 
Seat 2: Maria1995587 ($3.88 in chips) 
Seat 3: henriquefjc ($3.66 in chips) 
Seat 4: AGVsmarT ($4.73 in chips) 
Seat 5: PANTERO 777 ($2.45 in chips) 
Seat 6: VascoSerg ($9.15 in chips) 
Seat 7: iglesias150 ($3.95 in chips) 
Seat 8: Dorex2007 ($6.20 in chips) 
Seat 9: medo50050 ($1.23 in chips) 
henriquefjc: posts small blind $0.02
AGVsmarT: posts big blind $0.05
*** HOLE CARDS ***
Dealt to Dorex2007 [2s Ad]
PANTERO 777: folds 
VascoSerg: folds 
iglesias150: folds 
Dorex2007: folds 
medo50050: calls $0.05
ripperzin: folds 
Maria1995587: folds 
henriquefjc: folds 
AGVsmarT: checks 
*** FLOP *** [8c 6h Jd]
AGVsmarT: bets $0.05
medo50050: folds 
Uncalled bet ($0.05) returned to AGVsmarT
AGVsmarT collected $0.12 from pot
*** SUMMARY ***
Total pot $0.12 | Rake $0 
Board [8c 6h Jd]
Seat 1: ripperzin folded before Flop (didn't bet)
Seat 2: Maria1995587 (button) folded before Flop (didn't bet)
Seat 3: henriquefjc (small blind) folded before Flop
Seat 4: AGVsmarT (big blind) collected ($0.12)
Seat 5: PANTERO 777 folded before Flop (didn't bet)
Seat 6: VascoSerg folded before Flop (didn't bet)
Seat 7: iglesias150 folded before Flop (didn't bet)
Seat 8: Dorex2007 folded before Flop (didn't bet)
Seat 9: medo50050 folded on the Flop



PokerStars Hand #238845967193:  Hold'em No Limit ($0.02/$0.05 USD) - 2022/09/24 18:11:10 PT [2022/09/24 21:11:10 ET]
Table 'Adonis II' 9-max Seat #3 is the button
Seat 1: ripperzin ($9.62 in chips) 
Seat 2: Maria1995587 ($3.88 in chips) 
Seat 3: henriquefjc ($3.64 in chips) 
Seat 4: AGVsmarT ($4.80 in chips) 
Seat 5: PANTERO 777 ($2.45 in chips) 
Seat 6: VascoSerg ($9.15 in chips) 
Seat 7: iglesias150 ($3.95 in chips) 
Seat 8: Dorex2007 ($6.20 in chips) 
Seat 9: medo50050 ($1.18 in chips) 
AGVsmarT: posts small blind $0.02
PANTERO 777: posts big blind $0.05
*** HOLE CARDS ***
Dealt to Dorex2007 [5c 8s]
VascoSerg: folds 
iglesias150: folds 
Dorex2007: folds 
medo50050: folds 
ripperzin: calls $0.05
Maria1995587: folds 
henriquefjc: calls $0.05
AGVsmarT: raises $0.20 to $0.25
PANTERO 777: folds 
ripperzin: calls $0.20
henriquefjc: folds 
*** FLOP *** [Ac 6h 3h]
AGVsmarT: bets $0.29
ripperzin: calls $0.29
*** TURN *** [Ac 6h 3h] [7s]
AGVsmarT: checks 
ripperzin: bets $0.56
AGVsmarT: folds 
Uncalled bet ($0.56) returned to ripperzin
ripperzin collected $1.13 from pot
ripperzin: doesn't show hand 
*** SUMMARY ***
Total pot $1.18 | Rake $0.05 
Board [Ac 6h 3h 7s]
Seat 1: ripperzin collected ($1.13)
Seat 2: Maria1995587 folded before Flop (didn't bet)
Seat 3: henriquefjc (button) folded before Flop
Seat 4: AGVsmarT (small blind) folded on the Turn
Seat 5: PANTERO 777 (big blind) folded before Flop
Seat 6: VascoSerg folded before Flop (didn't bet)
Seat 7: iglesias150 folded before Flop (didn't bet)
Seat 8: Dorex2007 folded before Flop (didn't bet)
Seat 9: medo50050 folded before Flop (didn't bet)



PokerStars Hand #238845983082:  Hold'em No Limit ($0.02/$0.05 USD) - 2022/09/24 18:12:27 PT [2022/09/24 21:12:27 ET]
Table 'Adonis II' 9-max Seat #4 is the button
Seat 1: ripperzin ($10.21 in chips) 
Seat 2: Maria1995587 ($3.88 in chips) 
Seat 3: henriquefjc ($3.59 in chips) 
Seat 4: AGVsmarT ($4.26 in chips) 
Seat 5: PANTERO 777 ($2.40 in chips) 
Seat 6: VascoSerg ($9.15 in chips) 
Seat 7: iglesias150 ($3.95 in chips) 
Seat 8: Dorex2007 ($6.20 in chips) 
Seat 9: medo50050 ($1.18 in chips) 
PANTERO 777: posts small blind $0.02
VascoSerg: posts big blind $0.05
*** HOLE CARDS ***
Dealt to Dorex2007 [Th 3s]
iglesias150: folds 
Dorex2007: folds 
medo50050: calls $0.05
ripperzin: calls $0.05
Maria1995587: folds 
henriquefjc: calls $0.05
AGVsmarT: calls $0.05
PANTERO 777: calls $0.03
VascoSerg: checks 
*** FLOP *** [9c 4d 8h]
PANTERO 777: bets $0.10
VascoSerg: folds 
medo50050: calls $0.10
ripperzin: folds 
henriquefjc: calls $0.10
AGVsmarT: calls $0.10
*** TURN *** [9c 4d 8h] [8s]
PANTERO 777: checks 
medo50050: checks 
henriquefjc: checks 
AGVsmarT: checks 
*** RIVER *** [9c 4d 8h 8s] [Jh]
PANTERO 777: bets $0.20
medo50050: folds 
henriquefjc: calls $0.20
AGVsmarT: folds 
*** SHOW DOWN ***
PANTERO 777: shows [9h Kh] (two pair, Nines and Eights)
henriquefjc: shows [Js Ts] (two pair, Jacks and Eights)
henriquefjc collected $1.05 from pot
*** SUMMARY ***
Total pot $1.10 | Rake $0.05 
Board [9c 4d 8h 8s Jh]
Seat 1: ripperzin folded on the Flop
Seat 2: Maria1995587 folded before Flop (didn't bet)
Seat 3: henriquefjc showed [Js Ts] and won ($1.05) with two pair, Jacks and Eights
Seat 4: AGVsmarT (button) folded on the River
Seat 5: PANTERO 777 (small blind) showed [9h Kh] and lost with two pair, Nines and Eights
Seat 6: VascoSerg (big blind) folded on the Flop
Seat 7: iglesias150 folded before Flop (didn't bet)
Seat 8: Dorex2007 folded before Flop (didn't bet)
Seat 9: medo50050 folded on the River



PokerStars Hand #238846001787:  Hold'em No Limit ($0.02/$0.05 USD) - 2022/09/24 18:14:00 PT [2022/09/24 21:14:00 ET]
Table 'Adonis II' 9-max Seat #5 is the button
Seat 1: ripperzin ($10.16 in chips) 
Seat 2: Maria1995587 ($3.88 in chips) 
Seat 3: henriquefjc ($4.29 in chips) 
Seat 4: AGVsmarT ($4.11 in chips) 
Seat 5: PANTERO 777 ($2.05 in chips) 
Seat 6: VascoSerg ($9.10 in chips) 
Seat 7: iglesias150 ($3.95 in chips) 
Seat 8: Dorex2007 ($6.20 in chips) 
Seat 9: medo50050 ($1.03 in chips) 
VascoSerg: posts small blind $0.02
iglesias150: posts big blind $0.05
*** HOLE CARDS ***
Dealt to Dorex2007 [6d Ac]
Dorex2007: folds 
medo50050: folds 
medo50050 is disconnected 
ripperzin: raises $0.10 to $0.15
Maria1995587: raises $0.40 to $0.55
henriquefjc: folds 
AGVsmarT: folds 
PANTERO 777: folds 
VascoSerg: folds 
iglesias150: folds 
ripperzin: raises $1.55 to $2.10
Maria1995587: folds 
Uncalled bet ($1.55) returned to ripperzin
ripperzin collected $1.17 from pot
ripperzin: doesn't show hand 
*** SUMMARY ***
Total pot $1.17 | Rake $0 
Seat 1: ripperzin collected ($1.17)
Seat 2: Maria1995587 folded before Flop
Seat 3: henriquefjc folded before Flop (didn't bet)
Seat 4: AGVsmarT folded before Flop (didn't bet)
Seat 5: PANTERO 777 (button) folded before Flop (didn't bet)
Seat 6: VascoSerg (small blind) folded before Flop
Seat 7: iglesias150 (big blind) folded before Flop
Seat 8: Dorex2007 folded before Flop (didn't bet)
Seat 9: medo50050 folded before Flop (didn't bet)



PokerStars Hand #238846015585:  Hold'em No Limit ($0.02/$0.05 USD) - 2022/09/24 18:15:09 PT [2022/09/24 21:15:09 ET]
Table 'Adonis II' 9-max Seat #6 is the button
Seat 1: ripperzin ($10.78 in chips) 
Seat 2: Maria1995587 ($3.33 in chips) 
Seat 3: henriquefjc ($4.29 in chips) 
Seat 4: AGVsmarT ($4.11 in chips) 
Seat 5: PANTERO 777 ($2.05 in chips) 
Seat 6: VascoSerg ($9.08 in chips) 
Seat 7: iglesias150 ($3.90 in chips) 
Seat 8: Dorex2007 ($6.20 in chips) 
Seat 9: medo50050 ($1.03 in chips) 
iglesias150: posts small blind $0.02
Dorex2007: posts big blind $0.05
*** HOLE CARDS ***
Dealt to Dorex2007 [5c Qc]
medo50050 has timed out while disconnected
medo50050: folds 
ripperzin: folds 
Maria1995587: calls $0.05
henriquefjc: folds 
AGVsmarT: calls $0.05
PANTERO 777: folds 
VascoSerg: folds 
iglesias150: folds 
Dorex2007: checks 
*** FLOP *** [6s 8s Ad]
Dorex2007: checks 
Maria1995587: checks 
AGVsmarT: bets $0.10
Dorex2007: folds 
Maria1995587: raises $3.18 to $3.28 and is all-in
AGVsmarT: folds 
Uncalled bet ($3.18) returned to Maria1995587
Maria1995587 collected $0.35 from pot
*** SUMMARY ***
Total pot $0.37 | Rake $0.02 
Board [6s 8s Ad]
Seat 1: ripperzin folded before Flop (didn't bet)
Seat 2: Maria1995587 collected ($0.35)
Seat 3: henriquefjc folded before Flop (didn't bet)
Seat 4: AGVsmarT folded on the Flop
Seat 5: PANTERO 777 folded before Flop (didn't bet)
Seat 6: VascoSerg (button) folded before Flop (didn't bet)
Seat 7: iglesias150 (small blind) folded before Flop
Seat 8: Dorex2007 (big blind) folded on the Flop
Seat 9: medo50050 folded before Flop (didn't bet)



PokerStars Hand #238846025434:  Hold'em No Limit ($0.02/$0.05 USD) - 2022/09/24 18:15:58 PT [2022/09/24 21:15:58 ET]
Table 'Adonis II' 9-max Seat #7 is the button
Seat 1: ripperzin ($10.78 in chips) 
Seat 2: Maria1995587 ($3.53 in chips) 
Seat 3: henriquefjc ($4.29 in chips) 
Seat 4: AGVsmarT ($3.96 in chips) 
Seat 5: PANTERO 777 ($2.05 in chips) 
Seat 6: VascoSerg ($9.08 in chips) 
Seat 7: iglesias150 ($3.88 in chips) 
Seat 8: Dorex2007 ($6.15 in chips) 
Dorex2007: posts small blind $0.02
ripperzin: posts big blind $0.05
*** HOLE CARDS ***
Dealt to Dorex2007 [6d Qh]
Maria1995587: folds 
henriquefjc: folds 
AGVsmarT: calls $0.05
PANTERO 777: calls $0.05
VascoSerg: folds 
iglesias150: folds 
Dorex2007: folds 
ripperzin has timed out
ripperzin: checks 
*** FLOP *** [As Qs Ah]
ripperzin: checks 
AGVsmarT: checks 
PANTERO 777: checks 
*** TURN *** [As Qs Ah] [3d]
ripperzin: checks 
AGVsmarT: checks 
PANTERO 777: checks 
*** RIVER *** [As Qs Ah 3d] [6h]
ripperzin: checks 
AGVsmarT: checks 
PANTERO 777: checks 
*** SHOW DOWN ***
ripperzin: shows [8h 7c] (a pair of Aces)
AGVsmarT: shows [7d 9d] (a pair of Aces - Queen+Nine kicker)
PANTERO 777: shows [Tc Ks] (a pair of Aces - King kicker)
PANTERO 777 collected $0.16 from pot
*** SUMMARY ***
Total pot $0.17 | Rake $0.01 
Board [As Qs Ah 3d 6h]
Seat 1: ripperzin (big blind) showed [8h 7c] and lost with a pair of Aces
Seat 2: Maria1995587 folded before Flop (didn't bet)
Seat 3: henriquefjc folded before Flop (didn't bet)
Seat 4: AGVsmarT showed [7d 9d] and lost with a pair of Aces
Seat 5: PANTERO 777 showed [Tc Ks] and won ($0.16) with a pair of Aces
Seat 6: VascoSerg folded before Flop (didn't bet)
Seat 7: iglesias150 (button) folded before Flop (didn't bet)
Seat 8: Dorex2007 (small blind) folded before Flop



PokerStars Hand #238846043227:  Hold'em No Limit ($0.02/$0.05 USD) - 2022/09/24 18:17:27 PT [2022/09/24 21:17:27 ET]
Table 'Adonis II' 9-max Seat #8 is the button
Seat 1: ripperzin ($10.73 in chips) 
Seat 2: Maria1995587 ($3.53 in chips) 
Seat 3: henriquefjc ($4.29 in chips) 
Seat 4: AGVsmarT ($3.91 in chips) 
Seat 5: PANTERO 777 ($2.16 in chips) 
Seat 6: VascoSerg ($9.08 in chips) 
Seat 7: iglesias150 ($3.88 in chips) 
Seat 8: Dorex2007 ($6.13 in chips) 
ripperzin: posts small blind $0.02
Maria1995587: posts big blind $0.05
*** HOLE CARDS ***
Dealt to Dorex2007 [4s Qd]
henriquefjc: calls $0.05
AGVsmarT: raises $0.17 to $0.22
PANTERO 777: folds 
VascoSerg: folds 
iglesias150: folds 
Dorex2007: folds 
ripperzin: folds 
Maria1995587: folds 
henriquefjc: folds 
Uncalled bet ($0.17) returned to AGVsmarT
AGVsmarT collected $0.17 from pot
*** SUMMARY ***
Total pot $0.17 | Rake $0 
Seat 1: ripperzin (small blind) folded before Flop
Seat 2: Maria1995587 (big blind) folded before Flop
Seat 3: henriquefjc folded before Flop
Seat 4: AGVsmarT collected ($0.17)
Seat 5: PANTERO 777 folded before Flop (didn't bet)
Seat 6: VascoSerg folded before Flop (didn't bet)
Seat 7: iglesias150 folded before Flop (didn't bet)
Seat 8: Dorex2007 (button) folded before Flop (didn't bet)



PokerStars Hand #238846049314:  Hold'em No Limit ($0.02/$0.05 USD) - 2022/09/24 18:17:57 PT [2022/09/24 21:17:57 ET]
Table 'Adonis II' 9-max Seat #1 is the button
Seat 1: ripperzin ($10.71 in chips) 
Seat 2: Maria1995587 ($3.48 in chips) 
Seat 3: henriquefjc ($4.24 in chips) 
Seat 4: AGVsmarT ($4.03 in chips) 
Seat 5: PANTERO 777 ($2.16 in chips) 
Seat 6: VascoSerg ($9.08 in chips) 
Seat 7: iglesias150 ($3.88 in chips) 
Seat 8: Dorex2007 ($6.13 in chips) 
Maria1995587: posts small blind $0.02
henriquefjc: posts big blind $0.05
*** HOLE CARDS ***
Dealt to Dorex2007 [2d Jd]
AGVsmarT: folds 
PANTERO 777: folds 
VascoSerg: folds 
iglesias150: folds 
Dorex2007: folds 
ripperzin: raises $0.05 to $0.10
Maria1995587: calls $0.08
henriquefjc: folds 
*** FLOP *** [Jc 4d Ks]
Maria1995587: checks 
ripperzin: checks 
*** TURN *** [Jc 4d Ks] [5d]
Maria1995587: bets $0.12
ripperzin: calls $0.12
*** RIVER *** [Jc 4d Ks 5d] [8s]
Maria1995587: checks 
ripperzin: bets $0.30
Maria1995587: folds 
Uncalled bet ($0.30) returned to ripperzin
ripperzin collected $0.47 from pot
ripperzin: doesn't show hand 
*** SUMMARY ***
Total pot $0.49 | Rake $0.02 
Board [Jc 4d Ks 5d 8s]
Seat 1: ripperzin (button) collected ($0.47)
Seat 2: Maria1995587 (small blind) folded on the River
Seat 3: henriquefjc (big blind) folded before Flop
Seat 4: AGVsmarT folded before Flop (didn't bet)
Seat 5: PANTERO 777 folded before Flop (didn't bet)
Seat 6: VascoSerg folded before Flop (didn't bet)
Seat 7: iglesias150 folded before Flop (didn't bet)
Seat 8: Dorex2007 folded before Flop (didn't bet)



PokerStars Hand #238846061563:  Hold'em No Limit ($0.02/$0.05 USD) - 2022/09/24 18:18:59 PT [2022/09/24 21:18:59 ET]
Table 'Adonis II' 9-max Seat #2 is the button
Seat 1: ripperzin ($10.96 in chips) 
Seat 2: Maria1995587 ($3.26 in chips) 
Seat 3: henriquefjc ($4.19 in chips) 
Seat 4: AGVsmarT ($4.03 in chips) 
Seat 5: PANTERO 777 ($2.16 in chips) 
Seat 6: VascoSerg ($9.08 in chips) 
Seat 7: iglesias150 ($3.88 in chips) 
Seat 8: Dorex2007 ($6.13 in chips) 
henriquefjc: posts small blind $0.02
AGVsmarT: posts big blind $0.05
*** HOLE CARDS ***
Dealt to Dorex2007 [5d Ad]
PANTERO 777: folds 
VascoSerg has timed out
VascoSerg: folds 
iglesias150: raises $0.10 to $0.15
Dorex2007: folds 
ripperzin: folds 
Maria1995587: folds 
henriquefjc: folds 
AGVsmarT: raises $0.32 to $0.47
iglesias150: calls $0.32
*** FLOP *** [2h 4s 7s]
AGVsmarT: bets $0.46
iglesias150: calls $0.46
*** TURN *** [2h 4s 7s] [Ah]
AGVsmarT: bets $0.30
iglesias150: raises $2.65 to $2.95 and is all-in
AGVsmarT: folds 
Uncalled bet ($2.65) returned to iglesias150
iglesias150 collected $2.38 from pot
*** SUMMARY ***
Total pot $2.48 | Rake $0.10 
Board [2h 4s 7s Ah]
Seat 1: ripperzin folded before Flop (didn't bet)
Seat 2: Maria1995587 (button) folded before Flop (didn't bet)
Seat 3: henriquefjc (small blind) folded before Flop
Seat 4: AGVsmarT (big blind) folded on the Turn
Seat 5: PANTERO 777 folded before Flop (didn't bet)
Seat 6: VascoSerg folded before Flop (didn't bet)
Seat 7: iglesias150 collected ($2.38)
Seat 8: Dorex2007 folded before Flop (didn't bet)



PokerStars Hand #238846073860:  Hold'em No Limit ($0.02/$0.05 USD) - 2022/09/24 18:20:01 PT [2022/09/24 21:20:01 ET]
Table 'Adonis II' 9-max Seat #3 is the button
Seat 1: ripperzin ($10.96 in chips) 
Seat 2: Maria1995587 ($3.26 in chips) 
Seat 3: henriquefjc ($4.17 in chips) 
Seat 4: AGVsmarT ($2.80 in chips) 
Seat 5: PANTERO 777 ($2.16 in chips) 
Seat 7: iglesias150 ($5.03 in chips) 
Seat 8: Dorex2007 ($6.13 in chips) 
AGVsmarT: posts small blind $0.02
PANTERO 777: posts big blind $0.05
*** HOLE CARDS ***
Dealt to Dorex2007 [3s Qc]
iglesias150: folds 
Dorex2007: folds 
ripperzin has timed out
ripperzin: folds 
Maria1995587: folds 
henriquefjc: folds 
AGVsmarT: calls $0.03
PANTERO 777: checks 
*** FLOP *** [Qd Ac Jh]
AGVsmarT: checks 
PANTERO 777: checks 
*** TURN *** [Qd Ac Jh] [7d]
AGVsmarT: checks 
PANTERO 777: checks 
*** RIVER *** [Qd Ac Jh 7d] [2h]
AGVsmarT: checks 
PANTERO 777: checks 
*** SHOW DOWN ***
AGVsmarT: shows [6d 8c] (high card Ace)
PANTERO 777: shows [Tc 8s] (high card Ace - Queen+Jack+Ten kicker)
PANTERO 777 collected $0.10 from pot
*** SUMMARY ***
Total pot $0.10 | Rake $0 
Board [Qd Ac Jh 7d 2h]
Seat 1: ripperzin folded before Flop (didn't bet)
Seat 2: Maria1995587 folded before Flop (didn't bet)
Seat 3: henriquefjc (button) folded before Flop (didn't bet)
Seat 4: AGVsmarT (small blind) showed [6d 8c] and lost with high card Ace
Seat 5: PANTERO 777 (big blind) showed [Tc 8s] and won ($0.10) with high card Ace
Seat 7: iglesias150 folded before Flop (didn't bet)
Seat 8: Dorex2007 folded before Flop (didn't bet)



PokerStars Hand #238846083775:  Hold'em No Limit ($0.02/$0.05 USD) - 2022/09/24 18:20:51 PT [2022/09/24 21:20:51 ET]
Table 'Adonis II' 9-max Seat #4 is the button
Seat 1: ripperzin ($10.96 in chips) 
Seat 2: Maria1995587 ($3.26 in chips) 
Seat 3: henriquefjc ($4.17 in chips) 
Seat 4: AGVsmarT ($4.75 in chips) 
Seat 5: PANTERO 777 ($2.21 in chips) 
Seat 7: iglesias150 ($5.03 in chips) 
Seat 8: Dorex2007 ($6.13 in chips) 
PANTERO 777: posts small blind $0.02
iglesias150: posts big blind $0.05
*** HOLE CARDS ***
Dealt to Dorex2007 [3c 4d]
Dorex2007: folds 
ripperzin: calls $0.05
Maria1995587: folds 
henriquefjc: calls $0.05
AGVsmarT: calls $0.05
PANTERO 777: calls $0.03
iglesias150: checks 
*** FLOP *** [Kc 7h 5c]
PANTERO 777: bets $0.10
iglesias150: calls $0.10
ripperzin: calls $0.10
henriquefjc: folds 
AGVsmarT: folds 
*** TURN *** [Kc 7h 5c] [Ts]
PANTERO 777: checks 
iglesias150: bets $0.26
ripperzin: calls $0.26
PANTERO 777: calls $0.26
*** RIVER *** [Kc 7h 5c Ts] [Jd]
PANTERO 777: bets $0.63
iglesias150: calls $0.63
ripperzin: folds 
*** SHOW DOWN ***
PANTERO 777: shows [Kh Qc] (a pair of Kings)
iglesias150: mucks hand 
PANTERO 777 collected $2.45 from pot
*** SUMMARY ***
Total pot $2.59 | Rake $0.14 
Board [Kc 7h 5c Ts Jd]
Seat 1: ripperzin folded on the River
Seat 2: Maria1995587 folded before Flop (didn't bet)
Seat 3: henriquefjc folded on the Flop
Seat 4: AGVsmarT (button) folded on the Flop
Seat 5: PANTERO 777 (small blind) showed [Kh Qc] and won ($2.45) with a pair of Kings
Seat 7: iglesias150 (big blind) mucked [2d Kd]
Seat 8: Dorex2007 folded before Flop (didn't bet)



PokerStars Hand #238846102847:  Hold'em No Limit ($0.02/$0.05 USD) - 2022/09/24 18:22:27 PT [2022/09/24 21:22:27 ET]
Table 'Adonis II' 9-max Seat #5 is the button
Seat 1: ripperzin ($10.55 in chips) 
Seat 2: Maria1995587 ($3.26 in chips) 
Seat 3: henriquefjc ($4.12 in chips) 
Seat 4: AGVsmarT ($4.70 in chips) 
Seat 5: PANTERO 777 ($3.62 in chips) 
Seat 7: iglesias150 ($3.99 in chips) 
Seat 8: Dorex2007 ($6.13 in chips) 
iglesias150: posts small blind $0.02
Dorex2007: posts big blind $0.05
*** HOLE CARDS ***
Dealt to Dorex2007 [8c Jd]
ripperzin: folds 
Maria1995587: calls $0.05
henriquefjc: raises $0.05 to $0.10
AGVsmarT: calls $0.10
PANTERO 777: folds 
iglesias150: folds 
Dorex2007: folds 
Maria1995587: calls $0.05
*** FLOP *** [6c 3d 2h]
Maria1995587: checks 
henriquefjc: checks 
AGVsmarT: checks 
*** TURN *** [6c 3d 2h] [3c]
Maria1995587: checks 
henriquefjc: checks 
AGVsmarT: checks 
*** RIVER *** [6c 3d 2h 3c] [Ts]
Maria1995587: checks 
henriquefjc: checks 
AGVsmarT: bets $0.35
Maria1995587: folds 
henriquefjc: folds 
Uncalled bet ($0.35) returned to AGVsmarT
AGVsmarT collected $0.35 from pot
*** SUMMARY ***
Total pot $0.37 | Rake $0.02 
Board [6c 3d 2h 3c Ts]
Seat 1: ripperzin folded before Flop (didn't bet)
Seat 2: Maria1995587 folded on the River
Seat 3: henriquefjc folded on the River
Seat 4: AGVsmarT collected ($0.35)
Seat 5: PANTERO 777 (button) folded before Flop (didn't bet)
Seat 7: iglesias150 (small blind) folded before Flop
Seat 8: Dorex2007 (big blind) folded before Flop



PokerStars Hand #238846116049:  Hold'em No Limit ($0.02/$0.05 USD) - 2022/09/24 18:23:34 PT [2022/09/24 21:23:34 ET]
Table 'Adonis II' 9-max Seat #7 is the button
Seat 1: ripperzin ($10.55 in chips) 
Seat 2: Maria1995587 ($3.16 in chips) 
Seat 3: henriquefjc ($4.02 in chips) 
Seat 4: AGVsmarT ($4.95 in chips) 
Seat 5: PANTERO 777 ($3.62 in chips) 
Seat 7: iglesias150 ($3.97 in chips) 
Seat 8: Dorex2007 ($6.08 in chips) 
Dorex2007: posts small blind $0.02
ripperzin: posts big blind $0.05
*** HOLE CARDS ***
Dealt to Dorex2007 [5h 2d]
Maria1995587: folds 
henriquefjc: calls $0.05
AGVsmarT: calls $0.05
PANTERO 777: folds 
iglesias150: folds 
Dorex2007: folds 
ripperzin: raises $0.05 to $0.10
henriquefjc: calls $0.05
AGVsmarT: calls $0.05
*** FLOP *** [3h 3s Ah]
medo50050 leaves the table
ripperzin: bets $0.05
henriquefjc: calls $0.05
AGVsmarT: calls $0.05
*** TURN *** [3h 3s Ah] [7c]
ripperzin: bets $0.05
henriquefjc: calls $0.05
AGVsmarT: raises $0.10 to $0.15
ripperzin: calls $0.10
henriquefjc: calls $0.10
*** RIVER *** [3h 3s Ah 7c] [8d]
ripperzin: checks 
henriquefjc: checks 
AGVsmarT: bets $0.65
ripperzin: raises $0.65 to $1.30
henriquefjc: folds 
AGVsmarT: calls $0.65
*** SHOW DOWN ***
ripperzin: shows [Qd Jd] (a pair of Threes)
AGVsmarT: shows [3c 4c] (three of a kind, Threes)
AGVsmarT collected $3.37 from pot
*** SUMMARY ***
Total pot $3.52 | Rake $0.15 
Board [3h 3s Ah 7c 8d]
Seat 1: ripperzin (big blind) showed [Qd Jd] and lost with a pair of Threes
Seat 2: Maria1995587 folded before Flop (didn't bet)
Seat 3: henriquefjc folded on the River
Seat 4: AGVsmarT showed [3c 4c] and won ($3.37) with three of a kind, Threes
Seat 5: PANTERO 777 folded before Flop (didn't bet)
Seat 7: iglesias150 (button) folded before Flop (didn't bet)
Seat 8: Dorex2007 (small blind) folded before Flop



PokerStars Hand #238846138303:  Hold'em No Limit ($0.02/$0.05 USD) - 2022/09/24 18:25:30 PT [2022/09/24 21:25:30 ET]
Table 'Adonis II' 9-max Seat #8 is the button
Seat 1: ripperzin ($8.95 in chips) 
Seat 2: Maria1995587 ($3.16 in chips) 
Seat 3: henriquefjc ($3.72 in chips) 
Seat 4: AGVsmarT ($6.72 in chips) 
Seat 5: PANTERO 777 ($3.62 in chips) 
Seat 7: iglesias150 ($3.97 in chips) 
Seat 8: Dorex2007 ($6.06 in chips) 
ripperzin: posts small blind $0.02
ANDRESEKE007 joins the table at seat #9 
Maria1995587: posts big blind $0.05
*** HOLE CARDS ***
Dealt to Dorex2007 [5h 4c]
henriquefjc: folds 
AGVsmarT: folds 
PANTERO 777: folds 
iglesias150: raises $0.10 to $0.15
Dorex2007: folds 
ripperzin: folds 
Maria1995587: raises $3.01 to $3.16 and is all-in
iglesias150: folds 
Uncalled bet ($3.01) returned to Maria1995587
Maria1995587 collected $0.32 from pot
Maria1995587: doesn't show hand 
*** SUMMARY ***
Total pot $0.32 | Rake $0 
Seat 1: ripperzin (small blind) folded before Flop
Seat 2: Maria1995587 (big blind) collected ($0.32)
Seat 3: henriquefjc folded before Flop (didn't bet)
Seat 4: AGVsmarT folded before Flop (didn't bet)
Seat 5: PANTERO 777 folded before Flop (didn't bet)
Seat 7: iglesias150 folded before Flop
Seat 8: Dorex2007 (button) folded before Flop (didn't bet)



PokerStars Hand #238846145833:  Hold'em No Limit ($0.02/$0.05 USD) - 2022/09/24 18:26:09 PT [2022/09/24 21:26:09 ET]
Table 'Adonis II' 9-max Seat #1 is the button
Seat 1: ripperzin ($8.93 in chips) 
Seat 2: Maria1995587 ($3.33 in chips) 
Seat 3: henriquefjc ($3.72 in chips) 
Seat 4: AGVsmarT ($6.72 in chips) 
Seat 5: PANTERO 777 ($3.62 in chips) 
Seat 7: iglesias150 ($3.82 in chips) 
Seat 8: Dorex2007 ($6.06 in chips) 
Maria1995587: posts small blind $0.02
henriquefjc: posts big blind $0.05
VascoSerg: sits out 
ANDRESEKE007: sits out 
*** HOLE CARDS ***
Dealt to Dorex2007 [Jd 8c]
AGVsmarT: calls $0.05
PANTERO 777: folds 
iglesias150: raises $0.17 to $0.22
Dorex2007: folds 
ripperzin: calls $0.22
Maria1995587: folds 
henriquefjc: folds 
AGVsmarT: folds 
*** FLOP *** [Qs Kd Ac]
iglesias150: bets $0.27
ripperzin: calls $0.27
*** TURN *** [Qs Kd Ac] [Jc]
iglesias150: bets $0.52
ripperzin: folds 
Uncalled bet ($0.52) returned to iglesias150
iglesias150 collected $1.05 from pot
*** SUMMARY ***
Total pot $1.10 | Rake $0.05 
Board [Qs Kd Ac Jc]
Seat 1: ripperzin (button) folded on the Turn
Seat 2: Maria1995587 (small blind) folded before Flop
Seat 3: henriquefjc (big blind) folded before Flop
Seat 4: AGVsmarT folded before Flop
Seat 5: PANTERO 777 folded before Flop (didn't bet)
Seat 7: iglesias150 collected ($1.05)
Seat 8: Dorex2007 folded before Flop (didn't bet)



PokerStars Hand #238846157845:  Hold'em No Limit ($0.02/$0.05 USD) - 2022/09/24 18:27:11 PT [2022/09/24 21:27:11 ET]
Table 'Adonis II' 9-max Seat #2 is the button
Seat 1: ripperzin ($8.44 in chips) 
Seat 2: Maria1995587 ($3.31 in chips) 
Seat 3: henriquefjc ($3.67 in chips) 
Seat 4: AGVsmarT ($6.67 in chips) 
Seat 5: PANTERO 777 ($3.62 in chips) 
Seat 7: iglesias150 ($4.38 in chips) 
Seat 8: Dorex2007 ($6.06 in chips) 
henriquefjc: posts small blind $0.02
AGVsmarT: posts big blind $0.05
VascoSerg: sits out 
ANDRESEKE007: sits out 
*** HOLE CARDS ***
Dealt to Dorex2007 [Ac 6c]
PANTERO 777: folds 
iglesias150: folds 
Dorex2007: folds 
ripperzin: folds 
Maria1995587: raises $0.10 to $0.15
henriquefjc: folds 
AGVsmarT: calls $0.10
*** FLOP *** [4c Ks 4s]
AGVsmarT: bets $0.31
Maria1995587: folds 
Uncalled bet ($0.31) returned to AGVsmarT
AGVsmarT collected $0.31 from pot
*** SUMMARY ***
Total pot $0.32 | Rake $0.01 
Board [4c Ks 4s]
Seat 1: ripperzin folded before Flop (didn't bet)
Seat 2: Maria1995587 (button) folded on the Flop
Seat 3: henriquefjc (small blind) folded before Flop
Seat 4: AGVsmarT (big blind) collected ($0.31)
Seat 5: PANTERO 777 folded before Flop (didn't bet)
Seat 7: iglesias150 folded before Flop (didn't bet)
Seat 8: Dorex2007 folded before Flop (didn't bet)



PokerStars Hand #238846166129:  Hold'em No Limit ($0.02/$0.05 USD) - 2022/09/24 18:27:54 PT [2022/09/24 21:27:54 ET]
Table 'Adonis II' 9-max Seat #3 is the button
Seat 1: ripperzin ($8.44 in chips) 
Seat 2: Maria1995587 ($3.16 in chips) 
Seat 3: henriquefjc ($3.65 in chips) 
Seat 4: AGVsmarT ($6.83 in chips) 
Seat 6: VascoSerg ($9.08 in chips) 
Seat 7: iglesias150 ($4.38 in chips) 
Seat 8: Dorex2007 ($6.06 in chips) 
AGVsmarT: posts small blind $0.02
PANTERO 777: is sitting out 
VascoSerg: posts big blind $0.05
ANDRESEKE007: sits out 
*** HOLE CARDS ***
Dealt to Dorex2007 [Ah 9c]
iglesias150: folds 
Dorex2007: folds 
ripperzin: raises $0.05 to $0.10
Maria1995587: calls $0.10
henriquefjc: folds 
AGVsmarT: folds 
VascoSerg: folds 
*** FLOP *** [3s Td Kc]
ripperzin: checks 
Maria1995587: checks 
*** TURN *** [3s Td Kc] [Js]
ripperzin: checks 
Maria1995587: bets $0.26
ripperzin: calls $0.26
*** RIVER *** [3s Td Kc Js] [Qd]
ripperzin: checks 
Maria1995587: bets $2.80 and is all-in
ripperzin: calls $2.80
*** SHOW DOWN ***
Maria1995587: shows [8h As] (a straight, Ten to Ace)
ripperzin: shows [Jc 8s] (a pair of Jacks)
Maria1995587 collected $6.12 from pot
*** SUMMARY ***
Total pot $6.39 | Rake $0.27 
Board [3s Td Kc Js Qd]
Seat 1: ripperzin showed [Jc 8s] and lost with a pair of Jacks
Seat 2: Maria1995587 showed [8h As] and won ($6.12) with a straight, Ten to Ace
Seat 3: henriquefjc (button) folded before Flop (didn't bet)
Seat 4: AGVsmarT (small blind) folded before Flop
Seat 6: VascoSerg (big blind) folded before Flop
Seat 7: iglesias150 folded before Flop (didn't bet)
Seat 8: Dorex2007 folded before Flop (didn't bet)



PokerStars Hand #238846180279:  Hold'em No Limit ($0.02/$0.05 USD) - 2022/09/24 18:29:07 PT [2022/09/24 21:29:07 ET]
Table 'Adonis II' 9-max Seat #4 is the button
Seat 1: ripperzin ($5.28 in chips) 
Seat 2: Maria1995587 ($6.12 in chips) 
Seat 3: henriquefjc ($3.65 in chips) 
Seat 4: AGVsmarT ($6.81 in chips) 
Seat 6: VascoSerg ($9.03 in chips) 
Seat 7: iglesias150 ($4.38 in chips) 
Seat 8: Dorex2007 ($6.06 in chips) 
VascoSerg: posts small blind $0.02
iglesias150: posts big blind $0.05
ANDRESEKE007: sits out 
*** HOLE CARDS ***
Dealt to Dorex2007 [Qd Kh]
Dorex2007: raises $0.05 to $0.10
ripperzin: folds 
Maria1995587: folds 
henriquefjc: folds 
AGVsmarT has timed out
AGVsmarT: folds 
VascoSerg: folds 
iglesias150: calls $0.05
*** FLOP *** [3s Kc Jc]
iglesias150: checks 
Dorex2007: bets $0.10
iglesias150: calls $0.10
*** TURN *** [3s Kc Jc] [Kd]
iglesias150: checks 
Dorex2007: bets $0.20
iglesias150: calls $0.20
*** RIVER *** [3s Kc Jc Kd] [5s]
iglesias150: checks 
Dorex2007: bets $5.66 and is all-in
iglesias150: folds 
Uncalled bet ($5.66) returned to Dorex2007
Dorex2007 collected $0.79 from pot
Dorex2007: doesn't show hand 
*** SUMMARY ***
Total pot $0.82 | Rake $0.03 
Board [3s Kc Jc Kd 5s]
Seat 1: ripperzin folded before Flop (didn't bet)
Seat 2: Maria1995587 folded before Flop (didn't bet)
Seat 3: henriquefjc folded before Flop (didn't bet)
Seat 4: AGVsmarT (button) folded before Flop (didn't bet)
Seat 6: VascoSerg (small blind) folded before Flop
Seat 7: iglesias150 (big blind) folded on the River
Seat 8: Dorex2007 collected ($0.79)



PokerStars Hand #238846198690:  Hold'em No Limit ($0.02/$0.05 USD) - 2022/09/24 18:30:43 PT [2022/09/24 21:30:43 ET]
Table 'Adonis II' 9-max Seat #6 is the button
Seat 1: ripperzin ($5.28 in chips) 
Seat 2: Maria1995587 ($6.12 in chips) 
Seat 3: henriquefjc ($3.65 in chips) 
Seat 4: AGVsmarT ($6.81 in chips) 
Seat 6: VascoSerg ($9.01 in chips) 
Seat 7: iglesias150 ($3.98 in chips) 
Seat 8: Dorex2007 ($6.45 in chips) 
iglesias150: posts small blind $0.02
Dorex2007: posts big blind $0.05
ANDRESEKE007: sits out 
*** HOLE CARDS ***
Dealt to Dorex2007 [Kh 3h]
ripperzin: raises $0.05 to $0.10
Maria1995587: folds 
henriquefjc: folds 
AGVsmarT: calls $0.10
VascoSerg: folds 
iglesias150: calls $0.08
Dorex2007: folds 
*** FLOP *** [Ah 6s 2s]
iglesias150: checks 
ripperzin: checks 
AGVsmarT: bets $0.34
iglesias150: folds 
ripperzin: folds 
Uncalled bet ($0.34) returned to AGVsmarT
AGVsmarT collected $0.34 from pot
*** SUMMARY ***
Total pot $0.35 | Rake $0.01 
Board [Ah 6s 2s]
Seat 1: ripperzin folded on the Flop
Seat 2: Maria1995587 folded before Flop (didn't bet)
Seat 3: henriquefjc folded before Flop (didn't bet)
Seat 4: AGVsmarT collected ($0.34)
Seat 6: VascoSerg (button) folded before Flop (didn't bet)
Seat 7: iglesias150 (small blind) folded on the Flop
Seat 8: Dorex2007 (big blind) folded before Flop



PokerStars Hand #238846208424:  Hold'em No Limit ($0.02/$0.05 USD) - 2022/09/24 18:31:33 PT [2022/09/24 21:31:33 ET]
Table 'Adonis II' 9-max Seat #7 is the button
Seat 1: ripperzin ($5.18 in chips) 
Seat 2: Maria1995587 ($6.12 in chips) 
Seat 3: henriquefjc ($3.65 in chips) 
Seat 4: AGVsmarT ($7.05 in chips) 
Seat 6: VascoSerg ($9.01 in chips) 
Seat 7: iglesias150 ($3.88 in chips) 
Seat 8: Dorex2007 ($6.40 in chips) 
Seat 9: ANDRESEKE007 ($5 in chips) 
Dorex2007: posts small blind $0.02
ANDRESEKE007: posts big blind $0.05
*** HOLE CARDS ***
Dealt to Dorex2007 [5d 8c]
ripperzin: folds 
Maria1995587: calls $0.05
henriquefjc: raises $0.05 to $0.10
AGVsmarT: folds 
VascoSerg: folds 
iglesias150: folds 
Dorex2007: folds 
ANDRESEKE007: folds 
Maria1995587: calls $0.05
*** FLOP *** [8d 8h Ac]
Maria1995587: checks 
henriquefjc: bets $0.13
Maria1995587: calls $0.13
*** TURN *** [8d 8h Ac] [Jd]
Maria1995587: checks 
henriquefjc: checks 
*** RIVER *** [8d 8h Ac Jd] [Tc]
Maria1995587: checks 
henriquefjc: checks 
*** SHOW DOWN ***
Maria1995587: shows [3s Ah] (two pair, Aces and Eights)
henriquefjc: mucks hand 
Maria1995587 collected $0.51 from pot
*** SUMMARY ***
Total pot $0.53 | Rake $0.02 
Board [8d 8h Ac Jd Tc]
Seat 1: ripperzin folded before Flop (didn't bet)
Seat 2: Maria1995587 showed [3s Ah] and won ($0.51) with two pair, Aces and Eights
Seat 3: henriquefjc mucked [Jc Ks]
Seat 4: AGVsmarT folded before Flop (didn't bet)
Seat 6: VascoSerg folded before Flop (didn't bet)
Seat 7: iglesias150 (button) folded before Flop (didn't bet)
Seat 8: Dorex2007 (small blind) folded before Flop
Seat 9: ANDRESEKE007 (big blind) folded before Flop



PokerStars Hand #238846219002:  Hold'em No Limit ($0.02/$0.05 USD) - 2022/09/24 18:32:29 PT [2022/09/24 21:32:29 ET]
Table 'Adonis II' 9-max Seat #8 is the button
Seat 1: ripperzin ($5.18 in chips) 
Seat 2: Maria1995587 ($6.40 in chips) 
Seat 3: henriquefjc ($3.42 in chips) 
Seat 4: AGVsmarT ($7.05 in chips) 
Seat 6: VascoSerg ($9.01 in chips) 
Seat 7: iglesias150 ($3.88 in chips) 
Seat 8: Dorex2007 ($6.38 in chips) 
Seat 9: ANDRESEKE007 ($5 in chips) 
ANDRESEKE007: posts small blind $0.02
ripperzin: posts big blind $0.05
*** HOLE CARDS ***
Dealt to Dorex2007 [3c 9d]
Maria1995587: folds 
henriquefjc: folds 
AGVsmarT: folds 
VascoSerg: folds 
iglesias150: folds 
Dorex2007: folds 
ANDRESEKE007: raises $0.05 to $0.10
ripperzin: calls $0.05
*** FLOP *** [2d 3h Ad]
ANDRESEKE007: bets $0.05
ripperzin: calls $0.05
*** TURN *** [2d 3h Ad] [3d]
ANDRESEKE007: checks 
ripperzin: bets $0.29
ANDRESEKE007: folds 
Uncalled bet ($0.29) returned to ripperzin
ripperzin collected $0.29 from pot
ripperzin: doesn't show hand 
*** SUMMARY ***
Total pot $0.30 | Rake $0.01 
Board [2d 3h Ad 3d]
Seat 1: ripperzin (big blind) collected ($0.29)
Seat 2: Maria1995587 folded before Flop (didn't bet)
Seat 3: henriquefjc folded before Flop (didn't bet)
Seat 4: AGVsmarT folded before Flop (didn't bet)
Seat 6: VascoSerg folded before Flop (didn't bet)
Seat 7: iglesias150 folded before Flop (didn't bet)
Seat 8: Dorex2007 (button) folded before Flop (didn't bet)
Seat 9: ANDRESEKE007 (small blind) folded on the Turn



PokerStars Hand #238846231595:  Hold'em No Limit ($0.02/$0.05 USD) - 2022/09/24 18:33:34 PT [2022/09/24 21:33:34 ET]
Table 'Adonis II' 9-max Seat #9 is the button
Seat 1: ripperzin ($5.32 in chips) 
Seat 2: Maria1995587 ($6.40 in chips) 
Seat 3: henriquefjc ($3.42 in chips) 
Seat 4: AGVsmarT ($7.05 in chips) 
Seat 6: VascoSerg ($9.01 in chips) 
Seat 7: iglesias150 ($3.88 in chips) 
Seat 8: Dorex2007 ($6.38 in chips) 
Seat 9: ANDRESEKE007 ($5 in chips) 
ripperzin: posts small blind $0.02
Maria1995587: posts big blind $0.05
*** HOLE CARDS ***
Dealt to Dorex2007 [8d Ah]
henriquefjc: folds 
AGVsmarT: folds 
VascoSerg: folds 
iglesias150: folds 
Dorex2007: folds 
ANDRESEKE007: raises $0.10 to $0.15
ripperzin has timed out
ripperzin: folds 
Maria1995587: folds 
Uncalled bet ($0.10) returned to ANDRESEKE007
ANDRESEKE007 collected $0.12 from pot
ANDRESEKE007: doesn't show hand 
*** SUMMARY ***
Total pot $0.12 | Rake $0 
Seat 1: ripperzin (small blind) folded before Flop
Seat 2: Maria1995587 (big blind) folded before Flop
Seat 3: henriquefjc folded before Flop (didn't bet)
Seat 4: AGVsmarT folded before Flop (didn't bet)
Seat 6: VascoSerg folded before Flop (didn't bet)
Seat 7: iglesias150 folded before Flop (didn't bet)
Seat 8: Dorex2007 folded before Flop (didn't bet)
Seat 9: ANDRESEKE007 (button) collected ($0.12)



PokerStars Hand #238846241763:  Hold'em No Limit ($0.02/$0.05 USD) - 2022/09/24 18:34:27 PT [2022/09/24 21:34:27 ET]
Table 'Adonis II' 9-max Seat #2 is the button
Seat 2: Maria1995587 ($6.35 in chips) 
Seat 3: henriquefjc ($3.42 in chips) 
Seat 4: AGVsmarT ($7.05 in chips) 
Seat 6: VascoSerg ($9.01 in chips) 
Seat 7: iglesias150 ($3.88 in chips) 
Seat 8: Dorex2007 ($6.38 in chips) 
Seat 9: ANDRESEKE007 ($5.07 in chips) 
henriquefjc: posts small blind $0.02
AGVsmarT: posts big blind $0.05
*** HOLE CARDS ***
Dealt to Dorex2007 [Ks 7h]
VascoSerg: folds 
iglesias150: raises $0.10 to $0.15
Dorex2007: folds 
ANDRESEKE007: folds 
Maria1995587: folds 
henriquefjc: calls $0.13
AGVsmarT: raises $0.35 to $0.50
iglesias150: calls $0.35
henriquefjc: calls $0.35
*** FLOP *** [2d Jh 5h]
henriquefjc: checks 
AGVsmarT: bets $1.44
iglesias150: folds 
henriquefjc: folds 
Uncalled bet ($1.44) returned to AGVsmarT
AGVsmarT collected $1.44 from pot
*** SUMMARY ***
Total pot $1.50 | Rake $0.06 
Board [2d Jh 5h]
Seat 2: Maria1995587 (button) folded before Flop (didn't bet)
Seat 3: henriquefjc (small blind) folded on the Flop
Seat 4: AGVsmarT (big blind) collected ($1.44)
Seat 6: VascoSerg folded before Flop (didn't bet)
Seat 7: iglesias150 folded on the Flop
Seat 8: Dorex2007 folded before Flop (didn't bet)
Seat 9: ANDRESEKE007 folded before Flop (didn't bet)



PokerStars Hand #238846253476:  Hold'em No Limit ($0.02/$0.05 USD) - 2022/09/24 18:35:28 PT [2022/09/24 21:35:28 ET]
Table 'Adonis II' 9-max Seat #3 is the button
Seat 1: ripperzin ($5.30 in chips) 
Seat 2: Maria1995587 ($6.35 in chips) 
Seat 3: henriquefjc ($2.92 in chips) 
Seat 4: AGVsmarT ($7.99 in chips) 
Seat 6: VascoSerg ($9.01 in chips) 
Seat 7: iglesias150 ($3.38 in chips) 
Seat 8: Dorex2007 ($6.38 in chips) 
Seat 9: ANDRESEKE007 ($5.07 in chips) 
AGVsmarT: posts small blind $0.02
VascoSerg: posts big blind $0.05
*** HOLE CARDS ***
Dealt to Dorex2007 [9s 7s]
iglesias150: folds 
Dorex2007: folds 
ANDRESEKE007: folds 
ripperzin: folds 
Maria1995587: calls $0.05
henriquefjc: folds 
AGVsmarT: calls $0.03
VascoSerg: checks 
*** FLOP *** [3h Qs Tc]
AGVsmarT: checks 
VascoSerg: checks 
Maria1995587: checks 
*** TURN *** [3h Qs Tc] [Ac]
AGVsmarT: checks 
VascoSerg: checks 
Maria1995587: bets $0.14
AGVsmarT: folds 
VascoSerg: folds 
Uncalled bet ($0.14) returned to Maria1995587
Maria1995587 collected $0.14 from pot
Maria1995587: doesn't show hand 
*** SUMMARY ***
Total pot $0.15 | Rake $0.01 
Board [3h Qs Tc Ac]
Seat 1: ripperzin folded before Flop (didn't bet)
Seat 2: Maria1995587 collected ($0.14)
Seat 3: henriquefjc (button) folded before Flop (didn't bet)
Seat 4: AGVsmarT (small blind) folded on the Turn
Seat 6: VascoSerg (big blind) folded on the Turn
Seat 7: iglesias150 folded before Flop (didn't bet)
Seat 8: Dorex2007 folded before Flop (didn't bet)
Seat 9: ANDRESEKE007 folded before Flop (didn't bet)



PokerStars Hand #238846262703:  Hold'em No Limit ($0.02/$0.05 USD) - 2022/09/24 18:36:16 PT [2022/09/24 21:36:16 ET]
Table 'Adonis II' 9-max Seat #4 is the button
Seat 1: ripperzin ($5.30 in chips) 
Seat 2: Maria1995587 ($6.44 in chips) 
Seat 3: henriquefjc ($2.92 in chips) 
Seat 4: AGVsmarT ($7.94 in chips) 
Seat 6: VascoSerg ($8.96 in chips) 
Seat 7: iglesias150 ($3.38 in chips) 
Seat 8: Dorex2007 ($6.38 in chips) 
Seat 9: ANDRESEKE007 ($5.07 in chips) 
VascoSerg: posts small blind $0.02
iglesias150: posts big blind $0.05
*** HOLE CARDS ***
Dealt to Dorex2007 [6h 6s]
Dorex2007: raises $0.05 to $0.10
ANDRESEKE007: calls $0.10
ripperzin: folds 
Maria1995587: folds 
henriquefjc: calls $0.10
AGVsmarT: calls $0.10
VascoSerg: folds 
iglesias150: calls $0.05
*** FLOP *** [Jh Ad 8c]
iglesias150: checks 
ripperzin leaves the table
Dorex2007: checks 
ANDRESEKE007: checks 
henriquefjc: checks 
AGVsmarT: bets $0.10
iglesias150: calls $0.10
Dorex2007: folds 
ANDRESEKE007: calls $0.10
henriquefjc: calls $0.10
*** TURN *** [Jh Ad 8c] [8h]
iglesias150: checks 
ANDRESEKE007: checks 
henriquefjc: checks 
AGVsmarT: checks 
*** RIVER *** [Jh Ad 8c 8h] [7s]
iglesias150: checks 
ANDRESEKE007: checks 
henriquefjc: checks 
AGVsmarT: checks 
*** SHOW DOWN ***
iglesias150: shows [3h 3s] (two pair, Eights and Threes)
ANDRESEKE007: mucks hand 
henriquefjc: shows [Qs Js] (two pair, Jacks and Eights)
AGVsmarT: mucks hand 
henriquefjc collected $0.88 from pot
*** SUMMARY ***
Total pot $0.92 | Rake $0.04 
Board [Jh Ad 8c 8h 7s]
Seat 1: ripperzin folded before Flop (didn't bet)
Seat 2: Maria1995587 folded before Flop (didn't bet)
Seat 3: henriquefjc showed [Qs Js] and won ($0.88) with two pair, Jacks and Eights
Seat 4: AGVsmarT (button) mucked [9h 9s]
Seat 6: VascoSerg (small blind) folded before Flop
Seat 7: iglesias150 (big blind) showed [3h 3s] and lost with two pair, Eights and Threes
Seat 8: Dorex2007 folded on the Flop
Seat 9: ANDRESEKE007 mucked [2d 2h]



PokerStars Hand #238846280208:  Hold'em No Limit ($0.02/$0.05 USD) - 2022/09/24 18:37:45 PT [2022/09/24 21:37:45 ET]
Table 'Adonis II' 9-max Seat #6 is the button
Seat 2: Maria1995587 ($6.44 in chips) 
Seat 3: henriquefjc ($3.60 in chips) 
Seat 4: AGVsmarT ($7.74 in chips) 
Seat 6: VascoSerg ($8.94 in chips) 
Seat 7: iglesias150 ($3.18 in chips) 
Seat 8: Dorex2007 ($6.28 in chips) 
Seat 9: ANDRESEKE007 ($5 in chips) 
iglesias150: posts small blind $0.02
Dorex2007: posts big blind $0.05
*** HOLE CARDS ***
Dealt to Dorex2007 [7c 6s]
ANDRESEKE007: raises $0.07 to $0.12
Maria1995587: folds 
henriquefjc: folds 
AGVsmarT: folds 
VascoSerg: folds 
iglesias150: folds 
Dorex2007: folds 
Uncalled bet ($0.07) returned to ANDRESEKE007
ANDRESEKE007 collected $0.12 from pot
ANDRESEKE007: doesn't show hand 
*** SUMMARY ***
Total pot $0.12 | Rake $0 
Seat 2: Maria1995587 folded before Flop (didn't bet)
Seat 3: henriquefjc folded before Flop (didn't bet)
Seat 4: AGVsmarT folded before Flop (didn't bet)
Seat 6: VascoSerg (button) folded before Flop (didn't bet)
Seat 7: iglesias150 (small blind) folded before Flop
Seat 8: Dorex2007 (big blind) folded before Flop
Seat 9: ANDRESEKE007 collected ($0.12)



PokerStars Hand #238846283385:  Hold'em No Limit ($0.02/$0.05 USD) - 2022/09/24 18:38:02 PT [2022/09/24 21:38:02 ET]
Table 'Adonis II' 9-max Seat #7 is the button
Seat 2: Maria1995587 ($6.44 in chips) 
Seat 3: henriquefjc ($3.60 in chips) 
Seat 4: AGVsmarT ($7.74 in chips) 
Seat 6: VascoSerg ($8.94 in chips) 
Seat 7: iglesias150 ($3.16 in chips) 
Seat 8: Dorex2007 ($6.23 in chips) 
Seat 9: ANDRESEKE007 ($5.07 in chips) 
Dorex2007: posts small blind $0.02
ANDRESEKE007: posts big blind $0.05
*** HOLE CARDS ***
Dealt to Dorex2007 [7d 3d]
Maria1995587: folds 
henriquefjc: folds 
AGVsmarT: calls $0.05
VascoSerg: folds 
iglesias150: folds 
Dorex2007: folds 
ANDRESEKE007: checks 
*** FLOP *** [8s Js Ks]
ANDRESEKE007: checks 
AGVsmarT: bets $0.06
ANDRESEKE007: folds 
Uncalled bet ($0.06) returned to AGVsmarT
AGVsmarT collected $0.12 from pot
*** SUMMARY ***
Total pot $0.12 | Rake $0 
Board [8s Js Ks]
Seat 2: Maria1995587 folded before Flop (didn't bet)
Seat 3: henriquefjc folded before Flop (didn't bet)
Seat 4: AGVsmarT collected ($0.12)
Seat 6: VascoSerg folded before Flop (didn't bet)
Seat 7: iglesias150 (button) folded before Flop (didn't bet)
Seat 8: Dorex2007 (small blind) folded before Flop
Seat 9: ANDRESEKE007 (big blind) folded on the Flop



PokerStars Hand #238846289677:  Hold'em No Limit ($0.02/$0.05 USD) - 2022/09/24 18:38:34 PT [2022/09/24 21:38:34 ET]
Table 'Adonis II' 9-max Seat #8 is the button
Seat 2: Maria1995587 ($6.44 in chips) 
Seat 3: henriquefjc ($3.60 in chips) 
Seat 4: AGVsmarT ($7.81 in chips) 
Seat 6: VascoSerg ($8.94 in chips) 
Seat 7: iglesias150 ($3.16 in chips) 
Seat 8: Dorex2007 ($6.21 in chips) 
Seat 9: ANDRESEKE007 ($5.02 in chips) 
ANDRESEKE007: posts small blind $0.02
Maria1995587: posts big blind $0.05
*** HOLE CARDS ***
Dealt to Dorex2007 [9h 9c]
henriquefjc: folds 
AGVsmarT: folds 
VascoSerg: folds 
iglesias150: raises $0.10 to $0.15
meninovh joins the table at seat #1 
Dorex2007: calls $0.15
ANDRESEKE007: folds 
Maria1995587: folds 
*** FLOP *** [Td As 5d]
iglesias150: bets $0.17
Dorex2007: folds 
Uncalled bet ($0.17) returned to iglesias150
iglesias150 collected $0.35 from pot
*** SUMMARY ***
Total pot $0.37 | Rake $0.02 
Board [Td As 5d]
Seat 2: Maria1995587 (big blind) folded before Flop
Seat 3: henriquefjc folded before Flop (didn't bet)
Seat 4: AGVsmarT folded before Flop (didn't bet)
Seat 6: VascoSerg folded before Flop (didn't bet)
Seat 7: iglesias150 collected ($0.35)
Seat 8: Dorex2007 (button) folded on the Flop
Seat 9: ANDRESEKE007 (small blind) folded before Flop



PokerStars Hand #238846296753:  Hold'em No Limit ($0.02/$0.05 USD) - 2022/09/24 18:39:10 PT [2022/09/24 21:39:10 ET]
Table 'Adonis II' 9-max Seat #9 is the button
Seat 2: Maria1995587 ($6.39 in chips) 
Seat 3: henriquefjc ($3.60 in chips) 
Seat 4: AGVsmarT ($7.81 in chips) 
Seat 6: VascoSerg ($8.94 in chips) 
Seat 7: iglesias150 ($3.36 in chips) 
Seat 8: Dorex2007 ($6.06 in chips) 
Seat 9: ANDRESEKE007 ($5 in chips) 
Maria1995587: posts small blind $0.02
henriquefjc: posts big blind $0.05
PANTERO 777: sits out 
*** HOLE CARDS ***
Dealt to Dorex2007 [Ac Qc]
AGVsmarT: folds 
VascoSerg: folds 
iglesias150: raises $0.10 to $0.15
Dorex2007: calls $0.15
ANDRESEKE007: calls $0.15
Maria1995587: folds 
henriquefjc: folds 
*** FLOP *** [2d Tc 6s]
iglesias150: checks 
Dorex2007: checks 
ANDRESEKE007: checks 
*** TURN *** [2d Tc 6s] [Kc]
iglesias150: bets $0.25
Dorex2007: calls $0.25
ANDRESEKE007: folds 
*** RIVER *** [2d Tc 6s Kc] [Jh]
iglesias150: checks 
Dorex2007: bets $0.49
iglesias150: folds 
Uncalled bet ($0.49) returned to Dorex2007
Dorex2007 collected $0.98 from pot
Dorex2007: doesn't show hand 
*** SUMMARY ***
Total pot $1.02 | Rake $0.04 
Board [2d Tc 6s Kc Jh]
Seat 2: Maria1995587 (small blind) folded before Flop
Seat 3: henriquefjc (big blind) folded before Flop
Seat 4: AGVsmarT folded before Flop (didn't bet)
Seat 6: VascoSerg folded before Flop (didn't bet)
Seat 7: iglesias150 folded on the River
Seat 8: Dorex2007 collected ($0.98)
Seat 9: ANDRESEKE007 (button) folded on the Turn



PokerStars Hand #238846313593:  Hold'em No Limit ($0.02/$0.05 USD) - 2022/09/24 18:40:37 PT [2022/09/24 21:40:37 ET]
Table 'Adonis II' 9-max Seat #2 is the button
Seat 1: meninovh ($5 in chips) 
Seat 2: Maria1995587 ($6.37 in chips) 
Seat 3: henriquefjc ($3.55 in chips) 
Seat 4: AGVsmarT ($7.81 in chips) 
Seat 6: VascoSerg ($8.94 in chips) 
Seat 7: iglesias150 ($2.96 in chips) 
Seat 8: Dorex2007 ($6.64 in chips) 
Seat 9: ANDRESEKE007 ($5 in chips) 
henriquefjc: posts small blind $0.02
AGVsmarT: posts big blind $0.05
PANTERO 777: sits out 
meninovh: posts big blind $0.05
*** HOLE CARDS ***
Dealt to Dorex2007 [7h 8s]
VascoSerg: folds 
iglesias150: folds 
Dorex2007: folds 
ANDRESEKE007: folds 
meninovh: checks 
Maria1995587: folds 
henriquefjc: folds 
AGVsmarT: checks 
*** FLOP *** [3s Qs 5d]
AGVsmarT: checks 
meninovh: bets $0.05
AGVsmarT: folds 
Uncalled bet ($0.05) returned to meninovh
meninovh collected $0.12 from pot
*** SUMMARY ***
Total pot $0.12 | Rake $0 
Board [3s Qs 5d]
Seat 1: meninovh collected ($0.12)
Seat 2: Maria1995587 (button) folded before Flop (didn't bet)
Seat 3: henriquefjc (small blind) folded before Flop
Seat 4: AGVsmarT (big blind) folded on the Flop
Seat 6: VascoSerg folded before Flop (didn't bet)
Seat 7: iglesias150 folded before Flop (didn't bet)
Seat 8: Dorex2007 folded before Flop (didn't bet)
Seat 9: ANDRESEKE007 folded before Flop (didn't bet)



PokerStars Hand #238846367557:  Hold'em No Limit ($0.02/$0.05 USD) - 2022/09/24 18:45:21 PT [2022/09/24 21:45:21 ET]
Table 'Adonis II' 9-max Seat #9 is the button
Seat 1: meninovh ($4.52 in chips) 
Seat 2: Maria1995587 ($6.08 in chips) 
Seat 3: henriquefjc ($2.04 in chips) 
Seat 4: AGVsmarT ($8.95 in chips) 
Seat 5: PANTERO 777 ($4.87 in chips) 
Seat 6: 1nicebeat ($3.88 in chips) 
Seat 7: iglesias150 ($3.82 in chips) 
Seat 8: Dorex2007 ($6.64 in chips) 
Seat 9: ANDRESEKE007 ($5 in chips) 
meninovh: posts small blind $0.02
Maria1995587: posts big blind $0.05
Dorex2007: posts small & big blinds $0.07
*** HOLE CARDS ***
Dealt to Dorex2007 [6h 2c]
henriquefjc: folds 
AGVsmarT: folds 
henriquefjc leaves the table
PANTERO 777: folds 
1nicebeat: calls $0.05
iglesias150: folds 
Dorex2007: checks 
ANDRESEKE007: calls $0.05
meninovh: calls $0.03
Maria1995587: raises $0.30 to $0.35
1nicebeat: folds 
Dorex2007: folds 
ANDRESEKE007: calls $0.30
meninovh: folds 
*** FLOP *** [Tc 3s 7c]
Maria1995587: bets $0.41
ANDRESEKE007: calls $0.41
*** TURN *** [Tc 3s 7c] [9c]
Maria1995587: checks 
ANDRESEKE007: bets $0.30
Maria1995587: calls $0.30
*** RIVER *** [Tc 3s 7c 9c] [4h]
Maria1995587: checks 
ANDRESEKE007: checks 
*** SHOW DOWN ***
Maria1995587: shows [Ks Ah] (high card Ace)
ANDRESEKE007: shows [8d Td] (a pair of Tens)
ANDRESEKE007 collected $2.19 from pot
*** SUMMARY ***
Total pot $2.29 | Rake $0.10 
Board [Tc 3s 7c 9c 4h]
Seat 1: meninovh (small blind) folded before Flop
Seat 2: Maria1995587 (big blind) showed [Ks Ah] and lost with high card Ace
Seat 3: henriquefjc folded before Flop (didn't bet)
Seat 4: AGVsmarT folded before Flop (didn't bet)
Seat 5: PANTERO 777 folded before Flop (didn't bet)
Seat 6: 1nicebeat folded before Flop
Seat 7: iglesias150 folded before Flop (didn't bet)
Seat 8: Dorex2007 folded before Flop (didn't bet)
Seat 9: ANDRESEKE007 (button) showed [8d Td] and won ($2.19) with a pair of Tens



PokerStars Hand #238846386556:  Hold'em No Limit ($0.02/$0.05 USD) - 2022/09/24 18:47:01 PT [2022/09/24 21:47:01 ET]
Table 'Adonis II' 9-max Seat #1 is the button
Seat 1: meninovh ($4.47 in chips) 
Seat 2: Maria1995587 ($5.02 in chips) 
Seat 4: AGVsmarT ($8.95 in chips) 
Seat 5: PANTERO 777 ($4.87 in chips) 
Seat 6: 1nicebeat ($3.83 in chips) 
Seat 7: iglesias150 ($3.82 in chips) 
Seat 8: Dorex2007 ($6.57 in chips) 
Seat 9: ANDRESEKE007 ($6.13 in chips) 
Maria1995587: posts small blind $0.02
AGVsmarT: posts big blind $0.05
*** HOLE CARDS ***
Dealt to Dorex2007 [Td Kc]
PANTERO 777: folds 
1nicebeat: folds 
iglesias150: folds 
Dorex2007: raises $0.05 to $0.10
ANDRESEKE007: folds 
meninovh: folds 
Maria1995587: folds 
AGVsmarT: calls $0.05
*** FLOP *** [Qc 9h 8s]
AGVsmarT: checks 
Dorex2007: checks 
*** TURN *** [Qc 9h 8s] [2h]
AGVsmarT: checks 
Dorex2007: checks 
*** RIVER *** [Qc 9h 8s 2h] [5h]
AGVsmarT: checks 
Dorex2007: bets $0.10
AGVsmarT: folds 
Uncalled bet ($0.10) returned to Dorex2007
Dorex2007 collected $0.21 from pot
Dorex2007: doesn't show hand 
*** SUMMARY ***
Total pot $0.22 | Rake $0.01 
Board [Qc 9h 8s 2h 5h]
Seat 1: meninovh (button) folded before Flop (didn't bet)
Seat 2: Maria1995587 (small blind) folded before Flop
Seat 4: AGVsmarT (big blind) folded on the River
Seat 5: PANTERO 777 folded before Flop (didn't bet)
Seat 6: 1nicebeat folded before Flop (didn't bet)
Seat 7: iglesias150 folded before Flop (didn't bet)
Seat 8: Dorex2007 collected ($0.21)
Seat 9: ANDRESEKE007 folded before Flop (didn't bet)



PokerStars Hand #238846394244:  Hold'em No Limit ($0.02/$0.05 USD) - 2022/09/24 18:47:42 PT [2022/09/24 21:47:42 ET]
Table 'Adonis II' 9-max Seat #2 is the button
Seat 1: meninovh ($4.47 in chips) 
Seat 2: Maria1995587 ($5 in chips) 
Seat 4: AGVsmarT ($8.85 in chips) 
Seat 5: PANTERO 777 ($4.87 in chips) 
Seat 6: 1nicebeat ($3.83 in chips) 
Seat 7: iglesias150 ($3.82 in chips) 
Seat 8: Dorex2007 ($6.68 in chips) 
Seat 9: ANDRESEKE007 ($6.13 in chips) 
AGVsmarT: posts small blind $0.02
PANTERO 777: posts big blind $0.05
*** HOLE CARDS ***
Dealt to Dorex2007 [Jc 3s]
1nicebeat: folds 
iglesias150: folds 
Dorex2007: folds 
ANDRESEKE007: raises $0.10 to $0.15
meninovh: folds 
Maria1995587: raises $0.45 to $0.60
AGVsmarT: folds 
PANTERO 777: folds 
ANDRESEKE007: folds 
Uncalled bet ($0.45) returned to Maria1995587
Maria1995587 collected $0.37 from pot
*** SUMMARY ***
Total pot $0.37 | Rake $0 
Seat 1: meninovh folded before Flop (didn't bet)
Seat 2: Maria1995587 (button) collected ($0.37)
Seat 4: AGVsmarT (small blind) folded before Flop
Seat 5: PANTERO 777 (big blind) folded before Flop
Seat 6: 1nicebeat folded before Flop (didn't bet)
Seat 7: iglesias150 folded before Flop (didn't bet)
Seat 8: Dorex2007 folded before Flop (didn't bet)
Seat 9: ANDRESEKE007 folded before Flop



PokerStars Hand #238846400884:  Hold'em No Limit ($0.02/$0.05 USD) - 2022/09/24 18:48:18 PT [2022/09/24 21:48:18 ET]
Table 'Adonis II' 9-max Seat #4 is the button
Seat 1: meninovh ($4.47 in chips) 
Seat 2: Maria1995587 ($5.22 in chips) 
Seat 4: AGVsmarT ($8.83 in chips) 
Seat 5: PANTERO 777 ($4.82 in chips) 
Seat 6: 1nicebeat ($3.83 in chips) 
Seat 7: iglesias150 ($3.82 in chips) 
Seat 8: Dorex2007 ($6.68 in chips) 
Seat 9: ANDRESEKE007 ($5.98 in chips) 
PANTERO 777: posts small blind $0.02
1nicebeat: posts big blind $0.05
*** HOLE CARDS ***
Dealt to Dorex2007 [6d 3s]
iglesias150: raises $0.10 to $0.15
Dorex2007: folds 
ANDRESEKE007: folds 
meninovh: folds 
Maria1995587: calls $0.15
AGVsmarT: raises $0.40 to $0.55
PANTERO 777: folds 
1nicebeat: folds 
iglesias150: calls $0.40
Maria1995587: folds 
*** FLOP *** [Td 5s 6h]
iglesias150: checks 
AGVsmarT: bets $0.63
iglesias150: folds 
Uncalled bet ($0.63) returned to AGVsmarT
AGVsmarT collected $1.27 from pot
*** SUMMARY ***
Total pot $1.32 | Rake $0.05 
Board [Td 5s 6h]
Seat 1: meninovh folded before Flop (didn't bet)
Seat 2: Maria1995587 folded before Flop
Seat 4: AGVsmarT (button) collected ($1.27)
Seat 5: PANTERO 777 (small blind) folded before Flop
Seat 6: 1nicebeat (big blind) folded before Flop
Seat 7: iglesias150 folded on the Flop
Seat 8: Dorex2007 folded before Flop (didn't bet)
Seat 9: ANDRESEKE007 folded before Flop (didn't bet)



PokerStars Hand #238846410425:  Hold'em No Limit ($0.02/$0.05 USD) - 2022/09/24 18:49:08 PT [2022/09/24 21:49:08 ET]
Table 'Adonis II' 9-max Seat #5 is the button
Seat 1: meninovh ($4.47 in chips) 
Seat 2: Maria1995587 ($5.07 in chips) 
Seat 4: AGVsmarT ($9.55 in chips) 
Seat 5: PANTERO 777 ($4.80 in chips) 
Seat 6: 1nicebeat ($3.78 in chips) 
Seat 7: iglesias150 ($3.27 in chips) 
Seat 8: Dorex2007 ($6.68 in chips) 
Seat 9: ANDRESEKE007 ($5.98 in chips) 
1nicebeat: posts small blind $0.02
iglesias150: posts big blind $0.05
*** HOLE CARDS ***
Dealt to Dorex2007 [Kh Qd]
Dorex2007: raises $0.05 to $0.10
ANDRESEKE007: folds 
meninovh: calls $0.10
Maria1995587: folds 
AGVsmarT: calls $0.10
PANTERO 777: folds 
1nicebeat: calls $0.08
iglesias150: calls $0.05
*** FLOP *** [Tc Ah 9s]
1nicebeat: checks 
iglesias150: checks 
Dorex2007: checks 
meninovh: bets $0.24
AGVsmarT: folds 
1nicebeat: folds 
iglesias150: folds 
Dorex2007: folds 
Uncalled bet ($0.24) returned to meninovh
meninovh collected $0.48 from pot
*** SUMMARY ***
Total pot $0.50 | Rake $0.02 
Board [Tc Ah 9s]
Seat 1: meninovh collected ($0.48)
Seat 2: Maria1995587 folded before Flop (didn't bet)
Seat 4: AGVsmarT folded on the Flop
Seat 5: PANTERO 777 (button) folded before Flop (didn't bet)
Seat 6: 1nicebeat (small blind) folded on the Flop
Seat 7: iglesias150 (big blind) folded on the Flop
Seat 8: Dorex2007 folded on the Flop
Seat 9: ANDRESEKE007 folded before Flop (didn't bet)



PokerStars Hand #238846420925:  Hold'em No Limit ($0.02/$0.05 USD) - 2022/09/24 18:50:03 PT [2022/09/24 21:50:03 ET]
Table 'Adonis II' 9-max Seat #6 is the button
Seat 1: meninovh ($4.85 in chips) 
Seat 2: Maria1995587 ($5.07 in chips) 
Seat 4: AGVsmarT ($9.45 in chips) 
Seat 5: PANTERO 777 ($4.80 in chips) 
Seat 6: 1nicebeat ($3.68 in chips) 
Seat 7: iglesias150 ($3.17 in chips) 
Seat 8: Dorex2007 ($6.58 in chips) 
Seat 9: ANDRESEKE007 ($5.98 in chips) 
iglesias150: posts small blind $0.02
Dorex2007: posts big blind $0.05
*** HOLE CARDS ***
Dealt to Dorex2007 [5s Js]
ANDRESEKE007 has timed out
ANDRESEKE007: folds 
meninovh: raises $0.10 to $0.15
Maria1995587: folds 
AGVsmarT: folds 
GrooshBadoosh joins the table at seat #3 
PANTERO 777: folds 
1nicebeat: calls $0.15
iglesias150: folds 
Dorex2007: folds 
*** FLOP *** [Ks 7h 2h]
meninovh: checks 
1nicebeat: checks 
*** TURN *** [Ks 7h 2h] [Qs]
meninovh: bets $0.17
1nicebeat: calls $0.17
*** RIVER *** [Ks 7h 2h Qs] [9h]
meninovh: checks 
1nicebeat: bets $0.30
meninovh: folds 
Uncalled bet ($0.30) returned to 1nicebeat
1nicebeat collected $0.68 from pot
1nicebeat: doesn't show hand 
*** SUMMARY ***
Total pot $0.71 | Rake $0.03 
Board [Ks 7h 2h Qs 9h]
Seat 1: meninovh folded on the River
Seat 2: Maria1995587 folded before Flop (didn't bet)
Seat 4: AGVsmarT folded before Flop (didn't bet)
Seat 5: PANTERO 777 folded before Flop (didn't bet)
Seat 6: 1nicebeat (button) collected ($0.68)
Seat 7: iglesias150 (small blind) folded before Flop
Seat 8: Dorex2007 (big blind) folded before Flop
Seat 9: ANDRESEKE007 folded before Flop (didn't bet)



PokerStars Hand #238846435000:  Hold'em No Limit ($0.02/$0.05 USD) - 2022/09/24 18:51:19 PT [2022/09/24 21:51:19 ET]
Table 'Adonis II' 9-max Seat #7 is the button
Seat 1: meninovh ($4.53 in chips) 
Seat 2: Maria1995587 ($5.07 in chips) 
Seat 4: AGVsmarT ($9.45 in chips) 
Seat 5: PANTERO 777 ($4.80 in chips) 
Seat 6: 1nicebeat ($4.04 in chips) 
Seat 7: iglesias150 ($3.15 in chips) 
Seat 8: Dorex2007 ($6.53 in chips) 
Seat 9: ANDRESEKE007 ($5.98 in chips) 
Dorex2007: posts small blind $0.02
ANDRESEKE007: posts big blind $0.05
GrooshBadoosh: sits out 
*** HOLE CARDS ***
Dealt to Dorex2007 [6s 7h]
meninovh: raises $0.10 to $0.15
Maria1995587: folds 
AGVsmarT: folds 
PANTERO 777: folds 
1nicebeat: folds 
iglesias150: folds 
Dorex2007: folds 
ANDRESEKE007: folds 
Uncalled bet ($0.10) returned to meninovh
meninovh collected $0.12 from pot
*** SUMMARY ***
Total pot $0.12 | Rake $0 
Seat 1: meninovh collected ($0.12)
Seat 2: Maria1995587 folded before Flop (didn't bet)
Seat 4: AGVsmarT folded before Flop (didn't bet)
Seat 5: PANTERO 777 folded before Flop (didn't bet)
Seat 6: 1nicebeat folded before Flop (didn't bet)
Seat 7: iglesias150 (button) folded before Flop (didn't bet)
Seat 8: Dorex2007 (small blind) folded before Flop
Seat 9: ANDRESEKE007 (big blind) folded before Flop



PokerStars Hand #238846439947:  Hold'em No Limit ($0.02/$0.05 USD) - 2022/09/24 18:51:45 PT [2022/09/24 21:51:45 ET]
Table 'Adonis II' 9-max Seat #8 is the button
Seat 1: meninovh ($4.60 in chips) 
Seat 2: Maria1995587 ($5.07 in chips) 
Seat 4: AGVsmarT ($9.45 in chips) 
Seat 5: PANTERO 777 ($4.80 in chips) 
Seat 6: 1nicebeat ($4.04 in chips) 
Seat 7: iglesias150 ($3.15 in chips) 
Seat 8: Dorex2007 ($6.51 in chips) 
Seat 9: ANDRESEKE007 ($5.93 in chips) 
ANDRESEKE007: posts small blind $0.02
meninovh: posts big blind $0.05
GrooshBadoosh: sits out 
*** HOLE CARDS ***
Dealt to Dorex2007 [7h Kd]
Maria1995587: folds 
AGVsmarT: calls $0.05
PANTERO 777: raises $0.05 to $0.10
1nicebeat: folds 
iglesias150: folds 
Dorex2007: folds 
ANDRESEKE007: folds 
meninovh: calls $0.05
AGVsmarT: calls $0.05
*** FLOP *** [7c 2h Jh]
meninovh: checks 
AGVsmarT: bets $0.31
PANTERO 777: folds 
meninovh: folds 
Uncalled bet ($0.31) returned to AGVsmarT
AGVsmarT collected $0.31 from pot
*** SUMMARY ***
Total pot $0.32 | Rake $0.01 
Board [7c 2h Jh]
Seat 1: meninovh (big blind) folded on the Flop
Seat 2: Maria1995587 folded before Flop (didn't bet)
Seat 4: AGVsmarT collected ($0.31)
Seat 5: PANTERO 777 folded on the Flop
Seat 6: 1nicebeat folded before Flop (didn't bet)
Seat 7: iglesias150 folded before Flop (didn't bet)
Seat 8: Dorex2007 (button) folded before Flop (didn't bet)
Seat 9: ANDRESEKE007 (small blind) folded before Flop



PokerStars Hand #238846451624:  Hold'em No Limit ($0.02/$0.05 USD) - 2022/09/24 18:52:49 PT [2022/09/24 21:52:49 ET]
Table 'Adonis II' 9-max Seat #9 is the button
Seat 1: meninovh ($4.50 in chips) 
Seat 2: Maria1995587 ($5.07 in chips) 
Seat 4: AGVsmarT ($9.66 in chips) 
Seat 5: PANTERO 777 ($4.70 in chips) 
Seat 6: 1nicebeat ($4.04 in chips) 
Seat 7: iglesias150 ($4.16 in chips) 
Seat 8: Dorex2007 ($6.51 in chips) 
Seat 9: ANDRESEKE007 ($5.91 in chips) 
meninovh: posts small blind $0.02
Maria1995587: posts big blind $0.05
GrooshBadoosh: sits out 
*** HOLE CARDS ***
Dealt to Dorex2007 [8d 8s]
AGVsmarT: calls $0.05
PANTERO 777: calls $0.05
1nicebeat: raises $0.15 to $0.20
iglesias150: folds 
Dorex2007: folds 
ANDRESEKE007: folds 
meninovh: folds 
Maria1995587: calls $0.15
AGVsmarT: folds 
PANTERO 777: folds 
*** FLOP *** [5s Qc 2h]
Maria1995587: checks 
1nicebeat: bets $0.20
Maria1995587: calls $0.20
*** TURN *** [5s Qc 2h] [Qh]
Maria1995587: checks 
1nicebeat: checks 
*** RIVER *** [5s Qc 2h Qh] [9c]
Maria1995587: bets $0.88
1nicebeat: calls $0.88
*** SHOW DOWN ***
Maria1995587: shows [Jh Th] (a pair of Queens)
1nicebeat: shows [Qd Kd] (three of a kind, Queens)
1nicebeat collected $2.57 from pot
*** SUMMARY ***
Total pot $2.68 | Rake $0.11 
Board [5s Qc 2h Qh 9c]
Seat 1: meninovh (small blind) folded before Flop
Seat 2: Maria1995587 (big blind) showed [Jh Th] and lost with a pair of Queens
Seat 4: AGVsmarT folded before Flop
Seat 5: PANTERO 777 folded before Flop
Seat 6: 1nicebeat showed [Qd Kd] and won ($2.57) with three of a kind, Queens
Seat 7: iglesias150 folded before Flop (didn't bet)
Seat 8: Dorex2007 folded before Flop (didn't bet)
Seat 9: ANDRESEKE007 (button) folded before Flop (didn't bet)



PokerStars Hand #238846467007:  Hold'em No Limit ($0.02/$0.05 USD) - 2022/09/24 18:54:12 PT [2022/09/24 21:54:12 ET]
Table 'Adonis II' 9-max Seat #1 is the button
Seat 1: meninovh ($4.48 in chips) 
Seat 2: Maria1995587 ($3.79 in chips) 
Seat 3: GrooshBadoosh ($5 in chips) 
Seat 4: AGVsmarT ($9.61 in chips) 
Seat 5: PANTERO 777 ($4.65 in chips) 
Seat 6: 1nicebeat ($5.33 in chips) 
Seat 7: iglesias150 ($4.16 in chips) 
Seat 8: Dorex2007 ($6.51 in chips) 
Seat 9: ANDRESEKE007 ($5.91 in chips) 
Maria1995587: posts small blind $0.02
GrooshBadoosh: posts big blind $0.05
*** HOLE CARDS ***
Dealt to Dorex2007 [5h Js]
AGVsmarT: folds 
PANTERO 777: raises $0.20 to $0.25
1nicebeat: folds 
iglesias150: folds 
Dorex2007: folds 
ANDRESEKE007: folds 
meninovh: folds 
Maria1995587: folds 
GrooshBadoosh: folds 
Uncalled bet ($0.20) returned to PANTERO 777
PANTERO 777 collected $0.12 from pot
*** SUMMARY ***
Total pot $0.12 | Rake $0 
Seat 1: meninovh (button) folded before Flop (didn't bet)
Seat 2: Maria1995587 (small blind) folded before Flop
Seat 3: GrooshBadoosh (big blind) folded before Flop
Seat 4: AGVsmarT folded before Flop (didn't bet)
Seat 5: PANTERO 777 collected ($0.12)
Seat 6: 1nicebeat folded before Flop (didn't bet)
Seat 7: iglesias150 folded before Flop (didn't bet)
Seat 8: Dorex2007 folded before Flop (didn't bet)
Seat 9: ANDRESEKE007 folded before Flop (didn't bet)



