PokerStars Hand #238127651414:  Hold'em No Limit ($0.02/$0.05 USD) - 2022/08/21 9:02:42 PT [2022/08/21 12:02:42 ET]
Table 'Nuki II' 9-max Seat #8 is the button
Seat 1: eskaeliey ($5.12 in chips) 
Seat 2: groz487 ($2.70 in chips) 
Seat 3: JohanSlon ($5 in chips) 
Seat 4: CheckBorris ($6.75 in chips) 
Seat 5: 1tillit1 ($8.76 in chips) 
Seat 6: metinski_d ($3.01 in chips) 
Seat 7: Dorex2007 ($5 in chips) 
Seat 8: tommyc9494 ($4.34 in chips) 
Seat 9: KLUU06 ($3.17 in chips) 
KLUU06: posts small blind $0.02
eskaeliey: posts big blind $0.05
Dorex2007: posts big blind $0.05
*** HOLE CARDS ***
Dealt to Dorex2007 [5h 8h]
groz487: folds 
JohanSlon: calls $0.05
CheckBorris: folds 
1tillit1: calls $0.05
metinski_d: folds 
Dorex2007: checks 
tommyc9494: calls $0.05
KLUU06: calls $0.03
eskaeliey: checks 
*** FLOP *** [As Ts 5d]
KLUU06: checks 
eskaeliey: checks 
JohanSlon: checks 
1tillit1: checks 
Dorex2007: checks 
tommyc9494: checks 
*** TURN *** [As Ts 5d] [7d]
KLUU06: checks 
eskaeliey: bets $0.17
JohanSlon: folds 
1tillit1: folds 
Dorex2007: folds 
tommyc9494: folds 
KLUU06: folds 
Uncalled bet ($0.17) returned to eskaeliey
eskaeliey collected $0.29 from pot
*** SUMMARY ***
Total pot $0.30 | Rake $0.01 
Board [As Ts 5d 7d]
Seat 1: eskaeliey (big blind) collected ($0.29)
Seat 2: groz487 folded before Flop (didn't bet)
Seat 3: JohanSlon folded on the Turn
Seat 4: CheckBorris folded before Flop (didn't bet)
Seat 5: 1tillit1 folded on the Turn
Seat 6: metinski_d folded before Flop (didn't bet)
Seat 7: Dorex2007 folded on the Turn (didn't bet)
Seat 8: tommyc9494 (button) folded on the Turn
Seat 9: KLUU06 (small blind) folded on the Turn



PokerStars Hand #238127680326:  Hold'em No Limit ($0.02/$0.05 USD) - 2022/08/21 9:04:10 PT [2022/08/21 12:04:10 ET]
Table 'Nuki II' 9-max Seat #9 is the button
Seat 1: eskaeliey ($5.36 in chips) 
Seat 2: groz487 ($2.70 in chips) 
Seat 3: JohanSlon ($5 in chips) 
Seat 4: CheckBorris ($6.75 in chips) 
Seat 5: 1tillit1 ($8.71 in chips) 
Seat 6: metinski_d ($3.01 in chips) 
Seat 7: Dorex2007 ($5 in chips) 
Seat 8: tommyc9494 ($4.29 in chips) 
Seat 9: KLUU06 ($3.12 in chips) 
eskaeliey: posts small blind $0.02
groz487: posts big blind $0.05
*** HOLE CARDS ***
Dealt to Dorex2007 [3c Qs]
JohanSlon has timed out
JohanSlon: folds 
CheckBorris: folds 
1tillit1: folds 
metinski_d: folds 
Dorex2007: folds 
JohanSlon leaves the table
tommyc9494: calls $0.05
KLUU06: raises $0.15 to $0.20
eskaeliey: folds 
groz487: folds 
tommyc9494: folds 
Uncalled bet ($0.15) returned to KLUU06
KLUU06 collected $0.17 from pot
*** SUMMARY ***
Total pot $0.17 | Rake $0 
Seat 1: eskaeliey (small blind) folded before Flop
Seat 2: groz487 (big blind) folded before Flop
Seat 3: JohanSlon folded before Flop (didn't bet)
Seat 4: CheckBorris folded before Flop (didn't bet)
Seat 5: 1tillit1 folded before Flop (didn't bet)
Seat 6: metinski_d folded before Flop (didn't bet)
Seat 7: Dorex2007 folded before Flop (didn't bet)
Seat 8: tommyc9494 folded before Flop
Seat 9: KLUU06 (button) collected ($0.17)



PokerStars Hand #238127695265:  Hold'em No Limit ($0.02/$0.05 USD) - 2022/08/21 9:04:55 PT [2022/08/21 12:04:55 ET]
Table 'Nuki II' 9-max Seat #1 is the button
Seat 1: eskaeliey ($5.34 in chips) 
Seat 2: groz487 ($2.65 in chips) 
Seat 4: CheckBorris ($6.75 in chips) 
Seat 5: 1tillit1 ($8.71 in chips) 
Seat 6: metinski_d ($3.01 in chips) 
Seat 7: Dorex2007 ($5 in chips) 
Seat 8: tommyc9494 ($4.24 in chips) 
Seat 9: KLUU06 ($3.24 in chips) 
groz487: posts small blind $0.02
CheckBorris: posts big blind $0.05
*** HOLE CARDS ***
Dealt to Dorex2007 [2c 7h]
1tillit1: folds 
metinski_d: folds 
Dorex2007: folds 
tommyc9494: folds 
KLUU06: calls $0.05
eskaeliey: raises $0.10 to $0.15
groz487: calls $0.13
CheckBorris: calls $0.10
KLUU06: folds 
*** FLOP *** [Qs 8d Jc]
groz487: checks 
CheckBorris: checks 
eskaeliey: bets $0.29
groz487: folds 
troly1312 joins the table at seat #3 
CheckBorris: folds 
Uncalled bet ($0.29) returned to eskaeliey
eskaeliey collected $0.48 from pot
*** SUMMARY ***
Total pot $0.50 | Rake $0.02 
Board [Qs 8d Jc]
Seat 1: eskaeliey (button) collected ($0.48)
Seat 2: groz487 (small blind) folded on the Flop
Seat 4: CheckBorris (big blind) folded on the Flop
Seat 5: 1tillit1 folded before Flop (didn't bet)
Seat 6: metinski_d folded before Flop (didn't bet)
Seat 7: Dorex2007 folded before Flop (didn't bet)
Seat 8: tommyc9494 folded before Flop (didn't bet)
Seat 9: KLUU06 folded before Flop



PokerStars Hand #238127713048:  Hold'em No Limit ($0.02/$0.05 USD) - 2022/08/21 9:05:49 PT [2022/08/21 12:05:49 ET]
Table 'Nuki II' 9-max Seat #2 is the button
Seat 1: eskaeliey ($5.67 in chips) 
Seat 2: groz487 ($2.50 in chips) 
Seat 4: CheckBorris ($6.60 in chips) 
Seat 5: 1tillit1 ($8.71 in chips) 
Seat 6: metinski_d ($3.01 in chips) 
Seat 7: Dorex2007 ($5 in chips) 
Seat 8: tommyc9494 ($4.24 in chips) 
Seat 9: KLUU06 ($3.19 in chips) 
CheckBorris: posts small blind $0.02
1tillit1: posts big blind $0.05
*** HOLE CARDS ***
Dealt to Dorex2007 [Ts 6h]
metinski_d: folds 
Dorex2007: folds 
tommyc9494: folds 
KLUU06: folds 
eskaeliey: raises $0.10 to $0.15
groz487: folds 
CheckBorris: folds 
1tillit1: folds 
Uncalled bet ($0.10) returned to eskaeliey
eskaeliey collected $0.12 from pot
*** SUMMARY ***
Total pot $0.12 | Rake $0 
Seat 1: eskaeliey collected ($0.12)
Seat 2: groz487 (button) folded before Flop (didn't bet)
Seat 4: CheckBorris (small blind) folded before Flop
Seat 5: 1tillit1 (big blind) folded before Flop
Seat 6: metinski_d folded before Flop (didn't bet)
Seat 7: Dorex2007 folded before Flop (didn't bet)
Seat 8: tommyc9494 folded before Flop (didn't bet)
Seat 9: KLUU06 folded before Flop (didn't bet)



PokerStars Hand #238127723228:  Hold'em No Limit ($0.02/$0.05 USD) - 2022/08/21 9:06:19 PT [2022/08/21 12:06:19 ET]
Table 'Nuki II' 9-max Seat #4 is the button
Seat 1: eskaeliey ($5.74 in chips) 
Seat 2: groz487 ($2.50 in chips) 
Seat 3: troly1312 ($5 in chips) 
Seat 4: CheckBorris ($6.58 in chips) 
Seat 5: 1tillit1 ($8.66 in chips) 
Seat 6: metinski_d ($3.01 in chips) 
Seat 7: Dorex2007 ($5 in chips) 
Seat 8: tommyc9494 ($4.24 in chips) 
Seat 9: KLUU06 ($3.19 in chips) 
1tillit1: posts small blind $0.02
metinski_d: posts big blind $0.05
troly1312: posts big blind $0.05
*** HOLE CARDS ***
Dealt to Dorex2007 [6c Kh]
Dorex2007: folds 
tommyc9494: folds 
KLUU06: folds 
eskaeliey: raises $0.10 to $0.15
groz487: calls $0.15
troly1312: folds 
CheckBorris: raises $0.45 to $0.60
1tillit1: folds 
metinski_d: folds 
eskaeliey: calls $0.45
groz487: folds 
*** FLOP *** [Jh Ah 9h]
eskaeliey: checks 
CheckBorris: checks 
*** TURN *** [Jh Ah 9h] [6h]
eskaeliey: bets $0.24
CheckBorris: calls $0.24
*** RIVER *** [Jh Ah 9h 6h] [3h]
eskaeliey: bets $1.87
CheckBorris: folds 
Uncalled bet ($1.87) returned to eskaeliey
eskaeliey collected $1.87 from pot
*** SUMMARY ***
Total pot $1.95 | Rake $0.08 
Board [Jh Ah 9h 6h 3h]
Seat 1: eskaeliey collected ($1.87)
Seat 2: groz487 folded before Flop
Seat 3: troly1312 folded before Flop (didn't bet)
Seat 4: CheckBorris (button) folded on the River
Seat 5: 1tillit1 (small blind) folded before Flop
Seat 6: metinski_d (big blind) folded before Flop
Seat 7: Dorex2007 folded before Flop (didn't bet)
Seat 8: tommyc9494 folded before Flop (didn't bet)
Seat 9: KLUU06 folded before Flop (didn't bet)



PokerStars Hand #238127750961:  Hold'em No Limit ($0.02/$0.05 USD) - 2022/08/21 9:07:29 PT [2022/08/21 12:07:29 ET]
Table 'Nuki II' 9-max Seat #5 is the button
Seat 1: eskaeliey ($6.77 in chips) 
Seat 2: groz487 ($2.35 in chips) 
Seat 3: troly1312 ($4.95 in chips) 
Seat 4: CheckBorris ($5.74 in chips) 
Seat 5: 1tillit1 ($8.64 in chips) 
Seat 6: metinski_d ($2.96 in chips) 
Seat 7: Dorex2007 ($5 in chips) 
Seat 8: tommyc9494 ($4.24 in chips) 
Seat 9: KLUU06 ($3.19 in chips) 
metinski_d: posts small blind $0.02
Dorex2007: posts big blind $0.05
*** HOLE CARDS ***
Dealt to Dorex2007 [7c Js]
tommyc9494: folds 
KLUU06: calls $0.05
eskaeliey: folds 
groz487: raises $0.10 to $0.15
troly1312: folds 
CheckBorris: folds 
1tillit1: calls $0.15
metinski_d: calls $0.13
Dorex2007: folds 
KLUU06: raises $0.10 to $0.25
groz487: calls $0.10
1tillit1: calls $0.10
metinski_d: calls $0.10
*** FLOP *** [6h 5s 9h]
metinski_d: checks 
KLUU06: bets $2.94 and is all-in
groz487: folds 
1tillit1: calls $2.94
metinski_d: folds 
*** TURN *** [6h 5s 9h] [8d]
*** RIVER *** [6h 5s 9h 8d] [4h]
*** SHOW DOWN ***
KLUU06: shows [Td Ts] (a pair of Tens)
1tillit1: shows [9s 9d] (three of a kind, Nines)
1tillit1 collected $6.57 from pot
*** SUMMARY ***
Total pot $6.93 | Rake $0.36 
Board [6h 5s 9h 8d 4h]
Seat 1: eskaeliey folded before Flop (didn't bet)
Seat 2: groz487 folded on the Flop
Seat 3: troly1312 folded before Flop (didn't bet)
Seat 4: CheckBorris folded before Flop (didn't bet)
Seat 5: 1tillit1 (button) showed [9s 9d] and won ($6.57) with three of a kind, Nines
Seat 6: metinski_d (small blind) folded on the Flop
Seat 7: Dorex2007 (big blind) folded before Flop
Seat 8: tommyc9494 folded before Flop (didn't bet)
Seat 9: KLUU06 showed [Td Ts] and lost with a pair of Tens



PokerStars Hand #238127775941:  Hold'em No Limit ($0.02/$0.05 USD) - 2022/08/21 9:08:45 PT [2022/08/21 12:08:45 ET]
Table 'Nuki II' 9-max Seat #6 is the button
Seat 1: eskaeliey ($6.77 in chips) 
Seat 2: groz487 ($2.10 in chips) 
Seat 3: troly1312 ($4.95 in chips) 
Seat 4: CheckBorris ($5.74 in chips) 
Seat 5: 1tillit1 ($12.02 in chips) 
Seat 6: metinski_d ($2.71 in chips) 
Seat 7: Dorex2007 ($5 in chips) 
Seat 8: tommyc9494 ($4.24 in chips) 
Dorex2007: posts small blind $0.02
tommyc9494: posts big blind $0.05
*** HOLE CARDS ***
Dealt to Dorex2007 [5d 4d]
eskaeliey: folds 
groz487: folds 
troly1312: folds 
CheckBorris: raises $0.10 to $0.15
1tillit1: folds 
metinski_d: folds 
Dorex2007: folds 
tommyc9494: calls $0.10
*** FLOP *** [5s 3c 3s]
tommyc9494: checks 
CheckBorris: bets $0.22
tommyc9494: folds 
Uncalled bet ($0.22) returned to CheckBorris
CheckBorris collected $0.31 from pot
*** SUMMARY ***
Total pot $0.32 | Rake $0.01 
Board [5s 3c 3s]
Seat 1: eskaeliey folded before Flop (didn't bet)
Seat 2: groz487 folded before Flop (didn't bet)
Seat 3: troly1312 folded before Flop (didn't bet)
Seat 4: CheckBorris collected ($0.31)
Seat 5: 1tillit1 folded before Flop (didn't bet)
Seat 6: metinski_d (button) folded before Flop (didn't bet)
Seat 7: Dorex2007 (small blind) folded before Flop
Seat 8: tommyc9494 (big blind) folded on the Flop



PokerStars Hand #238127786082:  Hold'em No Limit ($0.02/$0.05 USD) - 2022/08/21 9:09:16 PT [2022/08/21 12:09:16 ET]
Table 'Nuki II' 9-max Seat #7 is the button
Seat 1: eskaeliey ($6.77 in chips) 
Seat 2: groz487 ($2.10 in chips) 
Seat 3: troly1312 ($4.95 in chips) 
Seat 4: CheckBorris ($5.90 in chips) 
Seat 5: 1tillit1 ($12.02 in chips) 
Seat 6: metinski_d ($2.71 in chips) 
Seat 7: Dorex2007 ($5 in chips) 
Seat 8: tommyc9494 ($4.09 in chips) 
Seat 9: KLUU06 ($2.57 in chips) 
tommyc9494: posts small blind $0.02
KLUU06: posts big blind $0.05
*** HOLE CARDS ***
Dealt to Dorex2007 [7s 3c]
eskaeliey: folds 
groz487: raises $0.10 to $0.15
troly1312: calls $0.15
CheckBorris: folds 
1tillit1: folds 
metinski_d: folds 
Dorex2007: folds 
tommyc9494: folds 
KLUU06: folds 
*** FLOP *** [Kc 4c Qc]
groz487 is connected 
groz487: bets $0.17
troly1312: calls $0.17
*** TURN *** [Kc 4c Qc] [7c]
groz487: checks 
troly1312: bets $0.29
groz487: calls $0.29
*** RIVER *** [Kc 4c Qc 7c] [8s]
groz487: checks 
troly1312: bets $0.57
groz487: raises $0.57 to $1.14
troly1312: folds 
Uncalled bet ($0.57) returned to groz487
groz487 collected $2.33 from pot
groz487: doesn't show hand 
*** SUMMARY ***
Total pot $2.43 | Rake $0.10 
Board [Kc 4c Qc 7c 8s]
Seat 1: eskaeliey folded before Flop (didn't bet)
Seat 2: groz487 collected ($2.33)
Seat 3: troly1312 folded on the River
Seat 4: CheckBorris folded before Flop (didn't bet)
Seat 5: 1tillit1 folded before Flop (didn't bet)
Seat 6: metinski_d folded before Flop (didn't bet)
Seat 7: Dorex2007 (button) folded before Flop (didn't bet)
Seat 8: tommyc9494 (small blind) folded before Flop
Seat 9: KLUU06 (big blind) folded before Flop



PokerStars Hand #238127815232:  Hold'em No Limit ($0.02/$0.05 USD) - 2022/08/21 9:10:45 PT [2022/08/21 12:10:45 ET]
Table 'Nuki II' 9-max Seat #8 is the button
Seat 1: eskaeliey ($6.77 in chips) 
Seat 2: groz487 ($3.25 in chips) 
Seat 3: troly1312 ($3.77 in chips) 
Seat 4: CheckBorris ($5.90 in chips) 
Seat 5: 1tillit1 ($12.02 in chips) 
Seat 6: metinski_d ($2.71 in chips) 
Seat 7: Dorex2007 ($5 in chips) 
Seat 8: tommyc9494 ($4.07 in chips) 
Seat 9: KLUU06 ($2.52 in chips) 
KLUU06: posts small blind $0.02
eskaeliey: posts big blind $0.05
*** HOLE CARDS ***
Dealt to Dorex2007 [4d 8d]
groz487: folds 
troly1312: raises $0.10 to $0.15
CheckBorris: folds 
1tillit1: folds 
metinski_d: calls $0.15
Dorex2007: folds 
tommyc9494: folds 
KLUU06: folds 
eskaeliey: calls $0.10
*** FLOP *** [5d As Jh]
eskaeliey: checks 
troly1312: checks 
metinski_d: bets $0.23
eskaeliey: folds 
troly1312: folds 
Uncalled bet ($0.23) returned to metinski_d
metinski_d collected $0.45 from pot
metinski_d: doesn't show hand 
*** SUMMARY ***
Total pot $0.47 | Rake $0.02 
Board [5d As Jh]
Seat 1: eskaeliey (big blind) folded on the Flop
Seat 2: groz487 folded before Flop (didn't bet)
Seat 3: troly1312 folded on the Flop
Seat 4: CheckBorris folded before Flop (didn't bet)
Seat 5: 1tillit1 folded before Flop (didn't bet)
Seat 6: metinski_d collected ($0.45)
Seat 7: Dorex2007 folded before Flop (didn't bet)
Seat 8: tommyc9494 (button) folded before Flop (didn't bet)
Seat 9: KLUU06 (small blind) folded before Flop



PokerStars Hand #238127837988:  Hold'em No Limit ($0.02/$0.05 USD) - 2022/08/21 9:11:36 PT [2022/08/21 12:11:36 ET]
Table 'Nuki II' 9-max Seat #9 is the button
Seat 1: eskaeliey ($6.62 in chips) 
Seat 2: groz487 ($3.25 in chips) 
Seat 3: troly1312 ($3.62 in chips) 
Seat 4: CheckBorris ($5.90 in chips) 
Seat 5: 1tillit1 ($12.02 in chips) 
Seat 6: metinski_d ($3.01 in chips) 
Seat 7: Dorex2007 ($5 in chips) 
Seat 8: tommyc9494 ($4.07 in chips) 
Seat 9: KLUU06 ($2.50 in chips) 
eskaeliey: posts small blind $0.02
groz487: posts big blind $0.05
*** HOLE CARDS ***
Dealt to Dorex2007 [3s 5s]
troly1312: folds 
CheckBorris: folds 
1tillit1: folds 
metinski_d: folds 
Dorex2007: folds 
tommyc9494 has timed out
tommyc9494: folds 
KLUU06: raises $0.10 to $0.15
tommyc9494 leaves the table
L1mp007 joins the table at seat #8 
eskaeliey: calls $0.13
groz487: folds 
*** FLOP *** [9h 3d 3c]
eskaeliey: bets $0.25
KLUU06: raises $0.50 to $0.75
eskaeliey: calls $0.50
*** TURN *** [9h 3d 3c] [4d]
eskaeliey: checks 
KLUU06: bets $0.50
eskaeliey: calls $0.50
*** RIVER *** [9h 3d 3c 4d] [5c]
eskaeliey: checks 
KLUU06: bets $1.10 and is all-in
eskaeliey: calls $1.10
*** SHOW DOWN ***
KLUU06: shows [Ah Jd] (a pair of Threes)
eskaeliey: shows [9d Jc] (two pair, Nines and Threes)
eskaeliey collected $4.84 from pot
*** SUMMARY ***
Total pot $5.05 | Rake $0.21 
Board [9h 3d 3c 4d 5c]
Seat 1: eskaeliey (small blind) showed [9d Jc] and won ($4.84) with two pair, Nines and Threes
Seat 2: groz487 (big blind) folded before Flop
Seat 3: troly1312 folded before Flop (didn't bet)
Seat 4: CheckBorris folded before Flop (didn't bet)
Seat 5: 1tillit1 folded before Flop (didn't bet)
Seat 6: metinski_d folded before Flop (didn't bet)
Seat 7: Dorex2007 folded before Flop (didn't bet)
Seat 8: tommyc9494 folded before Flop (didn't bet)
Seat 9: KLUU06 (button) showed [Ah Jd] and lost with a pair of Threes



PokerStars Hand #238127866175:  Hold'em No Limit ($0.02/$0.05 USD) - 2022/08/21 9:13:02 PT [2022/08/21 12:13:02 ET]
Table 'Nuki II' 9-max Seat #1 is the button
Seat 1: eskaeliey ($8.96 in chips) 
Seat 2: groz487 ($3.20 in chips) 
Seat 3: troly1312 ($3.62 in chips) 
Seat 4: CheckBorris ($5.90 in chips) 
Seat 5: 1tillit1 ($12.02 in chips) 
Seat 7: Dorex2007 ($5 in chips) 
groz487: posts small blind $0.02
troly1312: posts big blind $0.05
L1mp007: sits out 
*** HOLE CARDS ***
Dealt to Dorex2007 [2s Jc]
CheckBorris: folds 
1tillit1: folds 
KLUU06 leaves the table
Dorex2007: folds 
onlyfoolsguy joins the table at seat #9 
eskaeliey: raises $0.10 to $0.15
groz487: folds 
troly1312: calls $0.10
*** FLOP *** [4c 5d 3h]
troly1312: bets $0.15
eskaeliey: calls $0.15
*** TURN *** [4c 5d 3h] [8c]
troly1312: bets $0.29
eskaeliey: calls $0.29
*** RIVER *** [4c 5d 3h 8c] [Qc]
troly1312: bets $0.57
eskaeliey: folds 
Uncalled bet ($0.57) returned to troly1312
troly1312 collected $1.15 from pot
*** SUMMARY ***
Total pot $1.20 | Rake $0.05 
Board [4c 5d 3h 8c Qc]
Seat 1: eskaeliey (button) folded on the River
Seat 2: groz487 (small blind) folded before Flop
Seat 3: troly1312 (big blind) collected ($1.15)
Seat 4: CheckBorris folded before Flop (didn't bet)
Seat 5: 1tillit1 folded before Flop (didn't bet)
Seat 7: Dorex2007 folded before Flop (didn't bet)



PokerStars Hand #238127882163:  Hold'em No Limit ($0.02/$0.05 USD) - 2022/08/21 9:13:51 PT [2022/08/21 12:13:51 ET]
Table 'Nuki II' 9-max Seat #2 is the button
Seat 1: eskaeliey ($8.37 in chips) 
Seat 2: groz487 ($3.18 in chips) 
Seat 3: troly1312 ($4.18 in chips) 
Seat 4: CheckBorris ($5.90 in chips) 
Seat 5: 1tillit1 ($12.02 in chips) 
Seat 7: Dorex2007 ($5 in chips) 
Seat 9: onlyfoolsguy ($5 in chips) 
troly1312: posts small blind $0.02
CheckBorris: posts big blind $0.05
L1mp007: sits out 
onlyfoolsguy: posts big blind $0.05
*** HOLE CARDS ***
Dealt to Dorex2007 [6h 7s]
1tillit1: folds 
Dorex2007: folds 
onlyfoolsguy: checks 
eskaeliey: folds 
groz487: raises $0.05 to $0.10
troly1312: calls $0.08
CheckBorris: folds 
onlyfoolsguy: calls $0.05
*** FLOP *** [3c 3s 5s]
troly1312: checks 
onlyfoolsguy: checks 
groz487: bets $0.17
troly1312: calls $0.17
onlyfoolsguy: folds 
*** TURN *** [3c 3s 5s] [Jc]
troly1312: checks 
groz487: checks 
*** RIVER *** [3c 3s 5s Jc] [Kh]
troly1312: bets $0.33
groz487: calls $0.33
*** SHOW DOWN ***
troly1312: shows [Ad 4c] (a pair of Threes)
groz487: shows [6c Kc] (two pair, Kings and Threes)
groz487 collected $1.29 from pot
*** SUMMARY ***
Total pot $1.35 | Rake $0.06 
Board [3c 3s 5s Jc Kh]
Seat 1: eskaeliey folded before Flop (didn't bet)
Seat 2: groz487 (button) showed [6c Kc] and won ($1.29) with two pair, Kings and Threes
Seat 3: troly1312 (small blind) showed [Ad 4c] and lost with a pair of Threes
Seat 4: CheckBorris (big blind) folded before Flop
Seat 5: 1tillit1 folded before Flop (didn't bet)
Seat 7: Dorex2007 folded before Flop (didn't bet)
Seat 9: onlyfoolsguy folded on the Flop



PokerStars Hand #238127904560:  Hold'em No Limit ($0.02/$0.05 USD) - 2022/08/21 9:15:00 PT [2022/08/21 12:15:00 ET]
Table 'Nuki II' 9-max Seat #3 is the button
Seat 1: eskaeliey ($8.37 in chips) 
Seat 2: groz487 ($3.87 in chips) 
Seat 3: troly1312 ($3.58 in chips) 
Seat 4: CheckBorris ($5.85 in chips) 
Seat 5: 1tillit1 ($12.02 in chips) 
Seat 7: Dorex2007 ($5 in chips) 
Seat 9: onlyfoolsguy ($4.90 in chips) 
CheckBorris: posts small blind $0.02
1tillit1: posts big blind $0.05
L1mp007: sits out 
*** HOLE CARDS ***
Dealt to Dorex2007 [Jc 9c]
Dorex2007: folds 
onlyfoolsguy: folds 
eskaeliey: raises $0.10 to $0.15
groz487: calls $0.15
troly1312: folds 
CheckBorris: folds 
1tillit1: calls $0.10
*** FLOP *** [Ac 2s 7s]
1tillit1: checks 
eskaeliey: checks 
groz487: checks 
*** TURN *** [Ac 2s 7s] [6c]
1tillit1: bets $0.30
eskaeliey: folds 
groz487: calls $0.30
*** RIVER *** [Ac 2s 7s 6c] [2h]
1tillit1: bets $0.50
groz487: calls $0.50
*** SHOW DOWN ***
1tillit1: shows [As Jh] (two pair, Aces and Deuces)
groz487: mucks hand 
1tillit1 collected $1.96 from pot
*** SUMMARY ***
Total pot $2.07 | Rake $0.11 
Board [Ac 2s 7s 6c 2h]
Seat 1: eskaeliey folded on the Turn
Seat 2: groz487 mucked [Ah 8c]
Seat 3: troly1312 (button) folded before Flop (didn't bet)
Seat 4: CheckBorris (small blind) folded before Flop
Seat 5: 1tillit1 (big blind) showed [As Jh] and won ($1.96) with two pair, Aces and Deuces
Seat 7: Dorex2007 folded before Flop (didn't bet)
Seat 9: onlyfoolsguy folded before Flop (didn't bet)



PokerStars Hand #238127921782:  Hold'em No Limit ($0.02/$0.05 USD) - 2022/08/21 9:15:52 PT [2022/08/21 12:15:52 ET]
Table 'Nuki II' 9-max Seat #4 is the button
Seat 1: eskaeliey ($8.22 in chips) 
Seat 2: groz487 ($2.92 in chips) 
Seat 3: troly1312 ($3.58 in chips) 
Seat 4: CheckBorris ($5.83 in chips) 
Seat 5: 1tillit1 ($13.03 in chips) 
Seat 7: Dorex2007 ($5 in chips) 
Seat 9: onlyfoolsguy ($4.90 in chips) 
1tillit1: posts small blind $0.02
Dorex2007: posts big blind $0.05
L1mp007: sits out 
*** HOLE CARDS ***
Dealt to Dorex2007 [2c 6h]
onlyfoolsguy: folds 
eskaeliey: folds 
groz487: raises $0.10 to $0.15
troly1312: calls $0.15
CheckBorris has timed out
CheckBorris: folds 
1tillit1: folds 
Dorex2007: folds 
*** FLOP *** [Js Qh Td]
groz487: checks 
troly1312: checks 
*** TURN *** [Js Qh Td] [As]
groz487: checks 
troly1312: checks 
*** RIVER *** [Js Qh Td As] [7d]
groz487: bets $0.17
troly1312: raises $0.69 to $0.86
groz487: folds 
Uncalled bet ($0.69) returned to troly1312
troly1312 collected $0.68 from pot
*** SUMMARY ***
Total pot $0.71 | Rake $0.03 
Board [Js Qh Td As 7d]
Seat 1: eskaeliey folded before Flop (didn't bet)
Seat 2: groz487 folded on the River
Seat 3: troly1312 collected ($0.68)
Seat 4: CheckBorris (button) folded before Flop (didn't bet)
Seat 5: 1tillit1 (small blind) folded before Flop
Seat 7: Dorex2007 (big blind) folded before Flop
Seat 9: onlyfoolsguy folded before Flop (didn't bet)



PokerStars Hand #238127942243:  Hold'em No Limit ($0.02/$0.05 USD) - 2022/08/21 9:16:54 PT [2022/08/21 12:16:54 ET]
Table 'Nuki II' 9-max Seat #5 is the button
Seat 1: eskaeliey ($8.22 in chips) 
Seat 2: groz487 ($2.60 in chips) 
Seat 3: troly1312 ($3.94 in chips) 
Seat 5: 1tillit1 ($13.01 in chips) 
Seat 7: Dorex2007 ($5 in chips) 
Seat 8: L1mp007 ($5 in chips) 
Seat 9: onlyfoolsguy ($4.90 in chips) 
Dorex2007: posts small blind $0.02
L1mp007: posts big blind $0.05
*** HOLE CARDS ***
Dealt to Dorex2007 [2d Ad]
onlyfoolsguy: folds 
eskaeliey: calls $0.05
groz487: raises $0.10 to $0.15
troly1312: calls $0.15
1tillit1: folds 
Dorex2007: folds 
L1mp007: raises $0.50 to $0.65
eskaeliey: folds 
groz487: raises $1.95 to $2.60 and is all-in
troly1312: folds 
L1mp007: folds 
Uncalled bet ($1.95) returned to groz487
groz487 collected $1.52 from pot
groz487: doesn't show hand 
*** SUMMARY ***
Total pot $1.52 | Rake $0 
Seat 1: eskaeliey folded before Flop
Seat 2: groz487 collected ($1.52)
Seat 3: troly1312 folded before Flop
Seat 5: 1tillit1 (button) folded before Flop (didn't bet)
Seat 7: Dorex2007 (small blind) folded before Flop
Seat 8: L1mp007 (big blind) folded before Flop
Seat 9: onlyfoolsguy folded before Flop (didn't bet)



PokerStars Hand #238127958782:  Hold'em No Limit ($0.02/$0.05 USD) - 2022/08/21 9:17:45 PT [2022/08/21 12:17:45 ET]
Table 'Nuki II' 9-max Seat #7 is the button
Seat 1: eskaeliey ($8.17 in chips) 
Seat 2: groz487 ($3.47 in chips) 
Seat 3: troly1312 ($3.79 in chips) 
Seat 5: 1tillit1 ($13.01 in chips) 
Seat 7: Dorex2007 ($5 in chips) 
Seat 8: L1mp007 ($4.35 in chips) 
Seat 9: onlyfoolsguy ($4.90 in chips) 
L1mp007: posts small blind $0.02
onlyfoolsguy: posts big blind $0.05
*** HOLE CARDS ***
Dealt to Dorex2007 [As 3c]
eskaeliey: folds 
groz487: folds 
troly1312: raises $0.10 to $0.15
1tillit1: folds 
Dorex2007: folds 
L1mp007: folds 
onlyfoolsguy: folds 
Uncalled bet ($0.10) returned to troly1312
troly1312 collected $0.12 from pot
*** SUMMARY ***
Total pot $0.12 | Rake $0 
Seat 1: eskaeliey folded before Flop (didn't bet)
Seat 2: groz487 folded before Flop (didn't bet)
Seat 3: troly1312 collected ($0.12)
Seat 5: 1tillit1 folded before Flop (didn't bet)
Seat 7: Dorex2007 (button) folded before Flop (didn't bet)
Seat 8: L1mp007 (small blind) folded before Flop
Seat 9: onlyfoolsguy (big blind) folded before Flop



PokerStars Hand #238127965954:  Hold'em No Limit ($0.02/$0.05 USD) - 2022/08/21 9:18:06 PT [2022/08/21 12:18:06 ET]
Table 'Nuki II' 9-max Seat #8 is the button
Seat 1: eskaeliey ($8.17 in chips) 
Seat 2: groz487 ($3.47 in chips) 
Seat 3: troly1312 ($3.86 in chips) 
Seat 5: 1tillit1 ($13.01 in chips) 
Seat 7: Dorex2007 ($5 in chips) 
Seat 8: L1mp007 ($4.98 in chips) 
Seat 9: onlyfoolsguy ($4.85 in chips) 
onlyfoolsguy: posts small blind $0.02
eskaeliey: posts big blind $0.05
*** HOLE CARDS ***
Dealt to Dorex2007 [2c 3s]
groz487: folds 
troly1312: folds 
1tillit1: folds 
Dorex2007: folds 
L1mp007: raises $0.06 to $0.11
onlyfoolsguy: folds 
eskaeliey: calls $0.06
*** FLOP *** [Td Kc Ks]
eskaeliey: checks 
L1mp007: bets $0.08
eskaeliey: folds 
Uncalled bet ($0.08) returned to L1mp007
L1mp007 collected $0.23 from pot
L1mp007: doesn't show hand 
*** SUMMARY ***
Total pot $0.24 | Rake $0.01 
Board [Td Kc Ks]
Seat 1: eskaeliey (big blind) folded on the Flop
Seat 2: groz487 folded before Flop (didn't bet)
Seat 3: troly1312 folded before Flop (didn't bet)
Seat 5: 1tillit1 folded before Flop (didn't bet)
Seat 7: Dorex2007 folded before Flop (didn't bet)
Seat 8: L1mp007 (button) collected ($0.23)
Seat 9: onlyfoolsguy (small blind) folded before Flop



PokerStars Hand #238127977266:  Hold'em No Limit ($0.02/$0.05 USD) - 2022/08/21 9:18:41 PT [2022/08/21 12:18:41 ET]
Table 'Nuki II' 9-max Seat #9 is the button
Seat 1: eskaeliey ($8.06 in chips) 
Seat 2: groz487 ($3.47 in chips) 
Seat 3: troly1312 ($3.86 in chips) 
Seat 5: 1tillit1 ($13.01 in chips) 
Seat 7: Dorex2007 ($5 in chips) 
Seat 8: L1mp007 ($5.10 in chips) 
Seat 9: onlyfoolsguy ($4.83 in chips) 
eskaeliey: posts small blind $0.02
groz487: posts big blind $0.05
*** HOLE CARDS ***
Dealt to Dorex2007 [5s 7h]
troly1312: raises $0.10 to $0.15
1tillit1: folds 
Dorex2007: folds 
L1mp007: folds 
onlyfoolsguy: folds 
eskaeliey: calls $0.13
groz487: calls $0.10
*** FLOP *** [Qd Kc 2c]
eskaeliey: checks 
groz487: checks 
troly1312: checks 
*** TURN *** [Qd Kc 2c] [4h]
eskaeliey: bets $0.21
groz487: folds 
troly1312: calls $0.21
*** RIVER *** [Qd Kc 2c 4h] [Tc]
eskaeliey: checks 
troly1312: bets $0.41
eskaeliey: folds 
Uncalled bet ($0.41) returned to troly1312
troly1312 collected $0.83 from pot
*** SUMMARY ***
Total pot $0.87 | Rake $0.04 
Board [Qd Kc 2c 4h Tc]
Seat 1: eskaeliey (small blind) folded on the River
Seat 2: groz487 (big blind) folded on the Turn
Seat 3: troly1312 collected ($0.83)
Seat 5: 1tillit1 folded before Flop (didn't bet)
Seat 7: Dorex2007 folded before Flop (didn't bet)
Seat 8: L1mp007 folded before Flop (didn't bet)
Seat 9: onlyfoolsguy (button) folded before Flop (didn't bet)



PokerStars Hand #238128000882:  Hold'em No Limit ($0.02/$0.05 USD) - 2022/08/21 9:19:53 PT [2022/08/21 12:19:53 ET]
Table 'Nuki II' 9-max Seat #1 is the button
Seat 1: eskaeliey ($7.70 in chips) 
Seat 2: groz487 ($3.32 in chips) 
Seat 3: troly1312 ($4.33 in chips) 
Seat 5: 1tillit1 ($13.01 in chips) 
Seat 7: Dorex2007 ($5 in chips) 
Seat 8: L1mp007 ($5.10 in chips) 
Seat 9: onlyfoolsguy ($4.83 in chips) 
groz487: posts small blind $0.02
troly1312: posts big blind $0.05
*** HOLE CARDS ***
Dealt to Dorex2007 [Ks 6c]
1tillit1: folds 
Dorex2007: folds 
L1mp007: folds 
onlyfoolsguy: folds 
eskaeliey: folds 
groz487: calls $0.03
troly1312: checks 
*** FLOP *** [Qs Ah 8s]
groz487: bets $0.10
troly1312: folds 
Uncalled bet ($0.10) returned to groz487
groz487 collected $0.10 from pot
groz487: doesn't show hand 
*** SUMMARY ***
Total pot $0.10 | Rake $0 
Board [Qs Ah 8s]
Seat 1: eskaeliey (button) folded before Flop (didn't bet)
Seat 2: groz487 (small blind) collected ($0.10)
Seat 3: troly1312 (big blind) folded on the Flop
Seat 5: 1tillit1 folded before Flop (didn't bet)
Seat 7: Dorex2007 folded before Flop (didn't bet)
Seat 8: L1mp007 folded before Flop (didn't bet)
Seat 9: onlyfoolsguy folded before Flop (didn't bet)



PokerStars Hand #238128007734:  Hold'em No Limit ($0.02/$0.05 USD) - 2022/08/21 9:20:14 PT [2022/08/21 12:20:14 ET]
Table 'Nuki II' 9-max Seat #2 is the button
Seat 1: eskaeliey ($7.70 in chips) 
Seat 2: groz487 ($3.37 in chips) 
Seat 3: troly1312 ($4.28 in chips) 
Seat 5: 1tillit1 ($13.01 in chips) 
Seat 7: Dorex2007 ($5 in chips) 
Seat 8: L1mp007 ($5.10 in chips) 
Seat 9: onlyfoolsguy ($4.83 in chips) 
troly1312: posts small blind $0.02
1tillit1: posts big blind $0.05
*** HOLE CARDS ***
Dealt to Dorex2007 [6d As]
Dorex2007: folds 
L1mp007: raises $0.10 to $0.15
onlyfoolsguy: folds 
eskaeliey: calls $0.15
groz487: folds 
troly1312: calls $0.13
1tillit1: folds 
*** FLOP *** [8c 2h Kc]
troly1312: bets $0.24
L1mp007: folds 
eskaeliey: calls $0.24
*** TURN *** [8c 2h Kc] [Jh]
troly1312: bets $0.47
eskaeliey: calls $0.47
*** RIVER *** [8c 2h Kc Jh] [3c]
troly1312: bets $3.42 and is all-in
eskaeliey: calls $3.42
*** SHOW DOWN ***
troly1312: shows [9d 9s] (a pair of Nines)
eskaeliey: shows [5d Kd] (a pair of Kings)
eskaeliey collected $8.40 from pot
*** SUMMARY ***
Total pot $8.76 | Rake $0.36 
Board [8c 2h Kc Jh 3c]
Seat 1: eskaeliey showed [5d Kd] and won ($8.40) with a pair of Kings
Seat 2: groz487 (button) folded before Flop (didn't bet)
Seat 3: troly1312 (small blind) showed [9d 9s] and lost with a pair of Nines
Seat 5: 1tillit1 (big blind) folded before Flop
Seat 7: Dorex2007 folded before Flop (didn't bet)
Seat 8: L1mp007 folded on the Flop
Seat 9: onlyfoolsguy folded before Flop (didn't bet)



PokerStars Hand #238128026872:  Hold'em No Limit ($0.02/$0.05 USD) - 2022/08/21 9:21:13 PT [2022/08/21 12:21:13 ET]
Table 'Nuki II' 9-max Seat #5 is the button
Seat 1: eskaeliey ($11.82 in chips) 
Seat 2: groz487 ($3.37 in chips) 
Seat 5: 1tillit1 ($12.96 in chips) 
Seat 7: Dorex2007 ($5 in chips) 
Seat 8: L1mp007 ($4.95 in chips) 
Seat 9: onlyfoolsguy ($4.83 in chips) 
Dorex2007: posts small blind $0.02
L1mp007: posts big blind $0.05
*** HOLE CARDS ***
Dealt to Dorex2007 [Td Qs]
troly1312 leaves the table
onlyfoolsguy: folds 
eskaeliey: folds 
groz487: raises $0.10 to $0.15
1tillit1: folds 
Dorex2007: folds 
L1mp007: folds 
Uncalled bet ($0.10) returned to groz487
groz487 collected $0.12 from pot
groz487: doesn't show hand 
*** SUMMARY ***
Total pot $0.12 | Rake $0 
Seat 1: eskaeliey folded before Flop (didn't bet)
Seat 2: groz487 collected ($0.12)
Seat 5: 1tillit1 (button) folded before Flop (didn't bet)
Seat 7: Dorex2007 (small blind) folded before Flop
Seat 8: L1mp007 (big blind) folded before Flop
Seat 9: onlyfoolsguy folded before Flop (didn't bet)



PokerStars Hand #238128036394:  Hold'em No Limit ($0.02/$0.05 USD) - 2022/08/21 9:21:42 PT [2022/08/21 12:21:42 ET]
Table 'Nuki II' 9-max Seat #7 is the button
Seat 1: eskaeliey ($11.82 in chips) 
Seat 2: groz487 ($3.44 in chips) 
Seat 5: 1tillit1 ($12.96 in chips) 
Seat 7: Dorex2007 ($5 in chips) 
Seat 8: L1mp007 ($4.90 in chips) 
Seat 9: onlyfoolsguy ($4.83 in chips) 
L1mp007: posts small blind $0.02
onlyfoolsguy: posts big blind $0.05
metinski_d: sits out 
*** HOLE CARDS ***
Dealt to Dorex2007 [7d 6s]
eskaeliey: folds 
groz487: raises $0.10 to $0.15
1tillit1: folds 
Dorex2007: folds 
L1mp007: folds 
onlyfoolsguy: raises $0.53 to $0.68
govash joins the table at seat #3 
groz487: raises $2.76 to $3.44 and is all-in
onlyfoolsguy: folds 
Uncalled bet ($2.76) returned to groz487
groz487 collected $1.38 from pot
groz487: doesn't show hand 
*** SUMMARY ***
Total pot $1.38 | Rake $0 
Seat 1: eskaeliey folded before Flop (didn't bet)
Seat 2: groz487 collected ($1.38)
Seat 5: 1tillit1 folded before Flop (didn't bet)
Seat 7: Dorex2007 (button) folded before Flop (didn't bet)
Seat 8: L1mp007 (small blind) folded before Flop
Seat 9: onlyfoolsguy (big blind) folded before Flop



PokerStars Hand #238128049961:  Hold'em No Limit ($0.02/$0.05 USD) - 2022/08/21 9:22:23 PT [2022/08/21 12:22:23 ET]
Table 'Nuki II' 9-max Seat #8 is the button
Seat 1: eskaeliey ($11.82 in chips) 
Seat 2: groz487 ($4.14 in chips) 
Seat 5: 1tillit1 ($12.96 in chips) 
Seat 7: Dorex2007 ($5 in chips) 
Seat 8: L1mp007 ($4.88 in chips) 
Seat 9: onlyfoolsguy ($4.15 in chips) 
onlyfoolsguy: posts small blind $0.02
eskaeliey: posts big blind $0.05
govash: sits out 
CheckBorris: sits out 
metinski_d: sits out 
*** HOLE CARDS ***
Dealt to Dorex2007 [2d 8d]
groz487: folds 
1tillit1: folds 
Dorex2007: folds 
L1mp007: folds 
groz487 leaves the table
onlyfoolsguy: folds 
Uncalled bet ($0.03) returned to eskaeliey
eskaeliey collected $0.04 from pot
MrBonanzaaa joins the table at seat #2 
*** SUMMARY ***
Total pot $0.04 | Rake $0 
Seat 1: eskaeliey (big blind) collected ($0.04)
Seat 2: groz487 folded before Flop (didn't bet)
Seat 5: 1tillit1 folded before Flop (didn't bet)
Seat 7: Dorex2007 folded before Flop (didn't bet)
Seat 8: L1mp007 (button) folded before Flop (didn't bet)
Seat 9: onlyfoolsguy (small blind) folded before Flop



PokerStars Hand #238128053604:  Hold'em No Limit ($0.02/$0.05 USD) - 2022/08/21 9:22:34 PT [2022/08/21 12:22:34 ET]
Table 'Nuki II' 9-max Seat #9 is the button
Seat 1: eskaeliey ($11.84 in chips) 
Seat 2: MrBonanzaaa ($3.13 in chips) 
Seat 5: 1tillit1 ($12.96 in chips) 
Seat 7: Dorex2007 ($5 in chips) 
Seat 8: L1mp007 ($4.88 in chips) 
Seat 9: onlyfoolsguy ($4.13 in chips) 
eskaeliey: posts small blind $0.02
MrBonanzaaa: posts big blind $0.05
govash: sits out 
CheckBorris: sits out 
metinski_d: sits out 
*** HOLE CARDS ***
Dealt to Dorex2007 [6s 9c]
1tillit1: folds 
Dorex2007: folds 
L1mp007: folds 
onlyfoolsguy: raises $0.10 to $0.15
eskaeliey: calls $0.13
MrBonanzaaa: folds 
*** FLOP *** [Js Th Qs]
MrBonanzaaa leaves the table
eskaeliey: checks 
onlyfoolsguy: bets $0.19
metinski_d is disconnected 
eskaeliey: calls $0.19
*** TURN *** [Js Th Qs] [7s]
Onaxonamon joins the table at seat #2 
eskaeliey: checks 
onlyfoolsguy: bets $0.39
eskaeliey: calls $0.39
*** RIVER *** [Js Th Qs 7s] [9d]
eskaeliey: bets $0.75
onlyfoolsguy: calls $0.75
*** SHOW DOWN ***
eskaeliey: shows [Qh Td] (two pair, Queens and Tens)
onlyfoolsguy: shows [Ah Kc] (a straight, Ten to Ace)
onlyfoolsguy collected $2.89 from pot
*** SUMMARY ***
Total pot $3.01 | Rake $0.12 
Board [Js Th Qs 7s 9d]
Seat 1: eskaeliey (small blind) showed [Qh Td] and lost with two pair, Queens and Tens
Seat 2: MrBonanzaaa (big blind) folded before Flop
Seat 5: 1tillit1 folded before Flop (didn't bet)
Seat 7: Dorex2007 folded before Flop (didn't bet)
Seat 8: L1mp007 folded before Flop (didn't bet)
Seat 9: onlyfoolsguy (button) showed [Ah Kc] and won ($2.89) with a straight, Ten to Ace



PokerStars Hand #238128079045:  Hold'em No Limit ($0.02/$0.05 USD) - 2022/08/21 9:23:51 PT [2022/08/21 12:23:51 ET]
Table 'Nuki II' 9-max Seat #1 is the button
Seat 1: eskaeliey ($10.36 in chips) 
Seat 5: 1tillit1 ($12.96 in chips) 
Seat 6: metinski_d ($3.01 in chips) 
Seat 7: Dorex2007 ($5 in chips) 
Seat 8: L1mp007 ($4.88 in chips) 
Seat 9: onlyfoolsguy ($5.54 in chips) 
1tillit1: posts small blind $0.02
metinski_d: posts big blind $0.05
*** HOLE CARDS ***
Dealt to Dorex2007 [8h Qd]
Dorex2007: folds 
L1mp007: raises $0.07 to $0.12
onlyfoolsguy: raises $0.40 to $0.52
eskaeliey: folds 
1tillit1: folds 
metinski_d: folds 
L1mp007: folds 
Uncalled bet ($0.40) returned to onlyfoolsguy
onlyfoolsguy collected $0.31 from pot
onlyfoolsguy: doesn't show hand 
*** SUMMARY ***
Total pot $0.31 | Rake $0 
Seat 1: eskaeliey (button) folded before Flop (didn't bet)
Seat 5: 1tillit1 (small blind) folded before Flop
Seat 6: metinski_d (big blind) folded before Flop
Seat 7: Dorex2007 folded before Flop (didn't bet)
Seat 8: L1mp007 folded before Flop
Seat 9: onlyfoolsguy collected ($0.31)



PokerStars Hand #238128096404:  Hold'em No Limit ($0.02/$0.05 USD) - 2022/08/21 9:24:44 PT [2022/08/21 12:24:44 ET]
Table 'Nuki II' 9-max Seat #6 is the button
Seat 1: eskaeliey ($10.36 in chips) 
Seat 6: metinski_d ($2.96 in chips) 
Seat 7: Dorex2007 ($5 in chips) 
Seat 9: onlyfoolsguy ($5.73 in chips) 
Dorex2007: posts small blind $0.02
L1mp007: is sitting out 
onlyfoolsguy: posts big blind $0.05
Onaxonamon: sits out 
govash: sits out 
CheckBorris: sits out 
*** HOLE CARDS ***
Dealt to Dorex2007 [Td 2c]
eskaeliey: folds 
L1mp007 leaves the table
metinski_d: folds 
eskaeliey leaves the table
Dorex2007: folds 
Uncalled bet ($0.03) returned to onlyfoolsguy
onlyfoolsguy collected $0.04 from pot
onlyfoolsguy: doesn't show hand 
*** SUMMARY ***
Total pot $0.04 | Rake $0 
Seat 1: eskaeliey folded before Flop (didn't bet)
Seat 6: metinski_d (button) folded before Flop (didn't bet)
Seat 7: Dorex2007 (small blind) folded before Flop
Seat 9: onlyfoolsguy (big blind) collected ($0.04)



PokerStars Hand #238128099511:  Hold'em No Limit ($0.02/$0.05 USD) - 2022/08/21 9:24:53 PT [2022/08/21 12:24:53 ET]
Table 'Nuki II' 9-max Seat #7 is the button
Seat 2: Onaxonamon ($5 in chips) 
Seat 6: metinski_d ($2.96 in chips) 
Seat 7: Dorex2007 ($5 in chips) 
Seat 9: onlyfoolsguy ($5.75 in chips) 
onlyfoolsguy: posts small blind $0.02
Onaxonamon: posts big blind $0.05
govash: sits out 
CheckBorris: sits out 
*** HOLE CARDS ***
Dealt to Dorex2007 [9s 6c]
metinski_d: raises $0.10 to $0.15
Dorex2007: folds 
onlyfoolsguy: folds 
Onaxonamon: raises $0.32 to $0.47
Geddy8995 joins the table at seat #1 
metinski_d: calls $0.32
*** FLOP *** [6h 6s 3s]
randomgezzer joins the table at seat #8 
Onaxonamon: bets $0.46
metinski_d: folds 
Uncalled bet ($0.46) returned to Onaxonamon
Onaxonamon collected $0.92 from pot
Onaxonamon: doesn't show hand 
*** SUMMARY ***
Total pot $0.96 | Rake $0.04 
Board [6h 6s 3s]
Seat 2: Onaxonamon (big blind) collected ($0.92)
Seat 6: metinski_d folded on the Flop
Seat 7: Dorex2007 (button) folded before Flop (didn't bet)
Seat 9: onlyfoolsguy (small blind) folded before Flop



PokerStars Hand #238128112150:  Hold'em No Limit ($0.02/$0.05 USD) - 2022/08/21 9:25:31 PT [2022/08/21 12:25:31 ET]
Table 'Nuki II' 9-max Seat #9 is the button
Seat 2: Onaxonamon ($5.45 in chips) 
Seat 3: govash ($5 in chips) 
Seat 6: metinski_d ($2.49 in chips) 
Seat 7: Dorex2007 ($5 in chips) 
Seat 9: onlyfoolsguy ($5.73 in chips) 
Onaxonamon: posts small blind $0.02
govash: posts big blind $0.05
CheckBorris: sits out 
randomgezzer: sits out 
*** HOLE CARDS ***
Dealt to Dorex2007 [Kc Ts]
metinski_d: folds 
Dorex2007: raises $0.05 to $0.10
onlyfoolsguy: folds 
Onaxonamon: folds 
govash: folds 
Uncalled bet ($0.05) returned to Dorex2007
Dorex2007 collected $0.12 from pot
Dorex2007: doesn't show hand 
*** SUMMARY ***
Total pot $0.12 | Rake $0 
Seat 2: Onaxonamon (small blind) folded before Flop
Seat 3: govash (big blind) folded before Flop
Seat 6: metinski_d folded before Flop (didn't bet)
Seat 7: Dorex2007 collected ($0.12)
Seat 9: onlyfoolsguy (button) folded before Flop (didn't bet)



PokerStars Hand #238128117524:  Hold'em No Limit ($0.02/$0.05 USD) - 2022/08/21 9:25:47 PT [2022/08/21 12:25:47 ET]
Table 'Nuki II' 9-max Seat #2 is the button
Seat 1: Geddy8995 ($5 in chips) 
Seat 2: Onaxonamon ($5.43 in chips) 
Seat 3: govash ($5 in chips) 
Seat 4: CheckBorris ($5.83 in chips) 
Seat 6: metinski_d ($2.49 in chips) 
Seat 7: Dorex2007 ($5.07 in chips) 
Seat 9: onlyfoolsguy ($5.73 in chips) 
govash: posts small blind $0.02
CheckBorris: posts big blind $0.05
randomgezzer: sits out 
Geddy8995: posts big blind $0.05
*** HOLE CARDS ***
Dealt to Dorex2007 [Ac 2c]
metinski_d: raises $0.15 to $0.20
Dorex2007: folds 
onlyfoolsguy: folds 
Geddy8995: folds 
Onaxonamon: folds 
govash: folds 
CheckBorris: folds 
Uncalled bet ($0.15) returned to metinski_d
metinski_d collected $0.17 from pot
metinski_d: doesn't show hand 
*** SUMMARY ***
Total pot $0.17 | Rake $0 
Seat 1: Geddy8995 folded before Flop (didn't bet)
Seat 2: Onaxonamon (button) folded before Flop (didn't bet)
Seat 3: govash (small blind) folded before Flop
Seat 4: CheckBorris (big blind) folded before Flop
Seat 6: metinski_d collected ($0.17)
Seat 7: Dorex2007 folded before Flop (didn't bet)
Seat 9: onlyfoolsguy folded before Flop (didn't bet)



PokerStars Hand #238128123925:  Hold'em No Limit ($0.02/$0.05 USD) - 2022/08/21 9:26:06 PT [2022/08/21 12:26:06 ET]
Table 'Nuki II' 9-max Seat #3 is the button
Seat 1: Geddy8995 ($4.95 in chips) 
Seat 2: Onaxonamon ($5.43 in chips) 
Seat 3: govash ($5 in chips) 
Seat 4: CheckBorris ($5.78 in chips) 
Seat 5: 1tillit1 ($12.94 in chips) 
Seat 6: metinski_d ($2.61 in chips) 
Seat 7: Dorex2007 ($5.07 in chips) 
Seat 9: onlyfoolsguy ($5.73 in chips) 
CheckBorris: posts small blind $0.02
1tillit1: posts big blind $0.05
randomgezzer: sits out 
*** HOLE CARDS ***
Dealt to Dorex2007 [6h Ac]
metinski_d: folds 
Dorex2007: folds 
onlyfoolsguy: raises $0.10 to $0.15
Geddy8995: calls $0.15
Onaxonamon: folds 
govash: folds 
CheckBorris: folds 
1tillit1: calls $0.10
*** FLOP *** [8d Ah 2c]
1tillit1: checks 
onlyfoolsguy: checks 
Geddy8995: checks 
*** TURN *** [8d Ah 2c] [7d]
1tillit1: checks 
onlyfoolsguy: checks 
Geddy8995: checks 
*** RIVER *** [8d Ah 2c 7d] [5s]
1tillit1: checks 
onlyfoolsguy: checks 
Geddy8995: bets $0.50
1tillit1: folds 
onlyfoolsguy: folds 
Uncalled bet ($0.50) returned to Geddy8995
Geddy8995 collected $0.45 from pot
*** SUMMARY ***
Total pot $0.47 | Rake $0.02 
Board [8d Ah 2c 7d 5s]
Seat 1: Geddy8995 collected ($0.45)
Seat 2: Onaxonamon folded before Flop (didn't bet)
Seat 3: govash (button) folded before Flop (didn't bet)
Seat 4: CheckBorris (small blind) folded before Flop
Seat 5: 1tillit1 (big blind) folded on the River
Seat 6: metinski_d folded before Flop (didn't bet)
Seat 7: Dorex2007 folded before Flop (didn't bet)
Seat 9: onlyfoolsguy folded on the River



PokerStars Hand #238128147056:  Hold'em No Limit ($0.02/$0.05 USD) - 2022/08/21 9:27:14 PT [2022/08/21 12:27:14 ET]
Table 'Nuki II' 9-max Seat #4 is the button
Seat 1: Geddy8995 ($5.25 in chips) 
Seat 2: Onaxonamon ($5.43 in chips) 
Seat 3: govash ($5 in chips) 
Seat 4: CheckBorris ($5.76 in chips) 
Seat 5: 1tillit1 ($12.79 in chips) 
Seat 6: metinski_d ($2.61 in chips) 
Seat 7: Dorex2007 ($5.07 in chips) 
Seat 9: onlyfoolsguy ($5.58 in chips) 
1tillit1: posts small blind $0.02
metinski_d: posts big blind $0.05
randomgezzer: sits out 
*** HOLE CARDS ***
Dealt to Dorex2007 [Qd Jd]
Dorex2007: folds 
onlyfoolsguy: folds 
Geddy8995: calls $0.05
Onaxonamon: folds 
govash: raises $0.15 to $0.20
CheckBorris: folds 
1tillit1: folds 
metinski_d: folds 
Geddy8995: folds 
Uncalled bet ($0.15) returned to govash
govash collected $0.17 from pot
govash: doesn't show hand 
*** SUMMARY ***
Total pot $0.17 | Rake $0 
Seat 1: Geddy8995 folded before Flop
Seat 2: Onaxonamon folded before Flop (didn't bet)
Seat 3: govash collected ($0.17)
Seat 4: CheckBorris (button) folded before Flop (didn't bet)
Seat 5: 1tillit1 (small blind) folded before Flop
Seat 6: metinski_d (big blind) folded before Flop
Seat 7: Dorex2007 folded before Flop (didn't bet)
Seat 9: onlyfoolsguy folded before Flop (didn't bet)



PokerStars Hand #238128157959:  Hold'em No Limit ($0.02/$0.05 USD) - 2022/08/21 9:27:46 PT [2022/08/21 12:27:46 ET]
Table 'Nuki II' 9-max Seat #5 is the button
Seat 1: Geddy8995 ($5.20 in chips) 
Seat 2: Onaxonamon ($5.43 in chips) 
Seat 3: govash ($5.12 in chips) 
Seat 4: CheckBorris ($5.76 in chips) 
Seat 5: 1tillit1 ($12.77 in chips) 
Seat 6: metinski_d ($2.56 in chips) 
Seat 7: Dorex2007 ($5.07 in chips) 
Seat 9: onlyfoolsguy ($5.58 in chips) 
metinski_d: posts small blind $0.02
Dorex2007: posts big blind $0.05
randomgezzer: sits out 
*** HOLE CARDS ***
Dealt to Dorex2007 [2s Js]
onlyfoolsguy: raises $0.10 to $0.15
Geddy8995: folds 
Onaxonamon: folds 
govash: folds 
CheckBorris: raises $0.33 to $0.48
1tillit1: folds 
metinski_d: folds 
Dorex2007: folds 
onlyfoolsguy: calls $0.33
*** FLOP *** [6d 6s 8s]
onlyfoolsguy: checks 
CheckBorris: bets $0.56
onlyfoolsguy: calls $0.56
*** TURN *** [6d 6s 8s] [3d]
onlyfoolsguy: checks 
CheckBorris: bets $1.17
onlyfoolsguy: calls $1.17
*** RIVER *** [6d 6s 8s 3d] [As]
onlyfoolsguy: checks 
CheckBorris: checks 
*** SHOW DOWN ***
onlyfoolsguy: shows [Th Ts] (two pair, Tens and Sixes)
CheckBorris: shows [Qs Qh] (two pair, Queens and Sixes)
CheckBorris collected $4.30 from pot
*** SUMMARY ***
Total pot $4.49 | Rake $0.19 
Board [6d 6s 8s 3d As]
Seat 1: Geddy8995 folded before Flop (didn't bet)
Seat 2: Onaxonamon folded before Flop (didn't bet)
Seat 3: govash folded before Flop (didn't bet)
Seat 4: CheckBorris showed [Qs Qh] and won ($4.30) with two pair, Queens and Sixes
Seat 5: 1tillit1 (button) folded before Flop (didn't bet)
Seat 6: metinski_d (small blind) folded before Flop
Seat 7: Dorex2007 (big blind) folded before Flop
Seat 9: onlyfoolsguy showed [Th Ts] and lost with two pair, Tens and Sixes



PokerStars Hand #238128183821:  Hold'em No Limit ($0.02/$0.05 USD) - 2022/08/21 9:29:01 PT [2022/08/21 12:29:01 ET]
Table 'Nuki II' 9-max Seat #6 is the button
Seat 1: Geddy8995 ($5.20 in chips) 
Seat 2: Onaxonamon ($5.43 in chips) 
Seat 3: govash ($5.12 in chips) 
Seat 4: CheckBorris ($7.85 in chips) 
Seat 5: 1tillit1 ($12.77 in chips) 
Seat 6: metinski_d ($2.54 in chips) 
Seat 7: Dorex2007 ($5.02 in chips) 
Seat 8: randomgezzer ($5 in chips) 
Seat 9: onlyfoolsguy ($5 in chips) 
Dorex2007: posts small blind $0.02
randomgezzer: posts big blind $0.05
*** HOLE CARDS ***
Dealt to Dorex2007 [7c 6h]
onlyfoolsguy: folds 
Geddy8995: calls $0.05
Onaxonamon: folds 
govash: folds 
CheckBorris: raises $0.17 to $0.22
1tillit1: folds 
metinski_d: folds 
Dorex2007: folds 
randomgezzer: folds 
metinski_d leaves the table
Geddy8995: calls $0.17
*** FLOP *** [5d 3d Qh]
Geddy8995: checks 
CheckBorris: bets $0.38
Geddy8995: folds 
Uncalled bet ($0.38) returned to CheckBorris
CheckBorris collected $0.49 from pot
*** SUMMARY ***
Total pot $0.51 | Rake $0.02 
Board [5d 3d Qh]
Seat 1: Geddy8995 folded on the Flop
Seat 2: Onaxonamon folded before Flop (didn't bet)
Seat 3: govash folded before Flop (didn't bet)
Seat 4: CheckBorris collected ($0.49)
Seat 5: 1tillit1 folded before Flop (didn't bet)
Seat 6: metinski_d (button) folded before Flop (didn't bet)
Seat 7: Dorex2007 (small blind) folded before Flop
Seat 8: randomgezzer (big blind) folded before Flop
Seat 9: onlyfoolsguy folded before Flop (didn't bet)



PokerStars Hand #238128204778:  Hold'em No Limit ($0.02/$0.05 USD) - 2022/08/21 9:30:03 PT [2022/08/21 12:30:03 ET]
Table 'Nuki II' 9-max Seat #7 is the button
Seat 1: Geddy8995 ($4.98 in chips) 
Seat 2: Onaxonamon ($5.43 in chips) 
Seat 3: govash ($5.12 in chips) 
Seat 4: CheckBorris ($8.12 in chips) 
Seat 5: 1tillit1 ($12.77 in chips) 
Seat 7: Dorex2007 ($5 in chips) 
Seat 8: randomgezzer ($4.95 in chips) 
Seat 9: onlyfoolsguy ($5 in chips) 
randomgezzer: posts small blind $0.02
onlyfoolsguy: posts big blind $0.05
*** HOLE CARDS ***
Dealt to Dorex2007 [Jd 5s]
Geddy8995: folds 
Onaxonamon: folds 
govash: folds 
CheckBorris: folds 
1tillit1: folds 
Dorex2007: folds 
randomgezzer: folds 
Uncalled bet ($0.03) returned to onlyfoolsguy
onlyfoolsguy collected $0.04 from pot
*** SUMMARY ***
Total pot $0.04 | Rake $0 
Seat 1: Geddy8995 folded before Flop (didn't bet)
Seat 2: Onaxonamon folded before Flop (didn't bet)
Seat 3: govash folded before Flop (didn't bet)
Seat 4: CheckBorris folded before Flop (didn't bet)
Seat 5: 1tillit1 folded before Flop (didn't bet)
Seat 7: Dorex2007 (button) folded before Flop (didn't bet)
Seat 8: randomgezzer (small blind) folded before Flop
Seat 9: onlyfoolsguy (big blind) collected ($0.04)



PokerStars Hand #238128213143:  Hold'em No Limit ($0.02/$0.05 USD) - 2022/08/21 9:30:26 PT [2022/08/21 12:30:26 ET]
Table 'Nuki II' 9-max Seat #8 is the button
Seat 1: Geddy8995 ($4.98 in chips) 
Seat 2: Onaxonamon ($5.43 in chips) 
Seat 3: govash ($5.12 in chips) 
Seat 4: CheckBorris ($8.12 in chips) 
Seat 5: 1tillit1 ($12.77 in chips) 
Seat 7: Dorex2007 ($5 in chips) 
Seat 8: randomgezzer ($4.93 in chips) 
Seat 9: onlyfoolsguy ($5.02 in chips) 
onlyfoolsguy: posts small blind $0.02
Geddy8995: posts big blind $0.05
*** HOLE CARDS ***
Dealt to Dorex2007 [Ks Kd]
Onaxonamon: folds 
govash: folds 
CheckBorris: folds 
1tillit1: raises $0.10 to $0.15
Dorex2007: raises $0.10 to $0.25
randomgezzer: folds 
onlyfoolsguy: folds 
Geddy8995: calls $0.20
1tillit1: calls $0.10
*** FLOP *** [3d 5s 7h]
Geddy8995: checks 
1tillit1: checks 
Dorex2007: bets $0.74
Geddy8995: calls $0.74
1tillit1: folds 
*** TURN *** [3d 5s 7h] [Tc]
Geddy8995: checks 
IulianZacK90 joins the table at seat #6 
Dorex2007: bets $4.01 and is all-in
Geddy8995: folds 
Uncalled bet ($4.01) returned to Dorex2007
Dorex2007 collected $2.16 from pot
Dorex2007: doesn't show hand 
*** SUMMARY ***
Total pot $2.25 | Rake $0.09 
Board [3d 5s 7h Tc]
Seat 1: Geddy8995 (big blind) folded on the Turn
Seat 2: Onaxonamon folded before Flop (didn't bet)
Seat 3: govash folded before Flop (didn't bet)
Seat 4: CheckBorris folded before Flop (didn't bet)
Seat 5: 1tillit1 folded on the Flop
Seat 7: Dorex2007 collected ($2.16)
Seat 8: randomgezzer (button) folded before Flop (didn't bet)
Seat 9: onlyfoolsguy (small blind) folded before Flop



PokerStars Hand #238128250580:  Hold'em No Limit ($0.02/$0.05 USD) - 2022/08/21 9:31:51 PT [2022/08/21 12:31:51 ET]
Table 'Nuki II' 9-max Seat #9 is the button
Seat 1: Geddy8995 ($3.99 in chips) 
Seat 2: Onaxonamon ($5.43 in chips) 
Seat 3: govash ($5.12 in chips) 
Seat 4: CheckBorris ($8.12 in chips) 
Seat 5: 1tillit1 ($12.52 in chips) 
Seat 7: Dorex2007 ($6.17 in chips) 
Seat 8: randomgezzer ($4.93 in chips) 
Seat 9: onlyfoolsguy ($5 in chips) 
Geddy8995: posts small blind $0.02
Onaxonamon: posts big blind $0.05
IulianZacK90: sits out 
*** HOLE CARDS ***
Dealt to Dorex2007 [5s 2s]
govash: folds 
CheckBorris: raises $0.10 to $0.15
1tillit1: folds 
Dorex2007: folds 
randomgezzer: folds 
onlyfoolsguy: calls $0.15
Geddy8995: calls $0.13
Onaxonamon: folds 
*** FLOP *** [3c Ah Js]
Geddy8995: checks 
CheckBorris: checks 
onlyfoolsguy: checks 
*** TURN *** [3c Ah Js] [8s]
Geddy8995: checks 
CheckBorris: bets $0.30
onlyfoolsguy: folds 
Geddy8995: calls $0.30
*** RIVER *** [3c Ah Js 8s] [Jd]
Geddy8995: bets $0.95
CheckBorris: folds 
Uncalled bet ($0.95) returned to Geddy8995
Geddy8995 collected $1.05 from pot
*** SUMMARY ***
Total pot $1.10 | Rake $0.05 
Board [3c Ah Js 8s Jd]
Seat 1: Geddy8995 (small blind) collected ($1.05)
Seat 2: Onaxonamon (big blind) folded before Flop
Seat 3: govash folded before Flop (didn't bet)
Seat 4: CheckBorris folded on the River
Seat 5: 1tillit1 folded before Flop (didn't bet)
Seat 7: Dorex2007 folded before Flop (didn't bet)
Seat 8: randomgezzer folded before Flop (didn't bet)
Seat 9: onlyfoolsguy (button) folded on the Turn



PokerStars Hand #238128277361:  Hold'em No Limit ($0.02/$0.05 USD) - 2022/08/21 9:33:06 PT [2022/08/21 12:33:06 ET]
Table 'Nuki II' 9-max Seat #1 is the button
Seat 1: Geddy8995 ($4.59 in chips) 
Seat 2: Onaxonamon ($5.38 in chips) 
Seat 3: govash ($5.12 in chips) 
Seat 4: CheckBorris ($7.67 in chips) 
Seat 5: 1tillit1 ($12.52 in chips) 
Seat 7: Dorex2007 ($6.17 in chips) 
Seat 8: randomgezzer ($4.93 in chips) 
Seat 9: onlyfoolsguy ($4.85 in chips) 
Onaxonamon: posts small blind $0.02
govash: posts big blind $0.05
IulianZacK90: sits out 
*** HOLE CARDS ***
Dealt to Dorex2007 [Qs 2h]
CheckBorris: folds 
1tillit1: folds 
Dorex2007: folds 
randomgezzer: folds 
onlyfoolsguy: folds 
Geddy8995: raises $0.05 to $0.10
Onaxonamon: folds 
govash: folds 
Uncalled bet ($0.05) returned to Geddy8995
Geddy8995 collected $0.12 from pot
*** SUMMARY ***
Total pot $0.12 | Rake $0 
Seat 1: Geddy8995 (button) collected ($0.12)
Seat 2: Onaxonamon (small blind) folded before Flop
Seat 3: govash (big blind) folded before Flop
Seat 4: CheckBorris folded before Flop (didn't bet)
Seat 5: 1tillit1 folded before Flop (didn't bet)
Seat 7: Dorex2007 folded before Flop (didn't bet)
Seat 8: randomgezzer folded before Flop (didn't bet)
Seat 9: onlyfoolsguy folded before Flop (didn't bet)



PokerStars Hand #238128289080:  Hold'em No Limit ($0.02/$0.05 USD) - 2022/08/21 9:33:39 PT [2022/08/21 12:33:39 ET]
Table 'Nuki II' 9-max Seat #2 is the button
Seat 1: Geddy8995 ($4.66 in chips) 
Seat 2: Onaxonamon ($5.36 in chips) 
Seat 3: govash ($5.07 in chips) 
Seat 4: CheckBorris ($7.67 in chips) 
Seat 5: 1tillit1 ($12.52 in chips) 
Seat 7: Dorex2007 ($6.17 in chips) 
Seat 8: randomgezzer ($4.93 in chips) 
Seat 9: onlyfoolsguy ($4.85 in chips) 
govash: posts small blind $0.02
CheckBorris: posts big blind $0.05
IulianZacK90: sits out 
*** HOLE CARDS ***
Dealt to Dorex2007 [7h 2c]
1tillit1: folds 
Dorex2007: folds 
randomgezzer: folds 
onlyfoolsguy: folds 
Geddy8995: folds 
Onaxonamon: folds 
govash: folds 
Uncalled bet ($0.03) returned to CheckBorris
CheckBorris collected $0.04 from pot
*** SUMMARY ***
Total pot $0.04 | Rake $0 
Seat 1: Geddy8995 folded before Flop (didn't bet)
Seat 2: Onaxonamon (button) folded before Flop (didn't bet)
Seat 3: govash (small blind) folded before Flop
Seat 4: CheckBorris (big blind) collected ($0.04)
Seat 5: 1tillit1 folded before Flop (didn't bet)
Seat 7: Dorex2007 folded before Flop (didn't bet)
Seat 8: randomgezzer folded before Flop (didn't bet)
Seat 9: onlyfoolsguy folded before Flop (didn't bet)



PokerStars Hand #238128297995:  Hold'em No Limit ($0.02/$0.05 USD) - 2022/08/21 9:34:05 PT [2022/08/21 12:34:05 ET]
Table 'Nuki II' 9-max Seat #3 is the button
Seat 1: Geddy8995 ($4.66 in chips) 
Seat 2: Onaxonamon ($5.36 in chips) 
Seat 3: govash ($5.05 in chips) 
Seat 4: CheckBorris ($7.69 in chips) 
Seat 5: 1tillit1 ($12.52 in chips) 
Seat 7: Dorex2007 ($6.17 in chips) 
Seat 8: randomgezzer ($4.93 in chips) 
Seat 9: onlyfoolsguy ($4.85 in chips) 
CheckBorris: posts small blind $0.02
1tillit1: posts big blind $0.05
IulianZacK90: sits out 
*** HOLE CARDS ***
Dealt to Dorex2007 [7h 2s]
Dorex2007: folds 
randomgezzer: folds 
onlyfoolsguy: folds 
Geddy8995: raises $0.05 to $0.10
Onaxonamon: folds 
govash: folds 
CheckBorris: folds 
1tillit1: calls $0.05
*** FLOP *** [8s Js Kh]
1tillit1: checks 
Geddy8995: checks 
*** TURN *** [8s Js Kh] [Ah]
1tillit1: checks 
Geddy8995: checks 
*** RIVER *** [8s Js Kh Ah] [Jc]
1tillit1: checks 
Geddy8995: checks 
*** SHOW DOWN ***
1tillit1: shows [Kc Qs] (two pair, Kings and Jacks)
Geddy8995: mucks hand 
1tillit1 collected $0.21 from pot
*** SUMMARY ***
Total pot $0.22 | Rake $0.01 
Board [8s Js Kh Ah Jc]
Seat 1: Geddy8995 mucked [7s 9d]
Seat 2: Onaxonamon folded before Flop (didn't bet)
Seat 3: govash (button) folded before Flop (didn't bet)
Seat 4: CheckBorris (small blind) folded before Flop
Seat 5: 1tillit1 (big blind) showed [Kc Qs] and won ($0.21) with two pair, Kings and Jacks
Seat 7: Dorex2007 folded before Flop (didn't bet)
Seat 8: randomgezzer folded before Flop (didn't bet)
Seat 9: onlyfoolsguy folded before Flop (didn't bet)



PokerStars Hand #238128312557:  Hold'em No Limit ($0.02/$0.05 USD) - 2022/08/21 9:34:46 PT [2022/08/21 12:34:46 ET]
Table 'Nuki II' 9-max Seat #4 is the button
Seat 1: Geddy8995 ($4.56 in chips) 
Seat 2: Onaxonamon ($5.36 in chips) 
Seat 3: govash ($5.05 in chips) 
Seat 4: CheckBorris ($7.67 in chips) 
Seat 5: 1tillit1 ($12.63 in chips) 
Seat 6: IulianZacK90 ($3.50 in chips) 
Seat 7: Dorex2007 ($6.17 in chips) 
Seat 8: randomgezzer ($4.93 in chips) 
Seat 9: onlyfoolsguy ($4.85 in chips) 
1tillit1: posts small blind $0.02
IulianZacK90: posts big blind $0.05
*** HOLE CARDS ***
Dealt to Dorex2007 [8s 7d]
Dorex2007: folds 
randomgezzer: folds 
onlyfoolsguy: folds 
Geddy8995: folds 
Onaxonamon: folds 
govash: folds 
CheckBorris: raises $0.10 to $0.15
1tillit1: folds 
IulianZacK90: calls $0.10
*** FLOP *** [8c 6c 4s]
IulianZacK90: checks 
CheckBorris: checks 
*** TURN *** [8c 6c 4s] [3d]
IulianZacK90: bets $0.11
CheckBorris: folds 
Uncalled bet ($0.11) returned to IulianZacK90
IulianZacK90 collected $0.31 from pot
IulianZacK90: doesn't show hand 
*** SUMMARY ***
Total pot $0.32 | Rake $0.01 
Board [8c 6c 4s 3d]
Seat 1: Geddy8995 folded before Flop (didn't bet)
Seat 2: Onaxonamon folded before Flop (didn't bet)
Seat 3: govash folded before Flop (didn't bet)
Seat 4: CheckBorris (button) folded on the Turn
Seat 5: 1tillit1 (small blind) folded before Flop
Seat 6: IulianZacK90 (big blind) collected ($0.31)
Seat 7: Dorex2007 folded before Flop (didn't bet)
Seat 8: randomgezzer folded before Flop (didn't bet)
Seat 9: onlyfoolsguy folded before Flop (didn't bet)



PokerStars Hand #238128329703:  Hold'em No Limit ($0.02/$0.05 USD) - 2022/08/21 9:35:33 PT [2022/08/21 12:35:33 ET]
Table 'Nuki II' 9-max Seat #5 is the button
Seat 1: Geddy8995 ($4.56 in chips) 
Seat 2: Onaxonamon ($5.36 in chips) 
Seat 3: govash ($5.05 in chips) 
Seat 4: CheckBorris ($7.52 in chips) 
Seat 5: 1tillit1 ($12.61 in chips) 
Seat 6: IulianZacK90 ($3.66 in chips) 
Seat 7: Dorex2007 ($6.17 in chips) 
Seat 8: randomgezzer ($4.93 in chips) 
Seat 9: onlyfoolsguy ($4.85 in chips) 
IulianZacK90: posts small blind $0.02
Dorex2007: posts big blind $0.05
*** HOLE CARDS ***
Dealt to Dorex2007 [4h 2d]
randomgezzer: folds 
onlyfoolsguy: folds 
Geddy8995: raises $0.05 to $0.10
Onaxonamon: folds 
govash: folds 
CheckBorris: calls $0.10
1tillit1: folds 
IulianZacK90: folds 
Dorex2007: folds 
*** FLOP *** [8s 8h Jd]
Geddy8995: checks 
CheckBorris: checks 
*** TURN *** [8s 8h Jd] [Qd]
Geddy8995: bets $0.13
CheckBorris: folds 
Uncalled bet ($0.13) returned to Geddy8995
Geddy8995 collected $0.26 from pot
*** SUMMARY ***
Total pot $0.27 | Rake $0.01 
Board [8s 8h Jd Qd]
Seat 1: Geddy8995 collected ($0.26)
Seat 2: Onaxonamon folded before Flop (didn't bet)
Seat 3: govash folded before Flop (didn't bet)
Seat 4: CheckBorris folded on the Turn
Seat 5: 1tillit1 (button) folded before Flop (didn't bet)
Seat 6: IulianZacK90 (small blind) folded before Flop
Seat 7: Dorex2007 (big blind) folded before Flop
Seat 8: randomgezzer folded before Flop (didn't bet)
Seat 9: onlyfoolsguy folded before Flop (didn't bet)



PokerStars Hand #238128347003:  Hold'em No Limit ($0.02/$0.05 USD) - 2022/08/21 9:36:21 PT [2022/08/21 12:36:21 ET]
Table 'Nuki II' 9-max Seat #6 is the button
Seat 1: Geddy8995 ($4.72 in chips) 
Seat 2: Onaxonamon ($5.36 in chips) 
Seat 3: govash ($5.05 in chips) 
Seat 4: CheckBorris ($7.42 in chips) 
Seat 5: 1tillit1 ($12.61 in chips) 
Seat 6: IulianZacK90 ($3.64 in chips) 
Seat 7: Dorex2007 ($6.12 in chips) 
Seat 8: randomgezzer ($4.93 in chips) 
Seat 9: onlyfoolsguy ($4.85 in chips) 
Dorex2007: posts small blind $0.02
randomgezzer: posts big blind $0.05
*** HOLE CARDS ***
Dealt to Dorex2007 [5s 3d]
onlyfoolsguy: folds 
Geddy8995: folds 
Onaxonamon: folds 
govash: folds 
CheckBorris: folds 
1tillit1: folds 
IulianZacK90: folds 
Dorex2007: folds 
Uncalled bet ($0.03) returned to randomgezzer
randomgezzer collected $0.04 from pot
randomgezzer: doesn't show hand 
*** SUMMARY ***
Total pot $0.04 | Rake $0 
Seat 1: Geddy8995 folded before Flop (didn't bet)
Seat 2: Onaxonamon folded before Flop (didn't bet)
Seat 3: govash folded before Flop (didn't bet)
Seat 4: CheckBorris folded before Flop (didn't bet)
Seat 5: 1tillit1 folded before Flop (didn't bet)
Seat 6: IulianZacK90 (button) folded before Flop (didn't bet)
Seat 7: Dorex2007 (small blind) folded before Flop
Seat 8: randomgezzer (big blind) collected ($0.04)
Seat 9: onlyfoolsguy folded before Flop (didn't bet)



PokerStars Hand #238128356303:  Hold'em No Limit ($0.02/$0.05 USD) - 2022/08/21 9:36:47 PT [2022/08/21 12:36:47 ET]
Table 'Nuki II' 9-max Seat #7 is the button
Seat 1: Geddy8995 ($4.72 in chips) 
Seat 2: Onaxonamon ($5.36 in chips) 
Seat 3: govash ($5.05 in chips) 
Seat 4: CheckBorris ($7.42 in chips) 
Seat 5: 1tillit1 ($12.61 in chips) 
Seat 6: IulianZacK90 ($3.64 in chips) 
Seat 7: Dorex2007 ($6.10 in chips) 
Seat 8: randomgezzer ($4.95 in chips) 
Seat 9: onlyfoolsguy ($4.85 in chips) 
randomgezzer: posts small blind $0.02
onlyfoolsguy: posts big blind $0.05
*** HOLE CARDS ***
Dealt to Dorex2007 [6h 8s]
Geddy8995: calls $0.05
Onaxonamon: folds 
govash: folds 
CheckBorris: folds 
1tillit1: folds 
IulianZacK90 has timed out
IulianZacK90: folds 
Dorex2007: folds 
randomgezzer: raises $0.05 to $0.10
onlyfoolsguy: calls $0.05
Geddy8995: calls $0.05
*** FLOP *** [Ks Kh 4h]
randomgezzer: bets $0.15
onlyfoolsguy: folds 
Geddy8995: folds 
Uncalled bet ($0.15) returned to randomgezzer
randomgezzer collected $0.29 from pot
randomgezzer: doesn't show hand 
*** SUMMARY ***
Total pot $0.30 | Rake $0.01 
Board [Ks Kh 4h]
Seat 1: Geddy8995 folded on the Flop
Seat 2: Onaxonamon folded before Flop (didn't bet)
Seat 3: govash folded before Flop (didn't bet)
Seat 4: CheckBorris folded before Flop (didn't bet)
Seat 5: 1tillit1 folded before Flop (didn't bet)
Seat 6: IulianZacK90 folded before Flop (didn't bet)
Seat 7: Dorex2007 (button) folded before Flop (didn't bet)
Seat 8: randomgezzer (small blind) collected ($0.29)
Seat 9: onlyfoolsguy (big blind) folded on the Flop



PokerStars Hand #238128373629:  Hold'em No Limit ($0.02/$0.05 USD) - 2022/08/21 9:37:36 PT [2022/08/21 12:37:36 ET]
Table 'Nuki II' 9-max Seat #8 is the button
Seat 1: Geddy8995 ($4.62 in chips) 
Seat 2: Onaxonamon ($5.36 in chips) 
Seat 3: govash ($5.05 in chips) 
Seat 4: CheckBorris ($7.42 in chips) 
Seat 5: 1tillit1 ($12.61 in chips) 
Seat 6: IulianZacK90 ($3.64 in chips) 
Seat 7: Dorex2007 ($6.10 in chips) 
Seat 8: randomgezzer ($5.14 in chips) 
Seat 9: onlyfoolsguy ($4.75 in chips) 
onlyfoolsguy: posts small blind $0.02
Geddy8995: posts big blind $0.05
*** HOLE CARDS ***
Dealt to Dorex2007 [8h 2d]
Onaxonamon: folds 
govash: folds 
CheckBorris: folds 
1tillit1: folds 
IulianZacK90: folds 
Dorex2007: folds 
randomgezzer: folds 
onlyfoolsguy: folds 
Uncalled bet ($0.03) returned to Geddy8995
Geddy8995 collected $0.04 from pot
*** SUMMARY ***
Total pot $0.04 | Rake $0 
Seat 1: Geddy8995 (big blind) collected ($0.04)
Seat 2: Onaxonamon folded before Flop (didn't bet)
Seat 3: govash folded before Flop (didn't bet)
Seat 4: CheckBorris folded before Flop (didn't bet)
Seat 5: 1tillit1 folded before Flop (didn't bet)
Seat 6: IulianZacK90 folded before Flop (didn't bet)
Seat 7: Dorex2007 folded before Flop (didn't bet)
Seat 8: randomgezzer (button) folded before Flop (didn't bet)
Seat 9: onlyfoolsguy (small blind) folded before Flop



PokerStars Hand #238128381509:  Hold'em No Limit ($0.02/$0.05 USD) - 2022/08/21 9:37:57 PT [2022/08/21 12:37:57 ET]
Table 'Nuki II' 9-max Seat #9 is the button
Seat 1: Geddy8995 ($4.64 in chips) 
Seat 2: Onaxonamon ($5.36 in chips) 
Seat 3: govash ($5.05 in chips) 
Seat 4: CheckBorris ($7.42 in chips) 
Seat 5: 1tillit1 ($12.61 in chips) 
Seat 6: IulianZacK90 ($3.64 in chips) 
Seat 7: Dorex2007 ($6.10 in chips) 
Seat 8: randomgezzer ($5.14 in chips) 
Seat 9: onlyfoolsguy ($4.73 in chips) 
Geddy8995: posts small blind $0.02
Onaxonamon: posts big blind $0.05
*** HOLE CARDS ***
Dealt to Dorex2007 [Ts 3c]
govash: folds 
CheckBorris: folds 
1tillit1: folds 
IulianZacK90: folds 
Dorex2007: folds 
randomgezzer: folds 
onlyfoolsguy: folds 
Geddy8995: raises $0.05 to $0.10
Onaxonamon: calls $0.05
*** FLOP *** [8s 4s 3d]
Geddy8995: bets $0.05
Onaxonamon: calls $0.05
*** TURN *** [8s 4s 3d] [Td]
Geddy8995: checks 
Onaxonamon: checks 
*** RIVER *** [8s 4s 3d Td] [Kh]
Geddy8995: checks 
Onaxonamon: bets $0.30
Geddy8995: calls $0.30
*** SHOW DOWN ***
Onaxonamon: shows [8d Kd] (two pair, Kings and Eights)
Geddy8995: mucks hand 
Onaxonamon collected $0.86 from pot
*** SUMMARY ***
Total pot $0.90 | Rake $0.04 
Board [8s 4s 3d Td Kh]
Seat 1: Geddy8995 (small blind) mucked [7h 3h]
Seat 2: Onaxonamon (big blind) showed [8d Kd] and won ($0.86) with two pair, Kings and Eights
Seat 3: govash folded before Flop (didn't bet)
Seat 4: CheckBorris folded before Flop (didn't bet)
Seat 5: 1tillit1 folded before Flop (didn't bet)
Seat 6: IulianZacK90 folded before Flop (didn't bet)
Seat 7: Dorex2007 folded before Flop (didn't bet)
Seat 8: randomgezzer folded before Flop (didn't bet)
Seat 9: onlyfoolsguy (button) folded before Flop (didn't bet)



PokerStars Hand #238128410489:  Hold'em No Limit ($0.02/$0.05 USD) - 2022/08/21 9:38:54 PT [2022/08/21 12:38:54 ET]
Table 'Nuki II' 9-max Seat #1 is the button
Seat 1: Geddy8995 ($4.19 in chips) 
Seat 2: Onaxonamon ($5.77 in chips) 
Seat 3: govash ($5.05 in chips) 
Seat 4: CheckBorris ($7.42 in chips) 
Seat 5: 1tillit1 ($12.61 in chips) 
Seat 6: IulianZacK90 ($3.64 in chips) 
Seat 7: Dorex2007 ($6.10 in chips) 
Seat 8: randomgezzer ($5.14 in chips) 
Seat 9: onlyfoolsguy ($4.73 in chips) 
Onaxonamon: posts small blind $0.02
govash: posts big blind $0.05
*** HOLE CARDS ***
Dealt to Dorex2007 [4d 6c]
CheckBorris: folds 
1tillit1: folds 
IulianZacK90: folds 
Dorex2007: folds 
randomgezzer: folds 
onlyfoolsguy: raises $0.10 to $0.15
Geddy8995: folds 
Onaxonamon: folds 
govash: folds 
Uncalled bet ($0.10) returned to onlyfoolsguy
onlyfoolsguy collected $0.12 from pot
*** SUMMARY ***
Total pot $0.12 | Rake $0 
Seat 1: Geddy8995 (button) folded before Flop (didn't bet)
Seat 2: Onaxonamon (small blind) folded before Flop
Seat 3: govash (big blind) folded before Flop
Seat 4: CheckBorris folded before Flop (didn't bet)
Seat 5: 1tillit1 folded before Flop (didn't bet)
Seat 6: IulianZacK90 folded before Flop (didn't bet)
Seat 7: Dorex2007 folded before Flop (didn't bet)
Seat 8: randomgezzer folded before Flop (didn't bet)
Seat 9: onlyfoolsguy collected ($0.12)



PokerStars Hand #238128422493:  Hold'em No Limit ($0.02/$0.05 USD) - 2022/08/21 9:39:27 PT [2022/08/21 12:39:27 ET]
Table 'Nuki II' 9-max Seat #2 is the button
Seat 1: Geddy8995 ($4.19 in chips) 
Seat 2: Onaxonamon ($5.75 in chips) 
Seat 3: govash ($5 in chips) 
Seat 4: CheckBorris ($7.42 in chips) 
Seat 5: 1tillit1 ($12.61 in chips) 
Seat 6: IulianZacK90 ($3.64 in chips) 
Seat 7: Dorex2007 ($6.10 in chips) 
Seat 8: randomgezzer ($5.14 in chips) 
Seat 9: onlyfoolsguy ($4.80 in chips) 
govash: posts small blind $0.02
CheckBorris: posts big blind $0.05
*** HOLE CARDS ***
Dealt to Dorex2007 [5s 3d]
1tillit1: folds 
IulianZacK90: folds 
Dorex2007: folds 
randomgezzer: folds 
onlyfoolsguy: raises $0.10 to $0.15
Geddy8995: folds 
Onaxonamon: folds 
govash: folds 
CheckBorris: raises $0.41 to $0.56
onlyfoolsguy: folds 
Uncalled bet ($0.41) returned to CheckBorris
CheckBorris collected $0.32 from pot
*** SUMMARY ***
Total pot $0.32 | Rake $0 
Seat 1: Geddy8995 folded before Flop (didn't bet)
Seat 2: Onaxonamon (button) folded before Flop (didn't bet)
Seat 3: govash (small blind) folded before Flop
Seat 4: CheckBorris (big blind) collected ($0.32)
Seat 5: 1tillit1 folded before Flop (didn't bet)
Seat 6: IulianZacK90 folded before Flop (didn't bet)
Seat 7: Dorex2007 folded before Flop (didn't bet)
Seat 8: randomgezzer folded before Flop (didn't bet)
Seat 9: onlyfoolsguy folded before Flop



PokerStars Hand #238128436402:  Hold'em No Limit ($0.02/$0.05 USD) - 2022/08/21 9:40:05 PT [2022/08/21 12:40:05 ET]
Table 'Nuki II' 9-max Seat #3 is the button
Seat 1: Geddy8995 ($4.19 in chips) 
Seat 2: Onaxonamon ($5.75 in chips) 
Seat 3: govash ($5 in chips) 
Seat 4: CheckBorris ($7.59 in chips) 
Seat 5: 1tillit1 ($12.61 in chips) 
Seat 6: IulianZacK90 ($3.64 in chips) 
Seat 7: Dorex2007 ($6.10 in chips) 
Seat 8: randomgezzer ($5.14 in chips) 
Seat 9: onlyfoolsguy ($4.65 in chips) 
CheckBorris: posts small blind $0.02
1tillit1: posts big blind $0.05
*** HOLE CARDS ***
Dealt to Dorex2007 [3h 8c]
IulianZacK90: folds 
Dorex2007: folds 
randomgezzer: folds 
onlyfoolsguy: folds 
Geddy8995: folds 
Onaxonamon: raises $0.10 to $0.15
govash: calls $0.15
CheckBorris: folds 
1tillit1: calls $0.10
*** FLOP *** [Tc Ah Th]
1tillit1: checks 
Onaxonamon: bets $0.22
govash: calls $0.22
1tillit1: folds 
*** TURN *** [Tc Ah Th] [Jh]
Onaxonamon: checks 
govash: bets $0.60
Onaxonamon: folds 
Uncalled bet ($0.60) returned to govash
govash collected $0.87 from pot
govash: doesn't show hand 
*** SUMMARY ***
Total pot $0.91 | Rake $0.04 
Board [Tc Ah Th Jh]
Seat 1: Geddy8995 folded before Flop (didn't bet)
Seat 2: Onaxonamon folded on the Turn
Seat 3: govash (button) collected ($0.87)
Seat 4: CheckBorris (small blind) folded before Flop
Seat 5: 1tillit1 (big blind) folded on the Flop
Seat 6: IulianZacK90 folded before Flop (didn't bet)
Seat 7: Dorex2007 folded before Flop (didn't bet)
Seat 8: randomgezzer folded before Flop (didn't bet)
Seat 9: onlyfoolsguy folded before Flop (didn't bet)



PokerStars Hand #238128460967:  Hold'em No Limit ($0.02/$0.05 USD) - 2022/08/21 9:41:13 PT [2022/08/21 12:41:13 ET]
Table 'Nuki II' 9-max Seat #4 is the button
Seat 1: Geddy8995 ($4.19 in chips) 
Seat 2: Onaxonamon ($5.38 in chips) 
Seat 3: govash ($5.50 in chips) 
Seat 4: CheckBorris ($7.57 in chips) 
Seat 5: 1tillit1 ($12.46 in chips) 
Seat 6: IulianZacK90 ($3.64 in chips) 
Seat 7: Dorex2007 ($6.10 in chips) 
Seat 8: randomgezzer ($5.14 in chips) 
Seat 9: onlyfoolsguy ($4.65 in chips) 
1tillit1: posts small blind $0.02
IulianZacK90: posts big blind $0.05
*** HOLE CARDS ***
Dealt to Dorex2007 [As 3d]
Dorex2007: folds 
randomgezzer: folds 
onlyfoolsguy: folds 
Geddy8995: folds 
Onaxonamon: folds 
govash: folds 
CheckBorris: raises $0.10 to $0.15
1tillit1: folds 
IulianZacK90: folds 
Uncalled bet ($0.10) returned to CheckBorris
CheckBorris collected $0.12 from pot
*** SUMMARY ***
Total pot $0.12 | Rake $0 
Seat 1: Geddy8995 folded before Flop (didn't bet)
Seat 2: Onaxonamon folded before Flop (didn't bet)
Seat 3: govash folded before Flop (didn't bet)
Seat 4: CheckBorris (button) collected ($0.12)
Seat 5: 1tillit1 (small blind) folded before Flop
Seat 6: IulianZacK90 (big blind) folded before Flop
Seat 7: Dorex2007 folded before Flop (didn't bet)
Seat 8: randomgezzer folded before Flop (didn't bet)
Seat 9: onlyfoolsguy folded before Flop (didn't bet)



PokerStars Hand #238128468965:  Hold'em No Limit ($0.02/$0.05 USD) - 2022/08/21 9:41:35 PT [2022/08/21 12:41:35 ET]
Table 'Nuki II' 9-max Seat #5 is the button
Seat 1: Geddy8995 ($4.19 in chips) 
Seat 2: Onaxonamon ($5.38 in chips) 
Seat 3: govash ($5.50 in chips) 
Seat 4: CheckBorris ($7.64 in chips) 
Seat 5: 1tillit1 ($12.44 in chips) 
Seat 6: IulianZacK90 ($3.59 in chips) 
Seat 7: Dorex2007 ($6.10 in chips) 
Seat 8: randomgezzer ($5.14 in chips) 
Seat 9: onlyfoolsguy ($4.65 in chips) 
IulianZacK90: posts small blind $0.02
Dorex2007: posts big blind $0.05
*** HOLE CARDS ***
Dealt to Dorex2007 [Ac 8h]
randomgezzer: folds 
onlyfoolsguy: folds 
Geddy8995: calls $0.05
Onaxonamon: folds 
govash: folds 
CheckBorris: folds 
1tillit1: folds 
IulianZacK90: folds 
Dorex2007: checks 
*** FLOP *** [2s Ks Td]
Dorex2007: checks 
Geddy8995: bets $0.05
Dorex2007: folds 
Uncalled bet ($0.05) returned to Geddy8995
Geddy8995 collected $0.12 from pot
*** SUMMARY ***
Total pot $0.12 | Rake $0 
Board [2s Ks Td]
Seat 1: Geddy8995 collected ($0.12)
Seat 2: Onaxonamon folded before Flop (didn't bet)
Seat 3: govash folded before Flop (didn't bet)
Seat 4: CheckBorris folded before Flop (didn't bet)
Seat 5: 1tillit1 (button) folded before Flop (didn't bet)
Seat 6: IulianZacK90 (small blind) folded before Flop
Seat 7: Dorex2007 (big blind) folded on the Flop
Seat 8: randomgezzer folded before Flop (didn't bet)
Seat 9: onlyfoolsguy folded before Flop (didn't bet)



PokerStars Hand #238128481418:  Hold'em No Limit ($0.02/$0.05 USD) - 2022/08/21 9:42:09 PT [2022/08/21 12:42:09 ET]
Table 'Nuki II' 9-max Seat #6 is the button
Seat 1: Geddy8995 ($4.26 in chips) 
Seat 2: Onaxonamon ($5.38 in chips) 
Seat 3: govash ($5.50 in chips) 
Seat 4: CheckBorris ($7.64 in chips) 
Seat 5: 1tillit1 ($12.44 in chips) 
Seat 6: IulianZacK90 ($3.57 in chips) 
Seat 7: Dorex2007 ($6.05 in chips) 
Seat 8: randomgezzer ($5.14 in chips) 
Seat 9: onlyfoolsguy ($4.65 in chips) 
Dorex2007: posts small blind $0.02
randomgezzer: posts big blind $0.05
*** HOLE CARDS ***
Dealt to Dorex2007 [2c 6d]
onlyfoolsguy: raises $0.10 to $0.15
Geddy8995: folds 
Onaxonamon: folds 
govash: folds 
CheckBorris: folds 
1tillit1: folds 
IulianZacK90: folds 
Dorex2007: folds 
randomgezzer: folds 
Uncalled bet ($0.10) returned to onlyfoolsguy
onlyfoolsguy collected $0.12 from pot
*** SUMMARY ***
Total pot $0.12 | Rake $0 
Seat 1: Geddy8995 folded before Flop (didn't bet)
Seat 2: Onaxonamon folded before Flop (didn't bet)
Seat 3: govash folded before Flop (didn't bet)
Seat 4: CheckBorris folded before Flop (didn't bet)
Seat 5: 1tillit1 folded before Flop (didn't bet)
Seat 6: IulianZacK90 (button) folded before Flop (didn't bet)
Seat 7: Dorex2007 (small blind) folded before Flop
Seat 8: randomgezzer (big blind) folded before Flop
Seat 9: onlyfoolsguy collected ($0.12)



PokerStars Hand #238128493270:  Hold'em No Limit ($0.02/$0.05 USD) - 2022/08/21 9:42:41 PT [2022/08/21 12:42:41 ET]
Table 'Nuki II' 9-max Seat #7 is the button
Seat 1: Geddy8995 ($4.26 in chips) 
Seat 2: Onaxonamon ($5.38 in chips) 
Seat 3: govash ($5.50 in chips) 
Seat 4: CheckBorris ($7.64 in chips) 
Seat 5: 1tillit1 ($12.44 in chips) 
Seat 6: IulianZacK90 ($3.57 in chips) 
Seat 7: Dorex2007 ($6.03 in chips) 
Seat 8: randomgezzer ($5.09 in chips) 
Seat 9: onlyfoolsguy ($4.72 in chips) 
randomgezzer: posts small blind $0.02
onlyfoolsguy: posts big blind $0.05
*** HOLE CARDS ***
Dealt to Dorex2007 [6c 5c]
Geddy8995: folds 
Onaxonamon: folds 
govash: raises $0.10 to $0.15
CheckBorris: calls $0.15
1tillit1: folds 
IulianZacK90: folds 
Dorex2007: folds 
randomgezzer: folds 
onlyfoolsguy: calls $0.10
*** FLOP *** [Kc 2c 6d]
onlyfoolsguy: checks 
govash: checks 
CheckBorris: checks 
*** TURN *** [Kc 2c 6d] [Ts]
onlyfoolsguy: checks 
govash: checks 
CheckBorris: checks 
*** RIVER *** [Kc 2c 6d Ts] [9h]
onlyfoolsguy: checks 
govash: checks 
CheckBorris: checks 
*** SHOW DOWN ***
onlyfoolsguy: shows [Ac 5s] (high card Ace)
govash: shows [Js Ad] (high card Ace - King+Jack kicker)
CheckBorris: shows [7h 7c] (a pair of Sevens)
CheckBorris collected $0.45 from pot
*** SUMMARY ***
Total pot $0.47 | Rake $0.02 
Board [Kc 2c 6d Ts 9h]
Seat 1: Geddy8995 folded before Flop (didn't bet)
Seat 2: Onaxonamon folded before Flop (didn't bet)
Seat 3: govash showed [Js Ad] and lost with high card Ace
Seat 4: CheckBorris showed [7h 7c] and won ($0.45) with a pair of Sevens
Seat 5: 1tillit1 folded before Flop (didn't bet)
Seat 6: IulianZacK90 folded before Flop (didn't bet)
Seat 7: Dorex2007 (button) folded before Flop (didn't bet)
Seat 8: randomgezzer (small blind) folded before Flop
Seat 9: onlyfoolsguy (big blind) showed [Ac 5s] and lost with high card Ace



PokerStars Hand #238128517879:  Hold'em No Limit ($0.02/$0.05 USD) - 2022/08/21 9:43:48 PT [2022/08/21 12:43:48 ET]
Table 'Nuki II' 9-max Seat #8 is the button
Seat 1: Geddy8995 ($4.26 in chips) 
Seat 2: Onaxonamon ($5.38 in chips) 
Seat 3: govash ($5.35 in chips) 
Seat 4: CheckBorris ($7.94 in chips) 
Seat 5: 1tillit1 ($12.44 in chips) 
Seat 6: IulianZacK90 ($3.57 in chips) 
Seat 7: Dorex2007 ($6.03 in chips) 
Seat 8: randomgezzer ($5.07 in chips) 
Seat 9: onlyfoolsguy ($4.57 in chips) 
onlyfoolsguy: posts small blind $0.02
Geddy8995: posts big blind $0.05
*** HOLE CARDS ***
Dealt to Dorex2007 [8h 6h]
Onaxonamon: folds 
govash: folds 
CheckBorris: folds 
1tillit1: folds 
IulianZacK90: folds 
Dorex2007: folds 
randomgezzer: folds 
onlyfoolsguy: folds 
Uncalled bet ($0.03) returned to Geddy8995
Geddy8995 collected $0.04 from pot
*** SUMMARY ***
Total pot $0.04 | Rake $0 
Seat 1: Geddy8995 (big blind) collected ($0.04)
Seat 2: Onaxonamon folded before Flop (didn't bet)
Seat 3: govash folded before Flop (didn't bet)
Seat 4: CheckBorris folded before Flop (didn't bet)
Seat 5: 1tillit1 folded before Flop (didn't bet)
Seat 6: IulianZacK90 folded before Flop (didn't bet)
Seat 7: Dorex2007 folded before Flop (didn't bet)
Seat 8: randomgezzer (button) folded before Flop (didn't bet)
Seat 9: onlyfoolsguy (small blind) folded before Flop



PokerStars Hand #238128524610:  Hold'em No Limit ($0.02/$0.05 USD) - 2022/08/21 9:44:07 PT [2022/08/21 12:44:07 ET]
Table 'Nuki II' 9-max Seat #9 is the button
Seat 1: Geddy8995 ($4.28 in chips) 
Seat 2: Onaxonamon ($5.38 in chips) 
Seat 3: govash ($5.35 in chips) 
Seat 4: CheckBorris ($7.94 in chips) 
Seat 5: 1tillit1 ($12.44 in chips) 
Seat 6: IulianZacK90 ($3.57 in chips) 
Seat 7: Dorex2007 ($6.03 in chips) 
Seat 8: randomgezzer ($5.07 in chips) 
Seat 9: onlyfoolsguy ($4.55 in chips) 
Geddy8995: posts small blind $0.02
Onaxonamon: posts big blind $0.05
*** HOLE CARDS ***
Dealt to Dorex2007 [5h 4s]
govash: folds 
CheckBorris: folds 
1tillit1: folds 
IulianZacK90: folds 
Dorex2007: folds 
randomgezzer: folds 
onlyfoolsguy: folds 
Geddy8995: raises $0.10 to $0.15
Onaxonamon: calls $0.10
*** FLOP *** [5d 7s 5c]
Geddy8995: bets $0.10
Onaxonamon: folds 
Uncalled bet ($0.10) returned to Geddy8995
Geddy8995 collected $0.29 from pot
*** SUMMARY ***
Total pot $0.30 | Rake $0.01 
Board [5d 7s 5c]
Seat 1: Geddy8995 (small blind) collected ($0.29)
Seat 2: Onaxonamon (big blind) folded on the Flop
Seat 3: govash folded before Flop (didn't bet)
Seat 4: CheckBorris folded before Flop (didn't bet)
Seat 5: 1tillit1 folded before Flop (didn't bet)
Seat 6: IulianZacK90 folded before Flop (didn't bet)
Seat 7: Dorex2007 folded before Flop (didn't bet)
Seat 8: randomgezzer folded before Flop (didn't bet)
Seat 9: onlyfoolsguy (button) folded before Flop (didn't bet)



PokerStars Hand #238128534888:  Hold'em No Limit ($0.02/$0.05 USD) - 2022/08/21 9:44:36 PT [2022/08/21 12:44:36 ET]
Table 'Nuki II' 9-max Seat #1 is the button
Seat 1: Geddy8995 ($4.42 in chips) 
Seat 2: Onaxonamon ($5.23 in chips) 
Seat 3: govash ($5.35 in chips) 
Seat 4: CheckBorris ($7.94 in chips) 
Seat 5: 1tillit1 ($12.44 in chips) 
Seat 6: IulianZacK90 ($3.57 in chips) 
Seat 7: Dorex2007 ($6.03 in chips) 
Seat 8: randomgezzer ($5.07 in chips) 
Seat 9: onlyfoolsguy ($4.55 in chips) 
Onaxonamon: posts small blind $0.02
govash: posts big blind $0.05
*** HOLE CARDS ***
Dealt to Dorex2007 [4h Qc]
CheckBorris: raises $0.07 to $0.12
1tillit1: folds 
IulianZacK90: folds 
Dorex2007: folds 
randomgezzer: folds 
onlyfoolsguy: folds 
Geddy8995: folds 
Onaxonamon: folds 
govash: raises $0.38 to $0.50
CheckBorris: raises $0.70 to $1.20
govash: raises $4.15 to $5.35 and is all-in
CheckBorris: calls $4.15
*** FLOP *** [3c Th 9h]
*** TURN *** [3c Th 9h] [Jc]
*** RIVER *** [3c Th 9h Jc] [As]
*** SHOW DOWN ***
govash: shows [Kc Ks] (a pair of Kings)
CheckBorris: shows [Ad Ac] (three of a kind, Aces)
CheckBorris collected $10.28 from pot
*** SUMMARY ***
Total pot $10.72 | Rake $0.44 
Board [3c Th 9h Jc As]
Seat 1: Geddy8995 (button) folded before Flop (didn't bet)
Seat 2: Onaxonamon (small blind) folded before Flop
Seat 3: govash (big blind) showed [Kc Ks] and lost with a pair of Kings
Seat 4: CheckBorris showed [Ad Ac] and won ($10.28) with three of a kind, Aces
Seat 5: 1tillit1 folded before Flop (didn't bet)
Seat 6: IulianZacK90 folded before Flop (didn't bet)
Seat 7: Dorex2007 folded before Flop (didn't bet)
Seat 8: randomgezzer folded before Flop (didn't bet)
Seat 9: onlyfoolsguy folded before Flop (didn't bet)



PokerStars Hand #238128552574:  Hold'em No Limit ($0.02/$0.05 USD) - 2022/08/21 9:45:24 PT [2022/08/21 12:45:24 ET]
Table 'Nuki II' 9-max Seat #2 is the button
Seat 1: Geddy8995 ($4.42 in chips) 
Seat 2: Onaxonamon ($5.21 in chips) 
Seat 3: govash ($5 in chips) 
Seat 6: IulianZacK90 ($3.57 in chips) 
Seat 7: Dorex2007 ($6.03 in chips) 
Seat 8: randomgezzer ($5.07 in chips) 
Seat 9: onlyfoolsguy ($4.55 in chips) 
govash: posts small blind $0.02
CheckBorris: is sitting out 
1tillit1: is sitting out 
CheckBorris leaves the table
IulianZacK90: posts big blind $0.05
*** HOLE CARDS ***
Dealt to Dorex2007 [9c 8d]
1tillit1 leaves the table
Dorex2007: folds 
randomgezzer: folds 
onlyfoolsguy: folds 
Geddy8995: raises $0.05 to $0.10
Onaxonamon: folds 
govash: folds 
IulianZacK90: folds 
Uncalled bet ($0.05) returned to Geddy8995
Geddy8995 collected $0.12 from pot
*** SUMMARY ***
Total pot $0.12 | Rake $0 
Seat 1: Geddy8995 collected ($0.12)
Seat 2: Onaxonamon (button) folded before Flop (didn't bet)
Seat 3: govash (small blind) folded before Flop
Seat 6: IulianZacK90 (big blind) folded before Flop
Seat 7: Dorex2007 folded before Flop (didn't bet)
Seat 8: randomgezzer folded before Flop (didn't bet)
Seat 9: onlyfoolsguy folded before Flop (didn't bet)



PokerStars Hand #238128561947:  Hold'em No Limit ($0.02/$0.05 USD) - 2022/08/21 9:45:50 PT [2022/08/21 12:45:50 ET]
Table 'Nuki II' 9-max Seat #3 is the button
Seat 1: Geddy8995 ($4.49 in chips) 
Seat 2: Onaxonamon ($5.21 in chips) 
Seat 3: govash ($5 in chips) 
Seat 6: IulianZacK90 ($3.52 in chips) 
Seat 7: Dorex2007 ($6.03 in chips) 
Seat 8: randomgezzer ($5.07 in chips) 
Seat 9: onlyfoolsguy ($4.55 in chips) 
IulianZacK90: posts small blind $0.02
Dorex2007: posts big blind $0.05
*** HOLE CARDS ***
Dealt to Dorex2007 [Jh 5d]
randomgezzer: folds 
onlyfoolsguy: folds 
Geddy8995: folds 
Onaxonamon: folds 
govash: folds 
IulianZacK90: calls $0.03
Dorex2007: checks 
*** FLOP *** [5c 7h 6c]
IulianZacK90: checks 
Dorex2007: bets $0.07
IulianZacK90: calls $0.07
*** TURN *** [5c 7h 6c] [9c]
IulianZacK90: checks 
Dorex2007: checks 
*** RIVER *** [5c 7h 6c 9c] [Td]
IulianZacK90: bets $0.10
Dorex2007: folds 
Uncalled bet ($0.10) returned to IulianZacK90
IulianZacK90 collected $0.23 from pot
IulianZacK90: doesn't show hand 
*** SUMMARY ***
Total pot $0.24 | Rake $0.01 
Board [5c 7h 6c 9c Td]
Seat 1: Geddy8995 folded before Flop (didn't bet)
Seat 2: Onaxonamon folded before Flop (didn't bet)
Seat 3: govash (button) folded before Flop (didn't bet)
Seat 6: IulianZacK90 (small blind) collected ($0.23)
Seat 7: Dorex2007 (big blind) folded on the River
Seat 8: randomgezzer folded before Flop (didn't bet)
Seat 9: onlyfoolsguy folded before Flop (didn't bet)



PokerStars Hand #238128575713:  Hold'em No Limit ($0.02/$0.05 USD) - 2022/08/21 9:46:27 PT [2022/08/21 12:46:27 ET]
Table 'Nuki II' 9-max Seat #6 is the button
Seat 1: Geddy8995 ($4.49 in chips) 
Seat 2: Onaxonamon ($5.21 in chips) 
Seat 3: govash ($5 in chips) 
Seat 6: IulianZacK90 ($3.63 in chips) 
Seat 7: Dorex2007 ($5.91 in chips) 
Seat 8: randomgezzer ($5.07 in chips) 
Seat 9: onlyfoolsguy ($4.55 in chips) 
Dorex2007: posts small blind $0.02
randomgezzer: posts big blind $0.05
*** HOLE CARDS ***
Dealt to Dorex2007 [3h 4c]
onlyfoolsguy: folds 
Geddy8995: folds 
Onaxonamon: folds 
govash: folds 
IulianZacK90: raises $0.15 to $0.20
Dorex2007: folds 
randomgezzer: folds 
Uncalled bet ($0.15) returned to IulianZacK90
IulianZacK90 collected $0.12 from pot
IulianZacK90: doesn't show hand 
*** SUMMARY ***
Total pot $0.12 | Rake $0 
Seat 1: Geddy8995 folded before Flop (didn't bet)
Seat 2: Onaxonamon folded before Flop (didn't bet)
Seat 3: govash folded before Flop (didn't bet)
Seat 6: IulianZacK90 (button) collected ($0.12)
Seat 7: Dorex2007 (small blind) folded before Flop
Seat 8: randomgezzer (big blind) folded before Flop
Seat 9: onlyfoolsguy folded before Flop (didn't bet)



PokerStars Hand #238128584150:  Hold'em No Limit ($0.02/$0.05 USD) - 2022/08/21 9:46:51 PT [2022/08/21 12:46:51 ET]
Table 'Nuki II' 9-max Seat #7 is the button
Seat 1: Geddy8995 ($4.49 in chips) 
Seat 2: Onaxonamon ($5.21 in chips) 
Seat 3: govash ($5 in chips) 
Seat 6: IulianZacK90 ($3.70 in chips) 
Seat 7: Dorex2007 ($5.89 in chips) 
Seat 8: randomgezzer ($5.02 in chips) 
Seat 9: onlyfoolsguy ($4.55 in chips) 
randomgezzer: posts small blind $0.02
onlyfoolsguy: posts big blind $0.05
*** HOLE CARDS ***
Dealt to Dorex2007 [3c Ah]
Geddy8995: raises $0.05 to $0.10
Onaxonamon: folds 
govash: folds 
IulianZacK90 has timed out
IulianZacK90: folds 
Dorex2007: folds 
randomgezzer: folds 
onlyfoolsguy: folds 
Uncalled bet ($0.05) returned to Geddy8995
Geddy8995 collected $0.12 from pot
*** SUMMARY ***
Total pot $0.12 | Rake $0 
Seat 1: Geddy8995 collected ($0.12)
Seat 2: Onaxonamon folded before Flop (didn't bet)
Seat 3: govash folded before Flop (didn't bet)
Seat 6: IulianZacK90 folded before Flop (didn't bet)
Seat 7: Dorex2007 (button) folded before Flop (didn't bet)
Seat 8: randomgezzer (small blind) folded before Flop
Seat 9: onlyfoolsguy (big blind) folded before Flop



PokerStars Hand #238128597755:  Hold'em No Limit ($0.02/$0.05 USD) - 2022/08/21 9:47:28 PT [2022/08/21 12:47:28 ET]
Table 'Nuki II' 9-max Seat #8 is the button
Seat 1: Geddy8995 ($4.56 in chips) 
Seat 2: Onaxonamon ($5.21 in chips) 
Seat 3: govash ($5 in chips) 
Seat 6: IulianZacK90 ($3.70 in chips) 
Seat 7: Dorex2007 ($5.89 in chips) 
Seat 8: randomgezzer ($5 in chips) 
Seat 9: onlyfoolsguy ($4.50 in chips) 
onlyfoolsguy: posts small blind $0.02
Geddy8995: posts big blind $0.05
*** HOLE CARDS ***
Dealt to Dorex2007 [4c 6c]
Onaxonamon: folds 
govash: folds 
IulianZacK90: folds 
Dorex2007: folds 
randomgezzer: raises $0.05 to $0.10
onlyfoolsguy: folds 
Geddy8995: folds 
Uncalled bet ($0.05) returned to randomgezzer
randomgezzer collected $0.12 from pot
randomgezzer: doesn't show hand 
*** SUMMARY ***
Total pot $0.12 | Rake $0 
Seat 1: Geddy8995 (big blind) folded before Flop
Seat 2: Onaxonamon folded before Flop (didn't bet)
Seat 3: govash folded before Flop (didn't bet)
Seat 6: IulianZacK90 folded before Flop (didn't bet)
Seat 7: Dorex2007 folded before Flop (didn't bet)
Seat 8: randomgezzer (button) collected ($0.12)
Seat 9: onlyfoolsguy (small blind) folded before Flop



PokerStars Hand #238128606868:  Hold'em No Limit ($0.02/$0.05 USD) - 2022/08/21 9:47:53 PT [2022/08/21 12:47:53 ET]
Table 'Nuki II' 9-max Seat #9 is the button
Seat 1: Geddy8995 ($4.51 in chips) 
Seat 2: Onaxonamon ($5.21 in chips) 
Seat 3: govash ($5 in chips) 
Seat 6: IulianZacK90 ($3.70 in chips) 
Seat 7: Dorex2007 ($5.89 in chips) 
Seat 8: randomgezzer ($5.07 in chips) 
Seat 9: onlyfoolsguy ($4.48 in chips) 
Geddy8995: posts small blind $0.02
Onaxonamon: posts big blind $0.05
*** HOLE CARDS ***
Dealt to Dorex2007 [Ts As]
govash: folds 
IulianZacK90: folds 
Dorex2007: raises $0.05 to $0.10
randomgezzer: folds 
onlyfoolsguy: calls $0.10
Geddy8995: folds 
Onaxonamon: folds 
*** FLOP *** [9s Kc 7h]
Dorex2007: checks 
onlyfoolsguy: checks 
*** TURN *** [9s Kc 7h] [Kd]
Dorex2007: checks 
onlyfoolsguy: bets $0.14
Dorex2007: calls $0.14
*** RIVER *** [9s Kc 7h Kd] [Tc]
Dorex2007: bets $0.26
onlyfoolsguy: folds 
Uncalled bet ($0.26) returned to Dorex2007
Dorex2007 collected $0.53 from pot
Dorex2007: doesn't show hand 
*** SUMMARY ***
Total pot $0.55 | Rake $0.02 
Board [9s Kc 7h Kd Tc]
Seat 1: Geddy8995 (small blind) folded before Flop
Seat 2: Onaxonamon (big blind) folded before Flop
Seat 3: govash folded before Flop (didn't bet)
Seat 6: IulianZacK90 folded before Flop (didn't bet)
Seat 7: Dorex2007 collected ($0.53)
Seat 8: randomgezzer folded before Flop (didn't bet)
Seat 9: onlyfoolsguy (button) folded on the River



PokerStars Hand #238128629673:  Hold'em No Limit ($0.02/$0.05 USD) - 2022/08/21 9:48:56 PT [2022/08/21 12:48:56 ET]
Table 'Nuki II' 9-max Seat #1 is the button
Seat 1: Geddy8995 ($4.49 in chips) 
Seat 2: Onaxonamon ($5.16 in chips) 
Seat 3: govash ($5 in chips) 
Seat 6: IulianZacK90 ($3.70 in chips) 
Seat 7: Dorex2007 ($6.18 in chips) 
Seat 8: randomgezzer ($5.07 in chips) 
Seat 9: onlyfoolsguy ($4.24 in chips) 
Onaxonamon: posts small blind $0.02
govash: posts big blind $0.05
*** HOLE CARDS ***
Dealt to Dorex2007 [4d Td]
IulianZacK90: raises $0.10 to $0.15
Dorex2007: folds 
randomgezzer: folds 
onlyfoolsguy: raises $0.45 to $0.60
Geddy8995: folds 
Onaxonamon: folds 
govash: folds 
IulianZacK90: folds 
Uncalled bet ($0.45) returned to onlyfoolsguy
onlyfoolsguy collected $0.37 from pot
onlyfoolsguy: doesn't show hand 
*** SUMMARY ***
Total pot $0.37 | Rake $0 
Seat 1: Geddy8995 (button) folded before Flop (didn't bet)
Seat 2: Onaxonamon (small blind) folded before Flop
Seat 3: govash (big blind) folded before Flop
Seat 6: IulianZacK90 folded before Flop
Seat 7: Dorex2007 folded before Flop (didn't bet)
Seat 8: randomgezzer folded before Flop (didn't bet)
Seat 9: onlyfoolsguy collected ($0.37)



PokerStars Hand #238128641564:  Hold'em No Limit ($0.02/$0.05 USD) - 2022/08/21 9:49:29 PT [2022/08/21 12:49:29 ET]
Table 'Nuki II' 9-max Seat #2 is the button
Seat 1: Geddy8995 ($4.49 in chips) 
Seat 2: Onaxonamon ($5.14 in chips) 
Seat 3: govash ($5 in chips) 
Seat 7: Dorex2007 ($6.18 in chips) 
Seat 8: randomgezzer ($5.07 in chips) 
Seat 9: onlyfoolsguy ($4.46 in chips) 
govash: posts small blind $0.02
IulianZacK90: is sitting out 
Dorex2007: posts big blind $0.05
*** HOLE CARDS ***
Dealt to Dorex2007 [6s Jh]
randomgezzer: folds 
IulianZacK90 leaves the table
onlyfoolsguy: folds 
fomik33 joins the table at seat #4 
Geddy8995: calls $0.05
Onaxonamon: folds 
govash: folds 
Dorex2007: checks 
*** FLOP *** [9s Js Qs]
Dorex2007: checks 
Geddy8995: checks 
*** TURN *** [9s Js Qs] [7d]
Dorex2007: checks 
Geddy8995: bets $0.10
Dorex2007: calls $0.10
*** RIVER *** [9s Js Qs 7d] [2s]
Dorex2007: bets $0.15
Geddy8995: folds 
Uncalled bet ($0.15) returned to Dorex2007
Dorex2007 collected $0.31 from pot
Dorex2007: doesn't show hand 
*** SUMMARY ***
Total pot $0.32 | Rake $0.01 
Board [9s Js Qs 7d 2s]
Seat 1: Geddy8995 folded on the River
Seat 2: Onaxonamon (button) folded before Flop (didn't bet)
Seat 3: govash (small blind) folded before Flop
Seat 7: Dorex2007 (big blind) collected ($0.31)
Seat 8: randomgezzer folded before Flop (didn't bet)
Seat 9: onlyfoolsguy folded before Flop (didn't bet)



PokerStars Hand #238128657370:  Hold'em No Limit ($0.02/$0.05 USD) - 2022/08/21 9:50:13 PT [2022/08/21 12:50:13 ET]
Table 'Nuki II' 9-max Seat #3 is the button
Seat 1: Geddy8995 ($4.34 in chips) 
Seat 2: Onaxonamon ($5.14 in chips) 
Seat 3: govash ($5 in chips) 
Seat 7: Dorex2007 ($6.34 in chips) 
Seat 8: randomgezzer ($5.07 in chips) 
Seat 9: onlyfoolsguy ($4.46 in chips) 
Dorex2007: posts small blind $0.02
randomgezzer: posts big blind $0.05
*** HOLE CARDS ***
Dealt to Dorex2007 [7c 3c]
onlyfoolsguy: folds 
Geddy8995: raises $0.05 to $0.10
Onaxonamon: folds 
govash: folds 
Dorex2007: folds 
randomgezzer: folds 
Uncalled bet ($0.05) returned to Geddy8995
Geddy8995 collected $0.12 from pot
*** SUMMARY ***
Total pot $0.12 | Rake $0 
Seat 1: Geddy8995 collected ($0.12)
Seat 2: Onaxonamon folded before Flop (didn't bet)
Seat 3: govash (button) folded before Flop (didn't bet)
Seat 7: Dorex2007 (small blind) folded before Flop
Seat 8: randomgezzer (big blind) folded before Flop
Seat 9: onlyfoolsguy folded before Flop (didn't bet)



PokerStars Hand #238128666839:  Hold'em No Limit ($0.02/$0.05 USD) - 2022/08/21 9:50:39 PT [2022/08/21 12:50:39 ET]
Table 'Nuki II' 9-max Seat #7 is the button
Seat 1: Geddy8995 ($4.41 in chips) 
Seat 2: Onaxonamon ($5.14 in chips) 
Seat 3: govash ($5 in chips) 
Seat 7: Dorex2007 ($6.32 in chips) 
Seat 8: randomgezzer ($5.02 in chips) 
Seat 9: onlyfoolsguy ($4.46 in chips) 
randomgezzer: posts small blind $0.02
onlyfoolsguy: posts big blind $0.05
fomik33: sits out 
*** HOLE CARDS ***
Dealt to Dorex2007 [Js Tc]
Geddy8995: folds 
Onaxonamon: folds 
govash: folds 
Dorex2007: raises $0.05 to $0.10
randomgezzer: folds 
onlyfoolsguy: folds 
Uncalled bet ($0.05) returned to Dorex2007
Dorex2007 collected $0.12 from pot
Dorex2007: doesn't show hand 
*** SUMMARY ***
Total pot $0.12 | Rake $0 
Seat 1: Geddy8995 folded before Flop (didn't bet)
Seat 2: Onaxonamon folded before Flop (didn't bet)
Seat 3: govash folded before Flop (didn't bet)
Seat 7: Dorex2007 (button) collected ($0.12)
Seat 8: randomgezzer (small blind) folded before Flop
Seat 9: onlyfoolsguy (big blind) folded before Flop



PokerStars Hand #238128720503:  Hold'em No Limit ($0.02/$0.05 USD) - 2022/08/21 9:53:10 PT [2022/08/21 12:53:10 ET]
Table 'Nuki II' 9-max Seat #3 is the button
Seat 1: Geddy8995 ($4.31 in chips) 
Seat 2: Onaxonamon ($5.21 in chips) 
Seat 3: govash ($5.09 in chips) 
Seat 4: fomik33 ($5 in chips) 
Seat 7: Dorex2007 ($6.39 in chips) 
Seat 8: randomgezzer ($5 in chips) 
Seat 9: onlyfoolsguy ($4.39 in chips) 
fomik33: posts small blind $0.02
Dorex2007: posts big blind $0.05
*** HOLE CARDS ***
Dealt to Dorex2007 [6s 6c]
randomgezzer: folds 
onlyfoolsguy: folds 
Geddy8995: raises $0.05 to $0.10
Onaxonamon: folds 
govash: folds 
fomik33: folds 
Dorex2007: calls $0.05
*** FLOP *** [Td Ad 8s]
Dorex2007: checks 
Geddy8995: bets $0.10
Dorex2007: folds 
Uncalled bet ($0.10) returned to Geddy8995
Geddy8995 collected $0.21 from pot
*** SUMMARY ***
Total pot $0.22 | Rake $0.01 
Board [Td Ad 8s]
Seat 1: Geddy8995 collected ($0.21)
Seat 2: Onaxonamon folded before Flop (didn't bet)
Seat 3: govash (button) folded before Flop (didn't bet)
Seat 4: fomik33 (small blind) folded before Flop
Seat 7: Dorex2007 (big blind) folded on the Flop
Seat 8: randomgezzer folded before Flop (didn't bet)
Seat 9: onlyfoolsguy folded before Flop (didn't bet)



PokerStars Hand #238128732387:  Hold'em No Limit ($0.02/$0.05 USD) - 2022/08/21 9:53:44 PT [2022/08/21 12:53:44 ET]
Table 'Nuki II' 9-max Seat #4 is the button
Seat 1: Geddy8995 ($4.42 in chips) 
Seat 2: Onaxonamon ($5.21 in chips) 
Seat 3: govash ($5.09 in chips) 
Seat 4: fomik33 ($5 in chips) 
Seat 7: Dorex2007 ($6.29 in chips) 
Seat 8: randomgezzer ($5 in chips) 
Seat 9: onlyfoolsguy ($4.39 in chips) 
Dorex2007: posts small blind $0.02
randomgezzer: posts big blind $0.05
*** HOLE CARDS ***
Dealt to Dorex2007 [5c 8h]
onlyfoolsguy: folds 
Geddy8995: folds 
Onaxonamon: folds 
govash: folds 
fomik33: raises $0.08 to $0.13
Dorex2007: folds 
randomgezzer: calls $0.08
*** FLOP *** [4c 9d 9h]
randomgezzer: checks 
fomik33: checks 
*** TURN *** [4c 9d 9h] [5d]
randomgezzer: bets $0.15
fomik33: folds 
Uncalled bet ($0.15) returned to randomgezzer
randomgezzer collected $0.27 from pot
randomgezzer: doesn't show hand 
*** SUMMARY ***
Total pot $0.28 | Rake $0.01 
Board [4c 9d 9h 5d]
Seat 1: Geddy8995 folded before Flop (didn't bet)
Seat 2: Onaxonamon folded before Flop (didn't bet)
Seat 3: govash folded before Flop (didn't bet)
Seat 4: fomik33 (button) folded on the Turn
Seat 7: Dorex2007 (small blind) folded before Flop
Seat 8: randomgezzer (big blind) collected ($0.27)
Seat 9: onlyfoolsguy folded before Flop (didn't bet)



PokerStars Hand #238128747407:  Hold'em No Limit ($0.02/$0.05 USD) - 2022/08/21 9:54:26 PT [2022/08/21 12:54:26 ET]
Table 'Nuki II' 9-max Seat #7 is the button
Seat 1: Geddy8995 ($4.42 in chips) 
Seat 2: Onaxonamon ($5.21 in chips) 
Seat 3: govash ($5.09 in chips) 
Seat 4: fomik33 ($5 in chips) 
Seat 7: Dorex2007 ($6.27 in chips) 
Seat 8: randomgezzer ($5.14 in chips) 
Seat 9: onlyfoolsguy ($4.39 in chips) 
randomgezzer: posts small blind $0.02
onlyfoolsguy: posts big blind $0.05
*** HOLE CARDS ***
Dealt to Dorex2007 [Td As]
Geddy8995: raises $0.05 to $0.10
Onaxonamon: folds 
govash: folds 
fomik33: folds 
Dorex2007: calls $0.10
randomgezzer: folds 
onlyfoolsguy: folds 
*** FLOP *** [7h 5s Kh]
Geddy8995: checks 
Dorex2007: checks 
*** TURN *** [7h 5s Kh] [7d]
Geddy8995: bets $0.13
Dorex2007: folds 
Uncalled bet ($0.13) returned to Geddy8995
Geddy8995 collected $0.26 from pot
*** SUMMARY ***
Total pot $0.27 | Rake $0.01 
Board [7h 5s Kh 7d]
Seat 1: Geddy8995 collected ($0.26)
Seat 2: Onaxonamon folded before Flop (didn't bet)
Seat 3: govash folded before Flop (didn't bet)
Seat 4: fomik33 folded before Flop (didn't bet)
Seat 7: Dorex2007 (button) folded on the Turn
Seat 8: randomgezzer (small blind) folded before Flop
Seat 9: onlyfoolsguy (big blind) folded before Flop



PokerStars Hand #238128761291:  Hold'em No Limit ($0.02/$0.05 USD) - 2022/08/21 9:55:05 PT [2022/08/21 12:55:05 ET]
Table 'Nuki II' 9-max Seat #8 is the button
Seat 1: Geddy8995 ($4.58 in chips) 
Seat 2: Onaxonamon ($5.21 in chips) 
Seat 3: govash ($5.09 in chips) 
Seat 4: fomik33 ($5 in chips) 
Seat 7: Dorex2007 ($6.17 in chips) 
Seat 8: randomgezzer ($5.12 in chips) 
Seat 9: onlyfoolsguy ($4.34 in chips) 
onlyfoolsguy: posts small blind $0.02
Geddy8995: posts big blind $0.05
*** HOLE CARDS ***
Dealt to Dorex2007 [Kc As]
Onaxonamon: calls $0.05
govash: folds 
fomik33: folds 
Dorex2007: raises $0.10 to $0.15
randomgezzer: folds 
onlyfoolsguy: calls $0.13
Geddy8995: folds 
Onaxonamon: calls $0.10
*** FLOP *** [6d 6h Jd]
onlyfoolsguy: checks 
Onaxonamon: checks 
Dorex2007: bets $0.48
onlyfoolsguy: folds 
Onaxonamon: folds 
Uncalled bet ($0.48) returned to Dorex2007
Dorex2007 collected $0.48 from pot
Dorex2007: doesn't show hand 
*** SUMMARY ***
Total pot $0.50 | Rake $0.02 
Board [6d 6h Jd]
Seat 1: Geddy8995 (big blind) folded before Flop
Seat 2: Onaxonamon folded on the Flop
Seat 3: govash folded before Flop (didn't bet)
Seat 4: fomik33 folded before Flop (didn't bet)
Seat 7: Dorex2007 collected ($0.48)
Seat 8: randomgezzer (button) folded before Flop (didn't bet)
Seat 9: onlyfoolsguy (small blind) folded on the Flop



PokerStars Hand #238128777705:  Hold'em No Limit ($0.02/$0.05 USD) - 2022/08/21 9:56:10 PT [2022/08/21 12:56:10 ET]
Table 'Nuki II' 9-max Seat #9 is the button
Seat 1: Geddy8995 ($4.53 in chips) 
Seat 2: Onaxonamon ($5.06 in chips) 
Seat 3: govash ($5.09 in chips) 
Seat 4: fomik33 ($5 in chips) 
Seat 7: Dorex2007 ($6.50 in chips) 
Seat 8: randomgezzer ($5.12 in chips) 
Seat 9: onlyfoolsguy ($4.19 in chips) 
Geddy8995: posts small blind $0.02
Onaxonamon: posts big blind $0.05
*** HOLE CARDS ***
Dealt to Dorex2007 [6c Ks]
govash: folds 
fomik33: folds 
Dorex2007: folds 
randomgezzer: raises $0.10 to $0.15
onlyfoolsguy: folds 
Geddy8995: folds 
Onaxonamon: folds 
Uncalled bet ($0.10) returned to randomgezzer
randomgezzer collected $0.12 from pot
randomgezzer: doesn't show hand 
*** SUMMARY ***
Total pot $0.12 | Rake $0 
Seat 1: Geddy8995 (small blind) folded before Flop
Seat 2: Onaxonamon (big blind) folded before Flop
Seat 3: govash folded before Flop (didn't bet)
Seat 4: fomik33 folded before Flop (didn't bet)
Seat 7: Dorex2007 folded before Flop (didn't bet)
Seat 8: randomgezzer collected ($0.12)
Seat 9: onlyfoolsguy (button) folded before Flop (didn't bet)



PokerStars Hand #238128782876:  Hold'em No Limit ($0.02/$0.05 USD) - 2022/08/21 9:56:31 PT [2022/08/21 12:56:31 ET]
Table 'Nuki II' 9-max Seat #1 is the button
Seat 1: Geddy8995 ($4.51 in chips) 
Seat 2: Onaxonamon ($5.01 in chips) 
Seat 3: govash ($5.09 in chips) 
Seat 4: fomik33 ($5 in chips) 
Seat 7: Dorex2007 ($6.50 in chips) 
Seat 8: randomgezzer ($5.19 in chips) 
Seat 9: onlyfoolsguy ($4.19 in chips) 
Onaxonamon: posts small blind $0.02
govash: posts big blind $0.05
*** HOLE CARDS ***
Dealt to Dorex2007 [Qh 4h]
fomik33: raises $0.10 to $0.15
Dorex2007: folds 
randomgezzer: folds 
Fer_Borelli joins the table at seat #5 
onlyfoolsguy: folds 
Geddy8995: folds 
Onaxonamon: folds 
govash: folds 
Uncalled bet ($0.10) returned to fomik33
fomik33 collected $0.12 from pot
fomik33: doesn't show hand 
*** SUMMARY ***
Total pot $0.12 | Rake $0 
Seat 1: Geddy8995 (button) folded before Flop (didn't bet)
Seat 2: Onaxonamon (small blind) folded before Flop
Seat 3: govash (big blind) folded before Flop
Seat 4: fomik33 collected ($0.12)
Seat 7: Dorex2007 folded before Flop (didn't bet)
Seat 8: randomgezzer folded before Flop (didn't bet)
Seat 9: onlyfoolsguy folded before Flop (didn't bet)



PokerStars Hand #238128787870:  Hold'em No Limit ($0.02/$0.05 USD) - 2022/08/21 9:56:51 PT [2022/08/21 12:56:51 ET]
Table 'Nuki II' 9-max Seat #2 is the button
Seat 1: Geddy8995 ($4.51 in chips) 
Seat 2: Onaxonamon ($4.99 in chips) 
Seat 3: govash ($5.04 in chips) 
Seat 4: fomik33 ($5.07 in chips) 
Seat 7: Dorex2007 ($6.50 in chips) 
Seat 8: randomgezzer ($5.19 in chips) 
Seat 9: onlyfoolsguy ($4.19 in chips) 
govash: posts small blind $0.02
fomik33: posts big blind $0.05
Fer_Borelli: sits out 
*** HOLE CARDS ***
Dealt to Dorex2007 [Qs 7c]
Dorex2007: folds 
randomgezzer: raises $0.10 to $0.15
ciccio197242 joins the table at seat #6 
onlyfoolsguy: folds 
Geddy8995: folds 
Onaxonamon: folds 
Onaxonamon leaves the table
govash: calls $0.13
fomik33: calls $0.10
*** FLOP *** [Th 3d Kc]
eddila joins the table at seat #2 
govash: checks 
fomik33: bets $0.25
randomgezzer: folds 
govash: folds 
Uncalled bet ($0.25) returned to fomik33
fomik33 collected $0.43 from pot
fomik33: doesn't show hand 
*** SUMMARY ***
Total pot $0.45 | Rake $0.02 
Board [Th 3d Kc]
Seat 1: Geddy8995 folded before Flop (didn't bet)
Seat 2: Onaxonamon (button) folded before Flop (didn't bet)
Seat 3: govash (small blind) folded on the Flop
Seat 4: fomik33 (big blind) collected ($0.43)
Seat 7: Dorex2007 folded before Flop (didn't bet)
Seat 8: randomgezzer folded on the Flop
Seat 9: onlyfoolsguy folded before Flop (didn't bet)



PokerStars Hand #238128798113:  Hold'em No Limit ($0.02/$0.05 USD) - 2022/08/21 9:57:32 PT [2022/08/21 12:57:32 ET]
Table 'Nuki II' 9-max Seat #3 is the button
Seat 1: Geddy8995 ($4.51 in chips) 
Seat 3: govash ($5 in chips) 
Seat 4: fomik33 ($5.35 in chips) 
Seat 5: Fer_Borelli ($2 in chips) 
Seat 7: Dorex2007 ($6.50 in chips) 
Seat 8: randomgezzer ($5.04 in chips) 
Seat 9: onlyfoolsguy ($4.19 in chips) 
fomik33: posts small blind $0.02
Fer_Borelli: posts big blind $0.05
ciccio197242: sits out 
eddila: sits out 
*** HOLE CARDS ***
Dealt to Dorex2007 [Qc 4c]
Dorex2007: folds 
randomgezzer: folds 
onlyfoolsguy: folds 
Geddy8995: folds 
govash: folds 
fomik33: raises $0.10 to $0.15
Fer_Borelli: folds 
Uncalled bet ($0.10) returned to fomik33
fomik33 collected $0.10 from pot
fomik33: doesn't show hand 
*** SUMMARY ***
Total pot $0.10 | Rake $0 
Seat 1: Geddy8995 folded before Flop (didn't bet)
Seat 3: govash (button) folded before Flop (didn't bet)
Seat 4: fomik33 (small blind) collected ($0.10)
Seat 5: Fer_Borelli (big blind) folded before Flop
Seat 7: Dorex2007 folded before Flop (didn't bet)
Seat 8: randomgezzer folded before Flop (didn't bet)
Seat 9: onlyfoolsguy folded before Flop (didn't bet)



PokerStars Hand #238128803507:  Hold'em No Limit ($0.02/$0.05 USD) - 2022/08/21 9:57:54 PT [2022/08/21 12:57:54 ET]
Table 'Nuki II' 9-max Seat #4 is the button
Seat 1: Geddy8995 ($4.51 in chips) 
Seat 3: govash ($5 in chips) 
Seat 4: fomik33 ($5.40 in chips) 
Seat 5: Fer_Borelli ($1.95 in chips) 
Seat 6: ciccio197242 ($2.49 in chips) 
Seat 7: Dorex2007 ($6.50 in chips) 
Seat 8: randomgezzer ($5.04 in chips) 
Seat 9: onlyfoolsguy ($4.19 in chips) 
Fer_Borelli: posts small blind $0.02
ciccio197242: posts big blind $0.05
eddila: sits out 
*** HOLE CARDS ***
Dealt to Dorex2007 [Jh 9d]
Dorex2007: folds 
randomgezzer: folds 
onlyfoolsguy: raises $0.10 to $0.15
Geddy8995: folds 
govash: folds 
fomik33: folds 
Fer_Borelli: folds 
ciccio197242: calls $0.10
*** FLOP *** [9h 8c 6h]
ciccio197242: checks 
onlyfoolsguy: bets $0.17
ciccio197242: folds 
Uncalled bet ($0.17) returned to onlyfoolsguy
onlyfoolsguy collected $0.31 from pot
onlyfoolsguy: doesn't show hand 
*** SUMMARY ***
Total pot $0.32 | Rake $0.01 
Board [9h 8c 6h]
Seat 1: Geddy8995 folded before Flop (didn't bet)
Seat 3: govash folded before Flop (didn't bet)
Seat 4: fomik33 (button) folded before Flop (didn't bet)
Seat 5: Fer_Borelli (small blind) folded before Flop
Seat 6: ciccio197242 (big blind) folded on the Flop
Seat 7: Dorex2007 folded before Flop (didn't bet)
Seat 8: randomgezzer folded before Flop (didn't bet)
Seat 9: onlyfoolsguy collected ($0.31)



PokerStars Hand #238128815397:  Hold'em No Limit ($0.02/$0.05 USD) - 2022/08/21 9:58:40 PT [2022/08/21 12:58:40 ET]
Table 'Nuki II' 9-max Seat #5 is the button
Seat 1: Geddy8995 ($4.51 in chips) 
Seat 2: eddila ($5 in chips) 
Seat 3: govash ($5 in chips) 
Seat 4: fomik33 ($5.40 in chips) 
Seat 5: Fer_Borelli ($1.93 in chips) 
Seat 6: ciccio197242 ($2.34 in chips) 
Seat 7: Dorex2007 ($6.50 in chips) 
Seat 8: randomgezzer ($5.04 in chips) 
Seat 9: onlyfoolsguy ($4.35 in chips) 
ciccio197242: posts small blind $0.02
Dorex2007: posts big blind $0.05
eddila: posts big blind $0.05
*** HOLE CARDS ***
Dealt to Dorex2007 [Ts 8s]
randomgezzer has timed out
randomgezzer: folds 
onlyfoolsguy: folds 
randomgezzer leaves the table
Geddy8995: folds 
eddila: raises $0.10 to $0.15
govash: folds 
fomik33: folds 
Fer_Borelli: folds 
ciccio197242: raises $0.35 to $0.50
Dorex2007: folds 
eddila: calls $0.35
*** FLOP *** [Qc 5d Qs]
SetOnesGoal joins the table at seat #8 
ciccio197242: checks 
SetOnesGoal leaves the table
eddila: checks 
*** TURN *** [Qc 5d Qs] [3h]
ciccio197242: bets $0.50
eddila: calls $0.50
*** RIVER *** [Qc 5d Qs 3h] [Td]
ciccio197242: checks 
eddila: bets $1.47
ciccio197242: folds 
Uncalled bet ($1.47) returned to eddila
eddila collected $1.94 from pot
*** SUMMARY ***
Total pot $2.05 | Rake $0.11 
Board [Qc 5d Qs 3h Td]
Seat 1: Geddy8995 folded before Flop (didn't bet)
Seat 2: eddila collected ($1.94)
Seat 3: govash folded before Flop (didn't bet)
Seat 4: fomik33 folded before Flop (didn't bet)
Seat 5: Fer_Borelli (button) folded before Flop (didn't bet)
Seat 6: ciccio197242 (small blind) folded on the River
Seat 7: Dorex2007 (big blind) folded before Flop
Seat 8: randomgezzer folded before Flop (didn't bet)
Seat 9: onlyfoolsguy folded before Flop (didn't bet)



PokerStars Hand #238128839823:  Hold'em No Limit ($0.02/$0.05 USD) - 2022/08/21 9:59:50 PT [2022/08/21 12:59:50 ET]
Table 'Nuki II' 9-max Seat #6 is the button
Seat 1: Geddy8995 ($4.51 in chips) 
Seat 2: eddila ($5.94 in chips) 
Seat 3: govash ($5 in chips) 
Seat 4: fomik33 ($5.40 in chips) 
Seat 5: Fer_Borelli ($1.93 in chips) 
Seat 6: ciccio197242 ($1.34 in chips) 
Seat 7: Dorex2007 ($6.45 in chips) 
Seat 9: onlyfoolsguy ($4.35 in chips) 
Dorex2007: posts small blind $0.02
onlyfoolsguy: posts big blind $0.05
*** HOLE CARDS ***
Dealt to Dorex2007 [6s 6h]
Geddy8995: folds 
eddila is disconnected 
eddila is connected 
eddila has timed out
eddila: folds 
govash: folds 
fomik33: folds 
Dt_Hyde1 joins the table at seat #8 
Fer_Borelli: folds 
ciccio197242: calls $0.05
Dorex2007: calls $0.03
onlyfoolsguy: checks 
*** FLOP *** [2h 7d 8c]
Dorex2007: checks 
onlyfoolsguy: checks 
ciccio197242: checks 
*** TURN *** [2h 7d 8c] [Js]
Dorex2007: checks 
onlyfoolsguy: checks 
ciccio197242: checks 
*** RIVER *** [2h 7d 8c Js] [Jc]
Dorex2007: bets $0.09
onlyfoolsguy: folds 
ciccio197242: folds 
Uncalled bet ($0.09) returned to Dorex2007
Dorex2007 collected $0.14 from pot
Dorex2007: doesn't show hand 
*** SUMMARY ***
Total pot $0.15 | Rake $0.01 
Board [2h 7d 8c Js Jc]
Seat 1: Geddy8995 folded before Flop (didn't bet)
Seat 2: eddila folded before Flop (didn't bet)
Seat 3: govash folded before Flop (didn't bet)
Seat 4: fomik33 folded before Flop (didn't bet)
Seat 5: Fer_Borelli folded before Flop (didn't bet)
Seat 6: ciccio197242 (button) folded on the River
Seat 7: Dorex2007 (small blind) collected ($0.14)
Seat 9: onlyfoolsguy (big blind) folded on the River



PokerStars Hand #238128860012:  Hold'em No Limit ($0.02/$0.05 USD) - 2022/08/21 10:01:01 PT [2022/08/21 13:01:01 ET]
Table 'Nuki II' 9-max Seat #7 is the button
Seat 1: Geddy8995 ($4.51 in chips) 
Seat 3: govash ($5 in chips) 
Seat 4: fomik33 ($5.40 in chips) 
Seat 5: Fer_Borelli ($1.93 in chips) 
Seat 6: ciccio197242 ($1.29 in chips) 
Seat 7: Dorex2007 ($6.54 in chips) 
Seat 9: onlyfoolsguy ($4.30 in chips) 
eddila is disconnected 
onlyfoolsguy: posts small blind $0.02
Geddy8995: posts big blind $0.05
*** HOLE CARDS ***
Dealt to Dorex2007 [2c 4c]
govash: folds 
fomik33: raises $0.10 to $0.15
Fer_Borelli: calls $0.15
ciccio197242: folds 
Dorex2007: folds 
onlyfoolsguy: folds 
Geddy8995: raises $0.15 to $0.30
fomik33: calls $0.15
Fer_Borelli: calls $0.15
*** FLOP *** [2d 4s 5d]
Geddy8995: bets $0.65
fomik33: calls $0.65
Fer_Borelli: folds 
*** TURN *** [2d 4s 5d] [8s]
Geddy8995: checks 
fomik33: bets $1.21
Geddy8995: calls $1.21
*** RIVER *** [2d 4s 5d 8s] [Kc]
Geddy8995: bets $2.35 and is all-in
fomik33: folds 
Uncalled bet ($2.35) returned to Geddy8995
Geddy8995 collected $4.45 from pot
*** SUMMARY ***
Total pot $4.64 | Rake $0.19 
Board [2d 4s 5d 8s Kc]
Seat 1: Geddy8995 (big blind) collected ($4.45)
Seat 3: govash folded before Flop (didn't bet)
Seat 4: fomik33 folded on the River
Seat 5: Fer_Borelli folded on the Flop
Seat 6: ciccio197242 folded before Flop (didn't bet)
Seat 7: Dorex2007 (button) folded before Flop (didn't bet)
Seat 9: onlyfoolsguy (small blind) folded before Flop



PokerStars Hand #238128893653:  Hold'em No Limit ($0.02/$0.05 USD) - 2022/08/21 10:02:23 PT [2022/08/21 13:02:23 ET]
Table 'Nuki II' 9-max Seat #9 is the button
Seat 1: Geddy8995 ($6.80 in chips) 
Seat 2: eddila ($5.94 in chips) 
Seat 3: govash ($5 in chips) 
Seat 4: fomik33 ($5 in chips) 
Seat 5: Fer_Borelli ($1.63 in chips) 
Seat 6: ciccio197242 ($1.29 in chips) 
Seat 7: Dorex2007 ($6.54 in chips) 
Seat 9: onlyfoolsguy ($4.28 in chips) 
Geddy8995: posts small blind $0.02
eddila: posts big blind $0.05
Dt_Hyde1: sits out 
*** HOLE CARDS ***
Dealt to Dorex2007 [5d 3h]
govash: folds 
fomik33: folds 
Fer_Borelli: folds 
ciccio197242: folds 
Dorex2007: folds 
onlyfoolsguy: folds 
Geddy8995: raises $0.05 to $0.10
eddila: folds 
Uncalled bet ($0.05) returned to Geddy8995
Geddy8995 collected $0.10 from pot
*** SUMMARY ***
Total pot $0.10 | Rake $0 
Seat 1: Geddy8995 (small blind) collected ($0.10)
Seat 2: eddila (big blind) folded before Flop
Seat 3: govash folded before Flop (didn't bet)
Seat 4: fomik33 folded before Flop (didn't bet)
Seat 5: Fer_Borelli folded before Flop (didn't bet)
Seat 6: ciccio197242 folded before Flop (didn't bet)
Seat 7: Dorex2007 folded before Flop (didn't bet)
Seat 9: onlyfoolsguy (button) folded before Flop (didn't bet)



