PokerStars Hand #234362156066:  Hold'em No Limit ($0.01/$0.02 USD) - 2022/02/24 21:07:24 PT [2022/02/25 0:07:24 ET]
Table 'Potomac' 9-max Seat #7 is the button
Seat 1: dronf333 ($1.82 in chips) 
Seat 2: djkofi ($0.71 in chips) 
Seat 3: skyscraper369 ($1.78 in chips) 
Seat 4: shkolota1990 ($2.88 in chips) 
Seat 5: matt blakk ($0.92 in chips) 
Seat 6: Dorex2007 ($2 in chips) 
Seat 7: Testoronian ($8.62 in chips) 
Seat 8: mooresie28 ($1.90 in chips) 
Seat 9: egyrt845 ($3.69 in chips) 
mooresie28: posts small blind $0.01
egyrt845: posts big blind $0.02
Dorex2007: posts big blind $0.02
*** HOLE CARDS ***
Dealt to Dorex2007 [Js 4h]
dronf333: folds 
djkofi: folds 
skyscraper369: calls $0.02
shkolota1990: folds 
matt blakk: folds 
Dorex2007: checks 
Testoronian: folds 
mooresie28: calls $0.01
egyrt845: checks 
*** FLOP *** [4s 5s 8s]
mooresie28: checks 
egyrt845: checks 
skyscraper369: checks 
Dorex2007: checks 
*** TURN *** [4s 5s 8s] [8c]
mooresie28: checks 
egyrt845: checks 
skyscraper369: bets $0.06
Dorex2007: folds 
mooresie28: folds 
egyrt845: folds 
Uncalled bet ($0.06) returned to skyscraper369
skyscraper369 collected $0.08 from pot
skyscraper369: doesn't show hand 
*** SUMMARY ***
Total pot $0.08 | Rake $0 
Board [4s 5s 8s 8c]
Seat 1: dronf333 folded before Flop (didn't bet)
Seat 2: djkofi folded before Flop (didn't bet)
Seat 3: skyscraper369 collected ($0.08)
Seat 4: shkolota1990 folded before Flop (didn't bet)
Seat 5: matt blakk folded before Flop (didn't bet)
Seat 6: Dorex2007 folded on the Turn (didn't bet)
Seat 7: Testoronian (button) folded before Flop (didn't bet)
Seat 8: mooresie28 (small blind) folded on the Turn
Seat 9: egyrt845 (big blind) folded on the Turn



PokerStars Hand #234362168041:  Hold'em No Limit ($0.01/$0.02 USD) - 2022/02/24 21:08:41 PT [2022/02/25 0:08:41 ET]
Table 'Potomac' 9-max Seat #8 is the button
Seat 1: dronf333 ($1.82 in chips) 
Seat 2: djkofi ($0.71 in chips) 
Seat 4: shkolota1990 ($2.88 in chips) 
Seat 5: matt blakk ($0.92 in chips) 
Seat 6: Dorex2007 ($2 in chips) 
Seat 7: Testoronian ($8.62 in chips) 
Seat 8: mooresie28 ($1.88 in chips) 
Seat 9: egyrt845 ($3.67 in chips) 
egyrt845: posts small blind $0.01
dronf333: posts big blind $0.02
*** HOLE CARDS ***
Dealt to Dorex2007 [Jc Qc]
djkofi: raises $0.03 to $0.05
shkolota1990: folds 
matt blakk: folds 
Dorex2007: calls $0.05
Testoronian: folds 
mooresie28: folds 
egyrt845: folds 
dronf333: folds 
*** FLOP *** [Ts 6s 3d]
djkofi: checks 
skyscraper369 is disconnected 
Dorex2007: checks 
*** TURN *** [Ts 6s 3d] [3c]
djkofi: checks 
Dorex2007: checks 
*** RIVER *** [Ts 6s 3d 3c] [9c]
djkofi: checks 
Dorex2007: checks 
*** SHOW DOWN ***
djkofi: shows [Ad Kh] (a pair of Threes)
Dorex2007: mucks hand 
djkofi collected $0.13 from pot
*** SUMMARY ***
Total pot $0.13 | Rake $0 
Board [Ts 6s 3d 3c 9c]
Seat 1: dronf333 (big blind) folded before Flop
Seat 2: djkofi showed [Ad Kh] and won ($0.13) with a pair of Threes
Seat 4: shkolota1990 folded before Flop (didn't bet)
Seat 5: matt blakk folded before Flop (didn't bet)
Seat 6: Dorex2007 mucked [Jc Qc]
Seat 7: Testoronian folded before Flop (didn't bet)
Seat 8: mooresie28 (button) folded before Flop (didn't bet)
Seat 9: egyrt845 (small blind) folded before Flop



PokerStars Hand #234362178079:  Hold'em No Limit ($0.01/$0.02 USD) - 2022/02/24 21:09:47 PT [2022/02/25 0:09:47 ET]
Table 'Potomac' 9-max Seat #9 is the button
Seat 1: dronf333 ($1.80 in chips) 
Seat 2: djkofi ($0.79 in chips) 
Seat 4: shkolota1990 ($2.88 in chips) 
Seat 5: matt blakk ($0.92 in chips) 
Seat 6: Dorex2007 ($2 in chips) 
Seat 7: Testoronian ($8.62 in chips) 
Seat 8: mooresie28 ($1.88 in chips) 
Seat 9: egyrt845 ($3.66 in chips) 
dronf333: posts small blind $0.01
djkofi: posts big blind $0.02
*** HOLE CARDS ***
Dealt to Dorex2007 [Qh Th]
shkolota1990: folds 
matt blakk: folds 
Dorex2007: raises $0.02 to $0.04
Testoronian: folds 
mooresie28: folds 
egyrt845: folds 
dronf333: folds 
djkofi: folds 
Uncalled bet ($0.02) returned to Dorex2007
Dorex2007 collected $0.05 from pot
Dorex2007: doesn't show hand 
*** SUMMARY ***
Total pot $0.05 | Rake $0 
Seat 1: dronf333 (small blind) folded before Flop
Seat 2: djkofi (big blind) folded before Flop
Seat 4: shkolota1990 folded before Flop (didn't bet)
Seat 5: matt blakk folded before Flop (didn't bet)
Seat 6: Dorex2007 collected ($0.05)
Seat 7: Testoronian folded before Flop (didn't bet)
Seat 8: mooresie28 folded before Flop (didn't bet)
Seat 9: egyrt845 (button) folded before Flop (didn't bet)



PokerStars Hand #234362182204:  Hold'em No Limit ($0.01/$0.02 USD) - 2022/02/24 21:10:14 PT [2022/02/25 0:10:14 ET]
Table 'Potomac' 9-max Seat #1 is the button
Seat 1: dronf333 ($1.79 in chips) 
Seat 2: djkofi ($0.77 in chips) 
Seat 3: skyscraper369 ($1.84 in chips) 
Seat 4: shkolota1990 ($2.88 in chips) 
Seat 5: matt blakk ($0.92 in chips) 
Seat 6: Dorex2007 ($2.03 in chips) 
Seat 7: Testoronian ($8.62 in chips) 
Seat 8: mooresie28 ($1.88 in chips) 
Seat 9: egyrt845 ($3.66 in chips) 
djkofi: posts small blind $0.01
skyscraper369: posts big blind $0.02
*** HOLE CARDS ***
Dealt to Dorex2007 [Jd 3d]
shkolota1990: folds 
matt blakk: folds 
Dorex2007: folds 
Testoronian: folds 
mooresie28: raises $0.06 to $0.08
egyrt845: folds 
dronf333: folds 
djkofi: folds 
skyscraper369: calls $0.06
*** FLOP *** [6d Th 3c]
skyscraper369: bets $0.08
mooresie28: calls $0.08
*** TURN *** [6d Th 3c] [8d]
skyscraper369: checks 
mooresie28: bets $0.16
skyscraper369: folds 
Uncalled bet ($0.16) returned to mooresie28
mooresie28 collected $0.32 from pot
mooresie28: doesn't show hand 
*** SUMMARY ***
Total pot $0.33 | Rake $0.01 
Board [6d Th 3c 8d]
Seat 1: dronf333 (button) folded before Flop (didn't bet)
Seat 2: djkofi (small blind) folded before Flop
Seat 3: skyscraper369 (big blind) folded on the Turn
Seat 4: shkolota1990 folded before Flop (didn't bet)
Seat 5: matt blakk folded before Flop (didn't bet)
Seat 6: Dorex2007 folded before Flop (didn't bet)
Seat 7: Testoronian folded before Flop (didn't bet)
Seat 8: mooresie28 collected ($0.32)
Seat 9: egyrt845 folded before Flop (didn't bet)



PokerStars Hand #234362188553:  Hold'em No Limit ($0.01/$0.02 USD) - 2022/02/24 21:10:56 PT [2022/02/25 0:10:56 ET]
Table 'Potomac' 9-max Seat #2 is the button
Seat 1: dronf333 ($1.79 in chips) 
Seat 2: djkofi ($0.76 in chips) 
Seat 3: skyscraper369 ($1.68 in chips) 
Seat 4: shkolota1990 ($2.88 in chips) 
Seat 5: matt blakk ($0.92 in chips) 
Seat 6: Dorex2007 ($2.03 in chips) 
Seat 7: Testoronian ($8.62 in chips) 
Seat 8: mooresie28 ($2.04 in chips) 
Seat 9: egyrt845 ($3.66 in chips) 
skyscraper369: posts small blind $0.01
shkolota1990: posts big blind $0.02
*** HOLE CARDS ***
Dealt to Dorex2007 [7s 2h]
matt blakk: folds 
Dorex2007: folds 
Testoronian: folds 
mooresie28: folds 
egyrt845: raises $0.04 to $0.06
dronf333: folds 
djkofi: folds 
skyscraper369: folds 
shkolota1990: folds 
Uncalled bet ($0.04) returned to egyrt845
egyrt845 collected $0.05 from pot
*** SUMMARY ***
Total pot $0.05 | Rake $0 
Seat 1: dronf333 folded before Flop (didn't bet)
Seat 2: djkofi (button) folded before Flop (didn't bet)
Seat 3: skyscraper369 (small blind) folded before Flop
Seat 4: shkolota1990 (big blind) folded before Flop
Seat 5: matt blakk folded before Flop (didn't bet)
Seat 6: Dorex2007 folded before Flop (didn't bet)
Seat 7: Testoronian folded before Flop (didn't bet)
Seat 8: mooresie28 folded before Flop (didn't bet)
Seat 9: egyrt845 collected ($0.05)



PokerStars Hand #234362191761:  Hold'em No Limit ($0.01/$0.02 USD) - 2022/02/24 21:11:17 PT [2022/02/25 0:11:17 ET]
Table 'Potomac' 9-max Seat #3 is the button
Seat 1: dronf333 ($1.79 in chips) 
Seat 2: djkofi ($0.76 in chips) 
Seat 3: skyscraper369 ($1.67 in chips) 
Seat 4: shkolota1990 ($2.86 in chips) 
Seat 5: matt blakk ($0.92 in chips) 
Seat 6: Dorex2007 ($2.03 in chips) 
Seat 7: Testoronian ($8.62 in chips) 
Seat 8: mooresie28 ($2.04 in chips) 
Seat 9: egyrt845 ($3.69 in chips) 
shkolota1990: posts small blind $0.01
matt blakk: posts big blind $0.02
*** HOLE CARDS ***
Dealt to Dorex2007 [Kh 6h]
Dorex2007: folds 
Testoronian: folds 
mooresie28: folds 
egyrt845: folds 
dronf333: folds 
djkofi: raises $0.03 to $0.05
skyscraper369: calls $0.05
shkolota1990: folds 
matt blakk: folds 
*** FLOP *** [Jc 4d 5h]
djkofi: checks 
skyscraper369: bets $0.06
djkofi: folds 
Uncalled bet ($0.06) returned to skyscraper369
skyscraper369 collected $0.13 from pot
skyscraper369: doesn't show hand 
*** SUMMARY ***
Total pot $0.13 | Rake $0 
Board [Jc 4d 5h]
Seat 1: dronf333 folded before Flop (didn't bet)
Seat 2: djkofi folded on the Flop
Seat 3: skyscraper369 (button) collected ($0.13)
Seat 4: shkolota1990 (small blind) folded before Flop
Seat 5: matt blakk (big blind) folded before Flop
Seat 6: Dorex2007 folded before Flop (didn't bet)
Seat 7: Testoronian folded before Flop (didn't bet)
Seat 8: mooresie28 folded before Flop (didn't bet)
Seat 9: egyrt845 folded before Flop (didn't bet)



PokerStars Hand #234362197923:  Hold'em No Limit ($0.01/$0.02 USD) - 2022/02/24 21:11:56 PT [2022/02/25 0:11:56 ET]
Table 'Potomac' 9-max Seat #4 is the button
Seat 1: dronf333 ($1.79 in chips) 
Seat 2: djkofi ($0.71 in chips) 
Seat 3: skyscraper369 ($1.75 in chips) 
Seat 4: shkolota1990 ($2.85 in chips) 
Seat 5: matt blakk ($0.90 in chips) 
Seat 6: Dorex2007 ($2.03 in chips) 
Seat 7: Testoronian ($8.62 in chips) 
Seat 8: mooresie28 ($2.04 in chips) 
Seat 9: egyrt845 ($3.69 in chips) 
matt blakk: posts small blind $0.01
Dorex2007: posts big blind $0.02
*** HOLE CARDS ***
Dealt to Dorex2007 [2c Kh]
Testoronian: raises $0.03 to $0.05
mooresie28: folds 
egyrt845: folds 
dronf333: folds 
djkofi: folds 
skyscraper369: calls $0.05
shkolota1990: folds 
matt blakk: folds 
Dorex2007: folds 
*** FLOP *** [6c 3c Qs]
Testoronian: bets $0.04
skyscraper369: calls $0.04
*** TURN *** [6c 3c Qs] [Kd]
Testoronian: bets $0.10
skyscraper369: calls $0.10
*** RIVER *** [6c 3c Qs Kd] [8h]
Testoronian: checks 
skyscraper369: checks 
*** SHOW DOWN ***
Testoronian: shows [Ad Ks] (a pair of Kings)
skyscraper369: mucks hand 
Testoronian collected $0.40 from pot
*** SUMMARY ***
Total pot $0.41 | Rake $0.01 
Board [6c 3c Qs Kd 8h]
Seat 1: dronf333 folded before Flop (didn't bet)
Seat 2: djkofi folded before Flop (didn't bet)
Seat 3: skyscraper369 mucked [Qd 5s]
Seat 4: shkolota1990 (button) folded before Flop (didn't bet)
Seat 5: matt blakk (small blind) folded before Flop
Seat 6: Dorex2007 (big blind) folded before Flop
Seat 7: Testoronian showed [Ad Ks] and won ($0.40) with a pair of Kings
Seat 8: mooresie28 folded before Flop (didn't bet)
Seat 9: egyrt845 folded before Flop (didn't bet)



PokerStars Hand #234362205684:  Hold'em No Limit ($0.01/$0.02 USD) - 2022/02/24 21:12:47 PT [2022/02/25 0:12:47 ET]
Table 'Potomac' 9-max Seat #5 is the button
Seat 1: dronf333 ($1.79 in chips) 
Seat 2: djkofi ($0.71 in chips) 
Seat 3: skyscraper369 ($1.56 in chips) 
Seat 4: shkolota1990 ($2.85 in chips) 
Seat 5: matt blakk ($0.89 in chips) 
Seat 6: Dorex2007 ($2.01 in chips) 
Seat 7: Testoronian ($8.83 in chips) 
Seat 8: mooresie28 ($2.04 in chips) 
Seat 9: egyrt845 ($3.69 in chips) 
Dorex2007: posts small blind $0.01
Testoronian: posts big blind $0.02
*** HOLE CARDS ***
Dealt to Dorex2007 [3h Kh]
mooresie28: folds 
egyrt845: folds 
dronf333: folds 
djkofi: folds 
skyscraper369: raises $0.04 to $0.06
shkolota1990: calls $0.06
matt blakk: calls $0.06
Dorex2007: folds 
Testoronian: calls $0.04
*** FLOP *** [9h 3s Ac]
Testoronian: checks 
skyscraper369: checks 
shkolota1990: checks 
matt blakk: checks 
*** TURN *** [9h 3s Ac] [2d]
Testoronian: checks 
skyscraper369: checks 
shkolota1990: checks 
matt blakk: checks 
*** RIVER *** [9h 3s Ac 2d] [5h]
Testoronian: checks 
skyscraper369: checks 
shkolota1990: checks 
matt blakk: checks 
*** SHOW DOWN ***
Testoronian: shows [8s 8h] (a pair of Eights)
skyscraper369: mucks hand 
shkolota1990: shows [8c 8d] (a pair of Eights)
matt blakk: mucks hand 
Testoronian collected $0.12 from pot
shkolota1990 collected $0.12 from pot
*** SUMMARY ***
Total pot $0.25 | Rake $0.01 
Board [9h 3s Ac 2d 5h]
Seat 1: dronf333 folded before Flop (didn't bet)
Seat 2: djkofi folded before Flop (didn't bet)
Seat 3: skyscraper369 mucked [Jd Th]
Seat 4: shkolota1990 showed [8c 8d] and won ($0.12) with a pair of Eights
Seat 5: matt blakk (button) mucked [6s 6d]
Seat 6: Dorex2007 (small blind) folded before Flop
Seat 7: Testoronian (big blind) showed [8s 8h] and won ($0.12) with a pair of Eights
Seat 8: mooresie28 folded before Flop (didn't bet)
Seat 9: egyrt845 folded before Flop (didn't bet)



PokerStars Hand #234362219395:  Hold'em No Limit ($0.01/$0.02 USD) - 2022/02/24 21:14:16 PT [2022/02/25 0:14:16 ET]
Table 'Potomac' 9-max Seat #6 is the button
Seat 1: dronf333 ($1.79 in chips) 
Seat 2: djkofi ($0.71 in chips) 
Seat 3: skyscraper369 ($1.50 in chips) 
Seat 4: shkolota1990 ($2.91 in chips) 
Seat 5: matt blakk ($0.83 in chips) 
Seat 6: Dorex2007 ($2 in chips) 
Seat 7: Testoronian ($8.89 in chips) 
Seat 8: mooresie28 ($2.04 in chips) 
Seat 9: egyrt845 ($3.69 in chips) 
Testoronian: posts small blind $0.01
mooresie28: posts big blind $0.02
*** HOLE CARDS ***
Dealt to Dorex2007 [6s 3d]
matt blakk said, "sick"
egyrt845: folds 
dronf333: folds 
djkofi: folds 
skyscraper369: raises $0.04 to $0.06
shkolota1990: folds 
matt blakk: raises $0.15 to $0.21
Dorex2007: folds 
Testoronian: folds 
mooresie28: folds 
skyscraper369: folds 
Uncalled bet ($0.15) returned to matt blakk
matt blakk collected $0.15 from pot
*** SUMMARY ***
Total pot $0.15 | Rake $0 
Seat 1: dronf333 folded before Flop (didn't bet)
Seat 2: djkofi folded before Flop (didn't bet)
Seat 3: skyscraper369 folded before Flop
Seat 4: shkolota1990 folded before Flop (didn't bet)
Seat 5: matt blakk collected ($0.15)
Seat 6: Dorex2007 (button) folded before Flop (didn't bet)
Seat 7: Testoronian (small blind) folded before Flop
Seat 8: mooresie28 (big blind) folded before Flop
Seat 9: egyrt845 folded before Flop (didn't bet)



PokerStars Hand #234362222883:  Hold'em No Limit ($0.01/$0.02 USD) - 2022/02/24 21:14:38 PT [2022/02/25 0:14:38 ET]
Table 'Potomac' 9-max Seat #7 is the button
Seat 1: dronf333 ($1.79 in chips) 
Seat 2: djkofi ($0.71 in chips) 
Seat 3: skyscraper369 ($1.44 in chips) 
Seat 4: shkolota1990 ($2.91 in chips) 
Seat 5: matt blakk ($0.92 in chips) 
Seat 6: Dorex2007 ($2 in chips) 
Seat 7: Testoronian ($8.88 in chips) 
Seat 8: mooresie28 ($2.02 in chips) 
Seat 9: egyrt845 ($3.69 in chips) 
mooresie28: posts small blind $0.01
egyrt845: posts big blind $0.02
*** HOLE CARDS ***
Dealt to Dorex2007 [Jc Ks]
dronf333: folds 
djkofi: raises $0.03 to $0.05
skyscraper369: calls $0.05
shkolota1990: folds 
matt blakk: calls $0.05
Dorex2007: calls $0.05
Testoronian: folds 
mooresie28: folds 
egyrt845: calls $0.03
*** FLOP *** [9h 9s 4h]
egyrt845: checks 
djkofi: checks 
skyscraper369: checks 
matt blakk: bets $0.12
Dorex2007: folds 
egyrt845: folds 
djkofi: folds 
skyscraper369: calls $0.12
*** TURN *** [9h 9s 4h] [4c]
skyscraper369: checks 
matt blakk: checks 
*** RIVER *** [9h 9s 4h 4c] [6s]
skyscraper369: bets $0.24
matt blakk: calls $0.24
*** SHOW DOWN ***
skyscraper369: shows [Kh 9c] (a full house, Nines full of Fours)
matt blakk: mucks hand 
skyscraper369 collected $0.95 from pot
*** SUMMARY ***
Total pot $0.98 | Rake $0.03 
Board [9h 9s 4h 4c 6s]
Seat 1: dronf333 folded before Flop (didn't bet)
Seat 2: djkofi folded on the Flop
Seat 3: skyscraper369 showed [Kh 9c] and won ($0.95) with a full house, Nines full of Fours
Seat 4: shkolota1990 folded before Flop (didn't bet)
Seat 5: matt blakk mucked [6h 6d]
Seat 6: Dorex2007 folded on the Flop
Seat 7: Testoronian (button) folded before Flop (didn't bet)
Seat 8: mooresie28 (small blind) folded before Flop
Seat 9: egyrt845 (big blind) folded on the Flop



PokerStars Hand #234362235444:  Hold'em No Limit ($0.01/$0.02 USD) - 2022/02/24 21:16:01 PT [2022/02/25 0:16:01 ET]
Table 'Potomac' 9-max Seat #8 is the button
Seat 2: djkofi ($0.66 in chips) 
Seat 3: skyscraper369 ($1.98 in chips) 
Seat 4: shkolota1990 ($2.91 in chips) 
Seat 5: matt blakk ($0.80 in chips) 
Seat 6: Dorex2007 ($2 in chips) 
Seat 7: Testoronian ($8.88 in chips) 
Seat 8: mooresie28 ($2.01 in chips) 
Seat 9: egyrt845 ($3.64 in chips) 
egyrt845: posts small blind $0.01
dronf333: is sitting out 
djkofi: posts big blind $0.02
*** HOLE CARDS ***
Dealt to Dorex2007 [7s Ah]
skyscraper369: folds 
shkolota1990: folds 
matt blakk: folds 
Dorex2007: folds 
Testoronian: folds 
mooresie28: folds 
egyrt845: raises $0.04 to $0.06
djkofi: folds 
Uncalled bet ($0.04) returned to egyrt845
egyrt845 collected $0.04 from pot
*** SUMMARY ***
Total pot $0.04 | Rake $0 
Seat 2: djkofi (big blind) folded before Flop
Seat 3: skyscraper369 folded before Flop (didn't bet)
Seat 4: shkolota1990 folded before Flop (didn't bet)
Seat 5: matt blakk folded before Flop (didn't bet)
Seat 6: Dorex2007 folded before Flop (didn't bet)
Seat 7: Testoronian folded before Flop (didn't bet)
Seat 8: mooresie28 (button) folded before Flop (didn't bet)
Seat 9: egyrt845 (small blind) collected ($0.04)



PokerStars Hand #234362239111:  Hold'em No Limit ($0.01/$0.02 USD) - 2022/02/24 21:16:25 PT [2022/02/25 0:16:25 ET]
Table 'Potomac' 9-max Seat #9 is the button
Seat 2: djkofi ($0.64 in chips) 
Seat 3: skyscraper369 ($1.98 in chips) 
Seat 4: shkolota1990 ($2.91 in chips) 
Seat 5: matt blakk ($0.80 in chips) 
Seat 6: Dorex2007 ($2 in chips) 
Seat 7: Testoronian ($8.88 in chips) 
Seat 8: mooresie28 ($2.01 in chips) 
Seat 9: egyrt845 ($3.66 in chips) 
djkofi: posts small blind $0.01
skyscraper369: posts big blind $0.02
*** HOLE CARDS ***
Dealt to Dorex2007 [4s 9d]
shkolota1990: folds 
matt blakk: raises $0.04 to $0.06
Dorex2007: folds 
Testoronian: folds 
mooresie28: folds 
egyrt845: raises $0.15 to $0.21
djkofi: folds 
skyscraper369: folds 
matt blakk: raises $0.59 to $0.80 and is all-in
egyrt845: calls $0.59
*** FLOP *** [Kc Ah Ts]
*** TURN *** [Kc Ah Ts] [Jd]
*** RIVER *** [Kc Ah Ts Jd] [5s]
*** SHOW DOWN ***
matt blakk: shows [Jc As] (two pair, Aces and Jacks)
egyrt845: shows [6d 6c] (a pair of Sixes)
matt blakk collected $1.57 from pot
*** SUMMARY ***
Total pot $1.63 | Rake $0.06 
Board [Kc Ah Ts Jd 5s]
Seat 2: djkofi (small blind) folded before Flop
Seat 3: skyscraper369 (big blind) folded before Flop
Seat 4: shkolota1990 folded before Flop (didn't bet)
Seat 5: matt blakk showed [Jc As] and won ($1.57) with two pair, Aces and Jacks
Seat 6: Dorex2007 folded before Flop (didn't bet)
Seat 7: Testoronian folded before Flop (didn't bet)
Seat 8: mooresie28 folded before Flop (didn't bet)
Seat 9: egyrt845 (button) showed [6d 6c] and lost with a pair of Sixes



PokerStars Hand #234362246675:  Hold'em No Limit ($0.01/$0.02 USD) - 2022/02/24 21:17:15 PT [2022/02/25 0:17:15 ET]
Table 'Potomac' 9-max Seat #2 is the button
Seat 2: djkofi ($0.63 in chips) 
Seat 3: skyscraper369 ($1.96 in chips) 
Seat 4: shkolota1990 ($2.91 in chips) 
Seat 5: matt blakk ($1.57 in chips) 
Seat 6: Dorex2007 ($2 in chips) 
Seat 7: Testoronian ($8.88 in chips) 
Seat 8: mooresie28 ($2.01 in chips) 
Seat 9: egyrt845 ($2.86 in chips) 
skyscraper369: posts small blind $0.01
shkolota1990: posts big blind $0.02
*** HOLE CARDS ***
Dealt to Dorex2007 [Qh 2s]
matt blakk: folds 
Dorex2007: folds 
Testoronian: folds 
mooresie28: folds 
egyrt845: raises $0.04 to $0.06
djkofi: folds 
skyscraper369: calls $0.05
shkolota1990: calls $0.04
*** FLOP *** [Ks Tc 7s]
skyscraper369: bets $0.06
shkolota1990: calls $0.06
egyrt845: calls $0.06
*** TURN *** [Ks Tc 7s] [Kc]
skyscraper369: bets $0.10
shkolota1990: calls $0.10
egyrt845: raises $0.20 to $0.30
skyscraper369: calls $0.20
shkolota1990: calls $0.20
*** RIVER *** [Ks Tc 7s Kc] [4d]
skyscraper369: checks 
shkolota1990: checks 
egyrt845: bets $2.44 and is all-in
skyscraper369: folds 
shkolota1990: folds 
Uncalled bet ($2.44) returned to egyrt845
egyrt845 collected $1.22 from pot
*** SUMMARY ***
Total pot $1.26 | Rake $0.04 
Board [Ks Tc 7s Kc 4d]
Seat 2: djkofi (button) folded before Flop (didn't bet)
Seat 3: skyscraper369 (small blind) folded on the River
Seat 4: shkolota1990 (big blind) folded on the River
Seat 5: matt blakk folded before Flop (didn't bet)
Seat 6: Dorex2007 folded before Flop (didn't bet)
Seat 7: Testoronian folded before Flop (didn't bet)
Seat 8: mooresie28 folded before Flop (didn't bet)
Seat 9: egyrt845 collected ($1.22)



PokerStars Hand #234362263512:  Hold'em No Limit ($0.01/$0.02 USD) - 2022/02/24 21:19:04 PT [2022/02/25 0:19:04 ET]
Table 'Potomac' 9-max Seat #3 is the button
Seat 2: djkofi ($0.63 in chips) 
Seat 3: skyscraper369 ($1.54 in chips) 
Seat 4: shkolota1990 ($2.49 in chips) 
Seat 5: matt blakk ($1.57 in chips) 
Seat 6: Dorex2007 ($2 in chips) 
Seat 7: Testoronian ($8.88 in chips) 
Seat 8: mooresie28 ($2.01 in chips) 
Seat 9: egyrt845 ($3.66 in chips) 
shkolota1990: posts small blind $0.01
matt blakk: posts big blind $0.02
*** HOLE CARDS ***
Dealt to Dorex2007 [3d 4s]
Dorex2007: folds 
Testoronian: folds 
mooresie28: raises $0.02 to $0.04
egyrt845: folds 
djkofi: folds 
skyscraper369: calls $0.04
shkolota1990: folds 
matt blakk: raises $0.13 to $0.17
mooresie28: folds 
skyscraper369: folds 
Uncalled bet ($0.13) returned to matt blakk
matt blakk collected $0.13 from pot
matt blakk: doesn't show hand 
*** SUMMARY ***
Total pot $0.13 | Rake $0 
Seat 2: djkofi folded before Flop (didn't bet)
Seat 3: skyscraper369 (button) folded before Flop
Seat 4: shkolota1990 (small blind) folded before Flop
Seat 5: matt blakk (big blind) collected ($0.13)
Seat 6: Dorex2007 folded before Flop (didn't bet)
Seat 7: Testoronian folded before Flop (didn't bet)
Seat 8: mooresie28 folded before Flop
Seat 9: egyrt845 folded before Flop (didn't bet)



PokerStars Hand #234362268721:  Hold'em No Limit ($0.01/$0.02 USD) - 2022/02/24 21:19:38 PT [2022/02/25 0:19:38 ET]
Table 'Potomac' 9-max Seat #4 is the button
Seat 2: djkofi ($0.63 in chips) 
Seat 3: skyscraper369 ($1.50 in chips) 
Seat 4: shkolota1990 ($2.48 in chips) 
Seat 5: matt blakk ($1.66 in chips) 
Seat 6: Dorex2007 ($2 in chips) 
Seat 7: Testoronian ($8.88 in chips) 
Seat 8: mooresie28 ($1.97 in chips) 
Seat 9: egyrt845 ($3.66 in chips) 
matt blakk: posts small blind $0.01
Dorex2007: posts big blind $0.02
*** HOLE CARDS ***
Dealt to Dorex2007 [3c 3h]
Testoronian: folds 
mooresie28: folds 
egyrt845: folds 
djkofi: folds 
skyscraper369: raises $0.04 to $0.06
shkolota1990: folds 
matt blakk: folds 
Dorex2007: calls $0.04
*** FLOP *** [4d 2s Ac]
Dorex2007: checks 
skyscraper369: checks 
*** TURN *** [4d 2s Ac] [Ad]
Dorex2007: bets $0.13
skyscraper369: folds 
Uncalled bet ($0.13) returned to Dorex2007
Dorex2007 collected $0.13 from pot
Dorex2007: doesn't show hand 
*** SUMMARY ***
Total pot $0.13 | Rake $0 
Board [4d 2s Ac Ad]
Seat 2: djkofi folded before Flop (didn't bet)
Seat 3: skyscraper369 folded on the Turn
Seat 4: shkolota1990 (button) folded before Flop (didn't bet)
Seat 5: matt blakk (small blind) folded before Flop
Seat 6: Dorex2007 (big blind) collected ($0.13)
Seat 7: Testoronian folded before Flop (didn't bet)
Seat 8: mooresie28 folded before Flop (didn't bet)
Seat 9: egyrt845 folded before Flop (didn't bet)



PokerStars Hand #234362273012:  Hold'em No Limit ($0.01/$0.02 USD) - 2022/02/24 21:20:06 PT [2022/02/25 0:20:06 ET]
Table 'Potomac' 9-max Seat #5 is the button
Seat 2: djkofi ($0.63 in chips) 
Seat 3: skyscraper369 ($1.44 in chips) 
Seat 4: shkolota1990 ($2.48 in chips) 
Seat 5: matt blakk ($1.65 in chips) 
Seat 6: Dorex2007 ($2.07 in chips) 
Seat 7: Testoronian ($8.88 in chips) 
Seat 8: mooresie28 ($1.97 in chips) 
Seat 9: egyrt845 ($3.66 in chips) 
Dorex2007: posts small blind $0.01
Testoronian: posts big blind $0.02
*** HOLE CARDS ***
Dealt to Dorex2007 [Qc Jd]
mooresie28: folds 
egyrt845: folds 
djkofi: folds 
skyscraper369: calls $0.02
shkolota1990: folds 
matt blakk: folds 
Dorex2007: calls $0.01
Testoronian: checks 
*** FLOP *** [2s Qs 6s]
Dorex2007: bets $0.06
Testoronian: folds 
skyscraper369: calls $0.06
*** TURN *** [2s Qs 6s] [Ac]
Dorex2007: bets $0.09
skyscraper369: calls $0.09
*** RIVER *** [2s Qs 6s Ac] [2d]
Dorex2007: bets $0.18
skyscraper369: calls $0.18
*** SHOW DOWN ***
Dorex2007: shows [Qc Jd] (two pair, Queens and Deuces)
skyscraper369: shows [As 5d] (two pair, Aces and Deuces)
skyscraper369 collected $0.69 from pot
*** SUMMARY ***
Total pot $0.72 | Rake $0.03 
Board [2s Qs 6s Ac 2d]
Seat 2: djkofi folded before Flop (didn't bet)
Seat 3: skyscraper369 showed [As 5d] and won ($0.69) with two pair, Aces and Deuces
Seat 4: shkolota1990 folded before Flop (didn't bet)
Seat 5: matt blakk (button) folded before Flop (didn't bet)
Seat 6: Dorex2007 (small blind) showed [Qc Jd] and lost with two pair, Queens and Deuces
Seat 7: Testoronian (big blind) folded on the Flop
Seat 8: mooresie28 folded before Flop (didn't bet)
Seat 9: egyrt845 folded before Flop (didn't bet)



PokerStars Hand #234362279412:  Hold'em No Limit ($0.01/$0.02 USD) - 2022/02/24 21:20:48 PT [2022/02/25 0:20:48 ET]
Table 'Potomac' 9-max Seat #6 is the button
Seat 2: djkofi ($0.63 in chips) 
Seat 3: skyscraper369 ($1.78 in chips) 
Seat 4: shkolota1990 ($2.48 in chips) 
Seat 5: matt blakk ($1.65 in chips) 
Seat 6: Dorex2007 ($2 in chips) 
Seat 7: Testoronian ($8.86 in chips) 
Seat 8: mooresie28 ($1.97 in chips) 
Seat 9: egyrt845 ($3.66 in chips) 
Testoronian: posts small blind $0.01
mooresie28: posts big blind $0.02
*** HOLE CARDS ***
Dealt to Dorex2007 [Tc Ks]
egyrt845: folds 
djkofi: folds 
skyscraper369: raises $0.04 to $0.06
shkolota1990: folds 
matt blakk: folds 
Dorex2007: calls $0.06
Testoronian: folds 
mooresie28: calls $0.04
*** FLOP *** [2h Kd 8c]
mooresie28: checks 
skyscraper369: checks 
Dorex2007: bets $0.18
mooresie28: folds 
skyscraper369: folds 
Uncalled bet ($0.18) returned to Dorex2007
Dorex2007 collected $0.18 from pot
Dorex2007: doesn't show hand 
*** SUMMARY ***
Total pot $0.19 | Rake $0.01 
Board [2h Kd 8c]
Seat 2: djkofi folded before Flop (didn't bet)
Seat 3: skyscraper369 folded on the Flop
Seat 4: shkolota1990 folded before Flop (didn't bet)
Seat 5: matt blakk folded before Flop (didn't bet)
Seat 6: Dorex2007 (button) collected ($0.18)
Seat 7: Testoronian (small blind) folded before Flop
Seat 8: mooresie28 (big blind) folded on the Flop
Seat 9: egyrt845 folded before Flop (didn't bet)



PokerStars Hand #234362285994:  Hold'em No Limit ($0.01/$0.02 USD) - 2022/02/24 21:21:31 PT [2022/02/25 0:21:31 ET]
Table 'Potomac' 9-max Seat #7 is the button
Seat 2: djkofi ($0.63 in chips) 
Seat 3: skyscraper369 ($1.72 in chips) 
Seat 4: shkolota1990 ($2.48 in chips) 
Seat 5: matt blakk ($1.65 in chips) 
Seat 6: Dorex2007 ($2.12 in chips) 
Seat 7: Testoronian ($8.85 in chips) 
Seat 8: mooresie28 ($1.91 in chips) 
Seat 9: egyrt845 ($3.66 in chips) 
mooresie28: posts small blind $0.01
egyrt845: posts big blind $0.02
*** HOLE CARDS ***
Dealt to Dorex2007 [9c 6h]
djkofi: folds 
skyscraper369: folds 
shkolota1990: folds 
matt blakk: raises $0.04 to $0.06
Dorex2007: folds 
Testoronian: folds 
mooresie28: folds 
egyrt845: calls $0.04
*** FLOP *** [8d 8s As]
dronf333 leaves the table
egyrt845: checks 
matt blakk: bets $0.06
vostok63 joins the table at seat #1 
egyrt845: folds 
Uncalled bet ($0.06) returned to matt blakk
matt blakk collected $0.13 from pot
*** SUMMARY ***
Total pot $0.13 | Rake $0 
Board [8d 8s As]
Seat 2: djkofi folded before Flop (didn't bet)
Seat 3: skyscraper369 folded before Flop (didn't bet)
Seat 4: shkolota1990 folded before Flop (didn't bet)
Seat 5: matt blakk collected ($0.13)
Seat 6: Dorex2007 folded before Flop (didn't bet)
Seat 7: Testoronian (button) folded before Flop (didn't bet)
Seat 8: mooresie28 (small blind) folded before Flop
Seat 9: egyrt845 (big blind) folded on the Flop



PokerStars Hand #234362294746:  Hold'em No Limit ($0.01/$0.02 USD) - 2022/02/24 21:22:29 PT [2022/02/25 0:22:29 ET]
Table 'Potomac' 9-max Seat #8 is the button
Seat 1: vostok63 ($0.80 in chips) 
Seat 2: djkofi ($0.63 in chips) 
Seat 3: skyscraper369 ($1.72 in chips) 
Seat 4: shkolota1990 ($2.48 in chips) 
Seat 5: matt blakk ($1.72 in chips) 
Seat 6: Dorex2007 ($2.12 in chips) 
Seat 7: Testoronian ($8.85 in chips) 
Seat 8: mooresie28 ($1.90 in chips) 
Seat 9: egyrt845 ($3.60 in chips) 
egyrt845: posts small blind $0.01
vostok63: posts big blind $0.02
*** HOLE CARDS ***
Dealt to Dorex2007 [8c Kd]
djkofi: folds 
skyscraper369: calls $0.02
shkolota1990 has timed out
shkolota1990: folds 
matt blakk: folds 
Dorex2007: folds 
Testoronian: folds 
mooresie28: folds 
egyrt845: calls $0.01
vostok63: checks 
*** FLOP *** [5s Td 4s]
egyrt845: checks 
vostok63: checks 
skyscraper369: bets $0.03
egyrt845: folds 
vostok63: folds 
Uncalled bet ($0.03) returned to skyscraper369
skyscraper369 collected $0.06 from pot
skyscraper369: doesn't show hand 
*** SUMMARY ***
Total pot $0.06 | Rake $0 
Board [5s Td 4s]
Seat 1: vostok63 (big blind) folded on the Flop
Seat 2: djkofi folded before Flop (didn't bet)
Seat 3: skyscraper369 collected ($0.06)
Seat 4: shkolota1990 folded before Flop (didn't bet)
Seat 5: matt blakk folded before Flop (didn't bet)
Seat 6: Dorex2007 folded before Flop (didn't bet)
Seat 7: Testoronian folded before Flop (didn't bet)
Seat 8: mooresie28 (button) folded before Flop (didn't bet)
Seat 9: egyrt845 (small blind) folded on the Flop



PokerStars Hand #234362311147:  Hold'em No Limit ($0.01/$0.02 USD) - 2022/02/24 21:23:27 PT [2022/02/25 0:23:27 ET]
Table 'Potomac' 9-max Seat #9 is the button
Seat 1: vostok63 ($0.78 in chips) 
Seat 2: djkofi ($0.63 in chips) 
Seat 3: skyscraper369 ($1.76 in chips) 
Seat 4: shkolota1990 ($2.48 in chips) 
Seat 5: matt blakk ($1.72 in chips) 
Seat 6: Dorex2007 ($2.12 in chips) 
Seat 7: Testoronian ($8.85 in chips) 
Seat 8: mooresie28 ($1.90 in chips) 
Seat 9: egyrt845 ($3.58 in chips) 
vostok63: posts small blind $0.01
djkofi: posts big blind $0.02
*** HOLE CARDS ***
Dealt to Dorex2007 [Qs 3h]
skyscraper369: calls $0.02
shkolota1990: folds 
matt blakk: raises $0.04 to $0.06
Dorex2007: folds 
Testoronian: folds 
mooresie28: folds 
egyrt845: folds 
vostok63: folds 
djkofi: raises $0.07 to $0.13
skyscraper369: folds 
matt blakk: calls $0.07
*** FLOP *** [7d 4s 5s]
djkofi: checks 
matt blakk: checks 
*** TURN *** [7d 4s 5s] [Jd]
djkofi: checks 
matt blakk: bets $0.19
djkofi: calls $0.19
*** RIVER *** [7d 4s 5s Jd] [3c]
djkofi: bets $0.16
matt blakk: raises $0.16 to $0.32
djkofi: calls $0.15 and is all-in
Uncalled bet ($0.01) returned to matt blakk
*** SHOW DOWN ***
matt blakk: shows [Jc Kd] (a pair of Jacks)
djkofi: shows [As Ah] (a pair of Aces)
djkofi collected $1.24 from pot
*** SUMMARY ***
Total pot $1.29 | Rake $0.05 
Board [7d 4s 5s Jd 3c]
Seat 1: vostok63 (small blind) folded before Flop
Seat 2: djkofi (big blind) showed [As Ah] and won ($1.24) with a pair of Aces
Seat 3: skyscraper369 folded before Flop
Seat 4: shkolota1990 folded before Flop (didn't bet)
Seat 5: matt blakk showed [Jc Kd] and lost with a pair of Jacks
Seat 6: Dorex2007 folded before Flop (didn't bet)
Seat 7: Testoronian folded before Flop (didn't bet)
Seat 8: mooresie28 folded before Flop (didn't bet)
Seat 9: egyrt845 (button) folded before Flop (didn't bet)



PokerStars Hand #234362332441:  Hold'em No Limit ($0.01/$0.02 USD) - 2022/02/24 21:24:52 PT [2022/02/25 0:24:52 ET]
Table 'Potomac' 9-max Seat #1 is the button
Seat 1: vostok63 ($0.77 in chips) 
Seat 2: djkofi ($1.24 in chips) 
Seat 3: skyscraper369 ($1.74 in chips) 
Seat 4: shkolota1990 ($2.48 in chips) 
Seat 5: matt blakk ($1.09 in chips) 
Seat 6: Dorex2007 ($2.12 in chips) 
Seat 7: Testoronian ($8.85 in chips) 
Seat 8: mooresie28 ($1.90 in chips) 
Seat 9: egyrt845 ($3.58 in chips) 
djkofi: posts small blind $0.01
skyscraper369: posts big blind $0.02
*** HOLE CARDS ***
Dealt to Dorex2007 [Qh 6c]
shkolota1990: folds 
matt blakk: folds 
shkolota1990 leaves the table
Dorex2007: folds 
Testoronian: folds 
mooresie28: folds 
egyrt845: folds 
vostok63: calls $0.02
djkofi: raises $0.05 to $0.07
skyscraper369: folds 
vostok63: calls $0.05
*** FLOP *** [Qd Kd 8s]
djkofi: checks 
vostok63: bets $0.15
djkofi: calls $0.15
*** TURN *** [Qd Kd 8s] [5c]
djkofi: checks 
vostok63: bets $0.55 and is all-in
djkofi: calls $0.55
*** RIVER *** [Qd Kd 8s 5c] [Ts]
*** SHOW DOWN ***
djkofi: shows [6d 8d] (a pair of Eights)
vostok63: shows [Ks 9s] (a pair of Kings)
vostok63 collected $1.51 from pot
*** SUMMARY ***
Total pot $1.56 | Rake $0.05 
Board [Qd Kd 8s 5c Ts]
Seat 1: vostok63 (button) showed [Ks 9s] and won ($1.51) with a pair of Kings
Seat 2: djkofi (small blind) showed [6d 8d] and lost with a pair of Eights
Seat 3: skyscraper369 (big blind) folded before Flop
Seat 4: shkolota1990 folded before Flop (didn't bet)
Seat 5: matt blakk folded before Flop (didn't bet)
Seat 6: Dorex2007 folded before Flop (didn't bet)
Seat 7: Testoronian folded before Flop (didn't bet)
Seat 8: mooresie28 folded before Flop (didn't bet)
Seat 9: egyrt845 folded before Flop (didn't bet)



PokerStars Hand #234362344408:  Hold'em No Limit ($0.01/$0.02 USD) - 2022/02/24 21:26:12 PT [2022/02/25 0:26:12 ET]
Table 'Potomac' 9-max Seat #2 is the button
Seat 1: vostok63 ($1.51 in chips) 
Seat 2: djkofi ($0.47 in chips) 
Seat 3: skyscraper369 ($1.72 in chips) 
Seat 5: matt blakk ($1.09 in chips) 
Seat 6: Dorex2007 ($2.12 in chips) 
Seat 7: Testoronian ($8.85 in chips) 
Seat 8: mooresie28 ($1.90 in chips) 
Seat 9: egyrt845 ($3.58 in chips) 
skyscraper369: posts small blind $0.01
matt blakk: posts big blind $0.02
*** HOLE CARDS ***
Dealt to Dorex2007 [Ks 9s]
Dorex2007: folds 
Testoronian: folds 
mooresie28: folds 
egyrt845: folds 
vostok63: folds 
djkofi: folds 
skyscraper369: raises $0.04 to $0.06
matt blakk: folds 
Uncalled bet ($0.04) returned to skyscraper369
skyscraper369 collected $0.04 from pot
skyscraper369: doesn't show hand 
*** SUMMARY ***
Total pot $0.04 | Rake $0 
Seat 1: vostok63 folded before Flop (didn't bet)
Seat 2: djkofi (button) folded before Flop (didn't bet)
Seat 3: skyscraper369 (small blind) collected ($0.04)
Seat 5: matt blakk (big blind) folded before Flop
Seat 6: Dorex2007 folded before Flop (didn't bet)
Seat 7: Testoronian folded before Flop (didn't bet)
Seat 8: mooresie28 folded before Flop (didn't bet)
Seat 9: egyrt845 folded before Flop (didn't bet)



PokerStars Hand #234362349049:  Hold'em No Limit ($0.01/$0.02 USD) - 2022/02/24 21:26:43 PT [2022/02/25 0:26:43 ET]
Table 'Potomac' 9-max Seat #3 is the button
Seat 1: vostok63 ($1.51 in chips) 
Seat 2: djkofi ($0.47 in chips) 
Seat 3: skyscraper369 ($1.74 in chips) 
Seat 5: matt blakk ($1.07 in chips) 
Seat 6: Dorex2007 ($2.12 in chips) 
Seat 7: Testoronian ($8.85 in chips) 
Seat 8: mooresie28 ($1.90 in chips) 
Seat 9: egyrt845 ($3.58 in chips) 
matt blakk: posts small blind $0.01
Dorex2007: posts big blind $0.02
*** HOLE CARDS ***
Dealt to Dorex2007 [6d 8c]
Testoronian: folds 
mooresie28: folds 
egyrt845 has timed out
egyrt845: folds 
vostok63: folds 
djkofi: folds 
Taromsiti joins the table at seat #4 
skyscraper369: raises $0.04 to $0.06
matt blakk: folds 
Dorex2007: folds 
Uncalled bet ($0.04) returned to skyscraper369
skyscraper369 collected $0.05 from pot
skyscraper369: doesn't show hand 
*** SUMMARY ***
Total pot $0.05 | Rake $0 
Seat 1: vostok63 folded before Flop (didn't bet)
Seat 2: djkofi folded before Flop (didn't bet)
Seat 3: skyscraper369 (button) collected ($0.05)
Seat 5: matt blakk (small blind) folded before Flop
Seat 6: Dorex2007 (big blind) folded before Flop
Seat 7: Testoronian folded before Flop (didn't bet)
Seat 8: mooresie28 folded before Flop (didn't bet)
Seat 9: egyrt845 folded before Flop (didn't bet)



PokerStars Hand #234362352820:  Hold'em No Limit ($0.01/$0.02 USD) - 2022/02/24 21:27:09 PT [2022/02/25 0:27:09 ET]
Table 'Potomac' 9-max Seat #5 is the button
Seat 1: vostok63 ($1.51 in chips) 
Seat 2: djkofi ($0.47 in chips) 
Seat 3: skyscraper369 ($1.77 in chips) 
Seat 5: matt blakk ($1.06 in chips) 
Seat 6: Dorex2007 ($2.10 in chips) 
Seat 7: Testoronian ($8.85 in chips) 
Seat 8: mooresie28 ($1.90 in chips) 
Seat 9: egyrt845 ($3.58 in chips) 
Dorex2007: posts small blind $0.01
Testoronian: posts big blind $0.02
Taromsiti: sits out 
*** HOLE CARDS ***
Dealt to Dorex2007 [Ts 3c]
mooresie28: raises $0.02 to $0.04
egyrt845: folds 
vostok63: folds 
djkofi: raises $0.02 to $0.06
skyscraper369: folds 
matt blakk: folds 
Dorex2007: folds 
Testoronian: folds 
mooresie28: calls $0.02
*** FLOP *** [9s 6c 2s]
mooresie28: checks 
djkofi: checks 
*** TURN *** [9s 6c 2s] [9c]
mooresie28: bets $0.06
djkofi: folds 
Uncalled bet ($0.06) returned to mooresie28
mooresie28 collected $0.14 from pot
mooresie28: doesn't show hand 
*** SUMMARY ***
Total pot $0.15 | Rake $0.01 
Board [9s 6c 2s 9c]
Seat 1: vostok63 folded before Flop (didn't bet)
Seat 2: djkofi folded on the Turn
Seat 3: skyscraper369 folded before Flop (didn't bet)
Seat 5: matt blakk (button) folded before Flop (didn't bet)
Seat 6: Dorex2007 (small blind) folded before Flop
Seat 7: Testoronian (big blind) folded before Flop
Seat 8: mooresie28 collected ($0.14)
Seat 9: egyrt845 folded before Flop (didn't bet)



PokerStars Hand #234362361499:  Hold'em No Limit ($0.01/$0.02 USD) - 2022/02/24 21:28:07 PT [2022/02/25 0:28:07 ET]
Table 'Potomac' 9-max Seat #6 is the button
Seat 1: vostok63 ($1.51 in chips) 
Seat 2: djkofi ($0.41 in chips) 
Seat 3: skyscraper369 ($1.77 in chips) 
Seat 5: matt blakk ($1.06 in chips) 
Seat 6: Dorex2007 ($2.09 in chips) 
Seat 7: Testoronian ($8.83 in chips) 
Seat 8: mooresie28 ($1.98 in chips) 
Seat 9: egyrt845 ($3.58 in chips) 
Testoronian: posts small blind $0.01
mooresie28: posts big blind $0.02
Taromsiti: sits out 
*** HOLE CARDS ***
Dealt to Dorex2007 [4d Jc]
egyrt845: folds 
vostok63: calls $0.02
djkofi: raises $0.03 to $0.05
skyscraper369: calls $0.05
matt blakk: folds 
Dorex2007: folds 
Testoronian: folds 
mooresie28: folds 
vostok63: calls $0.03
*** FLOP *** [Th Qs 3c]
vostok63: checks 
djkofi: checks 
skyscraper369: checks 
*** TURN *** [Th Qs 3c] [Kc]
vostok63: checks 
djkofi: checks 
skyscraper369: bets $0.08
vostok63: folds 
djkofi: calls $0.08
*** RIVER *** [Th Qs 3c Kc] [As]
djkofi: bets $0.28 and is all-in
skyscraper369: folds 
Uncalled bet ($0.28) returned to djkofi
djkofi collected $0.33 from pot
djkofi: doesn't show hand 
*** SUMMARY ***
Total pot $0.34 | Rake $0.01 
Board [Th Qs 3c Kc As]
Seat 1: vostok63 folded on the Turn
Seat 2: djkofi collected ($0.33)
Seat 3: skyscraper369 folded on the River
Seat 5: matt blakk folded before Flop (didn't bet)
Seat 6: Dorex2007 (button) folded before Flop (didn't bet)
Seat 7: Testoronian (small blind) folded before Flop
Seat 8: mooresie28 (big blind) folded before Flop
Seat 9: egyrt845 folded before Flop (didn't bet)



PokerStars Hand #234362369656:  Hold'em No Limit ($0.01/$0.02 USD) - 2022/02/24 21:29:01 PT [2022/02/25 0:29:01 ET]
Table 'Potomac' 9-max Seat #7 is the button
Seat 1: vostok63 ($1.46 in chips) 
Seat 2: djkofi ($0.61 in chips) 
Seat 3: skyscraper369 ($1.64 in chips) 
Seat 5: matt blakk ($1.06 in chips) 
Seat 6: Dorex2007 ($2.09 in chips) 
Seat 7: Testoronian ($8.82 in chips) 
Seat 8: mooresie28 ($1.96 in chips) 
Seat 9: egyrt845 ($3.58 in chips) 
mooresie28: posts small blind $0.01
egyrt845: posts big blind $0.02
Taromsiti: sits out 
*** HOLE CARDS ***
Dealt to Dorex2007 [5d 4s]
vostok63: folds 
djkofi: folds 
skyscraper369: folds 
matt blakk: folds 
Dorex2007: folds 
Testoronian: folds 
mooresie28: raises $0.02 to $0.04
egyrt845: calls $0.02
*** FLOP *** [Js 8h 2s]
mooresie28: bets $0.06
egyrt845: folds 
Uncalled bet ($0.06) returned to mooresie28
mooresie28 collected $0.08 from pot
mooresie28: doesn't show hand 
*** SUMMARY ***
Total pot $0.08 | Rake $0 
Board [Js 8h 2s]
Seat 1: vostok63 folded before Flop (didn't bet)
Seat 2: djkofi folded before Flop (didn't bet)
Seat 3: skyscraper369 folded before Flop (didn't bet)
Seat 5: matt blakk folded before Flop (didn't bet)
Seat 6: Dorex2007 folded before Flop (didn't bet)
Seat 7: Testoronian (button) folded before Flop (didn't bet)
Seat 8: mooresie28 (small blind) collected ($0.08)
Seat 9: egyrt845 (big blind) folded on the Flop



PokerStars Hand #234362374815:  Hold'em No Limit ($0.01/$0.02 USD) - 2022/02/24 21:29:36 PT [2022/02/25 0:29:36 ET]
Table 'Potomac' 9-max Seat #8 is the button
Seat 1: vostok63 ($1.46 in chips) 
Seat 2: djkofi ($0.61 in chips) 
Seat 3: skyscraper369 ($1.64 in chips) 
Seat 5: matt blakk ($1.06 in chips) 
Seat 6: Dorex2007 ($2.09 in chips) 
Seat 7: Testoronian ($8.82 in chips) 
Seat 8: mooresie28 ($2 in chips) 
Seat 9: egyrt845 ($3.54 in chips) 
egyrt845: posts small blind $0.01
vostok63: posts big blind $0.02
Taromsiti: sits out 
*** HOLE CARDS ***
Dealt to Dorex2007 [7h 5d]
djkofi: folds 
skyscraper369: raises $0.04 to $0.06
matt blakk: folds 
Dorex2007: folds 
Testoronian: folds 
mooresie28: calls $0.06
egyrt845: folds 
vostok63: calls $0.04
*** FLOP *** [7d 9c Js]
vostok63: checks 
skyscraper369: bets $0.09
mooresie28: folds 
vostok63: folds 
Uncalled bet ($0.09) returned to skyscraper369
skyscraper369 collected $0.18 from pot
skyscraper369: doesn't show hand 
*** SUMMARY ***
Total pot $0.19 | Rake $0.01 
Board [7d 9c Js]
Seat 1: vostok63 (big blind) folded on the Flop
Seat 2: djkofi folded before Flop (didn't bet)
Seat 3: skyscraper369 collected ($0.18)
Seat 5: matt blakk folded before Flop (didn't bet)
Seat 6: Dorex2007 folded before Flop (didn't bet)
Seat 7: Testoronian folded before Flop (didn't bet)
Seat 8: mooresie28 (button) folded on the Flop
Seat 9: egyrt845 (small blind) folded before Flop



PokerStars Hand #234362381545:  Hold'em No Limit ($0.01/$0.02 USD) - 2022/02/24 21:30:22 PT [2022/02/25 0:30:22 ET]
Table 'Potomac' 9-max Seat #9 is the button
Seat 1: vostok63 ($1.40 in chips) 
Seat 2: djkofi ($0.61 in chips) 
Seat 3: skyscraper369 ($1.76 in chips) 
Seat 5: matt blakk ($1.06 in chips) 
Seat 6: Dorex2007 ($2.09 in chips) 
Seat 7: Testoronian ($8.82 in chips) 
Seat 8: mooresie28 ($1.94 in chips) 
Seat 9: egyrt845 ($3.53 in chips) 
vostok63: posts small blind $0.01
djkofi: posts big blind $0.02
Taromsiti: sits out 
*** HOLE CARDS ***
Dealt to Dorex2007 [3s Js]
skyscraper369 has timed out
skyscraper369: folds 
matt blakk: folds 
Dorex2007: folds 
Testoronian: folds 
mooresie28: raises $0.02 to $0.04
egyrt845: calls $0.04
vostok63: calls $0.03
djkofi: raises $0.04 to $0.08
mooresie28: folds 
egyrt845: calls $0.04
vostok63: calls $0.04
*** FLOP *** [4d 6h 7h]
vostok63: checks 
djkofi: checks 
egyrt845: checks 
*** TURN *** [4d 6h 7h] [Ac]
vostok63: bets $0.02
djkofi: folds 
egyrt845: raises $0.06 to $0.08
vostok63: calls $0.06
*** RIVER *** [4d 6h 7h Ac] [6c]
vostok63: checks 
egyrt845: bets $0.16
vostok63: calls $0.16
*** SHOW DOWN ***
egyrt845: shows [Tc Jd] (a pair of Sixes)
vostok63: shows [9s 6s] (three of a kind, Sixes)
vostok63 collected $0.73 from pot
*** SUMMARY ***
Total pot $0.76 | Rake $0.03 
Board [4d 6h 7h Ac 6c]
Seat 1: vostok63 (small blind) showed [9s 6s] and won ($0.73) with three of a kind, Sixes
Seat 2: djkofi (big blind) folded on the Turn
Seat 3: skyscraper369 folded before Flop (didn't bet)
Seat 5: matt blakk folded before Flop (didn't bet)
Seat 6: Dorex2007 folded before Flop (didn't bet)
Seat 7: Testoronian folded before Flop (didn't bet)
Seat 8: mooresie28 folded before Flop
Seat 9: egyrt845 (button) showed [Tc Jd] and lost with a pair of Sixes



PokerStars Hand #234362396833:  Hold'em No Limit ($0.01/$0.02 USD) - 2022/02/24 21:32:05 PT [2022/02/25 0:32:05 ET]
Table 'Potomac' 9-max Seat #1 is the button
Seat 1: vostok63 ($1.81 in chips) 
Seat 2: djkofi ($0.53 in chips) 
Seat 3: skyscraper369 ($1.76 in chips) 
Seat 5: matt blakk ($1.06 in chips) 
Seat 6: Dorex2007 ($2.09 in chips) 
Seat 7: Testoronian ($8.82 in chips) 
Seat 8: mooresie28 ($1.90 in chips) 
Seat 9: egyrt845 ($3.21 in chips) 
djkofi: posts small blind $0.01
skyscraper369: posts big blind $0.02
Taromsiti: sits out 
*** HOLE CARDS ***
Dealt to Dorex2007 [Kh 2s]
matt blakk: folds 
Dorex2007: folds 
Testoronian: folds 
mooresie28: folds 
egyrt845 has timed out
egyrt845: folds 
vostok63: folds 
djkofi: folds 
Uncalled bet ($0.01) returned to skyscraper369
skyscraper369 collected $0.02 from pot
skyscraper369: doesn't show hand 
*** SUMMARY ***
Total pot $0.02 | Rake $0 
Seat 1: vostok63 (button) folded before Flop (didn't bet)
Seat 2: djkofi (small blind) folded before Flop
Seat 3: skyscraper369 (big blind) collected ($0.02)
Seat 5: matt blakk folded before Flop (didn't bet)
Seat 6: Dorex2007 folded before Flop (didn't bet)
Seat 7: Testoronian folded before Flop (didn't bet)
Seat 8: mooresie28 folded before Flop (didn't bet)
Seat 9: egyrt845 folded before Flop (didn't bet)



PokerStars Hand #234362400053:  Hold'em No Limit ($0.01/$0.02 USD) - 2022/02/24 21:32:27 PT [2022/02/25 0:32:27 ET]
Table 'Potomac' 9-max Seat #2 is the button
Seat 1: vostok63 ($1.81 in chips) 
Seat 2: djkofi ($0.52 in chips) 
Seat 3: skyscraper369 ($1.77 in chips) 
Seat 4: Taromsiti ($1.60 in chips) 
Seat 5: matt blakk ($1.06 in chips) 
Seat 6: Dorex2007 ($2.09 in chips) 
Seat 7: Testoronian ($8.82 in chips) 
Seat 8: mooresie28 ($1.90 in chips) 
Seat 9: egyrt845 ($3.21 in chips) 
skyscraper369: posts small blind $0.01
Taromsiti: posts big blind $0.02
*** HOLE CARDS ***
Dealt to Dorex2007 [2s 8h]
matt blakk: folds 
Dorex2007: folds 
Testoronian: folds 
mooresie28: folds 
egyrt845: raises $0.04 to $0.06
vostok63: folds 
djkofi: folds 
skyscraper369: folds 
Taromsiti: folds 
Uncalled bet ($0.04) returned to egyrt845
egyrt845 collected $0.05 from pot
*** SUMMARY ***
Total pot $0.05 | Rake $0 
Seat 1: vostok63 folded before Flop (didn't bet)
Seat 2: djkofi (button) folded before Flop (didn't bet)
Seat 3: skyscraper369 (small blind) folded before Flop
Seat 4: Taromsiti (big blind) folded before Flop
Seat 5: matt blakk folded before Flop (didn't bet)
Seat 6: Dorex2007 folded before Flop (didn't bet)
Seat 7: Testoronian folded before Flop (didn't bet)
Seat 8: mooresie28 folded before Flop (didn't bet)
Seat 9: egyrt845 collected ($0.05)



PokerStars Hand #234362405168:  Hold'em No Limit ($0.01/$0.02 USD) - 2022/02/24 21:33:02 PT [2022/02/25 0:33:02 ET]
Table 'Potomac' 9-max Seat #3 is the button
Seat 1: vostok63 ($1.81 in chips) 
Seat 2: djkofi ($0.52 in chips) 
Seat 3: skyscraper369 ($1.76 in chips) 
Seat 4: Taromsiti ($1.58 in chips) 
Seat 5: matt blakk ($1.06 in chips) 
Seat 6: Dorex2007 ($2.09 in chips) 
Seat 7: Testoronian ($8.82 in chips) 
Seat 8: mooresie28 ($1.90 in chips) 
Seat 9: egyrt845 ($3.24 in chips) 
Taromsiti: posts small blind $0.01
matt blakk: posts big blind $0.02
*** HOLE CARDS ***
Dealt to Dorex2007 [As 5s]
Dorex2007: folds 
Testoronian: folds 
mooresie28: folds 
egyrt845: folds 
vostok63: calls $0.02
djkofi: folds 
skyscraper369: calls $0.02
Taromsiti: calls $0.01
matt blakk: checks 
*** FLOP *** [7d Kh 9s]
Taromsiti: checks 
matt blakk: checks 
vostok63: checks 
skyscraper369: checks 
*** TURN *** [7d Kh 9s] [Jh]
Taromsiti: checks 
matt blakk: checks 
vostok63: bets $0.02
skyscraper369: calls $0.02
Taromsiti: calls $0.02
matt blakk: folds 
*** RIVER *** [7d Kh 9s Jh] [4c]
Taromsiti: checks 
vostok63: bets $0.02
skyscraper369: folds 
Taromsiti: folds 
Uncalled bet ($0.02) returned to vostok63
vostok63 collected $0.14 from pot
*** SUMMARY ***
Total pot $0.14 | Rake $0 
Board [7d Kh 9s Jh 4c]
Seat 1: vostok63 collected ($0.14)
Seat 2: djkofi folded before Flop (didn't bet)
Seat 3: skyscraper369 (button) folded on the River
Seat 4: Taromsiti (small blind) folded on the River
Seat 5: matt blakk (big blind) folded on the Turn
Seat 6: Dorex2007 folded before Flop (didn't bet)
Seat 7: Testoronian folded before Flop (didn't bet)
Seat 8: mooresie28 folded before Flop (didn't bet)
Seat 9: egyrt845 folded before Flop (didn't bet)



PokerStars Hand #234362415856:  Hold'em No Limit ($0.01/$0.02 USD) - 2022/02/24 21:34:15 PT [2022/02/25 0:34:15 ET]
Table 'Potomac' 9-max Seat #4 is the button
Seat 1: vostok63 ($1.91 in chips) 
Seat 2: djkofi ($0.52 in chips) 
Seat 3: skyscraper369 ($1.72 in chips) 
Seat 4: Taromsiti ($1.54 in chips) 
Seat 5: matt blakk ($1.04 in chips) 
Seat 6: Dorex2007 ($2.09 in chips) 
Seat 7: Testoronian ($8.82 in chips) 
Seat 8: mooresie28 ($1.90 in chips) 
Seat 9: egyrt845 ($3.24 in chips) 
matt blakk: posts small blind $0.01
Dorex2007: posts big blind $0.02
*** HOLE CARDS ***
Dealt to Dorex2007 [Kc 8c]
Testoronian: folds 
mooresie28: folds 
egyrt845: folds 
vostok63: folds 
djkofi: raises $0.03 to $0.05
skyscraper369: calls $0.05
Taromsiti: folds 
matt blakk: folds 
Dorex2007: folds 
*** FLOP *** [Ks 7h 3c]
djkofi: checks 
skyscraper369: checks 
*** TURN *** [Ks 7h 3c] [3h]
djkofi: checks 
skyscraper369: checks 
*** RIVER *** [Ks 7h 3c 3h] [2h]
djkofi: checks 
skyscraper369: checks 
*** SHOW DOWN ***
djkofi: shows [5d 5s] (two pair, Fives and Threes)
skyscraper369: mucks hand 
djkofi collected $0.13 from pot
*** SUMMARY ***
Total pot $0.13 | Rake $0 
Board [Ks 7h 3c 3h 2h]
Seat 1: vostok63 folded before Flop (didn't bet)
Seat 2: djkofi showed [5d 5s] and won ($0.13) with two pair, Fives and Threes
Seat 3: skyscraper369 mucked [Tc 6c]
Seat 4: Taromsiti (button) folded before Flop (didn't bet)
Seat 5: matt blakk (small blind) folded before Flop
Seat 6: Dorex2007 (big blind) folded before Flop
Seat 7: Testoronian folded before Flop (didn't bet)
Seat 8: mooresie28 folded before Flop (didn't bet)
Seat 9: egyrt845 folded before Flop (didn't bet)



PokerStars Hand #234362428305:  Hold'em No Limit ($0.01/$0.02 USD) - 2022/02/24 21:35:17 PT [2022/02/25 0:35:17 ET]
Table 'Potomac' 9-max Seat #5 is the button
Seat 1: vostok63 ($1.91 in chips) 
Seat 2: djkofi ($0.60 in chips) 
Seat 3: skyscraper369 ($1.67 in chips) 
Seat 4: Taromsiti ($1.54 in chips) 
Seat 5: matt blakk ($1.03 in chips) 
Seat 6: Dorex2007 ($2.07 in chips) 
Seat 7: Testoronian ($8.82 in chips) 
Seat 8: mooresie28 ($1.90 in chips) 
Seat 9: egyrt845 ($3.24 in chips) 
Dorex2007: posts small blind $0.01
Testoronian: posts big blind $0.02
*** HOLE CARDS ***
Dealt to Dorex2007 [Kc 6c]
mooresie28: folds 
egyrt845: folds 
vostok63: calls $0.02
djkofi: folds 
skyscraper369 has timed out
skyscraper369: folds 
Taromsiti: calls $0.02
matt blakk: folds 
Dorex2007: calls $0.01
Testoronian: checks 
*** FLOP *** [7c 8h 4s]
Dorex2007: checks 
Testoronian: checks 
vostok63: checks 
Taromsiti: checks 
*** TURN *** [7c 8h 4s] [Kh]
Dorex2007: bets $0.05
Testoronian: folds 
vostok63: folds 
Taromsiti: folds 
Uncalled bet ($0.05) returned to Dorex2007
Dorex2007 collected $0.08 from pot
Dorex2007: doesn't show hand 
*** SUMMARY ***
Total pot $0.08 | Rake $0 
Board [7c 8h 4s Kh]
Seat 1: vostok63 folded on the Turn
Seat 2: djkofi folded before Flop (didn't bet)
Seat 3: skyscraper369 folded before Flop (didn't bet)
Seat 4: Taromsiti folded on the Turn
Seat 5: matt blakk (button) folded before Flop (didn't bet)
Seat 6: Dorex2007 (small blind) collected ($0.08)
Seat 7: Testoronian (big blind) folded on the Turn
Seat 8: mooresie28 folded before Flop (didn't bet)
Seat 9: egyrt845 folded before Flop (didn't bet)



PokerStars Hand #234362436130:  Hold'em No Limit ($0.01/$0.02 USD) - 2022/02/24 21:36:12 PT [2022/02/25 0:36:12 ET]
Table 'Potomac' 9-max Seat #6 is the button
Seat 1: vostok63 ($1.89 in chips) 
Seat 2: djkofi ($0.60 in chips) 
Seat 3: skyscraper369 ($1.67 in chips) 
Seat 4: Taromsiti ($1.52 in chips) 
Seat 5: matt blakk ($1.03 in chips) 
Seat 6: Dorex2007 ($2.13 in chips) 
Seat 7: Testoronian ($8.80 in chips) 
Seat 8: mooresie28 ($1.90 in chips) 
Seat 9: egyrt845 ($3.24 in chips) 
Testoronian: posts small blind $0.01
mooresie28: posts big blind $0.02
*** HOLE CARDS ***
Dealt to Dorex2007 [Kh 9c]
egyrt845: folds 
vostok63: folds 
djkofi: folds 
skyscraper369: calls $0.02
Taromsiti: folds 
matt blakk: calls $0.02
Dorex2007: folds 
Testoronian: folds 
mooresie28: checks 
*** FLOP *** [Jd 2s 4d]
mooresie28: checks 
skyscraper369: checks 
matt blakk: checks 
*** TURN *** [Jd 2s 4d] [6c]
mooresie28: checks 
skyscraper369: checks 
matt blakk: checks 
*** RIVER *** [Jd 2s 4d 6c] [Js]
mooresie28: checks 
skyscraper369: checks 
matt blakk: checks 
*** SHOW DOWN ***
mooresie28: shows [3c Ah] (a pair of Jacks)
skyscraper369: mucks hand 
matt blakk: shows [Ac 5d] (a pair of Jacks - Ace+Six+Five kicker)
matt blakk collected $0.07 from pot
*** SUMMARY ***
Total pot $0.07 | Rake $0 
Board [Jd 2s 4d 6c Js]
Seat 1: vostok63 folded before Flop (didn't bet)
Seat 2: djkofi folded before Flop (didn't bet)
Seat 3: skyscraper369 mucked [8h Qc]
Seat 4: Taromsiti folded before Flop (didn't bet)
Seat 5: matt blakk showed [Ac 5d] and won ($0.07) with a pair of Jacks
Seat 6: Dorex2007 (button) folded before Flop (didn't bet)
Seat 7: Testoronian (small blind) folded before Flop
Seat 8: mooresie28 (big blind) showed [3c Ah] and lost with a pair of Jacks
Seat 9: egyrt845 folded before Flop (didn't bet)



PokerStars Hand #234362443690:  Hold'em No Limit ($0.01/$0.02 USD) - 2022/02/24 21:37:03 PT [2022/02/25 0:37:03 ET]
Table 'Potomac' 9-max Seat #7 is the button
Seat 1: vostok63 ($1.89 in chips) 
Seat 2: djkofi ($0.60 in chips) 
Seat 4: Taromsiti ($1.52 in chips) 
Seat 5: matt blakk ($1.08 in chips) 
Seat 6: Dorex2007 ($2.13 in chips) 
Seat 7: Testoronian ($8.79 in chips) 
Seat 8: mooresie28 ($1.88 in chips) 
Seat 9: egyrt845 ($3.24 in chips) 
mooresie28: posts small blind $0.01
egyrt845: posts big blind $0.02
*** HOLE CARDS ***
Dealt to Dorex2007 [5h Kd]
vostok63: folds 
djkofi: folds 
Taromsiti: folds 
matt blakk: raises $0.04 to $0.06
Dorex2007: folds 
Testoronian: folds 
mooresie28: folds 
egyrt845: calls $0.04
*** FLOP *** [8d 5s 2c]
egyrt845: checks 
matt blakk: bets $0.09
egyrt845: folds 
Uncalled bet ($0.09) returned to matt blakk
matt blakk collected $0.13 from pot
*** SUMMARY ***
Total pot $0.13 | Rake $0 
Board [8d 5s 2c]
Seat 1: vostok63 folded before Flop (didn't bet)
Seat 2: djkofi folded before Flop (didn't bet)
Seat 4: Taromsiti folded before Flop (didn't bet)
Seat 5: matt blakk collected ($0.13)
Seat 6: Dorex2007 folded before Flop (didn't bet)
Seat 7: Testoronian (button) folded before Flop (didn't bet)
Seat 8: mooresie28 (small blind) folded before Flop
Seat 9: egyrt845 (big blind) folded on the Flop



PokerStars Hand #234362449806:  Hold'em No Limit ($0.01/$0.02 USD) - 2022/02/24 21:37:45 PT [2022/02/25 0:37:45 ET]
Table 'Potomac' 9-max Seat #8 is the button
Seat 1: vostok63 ($1.89 in chips) 
Seat 2: djkofi ($0.60 in chips) 
Seat 4: Taromsiti ($1.52 in chips) 
Seat 5: matt blakk ($1.15 in chips) 
Seat 6: Dorex2007 ($2.13 in chips) 
Seat 7: Testoronian ($8.79 in chips) 
Seat 8: mooresie28 ($1.87 in chips) 
Seat 9: egyrt845 ($3.18 in chips) 
egyrt845: posts small blind $0.01
vostok63: posts big blind $0.02
*** HOLE CARDS ***
Dealt to Dorex2007 [7s 7c]
skyscraper369 is disconnected 
djkofi: folds 
Taromsiti: folds 
matt blakk: folds 
Dorex2007: raises $0.02 to $0.04
Testoronian: folds 
mooresie28: folds 
egyrt845: calls $0.03
vostok63: calls $0.02
*** FLOP *** [3s Ad 8d]
egyrt845: checks 
vostok63: bets $0.02
Dorex2007: raises $0.08 to $0.10
egyrt845: folds 
vostok63: calls $0.08
*** TURN *** [3s Ad 8d] [Ah]
vostok63: bets $0.02
Dorex2007: calls $0.02
*** RIVER *** [3s Ad 8d Ah] [7h]
vostok63: bets $0.02
Dorex2007: raises $0.26 to $0.28
vostok63: folds 
Uncalled bet ($0.26) returned to Dorex2007
Dorex2007 collected $0.39 from pot
Dorex2007: doesn't show hand 
*** SUMMARY ***
Total pot $0.40 | Rake $0.01 
Board [3s Ad 8d Ah 7h]
Seat 1: vostok63 (big blind) folded on the River
Seat 2: djkofi folded before Flop (didn't bet)
Seat 4: Taromsiti folded before Flop (didn't bet)
Seat 5: matt blakk folded before Flop (didn't bet)
Seat 6: Dorex2007 collected ($0.39)
Seat 7: Testoronian folded before Flop (didn't bet)
Seat 8: mooresie28 (button) folded before Flop (didn't bet)
Seat 9: egyrt845 (small blind) folded on the Flop



PokerStars Hand #234362457035:  Hold'em No Limit ($0.01/$0.02 USD) - 2022/02/24 21:38:33 PT [2022/02/25 0:38:33 ET]
Table 'Potomac' 9-max Seat #9 is the button
Seat 1: vostok63 ($1.71 in chips) 
Seat 2: djkofi ($0.60 in chips) 
Seat 3: skyscraper369 ($1.65 in chips) 
Seat 4: Taromsiti ($1.52 in chips) 
Seat 5: matt blakk ($1.15 in chips) 
Seat 6: Dorex2007 ($2.34 in chips) 
Seat 7: Testoronian ($8.79 in chips) 
Seat 8: mooresie28 ($1.87 in chips) 
Seat 9: egyrt845 ($3.14 in chips) 
vostok63: posts small blind $0.01
djkofi: posts big blind $0.02
*** HOLE CARDS ***
Dealt to Dorex2007 [3s Qd]
skyscraper369: folds 
Taromsiti: folds 
matt blakk: raises $0.04 to $0.06
Dorex2007: folds 
Testoronian: folds 
mooresie28: folds 
egyrt845: folds 
vostok63: calls $0.05
djkofi: folds 
*** FLOP *** [6h As 9d]
vostok63: checks 
matt blakk: bets $0.10
vostok63: calls $0.10
*** TURN *** [6h As 9d] [7c]
vostok63: checks 
matt blakk: bets $0.16
vostok63: folds 
Uncalled bet ($0.16) returned to matt blakk
matt blakk collected $0.33 from pot
*** SUMMARY ***
Total pot $0.34 | Rake $0.01 
Board [6h As 9d 7c]
Seat 1: vostok63 (small blind) folded on the Turn
Seat 2: djkofi (big blind) folded before Flop
Seat 3: skyscraper369 folded before Flop (didn't bet)
Seat 4: Taromsiti folded before Flop (didn't bet)
Seat 5: matt blakk collected ($0.33)
Seat 6: Dorex2007 folded before Flop (didn't bet)
Seat 7: Testoronian folded before Flop (didn't bet)
Seat 8: mooresie28 folded before Flop (didn't bet)
Seat 9: egyrt845 (button) folded before Flop (didn't bet)



PokerStars Hand #234362466513:  Hold'em No Limit ($0.01/$0.02 USD) - 2022/02/24 21:39:37 PT [2022/02/25 0:39:37 ET]
Table 'Potomac' 9-max Seat #1 is the button
Seat 1: vostok63 ($1.55 in chips) 
Seat 2: djkofi ($0.58 in chips) 
Seat 3: skyscraper369 ($1.65 in chips) 
Seat 4: Taromsiti ($1.52 in chips) 
Seat 5: matt blakk ($1.32 in chips) 
Seat 6: Dorex2007 ($2.34 in chips) 
Seat 7: Testoronian ($8.79 in chips) 
Seat 8: mooresie28 ($1.87 in chips) 
Seat 9: egyrt845 ($3.14 in chips) 
djkofi: posts small blind $0.01
skyscraper369: posts big blind $0.02
*** HOLE CARDS ***
Dealt to Dorex2007 [7h Jh]
Taromsiti: folds 
matt blakk: raises $0.04 to $0.06
Dorex2007: folds 
Testoronian: folds 
mooresie28: folds 
egyrt845: calls $0.06
vostok63: calls $0.06
djkofi: folds 
skyscraper369: raises $0.04 to $0.10
matt blakk: raises $0.12 to $0.22
egyrt845: folds 
vostok63: calls $0.16
skyscraper369: raises $1.43 to $1.65 and is all-in
matt blakk: calls $1.10 and is all-in
vostok63: folds 
Uncalled bet ($0.33) returned to skyscraper369
*** FLOP *** [7s 5s 7c]
*** TURN *** [7s 5s 7c] [9s]
*** RIVER *** [7s 5s 7c 9s] [Jc]
*** SHOW DOWN ***
skyscraper369: shows [Qs Ac] (a pair of Sevens)
matt blakk: shows [Qc Qd] (two pair, Queens and Sevens)
matt blakk collected $2.83 from pot
*** SUMMARY ***
Total pot $2.93 | Rake $0.10 
Board [7s 5s 7c 9s Jc]
Seat 1: vostok63 (button) folded before Flop
Seat 2: djkofi (small blind) folded before Flop
Seat 3: skyscraper369 (big blind) showed [Qs Ac] and lost with a pair of Sevens
Seat 4: Taromsiti folded before Flop (didn't bet)
Seat 5: matt blakk showed [Qc Qd] and won ($2.83) with two pair, Queens and Sevens
Seat 6: Dorex2007 folded before Flop (didn't bet)
Seat 7: Testoronian folded before Flop (didn't bet)
Seat 8: mooresie28 folded before Flop (didn't bet)
Seat 9: egyrt845 folded before Flop



PokerStars Hand #234362474396:  Hold'em No Limit ($0.01/$0.02 USD) - 2022/02/24 21:40:31 PT [2022/02/25 0:40:31 ET]
Table 'Potomac' 9-max Seat #2 is the button
Seat 1: vostok63 ($1.33 in chips) 
Seat 2: djkofi ($0.57 in chips) 
Seat 3: skyscraper369 ($0.33 in chips) 
Seat 4: Taromsiti ($1.52 in chips) 
Seat 5: matt blakk ($2.83 in chips) 
Seat 6: Dorex2007 ($2.34 in chips) 
Seat 7: Testoronian ($8.79 in chips) 
Seat 8: mooresie28 ($1.87 in chips) 
Seat 9: egyrt845 ($3.08 in chips) 
skyscraper369: posts small blind $0.01
Taromsiti: posts big blind $0.02
*** HOLE CARDS ***
Dealt to Dorex2007 [6s 7c]
matt blakk: folds 
Dorex2007: folds 
Testoronian: folds 
mooresie28: folds 
egyrt845: folds 
vostok63: calls $0.02
djkofi: folds 
skyscraper369: calls $0.01
Taromsiti: checks 
*** FLOP *** [4c 3d 3s]
skyscraper369: checks 
Taromsiti: bets $0.02
vostok63: calls $0.02
skyscraper369: raises $0.02 to $0.04
Taromsiti: folds 
vostok63: folds 
Uncalled bet ($0.02) returned to skyscraper369
skyscraper369 collected $0.12 from pot
skyscraper369: doesn't show hand 
*** SUMMARY ***
Total pot $0.12 | Rake $0 
Board [4c 3d 3s]
Seat 1: vostok63 folded on the Flop
Seat 2: djkofi (button) folded before Flop (didn't bet)
Seat 3: skyscraper369 (small blind) collected ($0.12)
Seat 4: Taromsiti (big blind) folded on the Flop
Seat 5: matt blakk folded before Flop (didn't bet)
Seat 6: Dorex2007 folded before Flop (didn't bet)
Seat 7: Testoronian folded before Flop (didn't bet)
Seat 8: mooresie28 folded before Flop (didn't bet)
Seat 9: egyrt845 folded before Flop (didn't bet)



PokerStars Hand #234362479156:  Hold'em No Limit ($0.01/$0.02 USD) - 2022/02/24 21:41:04 PT [2022/02/25 0:41:04 ET]
Table 'Potomac' 9-max Seat #3 is the button
Seat 1: vostok63 ($1.29 in chips) 
Seat 2: djkofi ($0.57 in chips) 
Seat 3: skyscraper369 ($0.41 in chips) 
Seat 4: Taromsiti ($1.48 in chips) 
Seat 5: matt blakk ($2.83 in chips) 
Seat 6: Dorex2007 ($2.34 in chips) 
Seat 7: Testoronian ($8.79 in chips) 
Seat 8: mooresie28 ($1.87 in chips) 
Seat 9: egyrt845 ($3.08 in chips) 
Taromsiti: posts small blind $0.01
matt blakk: posts big blind $0.02
*** HOLE CARDS ***
Dealt to Dorex2007 [7s Jc]
Dorex2007: folds 
Testoronian: folds 
mooresie28: calls $0.02
egyrt845: folds 
vostok63: calls $0.02
djkofi: folds 
skyscraper369: folds 
Taromsiti: raises $0.08 to $0.10
matt blakk: folds 
mooresie28: folds 
vostok63: folds 
Uncalled bet ($0.08) returned to Taromsiti
Taromsiti collected $0.08 from pot
*** SUMMARY ***
Total pot $0.08 | Rake $0 
Seat 1: vostok63 folded before Flop
Seat 2: djkofi folded before Flop (didn't bet)
Seat 3: skyscraper369 (button) folded before Flop (didn't bet)
Seat 4: Taromsiti (small blind) collected ($0.08)
Seat 5: matt blakk (big blind) folded before Flop
Seat 6: Dorex2007 folded before Flop (didn't bet)
Seat 7: Testoronian folded before Flop (didn't bet)
Seat 8: mooresie28 folded before Flop
Seat 9: egyrt845 folded before Flop (didn't bet)



PokerStars Hand #234362483416:  Hold'em No Limit ($0.01/$0.02 USD) - 2022/02/24 21:41:34 PT [2022/02/25 0:41:34 ET]
Table 'Potomac' 9-max Seat #4 is the button
Seat 1: vostok63 ($1.27 in chips) 
Seat 2: djkofi ($0.57 in chips) 
Seat 3: skyscraper369 ($0.41 in chips) 
Seat 4: Taromsiti ($1.54 in chips) 
Seat 5: matt blakk ($2.81 in chips) 
Seat 6: Dorex2007 ($2.34 in chips) 
Seat 7: Testoronian ($8.79 in chips) 
Seat 8: mooresie28 ($1.85 in chips) 
Seat 9: egyrt845 ($3.08 in chips) 
matt blakk: posts small blind $0.01
Dorex2007: posts big blind $0.02
*** HOLE CARDS ***
Dealt to Dorex2007 [5c 6s]
Testoronian: raises $0.03 to $0.05
mooresie28: folds 
mooresie28 leaves the table
egyrt845 has timed out
egyrt845: folds 
vostok63: calls $0.05
djkofi: folds 
skyscraper369: raises $0.36 to $0.41 and is all-in
Taromsiti: folds 
matt blakk: calls $0.40
Dorex2007: folds 
Testoronian: folds 
vostok63: calls $0.36
*** FLOP *** [4d 4h Ts]
matt blakk: bets $0.59
vostok63: calls $0.59
*** TURN *** [4d 4h Ts] [Td]
matt blakk: bets $0.84
vostok63: calls $0.27 and is all-in
Uncalled bet ($0.57) returned to matt blakk
*** RIVER *** [4d 4h Ts Td] [2h]
*** SHOW DOWN ***
matt blakk: shows [Th Ac] (a full house, Tens full of Fours)
vostok63: shows [9c 9h] (two pair, Tens and Nines)
matt blakk collected $1.66 from side pot
skyscraper369: shows [Jh 7h] (two pair, Tens and Fours)
matt blakk collected $1.25 from main pot
*** SUMMARY ***
Total pot $3.02 Main pot $1.25. Side pot $1.66. | Rake $0.11 
Board [4d 4h Ts Td 2h]
Seat 1: vostok63 showed [9c 9h] and lost with two pair, Tens and Nines
Seat 2: djkofi folded before Flop (didn't bet)
Seat 3: skyscraper369 showed [Jh 7h] and lost with two pair, Tens and Fours
Seat 4: Taromsiti (button) folded before Flop (didn't bet)
Seat 5: matt blakk (small blind) showed [Th Ac] and won ($2.91) with a full house, Tens full of Fours
Seat 6: Dorex2007 (big blind) folded before Flop
Seat 7: Testoronian folded before Flop
Seat 8: mooresie28 folded before Flop (didn't bet)
Seat 9: egyrt845 folded before Flop (didn't bet)



PokerStars Hand #234362492790:  Hold'em No Limit ($0.01/$0.02 USD) - 2022/02/24 21:42:39 PT [2022/02/25 0:42:39 ET]
Table 'Potomac' 9-max Seat #5 is the button
Seat 2: djkofi ($0.57 in chips) 
Seat 4: Taromsiti ($1.54 in chips) 
Seat 5: matt blakk ($4.45 in chips) 
Seat 6: Dorex2007 ($2.32 in chips) 
Seat 7: Testoronian ($8.74 in chips) 
Dorex2007: posts small blind $0.01
Testoronian: posts big blind $0.02
*** HOLE CARDS ***
Dealt to Dorex2007 [Th 7d]
djkofi: folds 
Taromsiti: folds 
matt blakk: folds 
vostok63 leaves the table
Dorex2007: raises $0.02 to $0.04
skyscraper369 leaves the table
Testoronian: calls $0.02
*** FLOP *** [Kh 6d Ks]
Dorex2007: checks 
Testoronian: checks 
*** TURN *** [Kh 6d Ks] [3h]
Dorex2007: checks 
Testoronian: checks 
*** RIVER *** [Kh 6d Ks 3h] [Qc]
Dorex2007: bets $0.05
Testoronian: folds 
Uncalled bet ($0.05) returned to Dorex2007
Dorex2007 collected $0.08 from pot
Dorex2007: doesn't show hand 
*** SUMMARY ***
Total pot $0.08 | Rake $0 
Board [Kh 6d Ks 3h Qc]
Seat 2: djkofi folded before Flop (didn't bet)
Seat 4: Taromsiti folded before Flop (didn't bet)
Seat 5: matt blakk (button) folded before Flop (didn't bet)
Seat 6: Dorex2007 (small blind) collected ($0.08)
Seat 7: Testoronian (big blind) folded on the River



PokerStars Hand #234362497533:  Hold'em No Limit ($0.01/$0.02 USD) - 2022/02/24 21:43:12 PT [2022/02/25 0:43:12 ET]
Table 'Potomac' 9-max Seat #6 is the button
Seat 2: djkofi ($0.57 in chips) 
Seat 4: Taromsiti ($1.54 in chips) 
Seat 5: matt blakk ($4.45 in chips) 
Seat 6: Dorex2007 ($2.36 in chips) 
Seat 7: Testoronian ($8.70 in chips) 
Seat 9: egyrt845 ($3.08 in chips) 
Testoronian: posts small blind $0.01
egyrt845: posts big blind $0.02
*** HOLE CARDS ***
Dealt to Dorex2007 [Qc 6d]
djkofi: folds 
Taromsiti: raises $0.04 to $0.06
matt blakk: folds 
Dorex2007: folds 
Testoronian: folds 
egyrt845: folds 
Uncalled bet ($0.04) returned to Taromsiti
Taromsiti collected $0.05 from pot
*** SUMMARY ***
Total pot $0.05 | Rake $0 
Seat 2: djkofi folded before Flop (didn't bet)
Seat 4: Taromsiti collected ($0.05)
Seat 5: matt blakk folded before Flop (didn't bet)
Seat 6: Dorex2007 (button) folded before Flop (didn't bet)
Seat 7: Testoronian (small blind) folded before Flop
Seat 9: egyrt845 (big blind) folded before Flop



PokerStars Hand #234362502811:  Hold'em No Limit ($0.01/$0.02 USD) - 2022/02/24 21:43:48 PT [2022/02/25 0:43:48 ET]
Table 'Potomac' 9-max Seat #7 is the button
Seat 2: djkofi ($0.57 in chips) 
Seat 4: Taromsiti ($1.57 in chips) 
Seat 5: matt blakk ($4.45 in chips) 
Seat 6: Dorex2007 ($2.36 in chips) 
Seat 7: Testoronian ($8.69 in chips) 
Seat 9: egyrt845 ($3.06 in chips) 
egyrt845: posts small blind $0.01
djkofi: posts big blind $0.02
*** HOLE CARDS ***
Dealt to Dorex2007 [Ts Js]
Taromsiti: folds 
matt blakk: folds 
Dorex2007: raises $0.04 to $0.06
Testoronian: folds 
wowlisex joins the table at seat #1 
egyrt845: folds 
djkofi: folds 
Uncalled bet ($0.04) returned to Dorex2007
Dorex2007 collected $0.05 from pot
Dorex2007: doesn't show hand 
*** SUMMARY ***
Total pot $0.05 | Rake $0 
Seat 2: djkofi (big blind) folded before Flop
Seat 4: Taromsiti folded before Flop (didn't bet)
Seat 5: matt blakk folded before Flop (didn't bet)
Seat 6: Dorex2007 collected ($0.05)
Seat 7: Testoronian (button) folded before Flop (didn't bet)
Seat 9: egyrt845 (small blind) folded before Flop



PokerStars Hand #234362509502:  Hold'em No Limit ($0.01/$0.02 USD) - 2022/02/24 21:44:33 PT [2022/02/25 0:44:33 ET]
Table 'Potomac' 9-max Seat #9 is the button
Seat 2: djkofi ($0.55 in chips) 
Seat 4: Taromsiti ($1.57 in chips) 
Seat 5: matt blakk ($4.45 in chips) 
Seat 6: Dorex2007 ($2.39 in chips) 
Seat 7: Testoronian ($8.69 in chips) 
Seat 9: egyrt845 ($3.05 in chips) 
djkofi: posts small blind $0.01
Taromsiti: posts big blind $0.02
*** HOLE CARDS ***
Dealt to Dorex2007 [7d 5d]
matt blakk: folds 
Dorex2007: folds 
Testoronian: raises $0.03 to $0.05
egyrt845 has timed out
egyrt845: folds 
djkofi: folds 
Taromsiti: folds 
Uncalled bet ($0.03) returned to Testoronian
Testoronian collected $0.05 from pot
Testoronian: doesn't show hand 
*** SUMMARY ***
Total pot $0.05 | Rake $0 
Seat 2: djkofi (small blind) folded before Flop
Seat 4: Taromsiti (big blind) folded before Flop
Seat 5: matt blakk folded before Flop (didn't bet)
Seat 6: Dorex2007 folded before Flop (didn't bet)
Seat 7: Testoronian collected ($0.05)
Seat 9: egyrt845 (button) folded before Flop (didn't bet)



PokerStars Hand #234362514251:  Hold'em No Limit ($0.01/$0.02 USD) - 2022/02/24 21:45:05 PT [2022/02/25 0:45:05 ET]
Table 'Potomac' 9-max Seat #2 is the button
Seat 1: wowlisex ($0.87 in chips) 
Seat 2: djkofi ($0.54 in chips) 
Seat 4: Taromsiti ($1.55 in chips) 
Seat 5: matt blakk ($4.45 in chips) 
Seat 6: Dorex2007 ($2.39 in chips) 
Seat 7: Testoronian ($8.72 in chips) 
Taromsiti: posts small blind $0.01
matt blakk: posts big blind $0.02
wowlisex: posts big blind $0.02
*** HOLE CARDS ***
Dealt to Dorex2007 [4h 8d]
Dorex2007: folds 
Testoronian: folds 
wowlisex: raises $0.04 to $0.06
djkofi: folds 
Taromsiti: folds 
matt blakk: calls $0.04
*** FLOP *** [3s Ts 7d]
matt blakk: checks 
wowlisex: bets $0.07
matt blakk: folds 
Uncalled bet ($0.07) returned to wowlisex
wowlisex collected $0.13 from pot
*** SUMMARY ***
Total pot $0.13 | Rake $0 
Board [3s Ts 7d]
Seat 1: wowlisex collected ($0.13)
Seat 2: djkofi (button) folded before Flop (didn't bet)
Seat 4: Taromsiti (small blind) folded before Flop
Seat 5: matt blakk (big blind) folded on the Flop
Seat 6: Dorex2007 folded before Flop (didn't bet)
Seat 7: Testoronian folded before Flop (didn't bet)



PokerStars Hand #234362519646:  Hold'em No Limit ($0.01/$0.02 USD) - 2022/02/24 21:45:42 PT [2022/02/25 0:45:42 ET]
Table 'Potomac' 9-max Seat #4 is the button
Seat 1: wowlisex ($0.94 in chips) 
Seat 2: djkofi ($0.54 in chips) 
Seat 4: Taromsiti ($1.54 in chips) 
Seat 5: matt blakk ($4.39 in chips) 
Seat 6: Dorex2007 ($2.39 in chips) 
Seat 7: Testoronian ($8.72 in chips) 
Seat 9: egyrt845 ($3.05 in chips) 
matt blakk: posts small blind $0.01
Dorex2007: posts big blind $0.02
*** HOLE CARDS ***
Dealt to Dorex2007 [Ad 8c]
Testoronian: folds 
egyrt845: folds 
wowlisex: raises $0.02 to $0.04
djkofi: folds 
Taromsiti: folds 
matt blakk: calls $0.03
Dorex2007: folds 
*** FLOP *** [4c Jh Ac]
matt blakk: checks 
wowlisex: checks 
*** TURN *** [4c Jh Ac] [9c]
matt blakk: checks 
wowlisex: bets $0.10
rfirfibyvb[f joins the table at seat #8 
matt blakk: folds 
Uncalled bet ($0.10) returned to wowlisex
wowlisex collected $0.10 from pot
*** SUMMARY ***
Total pot $0.10 | Rake $0 
Board [4c Jh Ac 9c]
Seat 1: wowlisex collected ($0.10)
Seat 2: djkofi folded before Flop (didn't bet)
Seat 4: Taromsiti (button) folded before Flop (didn't bet)
Seat 5: matt blakk (small blind) folded on the Turn
Seat 6: Dorex2007 (big blind) folded before Flop
Seat 7: Testoronian folded before Flop (didn't bet)
Seat 9: egyrt845 folded before Flop (didn't bet)



PokerStars Hand #234362525845:  Hold'em No Limit ($0.01/$0.02 USD) - 2022/02/24 21:46:25 PT [2022/02/25 0:46:25 ET]
Table 'Potomac' 9-max Seat #6 is the button
Seat 1: wowlisex ($1 in chips) 
Seat 2: djkofi ($0.54 in chips) 
Seat 4: Taromsiti ($1.54 in chips) 
Seat 6: Dorex2007 ($2.37 in chips) 
Seat 7: Testoronian ($8.72 in chips) 
Seat 8: rfirfibyvb[f ($2 in chips) 
Seat 9: egyrt845 ($3.05 in chips) 
Testoronian: posts small blind $0.01
rfirfibyvb[f: posts big blind $0.02
*** HOLE CARDS ***
Dealt to Dorex2007 [3d Kc]
egyrt845: calls $0.02
wowlisex: raises $0.04 to $0.06
djkofi: folds 
maksim-2003 joins the table at seat #3 
Taromsiti: folds 
Dorex2007: folds 
Testoronian: folds 
rfirfibyvb[f: folds 
egyrt845: raises $0.15 to $0.21
wowlisex: calls $0.15
*** FLOP *** [8c Js Qd]
egyrt845: bets $0.22
wowlisex: calls $0.22
*** TURN *** [8c Js Qd] [4d]
egyrt845: bets $2.62 and is all-in
wowlisex: calls $0.57 and is all-in
Uncalled bet ($2.05) returned to egyrt845
*** RIVER *** [8c Js Qd 4d] [Ks]
*** SHOW DOWN ***
egyrt845: shows [2s 2d] (a pair of Deuces)
wowlisex: shows [As Ts] (a straight, Ten to Ace)
wowlisex collected $1.96 from pot
*** SUMMARY ***
Total pot $2.03 | Rake $0.07 
Board [8c Js Qd 4d Ks]
Seat 1: wowlisex showed [As Ts] and won ($1.96) with a straight, Ten to Ace
Seat 2: djkofi folded before Flop (didn't bet)
Seat 4: Taromsiti folded before Flop (didn't bet)
Seat 6: Dorex2007 (button) folded before Flop (didn't bet)
Seat 7: Testoronian (small blind) folded before Flop
Seat 8: rfirfibyvb[f (big blind) folded before Flop
Seat 9: egyrt845 showed [2s 2d] and lost with a pair of Deuces



PokerStars Hand #234362541427:  Hold'em No Limit ($0.01/$0.02 USD) - 2022/02/24 21:47:26 PT [2022/02/25 0:47:26 ET]
Table 'Potomac' 9-max Seat #7 is the button
Seat 1: wowlisex ($1.96 in chips) 
Seat 2: djkofi ($0.54 in chips) 
Seat 4: Taromsiti ($1.54 in chips) 
Seat 6: Dorex2007 ($2.37 in chips) 
Seat 7: Testoronian ($8.71 in chips) 
Seat 8: rfirfibyvb[f ($2 in chips) 
Seat 9: egyrt845 ($2.05 in chips) 
rfirfibyvb[f: posts small blind $0.01
egyrt845: posts big blind $0.02
maksim-2003: sits out 
*** HOLE CARDS ***
Dealt to Dorex2007 [Qc 6c]
wowlisex: folds 
djkofi: folds 
Taromsiti: folds 
Dorex2007: folds 
Testoronian: raises $0.03 to $0.05
rfirfibyvb[f: folds 
egyrt845: calls $0.03
*** FLOP *** [9c Qd 5d]
egyrt845: checks 
Testoronian: bets $0.04
egyrt845: raises $0.10 to $0.14
Testoronian: calls $0.10
*** TURN *** [9c Qd 5d] [5h]
egyrt845: bets $0.19
Testoronian: calls $0.19
*** RIVER *** [9c Qd 5d 5h] [Jh]
egyrt845: bets $0.74
Testoronian: raises $2.22 to $2.96
egyrt845: calls $0.93 and is all-in
Uncalled bet ($1.29) returned to Testoronian
*** SHOW DOWN ***
Testoronian: shows [Ks Kc] (two pair, Kings and Fives)
egyrt845: shows [Kd Qs] (two pair, Queens and Fives)
Testoronian collected $3.97 from pot
*** SUMMARY ***
Total pot $4.11 | Rake $0.14 
Board [9c Qd 5d 5h Jh]
Seat 1: wowlisex folded before Flop (didn't bet)
Seat 2: djkofi folded before Flop (didn't bet)
Seat 4: Taromsiti folded before Flop (didn't bet)
Seat 6: Dorex2007 folded before Flop (didn't bet)
Seat 7: Testoronian (button) showed [Ks Kc] and won ($3.97) with two pair, Kings and Fives
Seat 8: rfirfibyvb[f (small blind) folded before Flop
Seat 9: egyrt845 (big blind) showed [Kd Qs] and lost with two pair, Queens and Fives



PokerStars Hand #234362555478:  Hold'em No Limit ($0.01/$0.02 USD) - 2022/02/24 21:49:03 PT [2022/02/25 0:49:03 ET]
Table 'Potomac' 9-max Seat #8 is the button
Seat 1: wowlisex ($1.96 in chips) 
Seat 2: djkofi ($0.54 in chips) 
Seat 6: Dorex2007 ($2.37 in chips) 
Seat 7: Testoronian ($10.63 in chips) 
Seat 8: rfirfibyvb[f ($2 in chips) 
wowlisex: posts small blind $0.01
djkofi: posts big blind $0.02
maksim-2003: sits out 
*** HOLE CARDS ***
Dealt to Dorex2007 [Jh Jc]
Dorex2007: raises $0.02 to $0.04
Testoronian: folds 
rfirfibyvb[f: folds 
wowlisex: calls $0.03
djkofi: folds 
*** FLOP *** [7s Ah 6h]
wowlisex: checks 
Dorex2007: checks 
*** TURN *** [7s Ah 6h] [9c]
wowlisex: checks 
Dorex2007: bets $0.05
wowlisex: calls $0.05
*** RIVER *** [7s Ah 6h 9c] [8c]
wowlisex: bets $0.19
Dorex2007: folds 
Uncalled bet ($0.19) returned to wowlisex
wowlisex collected $0.19 from pot
*** SUMMARY ***
Total pot $0.20 | Rake $0.01 
Board [7s Ah 6h 9c 8c]
Seat 1: wowlisex (small blind) collected ($0.19)
Seat 2: djkofi (big blind) folded before Flop
Seat 6: Dorex2007 folded on the River
Seat 7: Testoronian folded before Flop (didn't bet)
Seat 8: rfirfibyvb[f (button) folded before Flop (didn't bet)



PokerStars Hand #234362562949:  Hold'em No Limit ($0.01/$0.02 USD) - 2022/02/24 21:49:55 PT [2022/02/25 0:49:55 ET]
Table 'Potomac' 9-max Seat #1 is the button
Seat 1: wowlisex ($2.06 in chips) 
Seat 2: djkofi ($0.52 in chips) 
Seat 3: maksim-2003 ($2 in chips) 
Seat 6: Dorex2007 ($2.28 in chips) 
Seat 7: Testoronian ($10.63 in chips) 
Seat 8: rfirfibyvb[f ($2 in chips) 
djkofi: posts small blind $0.01
maksim-2003: posts big blind $0.02
*** HOLE CARDS ***
Dealt to Dorex2007 [8d Jc]
Dorex2007: folds 
Testoronian: folds 
rfirfibyvb[f: folds 
wowlisex: folds 
djkofi: raises $0.03 to $0.05
maksim-2003: calls $0.03
*** FLOP *** [Jh 4s Th]
djkofi: checks 
maksim-2003: bets $0.05
djkofi: folds 
Uncalled bet ($0.05) returned to maksim-2003
maksim-2003 collected $0.10 from pot
maksim-2003: doesn't show hand 
*** SUMMARY ***
Total pot $0.10 | Rake $0 
Board [Jh 4s Th]
Seat 1: wowlisex (button) folded before Flop (didn't bet)
Seat 2: djkofi (small blind) folded on the Flop
Seat 3: maksim-2003 (big blind) collected ($0.10)
Seat 6: Dorex2007 folded before Flop (didn't bet)
Seat 7: Testoronian folded before Flop (didn't bet)
Seat 8: rfirfibyvb[f folded before Flop (didn't bet)



PokerStars Hand #234362566549:  Hold'em No Limit ($0.01/$0.02 USD) - 2022/02/24 21:50:20 PT [2022/02/25 0:50:20 ET]
Table 'Potomac' 9-max Seat #2 is the button
Seat 1: wowlisex ($2.06 in chips) 
Seat 2: djkofi ($0.47 in chips) 
Seat 3: maksim-2003 ($2.05 in chips) 
Seat 6: Dorex2007 ($2.28 in chips) 
Seat 7: Testoronian ($10.63 in chips) 
Seat 8: rfirfibyvb[f ($2 in chips) 
maksim-2003: posts small blind $0.01
Dorex2007: posts big blind $0.02
*** HOLE CARDS ***
Dealt to Dorex2007 [Ad 9d]
Testoronian: folds 
rfirfibyvb[f: raises $0.04 to $0.06
wowlisex: folds 
djkofi: folds 
maksim-2003: folds 
Dorex2007: calls $0.04
*** FLOP *** [3d 5s Tc]
Dorex2007: checks 
rfirfibyvb[f: checks 
*** TURN *** [3d 5s Tc] [4c]
Dorex2007: checks 
egyrt845 leaves the table
rfirfibyvb[f: checks 
*** RIVER *** [3d 5s Tc 4c] [2s]
Dorex2007: bets $0.07
rfirfibyvb[f: folds 
Uncalled bet ($0.07) returned to Dorex2007
Dorex2007 collected $0.13 from pot
Dorex2007: doesn't show hand 
*** SUMMARY ***
Total pot $0.13 | Rake $0 
Board [3d 5s Tc 4c 2s]
Seat 1: wowlisex folded before Flop (didn't bet)
Seat 2: djkofi (button) folded before Flop (didn't bet)
Seat 3: maksim-2003 (small blind) folded before Flop
Seat 6: Dorex2007 (big blind) collected ($0.13)
Seat 7: Testoronian folded before Flop (didn't bet)
Seat 8: rfirfibyvb[f folded on the River



PokerStars Hand #234362572268:  Hold'em No Limit ($0.01/$0.02 USD) - 2022/02/24 21:50:59 PT [2022/02/25 0:50:59 ET]
Table 'Potomac' 9-max Seat #3 is the button
Seat 1: wowlisex ($2.06 in chips) 
Seat 2: djkofi ($0.47 in chips) 
Seat 3: maksim-2003 ($2.04 in chips) 
Seat 6: Dorex2007 ($2.35 in chips) 
Seat 7: Testoronian ($10.63 in chips) 
Seat 8: rfirfibyvb[f ($2 in chips) 
Dorex2007: posts small blind $0.01
Testoronian: posts big blind $0.02
*** HOLE CARDS ***
Dealt to Dorex2007 [7d 5d]
rfirfibyvb[f: folds 
wowlisex: folds 
djkofi: folds 
maksim-2003: folds 
Dorex2007: calls $0.01
mooresie28 joins the table at seat #9 
Testoronian: checks 
*** FLOP *** [7c Qh 6c]
Dorex2007: checks 
matt blakk leaves the table
Testoronian: bets $0.02
Dorex2007: calls $0.02
*** TURN *** [7c Qh 6c] [3h]
Dorex2007: checks 
Testoronian: bets $0.04
Dorex2007: folds 
Uncalled bet ($0.04) returned to Testoronian
Testoronian collected $0.08 from pot
Testoronian: doesn't show hand 
*** SUMMARY ***
Total pot $0.08 | Rake $0 
Board [7c Qh 6c 3h]
Seat 1: wowlisex folded before Flop (didn't bet)
Seat 2: djkofi folded before Flop (didn't bet)
Seat 3: maksim-2003 (button) folded before Flop (didn't bet)
Seat 6: Dorex2007 (small blind) folded on the Turn
Seat 7: Testoronian (big blind) collected ($0.08)
Seat 8: rfirfibyvb[f folded before Flop (didn't bet)



PokerStars Hand #234362579986:  Hold'em No Limit ($0.01/$0.02 USD) - 2022/02/24 21:51:52 PT [2022/02/25 0:51:52 ET]
Table 'Potomac' 9-max Seat #6 is the button
Seat 1: wowlisex ($2.06 in chips) 
Seat 2: djkofi ($0.47 in chips) 
Seat 3: maksim-2003 ($2.04 in chips) 
Seat 6: Dorex2007 ($2.31 in chips) 
Seat 7: Testoronian ($10.67 in chips) 
Seat 8: rfirfibyvb[f ($2 in chips) 
Testoronian: posts small blind $0.01
rfirfibyvb[f: posts big blind $0.02
mooresie28: sits out 
*** HOLE CARDS ***
Dealt to Dorex2007 [Tc 9h]
wowlisex: raises $0.04 to $0.06
djkofi: folds 
maksim-2003: folds 
Dorex2007: folds 
Testoronian: folds 
rfirfibyvb[f: folds 
Uncalled bet ($0.04) returned to wowlisex
wowlisex collected $0.05 from pot
*** SUMMARY ***
Total pot $0.05 | Rake $0 
Seat 1: wowlisex collected ($0.05)
Seat 2: djkofi folded before Flop (didn't bet)
Seat 3: maksim-2003 folded before Flop (didn't bet)
Seat 6: Dorex2007 (button) folded before Flop (didn't bet)
Seat 7: Testoronian (small blind) folded before Flop
Seat 8: rfirfibyvb[f (big blind) folded before Flop



PokerStars Hand #234362581675:  Hold'em No Limit ($0.01/$0.02 USD) - 2022/02/24 21:52:04 PT [2022/02/25 0:52:04 ET]
Table 'Potomac' 9-max Seat #7 is the button
Seat 1: wowlisex ($2.09 in chips) 
Seat 2: djkofi ($0.47 in chips) 
Seat 3: maksim-2003 ($2.04 in chips) 
Seat 6: Dorex2007 ($2.31 in chips) 
Seat 7: Testoronian ($10.66 in chips) 
Seat 8: rfirfibyvb[f ($2 in chips) 
Seat 9: mooresie28 ($1.85 in chips) 
rfirfibyvb[f: posts small blind $0.01
mooresie28: posts big blind $0.02
*** HOLE CARDS ***
Dealt to Dorex2007 [Ad 4c]
wowlisex: raises $0.02 to $0.04
djkofi: folds 
maksim-2003: folds 
Dorex2007: folds 
Testoronian: folds 
rfirfibyvb[f: calls $0.03
mooresie28: calls $0.02
*** FLOP *** [Qs Qh Tc]
rfirfibyvb[f: checks 
23_KUBAN_71 joins the table at seat #5 
mooresie28: checks 
wowlisex: checks 
*** TURN *** [Qs Qh Tc] [Ac]
rfirfibyvb[f: checks 
mooresie28: checks 
wowlisex: checks 
*** RIVER *** [Qs Qh Tc Ac] [5h]
rfirfibyvb[f: bets $0.18
mooresie28: folds 
wowlisex: folds 
Uncalled bet ($0.18) returned to rfirfibyvb[f
rfirfibyvb[f collected $0.12 from pot
rfirfibyvb[f: doesn't show hand 
*** SUMMARY ***
Total pot $0.12 | Rake $0 
Board [Qs Qh Tc Ac 5h]
Seat 1: wowlisex folded on the River
Seat 2: djkofi folded before Flop (didn't bet)
Seat 3: maksim-2003 folded before Flop (didn't bet)
Seat 6: Dorex2007 folded before Flop (didn't bet)
Seat 7: Testoronian (button) folded before Flop (didn't bet)
Seat 8: rfirfibyvb[f (small blind) collected ($0.12)
Seat 9: mooresie28 (big blind) folded on the River



PokerStars Hand #234362585617:  Hold'em No Limit ($0.01/$0.02 USD) - 2022/02/24 21:52:32 PT [2022/02/25 0:52:32 ET]
Table 'Potomac' 9-max Seat #8 is the button
Seat 1: wowlisex ($2.05 in chips) 
Seat 2: djkofi ($0.47 in chips) 
Seat 3: maksim-2003 ($2.04 in chips) 
Seat 6: Dorex2007 ($2.31 in chips) 
Seat 7: Testoronian ($10.66 in chips) 
Seat 8: rfirfibyvb[f ($2.08 in chips) 
Seat 9: mooresie28 ($1.81 in chips) 
mooresie28: posts small blind $0.01
wowlisex: posts big blind $0.02
23_KUBAN_71: sits out 
*** HOLE CARDS ***
Dealt to Dorex2007 [Ah 7d]
djkofi: folds 
maksim-2003: folds 
Dorex2007: folds 
Testoronian: raises $0.03 to $0.05
rfirfibyvb[f: folds 
mooresie28: folds 
wowlisex: calls $0.03
*** FLOP *** [2s 8h 5s]
wowlisex: checks 
Testoronian: bets $0.04
wowlisex: raises $0.04 to $0.08
Testoronian: calls $0.04
*** TURN *** [2s 8h 5s] [4d]
wowlisex: bets $0.26
Testoronian: folds 
Uncalled bet ($0.26) returned to wowlisex
wowlisex collected $0.26 from pot
*** SUMMARY ***
Total pot $0.27 | Rake $0.01 
Board [2s 8h 5s 4d]
Seat 1: wowlisex (big blind) collected ($0.26)
Seat 2: djkofi folded before Flop (didn't bet)
Seat 3: maksim-2003 folded before Flop (didn't bet)
Seat 6: Dorex2007 folded before Flop (didn't bet)
Seat 7: Testoronian folded on the Turn
Seat 8: rfirfibyvb[f (button) folded before Flop (didn't bet)
Seat 9: mooresie28 (small blind) folded before Flop



PokerStars Hand #234362605667:  Hold'em No Limit ($0.01/$0.02 USD) - 2022/02/24 21:53:45 PT [2022/02/25 0:53:45 ET]
Table 'Potomac' 9-max Seat #9 is the button
Seat 1: wowlisex ($2.18 in chips) 
Seat 2: djkofi ($0.47 in chips) 
Seat 3: maksim-2003 ($2.04 in chips) 
Seat 6: Dorex2007 ($2.31 in chips) 
Seat 7: Testoronian ($10.53 in chips) 
Seat 8: rfirfibyvb[f ($2.08 in chips) 
Seat 9: mooresie28 ($1.80 in chips) 
wowlisex: posts small blind $0.01
djkofi: posts big blind $0.02
23_KUBAN_71: sits out 
*** HOLE CARDS ***
Dealt to Dorex2007 [8c 7c]
maksim-2003: raises $0.03 to $0.05
Dorex2007: folds 
Testoronian: folds 
rfirfibyvb[f: folds 
mooresie28: calls $0.05
wowlisex: folds 
djkofi: folds 
*** FLOP *** [As 3h Qs]
maksim-2003: bets $0.05
mooresie28: folds 
Uncalled bet ($0.05) returned to maksim-2003
maksim-2003 collected $0.13 from pot
maksim-2003: doesn't show hand 
*** SUMMARY ***
Total pot $0.13 | Rake $0 
Board [As 3h Qs]
Seat 1: wowlisex (small blind) folded before Flop
Seat 2: djkofi (big blind) folded before Flop
Seat 3: maksim-2003 collected ($0.13)
Seat 6: Dorex2007 folded before Flop (didn't bet)
Seat 7: Testoronian folded before Flop (didn't bet)
Seat 8: rfirfibyvb[f folded before Flop (didn't bet)
Seat 9: mooresie28 (button) folded on the Flop



PokerStars Hand #234362608267:  Hold'em No Limit ($0.01/$0.02 USD) - 2022/02/24 21:54:03 PT [2022/02/25 0:54:03 ET]
Table 'Potomac' 9-max Seat #1 is the button
Seat 1: wowlisex ($2.17 in chips) 
Seat 2: djkofi ($0.45 in chips) 
Seat 3: maksim-2003 ($2.12 in chips) 
Seat 6: Dorex2007 ($2.31 in chips) 
Seat 7: Testoronian ($10.53 in chips) 
Seat 8: rfirfibyvb[f ($2.08 in chips) 
Seat 9: mooresie28 ($1.75 in chips) 
djkofi: posts small blind $0.01
maksim-2003: posts big blind $0.02
23_KUBAN_71: sits out 
*** HOLE CARDS ***
Dealt to Dorex2007 [3c 2h]
Dorex2007: folds 
Testoronian: folds 
rfirfibyvb[f: folds 
mooresie28: folds 
wowlisex: folds 
djkofi: folds 
Uncalled bet ($0.01) returned to maksim-2003
maksim-2003 collected $0.02 from pot
maksim-2003: doesn't show hand 
*** SUMMARY ***
Total pot $0.02 | Rake $0 
Seat 1: wowlisex (button) folded before Flop (didn't bet)
Seat 2: djkofi (small blind) folded before Flop
Seat 3: maksim-2003 (big blind) collected ($0.02)
Seat 6: Dorex2007 folded before Flop (didn't bet)
Seat 7: Testoronian folded before Flop (didn't bet)
Seat 8: rfirfibyvb[f folded before Flop (didn't bet)
Seat 9: mooresie28 folded before Flop (didn't bet)



PokerStars Hand #234362609577:  Hold'em No Limit ($0.01/$0.02 USD) - 2022/02/24 21:54:12 PT [2022/02/25 0:54:12 ET]
Table 'Potomac' 9-max Seat #2 is the button
Seat 1: wowlisex ($2.17 in chips) 
Seat 2: djkofi ($0.44 in chips) 
Seat 3: maksim-2003 ($2.13 in chips) 
Seat 5: 23_KUBAN_71 ($0.80 in chips) 
Seat 6: Dorex2007 ($2.31 in chips) 
Seat 7: Testoronian ($10.53 in chips) 
Seat 8: rfirfibyvb[f ($2.08 in chips) 
Seat 9: mooresie28 ($1.75 in chips) 
maksim-2003: posts small blind $0.01
23_KUBAN_71: posts big blind $0.02
*** HOLE CARDS ***
Dealt to Dorex2007 [3s 8c]
Dorex2007: folds 
Testoronian: folds 
rfirfibyvb[f: folds 
mooresie28: raises $0.04 to $0.06
wowlisex: calls $0.06
djkofi: folds 
maksim-2003: folds 
23_KUBAN_71: folds 
*** FLOP *** [4s 7d Th]
mooresie28: bets $0.09
wowlisex: calls $0.09
*** TURN *** [4s 7d Th] [9h]
mooresie28: bets $0.12
wowlisex: calls $0.12
*** RIVER *** [4s 7d Th 9h] [5d]
mooresie28: bets $0.27
wowlisex: folds 
Uncalled bet ($0.27) returned to mooresie28
mooresie28 collected $0.55 from pot
mooresie28: doesn't show hand 
*** SUMMARY ***
Total pot $0.57 | Rake $0.02 
Board [4s 7d Th 9h 5d]
Seat 1: wowlisex folded on the River
Seat 2: djkofi (button) folded before Flop (didn't bet)
Seat 3: maksim-2003 (small blind) folded before Flop
Seat 5: 23_KUBAN_71 (big blind) folded before Flop
Seat 6: Dorex2007 folded before Flop (didn't bet)
Seat 7: Testoronian folded before Flop (didn't bet)
Seat 8: rfirfibyvb[f folded before Flop (didn't bet)
Seat 9: mooresie28 collected ($0.55)



PokerStars Hand #234362615095:  Hold'em No Limit ($0.01/$0.02 USD) - 2022/02/24 21:54:51 PT [2022/02/25 0:54:51 ET]
Table 'Potomac' 9-max Seat #3 is the button
Seat 1: wowlisex ($1.90 in chips) 
Seat 2: djkofi ($0.44 in chips) 
Seat 3: maksim-2003 ($2.12 in chips) 
Seat 5: 23_KUBAN_71 ($0.78 in chips) 
Seat 6: Dorex2007 ($2.31 in chips) 
Seat 7: Testoronian ($10.53 in chips) 
Seat 8: rfirfibyvb[f ($2.08 in chips) 
Seat 9: mooresie28 ($2.03 in chips) 
23_KUBAN_71: posts small blind $0.01
Dorex2007: posts big blind $0.02
*** HOLE CARDS ***
Dealt to Dorex2007 [Ah 4d]
Testoronian: folds 
rfirfibyvb[f: folds 
mooresie28: raises $0.02 to $0.04
wowlisex: raises $0.04 to $0.08
djkofi: folds 
maksim-2003: folds 
23_KUBAN_71: folds 
Dorex2007: folds 
mooresie28: calls $0.04
*** FLOP *** [2d Ks 2h]
mooresie28: checks 
wowlisex: bets $0.09
mooresie28: folds 
Uncalled bet ($0.09) returned to wowlisex
wowlisex collected $0.18 from pot
*** SUMMARY ***
Total pot $0.19 | Rake $0.01 
Board [2d Ks 2h]
Seat 1: wowlisex collected ($0.18)
Seat 2: djkofi folded before Flop (didn't bet)
Seat 3: maksim-2003 (button) folded before Flop (didn't bet)
Seat 5: 23_KUBAN_71 (small blind) folded before Flop
Seat 6: Dorex2007 (big blind) folded before Flop
Seat 7: Testoronian folded before Flop (didn't bet)
Seat 8: rfirfibyvb[f folded before Flop (didn't bet)
Seat 9: mooresie28 folded on the Flop



PokerStars Hand #234362619009:  Hold'em No Limit ($0.01/$0.02 USD) - 2022/02/24 21:55:19 PT [2022/02/25 0:55:19 ET]
Table 'Potomac' 9-max Seat #5 is the button
Seat 1: wowlisex ($2 in chips) 
Seat 2: djkofi ($0.44 in chips) 
Seat 3: maksim-2003 ($2.12 in chips) 
Seat 4: Taromsiti ($1.54 in chips) 
Seat 5: 23_KUBAN_71 ($0.77 in chips) 
Seat 6: Dorex2007 ($2.29 in chips) 
Seat 7: Testoronian ($10.53 in chips) 
Seat 8: rfirfibyvb[f ($2.08 in chips) 
Seat 9: mooresie28 ($1.95 in chips) 
Dorex2007: posts small blind $0.01
Testoronian: posts big blind $0.02
Taromsiti: posts small & big blinds $0.03
*** HOLE CARDS ***
Dealt to Dorex2007 [Qc 3c]
rfirfibyvb[f: folds 
mooresie28: folds 
wowlisex: folds 
djkofi: folds 
maksim-2003: folds 
Taromsiti: checks 
23_KUBAN_71: calls $0.02
Dorex2007: calls $0.01
Testoronian: checks 
*** FLOP *** [6d Ks Ah]
Dorex2007: checks 
Testoronian: checks 
Taromsiti: checks 
23_KUBAN_71: bets $0.06
Dorex2007: folds 
Testoronian: folds 
Taromsiti: folds 
Uncalled bet ($0.06) returned to 23_KUBAN_71
23_KUBAN_71 collected $0.09 from pot
*** SUMMARY ***
Total pot $0.09 | Rake $0 
Board [6d Ks Ah]
Seat 1: wowlisex folded before Flop (didn't bet)
Seat 2: djkofi folded before Flop (didn't bet)
Seat 3: maksim-2003 folded before Flop (didn't bet)
Seat 4: Taromsiti folded on the Flop (didn't bet)
Seat 5: 23_KUBAN_71 (button) collected ($0.09)
Seat 6: Dorex2007 (small blind) folded on the Flop
Seat 7: Testoronian (big blind) folded on the Flop
Seat 8: rfirfibyvb[f folded before Flop (didn't bet)
Seat 9: mooresie28 folded before Flop (didn't bet)



PokerStars Hand #234362624452:  Hold'em No Limit ($0.01/$0.02 USD) - 2022/02/24 21:56:03 PT [2022/02/25 0:56:03 ET]
Table 'Potomac' 9-max Seat #6 is the button
Seat 1: wowlisex ($2 in chips) 
Seat 2: djkofi ($0.44 in chips) 
Seat 3: maksim-2003 ($2.12 in chips) 
Seat 4: Taromsiti ($1.51 in chips) 
Seat 5: 23_KUBAN_71 ($0.84 in chips) 
Seat 6: Dorex2007 ($2.27 in chips) 
Seat 7: Testoronian ($10.51 in chips) 
Seat 8: rfirfibyvb[f ($2.08 in chips) 
Seat 9: mooresie28 ($1.95 in chips) 
Testoronian: posts small blind $0.01
rfirfibyvb[f: posts big blind $0.02
*** HOLE CARDS ***
Dealt to Dorex2007 [7h 8s]
mooresie28: folds 
wowlisex: raises $0.04 to $0.06
djkofi: folds 
maksim-2003: folds 
Taromsiti: folds 
23_KUBAN_71: folds 
Dorex2007: folds 
Testoronian: folds 
rfirfibyvb[f: folds 
Uncalled bet ($0.04) returned to wowlisex
wowlisex collected $0.05 from pot
*** SUMMARY ***
Total pot $0.05 | Rake $0 
Seat 1: wowlisex collected ($0.05)
Seat 2: djkofi folded before Flop (didn't bet)
Seat 3: maksim-2003 folded before Flop (didn't bet)
Seat 4: Taromsiti folded before Flop (didn't bet)
Seat 5: 23_KUBAN_71 folded before Flop (didn't bet)
Seat 6: Dorex2007 (button) folded before Flop (didn't bet)
Seat 7: Testoronian (small blind) folded before Flop
Seat 8: rfirfibyvb[f (big blind) folded before Flop
Seat 9: mooresie28 folded before Flop (didn't bet)



PokerStars Hand #234362626534:  Hold'em No Limit ($0.01/$0.02 USD) - 2022/02/24 21:56:20 PT [2022/02/25 0:56:20 ET]
Table 'Potomac' 9-max Seat #7 is the button
Seat 1: wowlisex ($2.03 in chips) 
Seat 2: djkofi ($0.44 in chips) 
Seat 3: maksim-2003 ($2.12 in chips) 
Seat 4: Taromsiti ($1.51 in chips) 
Seat 5: 23_KUBAN_71 ($0.84 in chips) 
Seat 6: Dorex2007 ($2.27 in chips) 
Seat 7: Testoronian ($10.50 in chips) 
Seat 8: rfirfibyvb[f ($2.06 in chips) 
Seat 9: mooresie28 ($1.95 in chips) 
rfirfibyvb[f: posts small blind $0.01
mooresie28: posts big blind $0.02
*** HOLE CARDS ***
Dealt to Dorex2007 [4s 8d]
wowlisex: folds 
djkofi: folds 
maksim-2003: folds 
wowlisex leaves the table
Taromsiti: folds 
23_KUBAN_71: folds 
Dorex2007: folds 
Testoronian: folds 
rfirfibyvb[f: raises $0.04 to $0.06
CPS2017 joins the table at seat #1 
mooresie28: calls $0.04
*** FLOP *** [Tc 2c 8c]
rfirfibyvb[f: bets $0.08
mooresie28: calls $0.08
*** TURN *** [Tc 2c 8c] [4c]
rfirfibyvb[f: bets $0.20
mooresie28: folds 
Uncalled bet ($0.20) returned to rfirfibyvb[f
rfirfibyvb[f collected $0.27 from pot
rfirfibyvb[f: doesn't show hand 
*** SUMMARY ***
Total pot $0.28 | Rake $0.01 
Board [Tc 2c 8c 4c]
Seat 1: wowlisex folded before Flop (didn't bet)
Seat 2: djkofi folded before Flop (didn't bet)
Seat 3: maksim-2003 folded before Flop (didn't bet)
Seat 4: Taromsiti folded before Flop (didn't bet)
Seat 5: 23_KUBAN_71 folded before Flop (didn't bet)
Seat 6: Dorex2007 folded before Flop (didn't bet)
Seat 7: Testoronian (button) folded before Flop (didn't bet)
Seat 8: rfirfibyvb[f (small blind) collected ($0.27)
Seat 9: mooresie28 (big blind) folded on the Turn



PokerStars Hand #234362630374:  Hold'em No Limit ($0.01/$0.02 USD) - 2022/02/24 21:56:51 PT [2022/02/25 0:56:51 ET]
Table 'Potomac' 9-max Seat #8 is the button
Seat 1: CPS2017 ($0.80 in chips) 
Seat 2: djkofi ($0.44 in chips) 
Seat 3: maksim-2003 ($2.12 in chips) 
Seat 4: Taromsiti ($1.51 in chips) 
Seat 5: 23_KUBAN_71 ($0.84 in chips) 
Seat 6: Dorex2007 ($2.27 in chips) 
Seat 7: Testoronian ($10.50 in chips) 
Seat 8: rfirfibyvb[f ($2.19 in chips) 
Seat 9: mooresie28 ($1.81 in chips) 
mooresie28: posts small blind $0.01
CPS2017: posts big blind $0.02
*** HOLE CARDS ***
Dealt to Dorex2007 [Kc Qd]
djkofi: folds 
maksim-2003: raises $0.03 to $0.05
Taromsiti: folds 
23_KUBAN_71: folds 
Dorex2007: folds 
Testoronian: folds 
rfirfibyvb[f: folds 
mooresie28: folds 
CPS2017: calls $0.03
*** FLOP *** [Jd 4c Ah]
CPS2017: checks 
maksim-2003: bets $0.09
CPS2017: folds 
Uncalled bet ($0.09) returned to maksim-2003
maksim-2003 collected $0.11 from pot
maksim-2003: doesn't show hand 
*** SUMMARY ***
Total pot $0.11 | Rake $0 
Board [Jd 4c Ah]
Seat 1: CPS2017 (big blind) folded on the Flop
Seat 2: djkofi folded before Flop (didn't bet)
Seat 3: maksim-2003 collected ($0.11)
Seat 4: Taromsiti folded before Flop (didn't bet)
Seat 5: 23_KUBAN_71 folded before Flop (didn't bet)
Seat 6: Dorex2007 folded before Flop (didn't bet)
Seat 7: Testoronian folded before Flop (didn't bet)
Seat 8: rfirfibyvb[f (button) folded before Flop (didn't bet)
Seat 9: mooresie28 (small blind) folded before Flop



PokerStars Hand #234362633659:  Hold'em No Limit ($0.01/$0.02 USD) - 2022/02/24 21:57:18 PT [2022/02/25 0:57:18 ET]
Table 'Potomac' 9-max Seat #9 is the button
Seat 1: CPS2017 ($0.75 in chips) 
Seat 2: djkofi ($0.44 in chips) 
Seat 3: maksim-2003 ($2.18 in chips) 
Seat 4: Taromsiti ($1.51 in chips) 
Seat 5: 23_KUBAN_71 ($0.84 in chips) 
Seat 6: Dorex2007 ($2.27 in chips) 
Seat 7: Testoronian ($10.50 in chips) 
Seat 8: rfirfibyvb[f ($2.19 in chips) 
Seat 9: mooresie28 ($1.80 in chips) 
CPS2017: posts small blind $0.01
djkofi: posts big blind $0.02
*** HOLE CARDS ***
Dealt to Dorex2007 [6h Kc]
maksim-2003: folds 
Taromsiti: folds 
23_KUBAN_71: calls $0.02
Dorex2007: folds 
Testoronian: raises $0.05 to $0.07
rfirfibyvb[f: folds 
mooresie28: folds 
CPS2017: calls $0.06
djkofi: folds 
23_KUBAN_71: calls $0.05
*** FLOP *** [9d Jd 2s]
CPS2017: checks 
23_KUBAN_71: checks 
Testoronian: bets $0.07
CPS2017: folds 
23_KUBAN_71: calls $0.07
*** TURN *** [9d Jd 2s] [6s]
23_KUBAN_71: checks 
Testoronian: bets $0.18
23_KUBAN_71: folds 
Uncalled bet ($0.18) returned to Testoronian
Testoronian collected $0.36 from pot
Testoronian: doesn't show hand 
*** SUMMARY ***
Total pot $0.37 | Rake $0.01 
Board [9d Jd 2s 6s]
Seat 1: CPS2017 (small blind) folded on the Flop
Seat 2: djkofi (big blind) folded before Flop
Seat 3: maksim-2003 folded before Flop (didn't bet)
Seat 4: Taromsiti folded before Flop (didn't bet)
Seat 5: 23_KUBAN_71 folded on the Turn
Seat 6: Dorex2007 folded before Flop (didn't bet)
Seat 7: Testoronian collected ($0.36)
Seat 8: rfirfibyvb[f folded before Flop (didn't bet)
Seat 9: mooresie28 (button) folded before Flop (didn't bet)



PokerStars Hand #234362640456:  Hold'em No Limit ($0.01/$0.02 USD) - 2022/02/24 21:58:14 PT [2022/02/25 0:58:14 ET]
Table 'Potomac' 9-max Seat #1 is the button
Seat 1: CPS2017 ($0.68 in chips) 
Seat 2: djkofi ($0.42 in chips) 
Seat 3: maksim-2003 ($2.18 in chips) 
Seat 4: Taromsiti ($1.51 in chips) 
Seat 5: 23_KUBAN_71 ($0.70 in chips) 
Seat 6: Dorex2007 ($2.27 in chips) 
Seat 7: Testoronian ($10.72 in chips) 
Seat 8: rfirfibyvb[f ($2.19 in chips) 
Seat 9: mooresie28 ($1.80 in chips) 
djkofi: posts small blind $0.01
maksim-2003: posts big blind $0.02
*** HOLE CARDS ***
Dealt to Dorex2007 [5s 8c]
Taromsiti: folds 
23_KUBAN_71: folds 
Dorex2007: folds 
Testoronian: folds 
rfirfibyvb[f: folds 
mooresie28: raises $0.02 to $0.04
CPS2017: folds 
djkofi: folds 
maksim-2003 has timed out
maksim-2003: folds 
Uncalled bet ($0.02) returned to mooresie28
mooresie28 collected $0.05 from pot
mooresie28: doesn't show hand 
*** SUMMARY ***
Total pot $0.05 | Rake $0 
Seat 1: CPS2017 (button) folded before Flop (didn't bet)
Seat 2: djkofi (small blind) folded before Flop
Seat 3: maksim-2003 (big blind) folded before Flop
Seat 4: Taromsiti folded before Flop (didn't bet)
Seat 5: 23_KUBAN_71 folded before Flop (didn't bet)
Seat 6: Dorex2007 folded before Flop (didn't bet)
Seat 7: Testoronian folded before Flop (didn't bet)
Seat 8: rfirfibyvb[f folded before Flop (didn't bet)
Seat 9: mooresie28 collected ($0.05)



PokerStars Hand #234362646281:  Hold'em No Limit ($0.01/$0.02 USD) - 2022/02/24 21:59:01 PT [2022/02/25 0:59:01 ET]
Table 'Potomac' 9-max Seat #2 is the button
Seat 1: CPS2017 ($0.68 in chips) 
Seat 2: djkofi ($0.41 in chips) 
Seat 4: Taromsiti ($1.51 in chips) 
Seat 5: 23_KUBAN_71 ($0.70 in chips) 
Seat 6: Dorex2007 ($2.27 in chips) 
Seat 7: Testoronian ($10.72 in chips) 
Seat 8: rfirfibyvb[f ($2.19 in chips) 
Seat 9: mooresie28 ($1.83 in chips) 
Taromsiti: posts small blind $0.01
23_KUBAN_71: posts big blind $0.02
*** HOLE CARDS ***
Dealt to Dorex2007 [4s 3h]
Dorex2007: folds 
Testoronian: folds 
rfirfibyvb[f: raises $0.04 to $0.06
mooresie28: folds 
CPS2017: calls $0.06
djkofi: folds 
Taromsiti: calls $0.05
23_KUBAN_71: folds 
*** FLOP *** [Tc 3d 2d]
Taromsiti: checks 
rfirfibyvb[f: bets $0.14
CPS2017: folds 
Taromsiti: raises $0.14 to $0.28
rfirfibyvb[f: raises $1.85 to $2.13 and is all-in
Taromsiti: folds 
Uncalled bet ($1.85) returned to rfirfibyvb[f
rfirfibyvb[f collected $0.73 from pot
rfirfibyvb[f: doesn't show hand 
*** SUMMARY ***
Total pot $0.76 | Rake $0.03 
Board [Tc 3d 2d]
Seat 1: CPS2017 folded on the Flop
Seat 2: djkofi (button) folded before Flop (didn't bet)
Seat 4: Taromsiti (small blind) folded on the Flop
Seat 5: 23_KUBAN_71 (big blind) folded before Flop
Seat 6: Dorex2007 folded before Flop (didn't bet)
Seat 7: Testoronian folded before Flop (didn't bet)
Seat 8: rfirfibyvb[f collected ($0.73)
Seat 9: mooresie28 folded before Flop (didn't bet)



PokerStars Hand #234362651893:  Hold'em No Limit ($0.01/$0.02 USD) - 2022/02/24 21:59:47 PT [2022/02/25 0:59:47 ET]
Table 'Potomac' 9-max Seat #4 is the button
Seat 1: CPS2017 ($0.62 in chips) 
Seat 2: djkofi ($0.41 in chips) 
Seat 4: Taromsiti ($1.17 in chips) 
Seat 5: 23_KUBAN_71 ($0.68 in chips) 
Seat 6: Dorex2007 ($2.27 in chips) 
Seat 7: Testoronian ($10.72 in chips) 
Seat 8: rfirfibyvb[f ($2.58 in chips) 
Seat 9: mooresie28 ($1.83 in chips) 
23_KUBAN_71: posts small blind $0.01
Dorex2007: posts big blind $0.02
*** HOLE CARDS ***
Dealt to Dorex2007 [4s As]
Testoronian: folds 
rfirfibyvb[f: folds 
mooresie28: raises $0.04 to $0.06
CPS2017: calls $0.06
djkofi: folds 
Taromsiti: folds 
23_KUBAN_71: folds 
Dorex2007: folds 
*** FLOP *** [Kd 9c 6s]
mooresie28: bets $0.11
CPS2017: calls $0.11
*** TURN *** [Kd 9c 6s] [Th]
mooresie28: bets $0.22
CPS2017: folds 
Uncalled bet ($0.22) returned to mooresie28
mooresie28 collected $0.36 from pot
mooresie28: doesn't show hand 
*** SUMMARY ***
Total pot $0.37 | Rake $0.01 
Board [Kd 9c 6s Th]
Seat 1: CPS2017 folded on the Turn
Seat 2: djkofi folded before Flop (didn't bet)
Seat 4: Taromsiti (button) folded before Flop (didn't bet)
Seat 5: 23_KUBAN_71 (small blind) folded before Flop
Seat 6: Dorex2007 (big blind) folded before Flop
Seat 7: Testoronian folded before Flop (didn't bet)
Seat 8: rfirfibyvb[f folded before Flop (didn't bet)
Seat 9: mooresie28 collected ($0.36)



PokerStars Hand #234362655956:  Hold'em No Limit ($0.01/$0.02 USD) - 2022/02/24 22:00:20 PT [2022/02/25 1:00:20 ET]
Table 'Potomac' 9-max Seat #5 is the button
Seat 1: CPS2017 ($0.45 in chips) 
Seat 2: djkofi ($0.41 in chips) 
Seat 4: Taromsiti ($1.17 in chips) 
Seat 5: 23_KUBAN_71 ($0.67 in chips) 
Seat 6: Dorex2007 ($2.25 in chips) 
Seat 7: Testoronian ($10.72 in chips) 
Seat 8: rfirfibyvb[f ($2.58 in chips) 
Seat 9: mooresie28 ($2.02 in chips) 
Dorex2007: posts small blind $0.01
Testoronian: posts big blind $0.02
maksim-2003: sits out 
*** HOLE CARDS ***
Dealt to Dorex2007 [2s 3c]
rfirfibyvb[f: folds 
mooresie28: raises $0.02 to $0.04
CPS2017: folds 
djkofi: folds 
Taromsiti: folds 
23_KUBAN_71: calls $0.04
Dorex2007: folds 
Testoronian: folds 
*** FLOP *** [7s 3s Th]
mooresie28: bets $0.07
23_KUBAN_71: folds 
Uncalled bet ($0.07) returned to mooresie28
mooresie28 collected $0.11 from pot
mooresie28: doesn't show hand 
*** SUMMARY ***
Total pot $0.11 | Rake $0 
Board [7s 3s Th]
Seat 1: CPS2017 folded before Flop (didn't bet)
Seat 2: djkofi folded before Flop (didn't bet)
Seat 4: Taromsiti folded before Flop (didn't bet)
Seat 5: 23_KUBAN_71 (button) folded on the Flop
Seat 6: Dorex2007 (small blind) folded before Flop
Seat 7: Testoronian (big blind) folded before Flop
Seat 8: rfirfibyvb[f folded before Flop (didn't bet)
Seat 9: mooresie28 collected ($0.11)



PokerStars Hand #234362660206:  Hold'em No Limit ($0.01/$0.02 USD) - 2022/02/24 22:00:52 PT [2022/02/25 1:00:52 ET]
Table 'Potomac' 9-max Seat #6 is the button
Seat 1: CPS2017 ($0.45 in chips) 
Seat 2: djkofi ($0.41 in chips) 
Seat 4: Taromsiti ($1.17 in chips) 
Seat 5: 23_KUBAN_71 ($0.63 in chips) 
Seat 6: Dorex2007 ($2.24 in chips) 
Seat 7: Testoronian ($10.70 in chips) 
Seat 8: rfirfibyvb[f ($2.58 in chips) 
Seat 9: mooresie28 ($2.09 in chips) 
Testoronian: posts small blind $0.01
rfirfibyvb[f: posts big blind $0.02
maksim-2003: sits out 
*** HOLE CARDS ***
Dealt to Dorex2007 [2s 8h]
mooresie28: folds 
CPS2017: calls $0.02
djkofi: folds 
Taromsiti: calls $0.02
23_KUBAN_71: folds 
Dorex2007: folds 
Testoronian: folds 
rfirfibyvb[f: checks 
*** FLOP *** [5s 2d 9h]
rfirfibyvb[f: checks 
CPS2017: checks 
Taromsiti: checks 
*** TURN *** [5s 2d 9h] [Js]
rfirfibyvb[f: checks 
CPS2017: checks 
Taromsiti: bets $0.04
rfirfibyvb[f: calls $0.04
CPS2017: folds 
*** RIVER *** [5s 2d 9h Js] [Td]
rfirfibyvb[f: checks 
Taromsiti: bets $0.07
rfirfibyvb[f: folds 
Uncalled bet ($0.07) returned to Taromsiti
Taromsiti collected $0.14 from pot
*** SUMMARY ***
Total pot $0.15 | Rake $0.01 
Board [5s 2d 9h Js Td]
Seat 1: CPS2017 folded on the Turn
Seat 2: djkofi folded before Flop (didn't bet)
Seat 4: Taromsiti collected ($0.14)
Seat 5: 23_KUBAN_71 folded before Flop (didn't bet)
Seat 6: Dorex2007 (button) folded before Flop (didn't bet)
Seat 7: Testoronian (small blind) folded before Flop
Seat 8: rfirfibyvb[f (big blind) folded on the River
Seat 9: mooresie28 folded before Flop (didn't bet)



PokerStars Hand #234362667969:  Hold'em No Limit ($0.01/$0.02 USD) - 2022/02/24 22:01:48 PT [2022/02/25 1:01:48 ET]
Table 'Potomac' 9-max Seat #7 is the button
Seat 1: CPS2017 ($0.43 in chips) 
Seat 2: djkofi ($0.41 in chips) 
Seat 4: Taromsiti ($1.25 in chips) 
Seat 5: 23_KUBAN_71 ($0.63 in chips) 
Seat 6: Dorex2007 ($2.24 in chips) 
Seat 7: Testoronian ($10.69 in chips) 
Seat 8: rfirfibyvb[f ($2.52 in chips) 
Seat 9: mooresie28 ($2.09 in chips) 
rfirfibyvb[f: posts small blind $0.01
mooresie28: posts big blind $0.02
maksim-2003: sits out 
*** HOLE CARDS ***
Dealt to Dorex2007 [9h Qc]
CPS2017: folds 
djkofi: folds 
Taromsiti: folds 
23_KUBAN_71: folds 
Dorex2007: folds 
Testoronian: raises $0.03 to $0.05
rfirfibyvb[f: folds 
mooresie28: folds 
Uncalled bet ($0.03) returned to Testoronian
Testoronian collected $0.05 from pot
Testoronian: doesn't show hand 
*** SUMMARY ***
Total pot $0.05 | Rake $0 
Seat 1: CPS2017 folded before Flop (didn't bet)
Seat 2: djkofi folded before Flop (didn't bet)
Seat 4: Taromsiti folded before Flop (didn't bet)
Seat 5: 23_KUBAN_71 folded before Flop (didn't bet)
Seat 6: Dorex2007 folded before Flop (didn't bet)
Seat 7: Testoronian (button) collected ($0.05)
Seat 8: rfirfibyvb[f (small blind) folded before Flop
Seat 9: mooresie28 (big blind) folded before Flop



PokerStars Hand #234362670661:  Hold'em No Limit ($0.01/$0.02 USD) - 2022/02/24 22:02:07 PT [2022/02/25 1:02:07 ET]
Table 'Potomac' 9-max Seat #8 is the button
Seat 1: CPS2017 ($0.43 in chips) 
Seat 2: djkofi ($0.41 in chips) 
Seat 4: Taromsiti ($1.25 in chips) 
Seat 5: 23_KUBAN_71 ($0.63 in chips) 
Seat 6: Dorex2007 ($2.24 in chips) 
Seat 7: Testoronian ($10.72 in chips) 
Seat 8: rfirfibyvb[f ($2.51 in chips) 
Seat 9: mooresie28 ($2.07 in chips) 
mooresie28: posts small blind $0.01
CPS2017: posts big blind $0.02
maksim-2003: sits out 
*** HOLE CARDS ***
Dealt to Dorex2007 [5c Jh]
djkofi: folds 
Taromsiti: calls $0.02
23_KUBAN_71: folds 
Dorex2007: folds 
Testoronian: folds 
rfirfibyvb[f: folds 
mooresie28: raises $0.04 to $0.06
CPS2017: calls $0.04
Taromsiti: calls $0.04
*** FLOP *** [Th 6h 4c]
mooresie28: bets $0.14
CPS2017: folds 
Taromsiti: raises $0.14 to $0.28
mooresie28: raises $1.73 to $2.01 and is all-in
Taromsiti: calls $0.91 and is all-in
Uncalled bet ($0.82) returned to mooresie28
*** TURN *** [Th 6h 4c] [8s]
*** RIVER *** [Th 6h 4c 8s] [5h]
*** SHOW DOWN ***
mooresie28: shows [Ah Ac] (a pair of Aces)
Taromsiti: shows [Td 8d] (two pair, Tens and Eights)
Taromsiti collected $2.47 from pot
mooresie28 cashed out the hand for $1.95 | Cash Out Fee $0.02
*** SUMMARY ***
Total pot $2.56 | Rake $0.09 
Board [Th 6h 4c 8s 5h]
Seat 1: CPS2017 (big blind) folded on the Flop
Seat 2: djkofi folded before Flop (didn't bet)
Seat 4: Taromsiti showed [Td 8d] and won ($2.47) with two pair, Tens and Eights
Seat 5: 23_KUBAN_71 folded before Flop (didn't bet)
Seat 6: Dorex2007 folded before Flop (didn't bet)
Seat 7: Testoronian folded before Flop (didn't bet)
Seat 8: rfirfibyvb[f (button) folded before Flop (didn't bet)
Seat 9: mooresie28 (small blind) showed [Ah Ac] and lost with a pair of Aces (cashed out).



PokerStars Hand #234362678013:  Hold'em No Limit ($0.01/$0.02 USD) - 2022/02/24 22:03:00 PT [2022/02/25 1:03:00 ET]
Table 'Potomac' 9-max Seat #9 is the button
Seat 1: CPS2017 ($0.37 in chips) 
Seat 2: djkofi ($0.41 in chips) 
Seat 4: Taromsiti ($2.47 in chips) 
Seat 5: 23_KUBAN_71 ($0.63 in chips) 
Seat 6: Dorex2007 ($2.24 in chips) 
Seat 7: Testoronian ($10.72 in chips) 
Seat 8: rfirfibyvb[f ($2.51 in chips) 
Seat 9: mooresie28 ($2.77 in chips) 
CPS2017: posts small blind $0.01
djkofi: posts big blind $0.02
maksim-2003: sits out 
*** HOLE CARDS ***
Dealt to Dorex2007 [8c 3s]
Taromsiti: calls $0.02
23_KUBAN_71: folds 
Dorex2007: folds 
Testoronian: folds 
rfirfibyvb[f: folds 
mooresie28: folds 
CPS2017: calls $0.01
djkofi: raises $0.07 to $0.09
Taromsiti: calls $0.07
CPS2017: folds 
*** FLOP *** [5h 4d 5s]
djkofi: checks 
Taromsiti: bets $0.10
djkofi: calls $0.10
*** TURN *** [5h 4d 5s] [4s]
djkofi: checks 
Taromsiti: checks 
*** RIVER *** [5h 4d 5s 4s] [6s]
djkofi: bets $0.22 and is all-in
Taromsiti: folds 
Uncalled bet ($0.22) returned to djkofi
djkofi collected $0.39 from pot
djkofi: doesn't show hand 
*** SUMMARY ***
Total pot $0.40 | Rake $0.01 
Board [5h 4d 5s 4s 6s]
Seat 1: CPS2017 (small blind) folded before Flop
Seat 2: djkofi (big blind) collected ($0.39)
Seat 4: Taromsiti folded on the River
Seat 5: 23_KUBAN_71 folded before Flop (didn't bet)
Seat 6: Dorex2007 folded before Flop (didn't bet)
Seat 7: Testoronian folded before Flop (didn't bet)
Seat 8: rfirfibyvb[f folded before Flop (didn't bet)
Seat 9: mooresie28 (button) folded before Flop (didn't bet)



PokerStars Hand #234362685730:  Hold'em No Limit ($0.01/$0.02 USD) - 2022/02/24 22:03:55 PT [2022/02/25 1:03:55 ET]
Table 'Potomac' 9-max Seat #1 is the button
Seat 1: CPS2017 ($0.35 in chips) 
Seat 2: djkofi ($0.61 in chips) 
Seat 3: maksim-2003 ($2.16 in chips) 
Seat 4: Taromsiti ($2.28 in chips) 
Seat 5: 23_KUBAN_71 ($0.63 in chips) 
Seat 6: Dorex2007 ($2.24 in chips) 
Seat 7: Testoronian ($10.72 in chips) 
Seat 8: rfirfibyvb[f ($2.51 in chips) 
Seat 9: mooresie28 ($2.77 in chips) 
djkofi: posts small blind $0.01
maksim-2003: posts big blind $0.02
*** HOLE CARDS ***
Dealt to Dorex2007 [7s 6h]
Taromsiti: calls $0.02
23_KUBAN_71: folds 
Dorex2007: folds 
Testoronian: folds 
rfirfibyvb[f: raises $0.06 to $0.08
mooresie28: folds 
CPS2017: folds 
djkofi: folds 
maksim-2003: folds 
Taromsiti: calls $0.06
*** FLOP *** [4c 3h 2c]
Taromsiti: bets $0.18
rfirfibyvb[f: folds 
Uncalled bet ($0.18) returned to Taromsiti
Taromsiti collected $0.18 from pot
*** SUMMARY ***
Total pot $0.19 | Rake $0.01 
Board [4c 3h 2c]
Seat 1: CPS2017 (button) folded before Flop (didn't bet)
Seat 2: djkofi (small blind) folded before Flop
Seat 3: maksim-2003 (big blind) folded before Flop
Seat 4: Taromsiti collected ($0.18)
Seat 5: 23_KUBAN_71 folded before Flop (didn't bet)
Seat 6: Dorex2007 folded before Flop (didn't bet)
Seat 7: Testoronian folded before Flop (didn't bet)
Seat 8: rfirfibyvb[f folded on the Flop
Seat 9: mooresie28 folded before Flop (didn't bet)



PokerStars Hand #234362689522:  Hold'em No Limit ($0.01/$0.02 USD) - 2022/02/24 22:04:22 PT [2022/02/25 1:04:22 ET]
Table 'Potomac' 9-max Seat #2 is the button
Seat 1: CPS2017 ($0.35 in chips) 
Seat 2: djkofi ($0.60 in chips) 
Seat 3: maksim-2003 ($2.14 in chips) 
Seat 4: Taromsiti ($2.38 in chips) 
Seat 5: 23_KUBAN_71 ($0.63 in chips) 
Seat 6: Dorex2007 ($2.24 in chips) 
Seat 7: Testoronian ($10.72 in chips) 
Seat 8: rfirfibyvb[f ($2.43 in chips) 
Seat 9: mooresie28 ($2.77 in chips) 
maksim-2003: posts small blind $0.01
Taromsiti: posts big blind $0.02
*** HOLE CARDS ***
Dealt to Dorex2007 [4s 9s]
23_KUBAN_71: folds 
Dorex2007: folds 
Testoronian: folds 
rfirfibyvb[f: folds 
mooresie28: folds 
CPS2017: raises $0.04 to $0.06
djkofi: raises $0.07 to $0.13
maksim-2003: folds 
Taromsiti: folds 
CPS2017: calls $0.07
*** FLOP *** [8c 5h 6h]
CPS2017: checks 
djkofi: checks 
*** TURN *** [8c 5h 6h] [As]
CPS2017: checks 
djkofi: checks 
*** RIVER *** [8c 5h 6h As] [2s]
CPS2017: checks 
djkofi: bets $0.08
CPS2017: calls $0.08
*** SHOW DOWN ***
djkofi: shows [Qd Qs] (a pair of Queens)
CPS2017: mucks hand 
djkofi collected $0.43 from pot
*** SUMMARY ***
Total pot $0.45 | Rake $0.02 
Board [8c 5h 6h As 2s]
Seat 1: CPS2017 mucked [Jh Jc]
Seat 2: djkofi (button) showed [Qd Qs] and won ($0.43) with a pair of Queens
Seat 3: maksim-2003 (small blind) folded before Flop
Seat 4: Taromsiti (big blind) folded before Flop
Seat 5: 23_KUBAN_71 folded before Flop (didn't bet)
Seat 6: Dorex2007 folded before Flop (didn't bet)
Seat 7: Testoronian folded before Flop (didn't bet)
Seat 8: rfirfibyvb[f folded before Flop (didn't bet)
Seat 9: mooresie28 folded before Flop (didn't bet)



PokerStars Hand #234362697556:  Hold'em No Limit ($0.01/$0.02 USD) - 2022/02/24 22:05:19 PT [2022/02/25 1:05:19 ET]
Table 'Potomac' 9-max Seat #3 is the button
Seat 1: CPS2017 ($0.14 in chips) 
Seat 2: djkofi ($0.82 in chips) 
Seat 3: maksim-2003 ($2.13 in chips) 
Seat 4: Taromsiti ($2.36 in chips) 
Seat 5: 23_KUBAN_71 ($0.63 in chips) 
Seat 6: Dorex2007 ($2.24 in chips) 
Seat 7: Testoronian ($10.72 in chips) 
Seat 8: rfirfibyvb[f ($2.43 in chips) 
Seat 9: mooresie28 ($2.77 in chips) 
Taromsiti: posts small blind $0.01
23_KUBAN_71: posts big blind $0.02
*** HOLE CARDS ***
Dealt to Dorex2007 [3d Td]
Dorex2007: folds 
Testoronian: folds 
rfirfibyvb[f: folds 
mooresie28: folds 
CPS2017: folds 
djkofi: folds 
maksim-2003: folds 
Taromsiti: folds 
Uncalled bet ($0.01) returned to 23_KUBAN_71
23_KUBAN_71 collected $0.02 from pot
*** SUMMARY ***
Total pot $0.02 | Rake $0 
Seat 1: CPS2017 folded before Flop (didn't bet)
Seat 2: djkofi folded before Flop (didn't bet)
Seat 3: maksim-2003 (button) folded before Flop (didn't bet)
Seat 4: Taromsiti (small blind) folded before Flop
Seat 5: 23_KUBAN_71 (big blind) collected ($0.02)
Seat 6: Dorex2007 folded before Flop (didn't bet)
Seat 7: Testoronian folded before Flop (didn't bet)
Seat 8: rfirfibyvb[f folded before Flop (didn't bet)
Seat 9: mooresie28 folded before Flop (didn't bet)



PokerStars Hand #234362698961:  Hold'em No Limit ($0.01/$0.02 USD) - 2022/02/24 22:05:29 PT [2022/02/25 1:05:29 ET]
Table 'Potomac' 9-max Seat #4 is the button
Seat 1: CPS2017 ($0.14 in chips) 
Seat 2: djkofi ($0.82 in chips) 
Seat 3: maksim-2003 ($2.13 in chips) 
Seat 4: Taromsiti ($2.35 in chips) 
Seat 5: 23_KUBAN_71 ($0.64 in chips) 
Seat 6: Dorex2007 ($2.24 in chips) 
Seat 7: Testoronian ($10.72 in chips) 
Seat 8: rfirfibyvb[f ($2.43 in chips) 
Seat 9: mooresie28 ($2.77 in chips) 
23_KUBAN_71: posts small blind $0.01
Dorex2007: posts big blind $0.02
*** HOLE CARDS ***
Dealt to Dorex2007 [4s 5s]
Testoronian: folds 
rfirfibyvb[f: folds 
mooresie28: raises $0.02 to $0.04
CPS2017: folds 
djkofi: folds 
maksim-2003: folds 
Taromsiti: folds 
23_KUBAN_71: calls $0.03
Dorex2007: calls $0.02
*** FLOP *** [Tc 9d Ts]
23_KUBAN_71: checks 
Dorex2007: checks 
mooresie28: bets $0.04
23_KUBAN_71: calls $0.04
Dorex2007: folds 
*** TURN *** [Tc 9d Ts] [9c]
23_KUBAN_71: checks 
mooresie28: bets $0.06
23_KUBAN_71: raises $0.06 to $0.12
mooresie28: calls $0.06
*** RIVER *** [Tc 9d Ts 9c] [3d]
23_KUBAN_71: bets $0.14
mooresie28: calls $0.14
*** SHOW DOWN ***
23_KUBAN_71: shows [Th Ad] (a full house, Tens full of Nines)
mooresie28: mucks hand 
23_KUBAN_71 collected $0.69 from pot
*** SUMMARY ***
Total pot $0.72 | Rake $0.03 
Board [Tc 9d Ts 9c 3d]
Seat 1: CPS2017 folded before Flop (didn't bet)
Seat 2: djkofi folded before Flop (didn't bet)
Seat 3: maksim-2003 folded before Flop (didn't bet)
Seat 4: Taromsiti (button) folded before Flop (didn't bet)
Seat 5: 23_KUBAN_71 (small blind) showed [Th Ad] and won ($0.69) with a full house, Tens full of Nines
Seat 6: Dorex2007 (big blind) folded on the Flop
Seat 7: Testoronian folded before Flop (didn't bet)
Seat 8: rfirfibyvb[f folded before Flop (didn't bet)
Seat 9: mooresie28 mucked [Kh 9h]



PokerStars Hand #234362705985:  Hold'em No Limit ($0.01/$0.02 USD) - 2022/02/24 22:06:20 PT [2022/02/25 1:06:20 ET]
Table 'Potomac' 9-max Seat #5 is the button
Seat 1: CPS2017 ($0.14 in chips) 
Seat 2: djkofi ($0.82 in chips) 
Seat 3: maksim-2003 ($2.13 in chips) 
Seat 4: Taromsiti ($2.35 in chips) 
Seat 5: 23_KUBAN_71 ($0.99 in chips) 
Seat 6: Dorex2007 ($2.20 in chips) 
Seat 7: Testoronian ($10.72 in chips) 
Seat 8: rfirfibyvb[f ($2.43 in chips) 
Seat 9: mooresie28 ($2.43 in chips) 
Dorex2007: posts small blind $0.01
Testoronian: posts big blind $0.02
*** HOLE CARDS ***
Dealt to Dorex2007 [5s Ts]
rfirfibyvb[f: folds 
mooresie28: folds 
CPS2017: folds 
djkofi: folds 
maksim-2003: folds 
Taromsiti: raises $0.04 to $0.06
23_KUBAN_71: folds 
Dorex2007: folds 
Testoronian: folds 
Uncalled bet ($0.04) returned to Taromsiti
Taromsiti collected $0.05 from pot
*** SUMMARY ***
Total pot $0.05 | Rake $0 
Seat 1: CPS2017 folded before Flop (didn't bet)
Seat 2: djkofi folded before Flop (didn't bet)
Seat 3: maksim-2003 folded before Flop (didn't bet)
Seat 4: Taromsiti collected ($0.05)
Seat 5: 23_KUBAN_71 (button) folded before Flop (didn't bet)
Seat 6: Dorex2007 (small blind) folded before Flop
Seat 7: Testoronian (big blind) folded before Flop
Seat 8: rfirfibyvb[f folded before Flop (didn't bet)
Seat 9: mooresie28 folded before Flop (didn't bet)



PokerStars Hand #234362710503:  Hold'em No Limit ($0.01/$0.02 USD) - 2022/02/24 22:06:52 PT [2022/02/25 1:06:52 ET]
Table 'Potomac' 9-max Seat #6 is the button
Seat 1: CPS2017 ($0.14 in chips) 
Seat 2: djkofi ($0.82 in chips) 
Seat 3: maksim-2003 ($2.13 in chips) 
Seat 4: Taromsiti ($2.38 in chips) 
Seat 5: 23_KUBAN_71 ($0.99 in chips) 
Seat 6: Dorex2007 ($2.19 in chips) 
Seat 7: Testoronian ($10.70 in chips) 
Seat 8: rfirfibyvb[f ($2.43 in chips) 
Seat 9: mooresie28 ($2.43 in chips) 
Testoronian: posts small blind $0.01
rfirfibyvb[f: posts big blind $0.02
*** HOLE CARDS ***
Dealt to Dorex2007 [3c Jd]
mooresie28: folds 
CPS2017: folds 
djkofi: folds 
maksim-2003: folds 
Taromsiti: folds 
23_KUBAN_71: folds 
Dorex2007: folds 
Testoronian: raises $0.03 to $0.05
rfirfibyvb[f: calls $0.03
*** FLOP *** [8s Tc 6c]
Testoronian: bets $0.03
rfirfibyvb[f: calls $0.03
*** TURN *** [8s Tc 6c] [2s]
Testoronian: bets $0.08
rfirfibyvb[f: calls $0.08
*** RIVER *** [8s Tc 6c 2s] [Qc]
Testoronian: checks 
rfirfibyvb[f: checks 
*** SHOW DOWN ***
Testoronian: shows [Th 4h] (a pair of Tens)
rfirfibyvb[f: mucks hand 
Testoronian collected $0.31 from pot
*** SUMMARY ***
Total pot $0.32 | Rake $0.01 
Board [8s Tc 6c 2s Qc]
Seat 1: CPS2017 folded before Flop (didn't bet)
Seat 2: djkofi folded before Flop (didn't bet)
Seat 3: maksim-2003 folded before Flop (didn't bet)
Seat 4: Taromsiti folded before Flop (didn't bet)
Seat 5: 23_KUBAN_71 folded before Flop (didn't bet)
Seat 6: Dorex2007 (button) folded before Flop (didn't bet)
Seat 7: Testoronian (small blind) showed [Th 4h] and won ($0.31) with a pair of Tens
Seat 8: rfirfibyvb[f (big blind) mucked [8h Jh]
Seat 9: mooresie28 folded before Flop (didn't bet)



PokerStars Hand #234362717497:  Hold'em No Limit ($0.01/$0.02 USD) - 2022/02/24 22:07:42 PT [2022/02/25 1:07:42 ET]
Table 'Potomac' 9-max Seat #7 is the button
Seat 1: CPS2017 ($0.14 in chips) 
Seat 2: djkofi ($0.82 in chips) 
Seat 3: maksim-2003 ($2.13 in chips) 
Seat 4: Taromsiti ($2.38 in chips) 
Seat 5: 23_KUBAN_71 ($0.99 in chips) 
Seat 6: Dorex2007 ($2.19 in chips) 
Seat 7: Testoronian ($10.85 in chips) 
Seat 8: rfirfibyvb[f ($2.27 in chips) 
Seat 9: mooresie28 ($2.43 in chips) 
rfirfibyvb[f: posts small blind $0.01
mooresie28: posts big blind $0.02
*** HOLE CARDS ***
Dealt to Dorex2007 [5h Th]
CPS2017 has timed out
CPS2017: folds 
djkofi: calls $0.02
maksim-2003: folds 
Taromsiti: folds 
Taromsiti leaves the table
23_KUBAN_71: folds 
Dorex2007: folds 
Testoronian: raises $0.05 to $0.07
rfirfibyvb[f: calls $0.06
mooresie28: folds 
djkofi: calls $0.05
*** FLOP *** [3h Qh Kh]
CPS2017 leaves the table
rfirfibyvb[f: checks 
djkofi: bets $0.06
Testoronian: folds 
GeorgeRussel joins the table at seat #1 
rfirfibyvb[f: folds 
Uncalled bet ($0.06) returned to djkofi
djkofi collected $0.22 from pot
djkofi: doesn't show hand 
*** SUMMARY ***
Total pot $0.23 | Rake $0.01 
Board [3h Qh Kh]
Seat 1: CPS2017 folded before Flop (didn't bet)
Seat 2: djkofi collected ($0.22)
Seat 3: maksim-2003 folded before Flop (didn't bet)
Seat 4: Taromsiti folded before Flop (didn't bet)
Seat 5: 23_KUBAN_71 folded before Flop (didn't bet)
Seat 6: Dorex2007 folded before Flop (didn't bet)
Seat 7: Testoronian (button) folded on the Flop
Seat 8: rfirfibyvb[f (small blind) folded on the Flop
Seat 9: mooresie28 (big blind) folded before Flop



PokerStars Hand #234362727260:  Hold'em No Limit ($0.01/$0.02 USD) - 2022/02/24 22:08:51 PT [2022/02/25 1:08:51 ET]
Table 'Potomac' 9-max Seat #8 is the button
Seat 1: GeorgeRussel ($2 in chips) 
Seat 2: djkofi ($0.97 in chips) 
Seat 3: maksim-2003 ($2.13 in chips) 
Seat 5: 23_KUBAN_71 ($0.99 in chips) 
Seat 6: Dorex2007 ($2.19 in chips) 
Seat 7: Testoronian ($10.78 in chips) 
Seat 8: rfirfibyvb[f ($2.20 in chips) 
Seat 9: mooresie28 ($2.41 in chips) 
mooresie28: posts small blind $0.01
GeorgeRussel: posts big blind $0.02
*** HOLE CARDS ***
Dealt to Dorex2007 [9s 7h]
djkofi: folds 
maksim-2003: folds 
23_KUBAN_71: folds 
Dorex2007: folds 
Testoronian: raises $0.03 to $0.05
rfirfibyvb[f: calls $0.05
mooresie28: calls $0.04
GeorgeRussel: raises $0.17 to $0.22
Testoronian: folds 
rfirfibyvb[f: folds 
mooresie28: folds 
Uncalled bet ($0.17) returned to GeorgeRussel
GeorgeRussel collected $0.20 from pot
GeorgeRussel: doesn't show hand 
*** SUMMARY ***
Total pot $0.20 | Rake $0 
Seat 1: GeorgeRussel (big blind) collected ($0.20)
Seat 2: djkofi folded before Flop (didn't bet)
Seat 3: maksim-2003 folded before Flop (didn't bet)
Seat 5: 23_KUBAN_71 folded before Flop (didn't bet)
Seat 6: Dorex2007 folded before Flop (didn't bet)
Seat 7: Testoronian folded before Flop
Seat 8: rfirfibyvb[f (button) folded before Flop
Seat 9: mooresie28 (small blind) folded before Flop



PokerStars Hand #234362732626:  Hold'em No Limit ($0.01/$0.02 USD) - 2022/02/24 22:09:29 PT [2022/02/25 1:09:29 ET]
Table 'Potomac' 9-max Seat #9 is the button
Seat 1: GeorgeRussel ($2.15 in chips) 
Seat 2: djkofi ($0.97 in chips) 
Seat 3: maksim-2003 ($2.13 in chips) 
Seat 5: 23_KUBAN_71 ($0.99 in chips) 
Seat 6: Dorex2007 ($2.19 in chips) 
Seat 7: Testoronian ($10.73 in chips) 
Seat 8: rfirfibyvb[f ($2.15 in chips) 
Seat 9: mooresie28 ($2.36 in chips) 
GeorgeRussel: posts small blind $0.01
djkofi: posts big blind $0.02
*** HOLE CARDS ***
Dealt to Dorex2007 [9d 6s]
maksim-2003: folds 
23_KUBAN_71: folds 
Dorex2007: folds 
Testoronian: raises $0.03 to $0.05
rfirfibyvb[f: folds 
mooresie28: folds 
GeorgeRussel: folds 
djkofi: folds 
Uncalled bet ($0.03) returned to Testoronian
Testoronian collected $0.05 from pot
Testoronian: doesn't show hand 
*** SUMMARY ***
Total pot $0.05 | Rake $0 
Seat 1: GeorgeRussel (small blind) folded before Flop
Seat 2: djkofi (big blind) folded before Flop
Seat 3: maksim-2003 folded before Flop (didn't bet)
Seat 5: 23_KUBAN_71 folded before Flop (didn't bet)
Seat 6: Dorex2007 folded before Flop (didn't bet)
Seat 7: Testoronian collected ($0.05)
Seat 8: rfirfibyvb[f folded before Flop (didn't bet)
Seat 9: mooresie28 (button) folded before Flop (didn't bet)



PokerStars Hand #234362741407:  Hold'em No Limit ($0.01/$0.02 USD) - 2022/02/24 22:09:45 PT [2022/02/25 1:09:45 ET]
Table 'Potomac' 9-max Seat #1 is the button
Seat 1: GeorgeRussel ($2.14 in chips) 
Seat 2: djkofi ($0.95 in chips) 
Seat 3: maksim-2003 ($2.13 in chips) 
Seat 5: 23_KUBAN_71 ($0.99 in chips) 
Seat 6: Dorex2007 ($2.19 in chips) 
Seat 7: Testoronian ($10.76 in chips) 
Seat 8: rfirfibyvb[f ($2.15 in chips) 
Seat 9: mooresie28 ($2.36 in chips) 
djkofi: posts small blind $0.01
maksim-2003: posts big blind $0.02
*** HOLE CARDS ***
Dealt to Dorex2007 [8d Ad]
23_KUBAN_71: folds 
Dorex2007: folds 
Testoronian: folds 
rfirfibyvb[f: folds 
mooresie28: folds 
GeorgeRussel: folds 
djkofi: folds 
Uncalled bet ($0.01) returned to maksim-2003
maksim-2003 collected $0.02 from pot
maksim-2003: doesn't show hand 
*** SUMMARY ***
Total pot $0.02 | Rake $0 
Seat 1: GeorgeRussel (button) folded before Flop (didn't bet)
Seat 2: djkofi (small blind) folded before Flop
Seat 3: maksim-2003 (big blind) collected ($0.02)
Seat 5: 23_KUBAN_71 folded before Flop (didn't bet)
Seat 6: Dorex2007 folded before Flop (didn't bet)
Seat 7: Testoronian folded before Flop (didn't bet)
Seat 8: rfirfibyvb[f folded before Flop (didn't bet)
Seat 9: mooresie28 folded before Flop (didn't bet)



PokerStars Hand #234362743857:  Hold'em No Limit ($0.01/$0.02 USD) - 2022/02/24 22:10:03 PT [2022/02/25 1:10:03 ET]
Table 'Potomac' 9-max Seat #2 is the button
Seat 1: GeorgeRussel ($2.14 in chips) 
Seat 2: djkofi ($0.94 in chips) 
Seat 3: maksim-2003 ($2.14 in chips) 
Seat 5: 23_KUBAN_71 ($0.99 in chips) 
Seat 6: Dorex2007 ($2.19 in chips) 
Seat 7: Testoronian ($10.76 in chips) 
Seat 8: rfirfibyvb[f ($2.15 in chips) 
Seat 9: mooresie28 ($2.36 in chips) 
maksim-2003: posts small blind $0.01
23_KUBAN_71: posts big blind $0.02
*** HOLE CARDS ***
Dealt to Dorex2007 [6h 8c]
goalie39 joins the table at seat #4 
Dorex2007: folds 
Testoronian: folds 
goalie39 leaves the table
rfirfibyvb[f: raises $0.04 to $0.06
mooresie28: folds 
GeorgeRussel: folds 
djkofi: folds 
maksim-2003: folds 
23_KUBAN_71: folds 
Uncalled bet ($0.04) returned to rfirfibyvb[f
rfirfibyvb[f collected $0.05 from pot
rfirfibyvb[f: doesn't show hand 
*** SUMMARY ***
Total pot $0.05 | Rake $0 
Seat 1: GeorgeRussel folded before Flop (didn't bet)
Seat 2: djkofi (button) folded before Flop (didn't bet)
Seat 3: maksim-2003 (small blind) folded before Flop
Seat 5: 23_KUBAN_71 (big blind) folded before Flop
Seat 6: Dorex2007 folded before Flop (didn't bet)
Seat 7: Testoronian folded before Flop (didn't bet)
Seat 8: rfirfibyvb[f collected ($0.05)
Seat 9: mooresie28 folded before Flop (didn't bet)



PokerStars Hand #234362746523:  Hold'em No Limit ($0.01/$0.02 USD) - 2022/02/24 22:10:22 PT [2022/02/25 1:10:22 ET]
Table 'Potomac' 9-max Seat #3 is the button
Seat 1: GeorgeRussel ($2.14 in chips) 
Seat 2: djkofi ($0.94 in chips) 
Seat 3: maksim-2003 ($2.13 in chips) 
Seat 5: 23_KUBAN_71 ($0.97 in chips) 
Seat 6: Dorex2007 ($2.19 in chips) 
Seat 7: Testoronian ($10.76 in chips) 
Seat 8: rfirfibyvb[f ($2.18 in chips) 
Seat 9: mooresie28 ($2.36 in chips) 
23_KUBAN_71: posts small blind $0.01
Dorex2007: posts big blind $0.02
*** HOLE CARDS ***
Dealt to Dorex2007 [6c Qh]
Testoronian: folds 
rfirfibyvb[f: folds 
mooresie28: folds 
goalie39 joins the table at seat #4 
GeorgeRussel: folds 
djkofi: folds 
maksim-2003: folds 
23_KUBAN_71: folds 
Uncalled bet ($0.01) returned to Dorex2007
Dorex2007 collected $0.02 from pot
Dorex2007: doesn't show hand 
*** SUMMARY ***
Total pot $0.02 | Rake $0 
Seat 1: GeorgeRussel folded before Flop (didn't bet)
Seat 2: djkofi folded before Flop (didn't bet)
Seat 3: maksim-2003 (button) folded before Flop (didn't bet)
Seat 5: 23_KUBAN_71 (small blind) folded before Flop
Seat 6: Dorex2007 (big blind) collected ($0.02)
Seat 7: Testoronian folded before Flop (didn't bet)
Seat 8: rfirfibyvb[f folded before Flop (didn't bet)
Seat 9: mooresie28 folded before Flop (didn't bet)



PokerStars Hand #234362748422:  Hold'em No Limit ($0.01/$0.02 USD) - 2022/02/24 22:10:36 PT [2022/02/25 1:10:36 ET]
Table 'Potomac' 9-max Seat #5 is the button
Seat 1: GeorgeRussel ($2.14 in chips) 
Seat 2: djkofi ($0.94 in chips) 
Seat 3: maksim-2003 ($2.13 in chips) 
Seat 5: 23_KUBAN_71 ($0.96 in chips) 
Seat 6: Dorex2007 ($2.20 in chips) 
Seat 7: Testoronian ($10.76 in chips) 
Seat 8: rfirfibyvb[f ($2.18 in chips) 
Seat 9: mooresie28 ($2.36 in chips) 
Dorex2007: posts small blind $0.01
Testoronian: posts big blind $0.02
goalie39: sits out 
*** HOLE CARDS ***
Dealt to Dorex2007 [Ks 8h]
goalie39 leaves the table
rfirfibyvb[f: folds 
mooresie28: folds 
GeorgeRussel: folds 
djkofi: folds 
maksim-2003: folds 
23_KUBAN_71: folds 
Dorex2007: calls $0.01
Testoronian: checks 
*** FLOP *** [Td Ac 4s]
brujo120 joins the table at seat #4 
Dorex2007: checks 
Testoronian: bets $0.02
Dorex2007: folds 
Uncalled bet ($0.02) returned to Testoronian
Testoronian collected $0.04 from pot
Testoronian: doesn't show hand 
*** SUMMARY ***
Total pot $0.04 | Rake $0 
Board [Td Ac 4s]
Seat 1: GeorgeRussel folded before Flop (didn't bet)
Seat 2: djkofi folded before Flop (didn't bet)
Seat 3: maksim-2003 folded before Flop (didn't bet)
Seat 5: 23_KUBAN_71 (button) folded before Flop (didn't bet)
Seat 6: Dorex2007 (small blind) folded on the Flop
Seat 7: Testoronian (big blind) collected ($0.04)
Seat 8: rfirfibyvb[f folded before Flop (didn't bet)
Seat 9: mooresie28 folded before Flop (didn't bet)



PokerStars Hand #234362752386:  Hold'em No Limit ($0.01/$0.02 USD) - 2022/02/24 22:11:04 PT [2022/02/25 1:11:04 ET]
Table 'Potomac' 9-max Seat #6 is the button
Seat 1: GeorgeRussel ($2.14 in chips) 
Seat 2: djkofi ($0.94 in chips) 
Seat 3: maksim-2003 ($2.13 in chips) 
Seat 5: 23_KUBAN_71 ($0.96 in chips) 
Seat 6: Dorex2007 ($2.18 in chips) 
Seat 7: Testoronian ($10.78 in chips) 
Seat 8: rfirfibyvb[f ($2.18 in chips) 
Seat 9: mooresie28 ($2.36 in chips) 
Testoronian: posts small blind $0.01
rfirfibyvb[f: posts big blind $0.02
brujo120: sits out 
*** HOLE CARDS ***
Dealt to Dorex2007 [Ah Js]
mooresie28: folds 
GeorgeRussel: folds 
djkofi: folds 
maksim-2003: folds 
23_KUBAN_71: folds 
Dorex2007: raises $0.02 to $0.04
Testoronian: folds 
rfirfibyvb[f: raises $0.12 to $0.16
Dorex2007: folds 
Uncalled bet ($0.12) returned to rfirfibyvb[f
rfirfibyvb[f collected $0.09 from pot
rfirfibyvb[f: doesn't show hand 
*** SUMMARY ***
Total pot $0.09 | Rake $0 
Seat 1: GeorgeRussel folded before Flop (didn't bet)
Seat 2: djkofi folded before Flop (didn't bet)
Seat 3: maksim-2003 folded before Flop (didn't bet)
Seat 5: 23_KUBAN_71 folded before Flop (didn't bet)
Seat 6: Dorex2007 (button) folded before Flop
Seat 7: Testoronian (small blind) folded before Flop
Seat 8: rfirfibyvb[f (big blind) collected ($0.09)
Seat 9: mooresie28 folded before Flop (didn't bet)



PokerStars Hand #234362755366:  Hold'em No Limit ($0.01/$0.02 USD) - 2022/02/24 22:11:26 PT [2022/02/25 1:11:26 ET]
Table 'Potomac' 9-max Seat #7 is the button
Seat 1: GeorgeRussel ($2.14 in chips) 
Seat 2: djkofi ($0.94 in chips) 
Seat 3: maksim-2003 ($2.13 in chips) 
Seat 5: 23_KUBAN_71 ($0.96 in chips) 
Seat 6: Dorex2007 ($2.14 in chips) 
Seat 7: Testoronian ($10.77 in chips) 
Seat 8: rfirfibyvb[f ($2.23 in chips) 
Seat 9: mooresie28 ($2.36 in chips) 
rfirfibyvb[f: posts small blind $0.01
mooresie28: posts big blind $0.02
brujo120: sits out 
*** HOLE CARDS ***
Dealt to Dorex2007 [Qc 7c]
GeorgeRussel: folds 
djkofi: folds 
maksim-2003: calls $0.02
23_KUBAN_71: folds 
Dorex2007: folds 
Testoronian: raises $0.05 to $0.07
rfirfibyvb[f: folds 
mooresie28: folds 
maksim-2003: calls $0.05
*** FLOP *** [6c Ac Ah]
maksim-2003: checks 
Testoronian: bets $0.05
maksim-2003: folds 
Uncalled bet ($0.05) returned to Testoronian
Testoronian collected $0.16 from pot
Testoronian: doesn't show hand 
*** SUMMARY ***
Total pot $0.17 | Rake $0.01 
Board [6c Ac Ah]
Seat 1: GeorgeRussel folded before Flop (didn't bet)
Seat 2: djkofi folded before Flop (didn't bet)
Seat 3: maksim-2003 folded on the Flop
Seat 5: 23_KUBAN_71 folded before Flop (didn't bet)
Seat 6: Dorex2007 folded before Flop (didn't bet)
Seat 7: Testoronian (button) collected ($0.16)
Seat 8: rfirfibyvb[f (small blind) folded before Flop
Seat 9: mooresie28 (big blind) folded before Flop



PokerStars Hand #234362760159:  Hold'em No Limit ($0.01/$0.02 USD) - 2022/02/24 22:12:00 PT [2022/02/25 1:12:00 ET]
Table 'Potomac' 9-max Seat #8 is the button
Seat 1: GeorgeRussel ($2.14 in chips) 
Seat 2: djkofi ($0.94 in chips) 
Seat 3: maksim-2003 ($2.06 in chips) 
Seat 4: brujo120 ($2 in chips) 
Seat 5: 23_KUBAN_71 ($0.96 in chips) 
Seat 6: Dorex2007 ($2.14 in chips) 
Seat 7: Testoronian ($10.86 in chips) 
Seat 8: rfirfibyvb[f ($2.22 in chips) 
Seat 9: mooresie28 ($2.34 in chips) 
mooresie28: posts small blind $0.01
GeorgeRussel: posts big blind $0.02
brujo120: posts big blind $0.02
*** HOLE CARDS ***
Dealt to Dorex2007 [4h 4c]
djkofi: folds 
maksim-2003: folds 
brujo120: checks 
23_KUBAN_71: folds 
Dorex2007: calls $0.02
Testoronian: folds 
rfirfibyvb[f: folds 
mooresie28: folds 
GeorgeRussel: checks 
*** FLOP *** [Ah Ac Kh]
GeorgeRussel: checks 
brujo120: checks 
Dorex2007: checks 
*** TURN *** [Ah Ac Kh] [Kc]
GeorgeRussel: checks 
brujo120: checks 
Dorex2007: checks 
*** RIVER *** [Ah Ac Kh Kc] [3s]
GeorgeRussel: checks 
brujo120: checks 
Dorex2007: bets $0.05
GeorgeRussel: folds 
brujo120: folds 
Uncalled bet ($0.05) returned to Dorex2007
Dorex2007 collected $0.07 from pot
Dorex2007: doesn't show hand 
*** SUMMARY ***
Total pot $0.07 | Rake $0 
Board [Ah Ac Kh Kc 3s]
Seat 1: GeorgeRussel (big blind) folded on the River
Seat 2: djkofi folded before Flop (didn't bet)
Seat 3: maksim-2003 folded before Flop (didn't bet)
Seat 4: brujo120 folded on the River (didn't bet)
Seat 5: 23_KUBAN_71 folded before Flop (didn't bet)
Seat 6: Dorex2007 collected ($0.07)
Seat 7: Testoronian folded before Flop (didn't bet)
Seat 8: rfirfibyvb[f (button) folded before Flop (didn't bet)
Seat 9: mooresie28 (small blind) folded before Flop



PokerStars Hand #234362767425:  Hold'em No Limit ($0.01/$0.02 USD) - 2022/02/24 22:12:51 PT [2022/02/25 1:12:51 ET]
Table 'Potomac' 9-max Seat #9 is the button
Seat 1: GeorgeRussel ($2.12 in chips) 
Seat 2: djkofi ($0.94 in chips) 
Seat 3: maksim-2003 ($2.06 in chips) 
Seat 4: brujo120 ($1.98 in chips) 
Seat 5: 23_KUBAN_71 ($0.96 in chips) 
Seat 6: Dorex2007 ($2.19 in chips) 
Seat 7: Testoronian ($10.86 in chips) 
Seat 8: rfirfibyvb[f ($2.22 in chips) 
Seat 9: mooresie28 ($2.33 in chips) 
GeorgeRussel: posts small blind $0.01
djkofi: posts big blind $0.02
*** HOLE CARDS ***
Dealt to Dorex2007 [5s 8s]
maksim-2003: folds 
brujo120: folds 
23_KUBAN_71 is disconnected 
23_KUBAN_71 has timed out while disconnected
23_KUBAN_71: folds 
Dorex2007: folds 
Testoronian: raises $0.03 to $0.05
rfirfibyvb[f: folds 
mooresie28: folds 
GeorgeRussel: folds 
djkofi: folds 
Uncalled bet ($0.03) returned to Testoronian
Testoronian collected $0.05 from pot
Testoronian: doesn't show hand 
*** SUMMARY ***
Total pot $0.05 | Rake $0 
Seat 1: GeorgeRussel (small blind) folded before Flop
Seat 2: djkofi (big blind) folded before Flop
Seat 3: maksim-2003 folded before Flop (didn't bet)
Seat 4: brujo120 folded before Flop (didn't bet)
Seat 5: 23_KUBAN_71 folded before Flop (didn't bet)
Seat 6: Dorex2007 folded before Flop (didn't bet)
Seat 7: Testoronian collected ($0.05)
Seat 8: rfirfibyvb[f folded before Flop (didn't bet)
Seat 9: mooresie28 (button) folded before Flop (didn't bet)



PokerStars Hand #234362770788:  Hold'em No Limit ($0.01/$0.02 USD) - 2022/02/24 22:13:15 PT [2022/02/25 1:13:15 ET]
Table 'Potomac' 9-max Seat #1 is the button
Seat 1: GeorgeRussel ($2.11 in chips) 
Seat 2: djkofi ($0.92 in chips) 
Seat 3: maksim-2003 ($2.06 in chips) 
Seat 4: brujo120 ($1.98 in chips) 
Seat 6: Dorex2007 ($2.19 in chips) 
Seat 7: Testoronian ($10.89 in chips) 
Seat 8: rfirfibyvb[f ($2.22 in chips) 
Seat 9: mooresie28 ($2.33 in chips) 
djkofi: posts small blind $0.01
maksim-2003: posts big blind $0.02
*** HOLE CARDS ***
Dealt to Dorex2007 [7s 5d]
brujo120: folds 
Dorex2007: folds 
Testoronian: folds 
rfirfibyvb[f: folds 
mooresie28: raises $0.04 to $0.06
GeorgeRussel: folds 
djkofi: folds 
maksim-2003: folds 
Uncalled bet ($0.04) returned to mooresie28
mooresie28 collected $0.05 from pot
mooresie28: doesn't show hand 
*** SUMMARY ***
Total pot $0.05 | Rake $0 
Seat 1: GeorgeRussel (button) folded before Flop (didn't bet)
Seat 2: djkofi (small blind) folded before Flop
Seat 3: maksim-2003 (big blind) folded before Flop
Seat 4: brujo120 folded before Flop (didn't bet)
Seat 6: Dorex2007 folded before Flop (didn't bet)
Seat 7: Testoronian folded before Flop (didn't bet)
Seat 8: rfirfibyvb[f folded before Flop (didn't bet)
Seat 9: mooresie28 collected ($0.05)



PokerStars Hand #234362772901:  Hold'em No Limit ($0.01/$0.02 USD) - 2022/02/24 22:13:30 PT [2022/02/25 1:13:30 ET]
Table 'Potomac' 9-max Seat #2 is the button
Seat 1: GeorgeRussel ($2.11 in chips) 
Seat 2: djkofi ($0.91 in chips) 
Seat 3: maksim-2003 ($2.04 in chips) 
Seat 4: brujo120 ($1.98 in chips) 
Seat 6: Dorex2007 ($2.19 in chips) 
Seat 7: Testoronian ($10.89 in chips) 
Seat 8: rfirfibyvb[f ($2.22 in chips) 
Seat 9: mooresie28 ($2.36 in chips) 
maksim-2003: posts small blind $0.01
brujo120: posts big blind $0.02
*** HOLE CARDS ***
Dealt to Dorex2007 [6s 6d]
Dorex2007: calls $0.02
Testoronian: folds 
rfirfibyvb[f: folds 
mooresie28: folds 
GeorgeRussel: folds 
djkofi: raises $0.05 to $0.07
maksim-2003: folds 
brujo120: calls $0.05
Dorex2007: calls $0.05
*** FLOP *** [2d 3d As]
brujo120: bets $0.11
23_KUBAN_71 is disconnected 
Dorex2007: folds 
djkofi: calls $0.11
*** TURN *** [2d 3d As] [Tc]
brujo120: checks 
djkofi: bets $0.25
brujo120: folds 
Uncalled bet ($0.25) returned to djkofi
djkofi collected $0.42 from pot
djkofi: doesn't show hand 
*** SUMMARY ***
Total pot $0.44 | Rake $0.02 
Board [2d 3d As Tc]
Seat 1: GeorgeRussel folded before Flop (didn't bet)
Seat 2: djkofi (button) collected ($0.42)
Seat 3: maksim-2003 (small blind) folded before Flop
Seat 4: brujo120 (big blind) folded on the Turn
Seat 6: Dorex2007 folded on the Flop
Seat 7: Testoronian folded before Flop (didn't bet)
Seat 8: rfirfibyvb[f folded before Flop (didn't bet)
Seat 9: mooresie28 folded before Flop (didn't bet)



PokerStars Hand #234362780356:  Hold'em No Limit ($0.01/$0.02 USD) - 2022/02/24 22:14:23 PT [2022/02/25 1:14:23 ET]
Table 'Potomac' 9-max Seat #3 is the button
Seat 1: GeorgeRussel ($2.11 in chips) 
Seat 2: djkofi ($1.15 in chips) 
Seat 3: maksim-2003 ($2.03 in chips) 
Seat 4: brujo120 ($1.80 in chips) 
Seat 5: 23_KUBAN_71 ($0.96 in chips) 
Seat 6: Dorex2007 ($2.12 in chips) 
Seat 7: Testoronian ($10.89 in chips) 
Seat 8: rfirfibyvb[f ($2.22 in chips) 
Seat 9: mooresie28 ($2.36 in chips) 
brujo120: posts small blind $0.01
23_KUBAN_71: posts big blind $0.02
*** HOLE CARDS ***
Dealt to Dorex2007 [Qd 8d]
Dorex2007: folds 
Testoronian: folds 
rfirfibyvb[f: raises $0.04 to $0.06
mooresie28: folds 
GeorgeRussel: folds 
djkofi: folds 
maksim-2003: folds 
brujo120: folds 
23_KUBAN_71: folds 
Uncalled bet ($0.04) returned to rfirfibyvb[f
rfirfibyvb[f collected $0.05 from pot
rfirfibyvb[f: doesn't show hand 
*** SUMMARY ***
Total pot $0.05 | Rake $0 
Seat 1: GeorgeRussel folded before Flop (didn't bet)
Seat 2: djkofi folded before Flop (didn't bet)
Seat 3: maksim-2003 (button) folded before Flop (didn't bet)
Seat 4: brujo120 (small blind) folded before Flop
Seat 5: 23_KUBAN_71 (big blind) folded before Flop
Seat 6: Dorex2007 folded before Flop (didn't bet)
Seat 7: Testoronian folded before Flop (didn't bet)
Seat 8: rfirfibyvb[f collected ($0.05)
Seat 9: mooresie28 folded before Flop (didn't bet)



PokerStars Hand #234362782792:  Hold'em No Limit ($0.01/$0.02 USD) - 2022/02/24 22:14:40 PT [2022/02/25 1:14:40 ET]
Table 'Potomac' 9-max Seat #4 is the button
Seat 1: GeorgeRussel ($2.11 in chips) 
Seat 2: djkofi ($1.15 in chips) 
Seat 3: maksim-2003 ($2.03 in chips) 
Seat 4: brujo120 ($1.79 in chips) 
Seat 5: 23_KUBAN_71 ($0.94 in chips) 
Seat 6: Dorex2007 ($2.12 in chips) 
Seat 7: Testoronian ($10.89 in chips) 
Seat 8: rfirfibyvb[f ($2.25 in chips) 
Seat 9: mooresie28 ($2.36 in chips) 
23_KUBAN_71: posts small blind $0.01
Dorex2007: posts big blind $0.02
*** HOLE CARDS ***
Dealt to Dorex2007 [8h 6h]
Testoronian: folds 
rfirfibyvb[f: folds 
mooresie28: folds 
GeorgeRussel: folds 
djkofi: folds 
maksim-2003: raises $0.04 to $0.06
brujo120: folds 
23_KUBAN_71: folds 
Dorex2007: folds 
Uncalled bet ($0.04) returned to maksim-2003
maksim-2003 collected $0.05 from pot
maksim-2003: doesn't show hand 
*** SUMMARY ***
Total pot $0.05 | Rake $0 
Seat 1: GeorgeRussel folded before Flop (didn't bet)
Seat 2: djkofi folded before Flop (didn't bet)
Seat 3: maksim-2003 collected ($0.05)
Seat 4: brujo120 (button) folded before Flop (didn't bet)
Seat 5: 23_KUBAN_71 (small blind) folded before Flop
Seat 6: Dorex2007 (big blind) folded before Flop
Seat 7: Testoronian folded before Flop (didn't bet)
Seat 8: rfirfibyvb[f folded before Flop (didn't bet)
Seat 9: mooresie28 folded before Flop (didn't bet)



PokerStars Hand #234362785102:  Hold'em No Limit ($0.01/$0.02 USD) - 2022/02/24 22:14:57 PT [2022/02/25 1:14:57 ET]
Table 'Potomac' 9-max Seat #5 is the button
Seat 1: GeorgeRussel ($2.11 in chips) 
Seat 2: djkofi ($1.15 in chips) 
Seat 3: maksim-2003 ($2.06 in chips) 
Seat 4: brujo120 ($1.79 in chips) 
Seat 5: 23_KUBAN_71 ($0.93 in chips) 
Seat 6: Dorex2007 ($2.10 in chips) 
Seat 7: Testoronian ($10.89 in chips) 
Seat 8: rfirfibyvb[f ($2.25 in chips) 
Seat 9: mooresie28 ($2.36 in chips) 
Dorex2007: posts small blind $0.01
Testoronian: posts big blind $0.02
*** HOLE CARDS ***
Dealt to Dorex2007 [6h 7s]
rfirfibyvb[f: folds 
mooresie28: folds 
GeorgeRussel: folds 
djkofi: folds 
maksim-2003: folds 
brujo120: calls $0.02
23_KUBAN_71: folds 
Dorex2007: calls $0.01
Testoronian: checks 
*** FLOP *** [2s Kd 4s]
Dorex2007: checks 
Testoronian: checks 
brujo120: checks 
*** TURN *** [2s Kd 4s] [6d]
Dorex2007: checks 
Testoronian: bets $0.03
brujo120: folds 
Dorex2007: calls $0.03
*** RIVER *** [2s Kd 4s 6d] [8h]
Dorex2007: bets $0.06
Testoronian: folds 
Uncalled bet ($0.06) returned to Dorex2007
Dorex2007 collected $0.12 from pot
Dorex2007: doesn't show hand 
*** SUMMARY ***
Total pot $0.12 | Rake $0 
Board [2s Kd 4s 6d 8h]
Seat 1: GeorgeRussel folded before Flop (didn't bet)
Seat 2: djkofi folded before Flop (didn't bet)
Seat 3: maksim-2003 folded before Flop (didn't bet)
Seat 4: brujo120 folded on the Turn
Seat 5: 23_KUBAN_71 (button) folded before Flop (didn't bet)
Seat 6: Dorex2007 (small blind) collected ($0.12)
Seat 7: Testoronian (big blind) folded on the River
Seat 8: rfirfibyvb[f folded before Flop (didn't bet)
Seat 9: mooresie28 folded before Flop (didn't bet)



PokerStars Hand #234362796411:  Hold'em No Limit ($0.01/$0.02 USD) - 2022/02/24 22:16:16 PT [2022/02/25 1:16:16 ET]
Table 'Potomac' 9-max Seat #6 is the button
Seat 1: GeorgeRussel ($2.11 in chips) 
Seat 2: djkofi ($1.15 in chips) 
Seat 3: maksim-2003 ($2.06 in chips) 
Seat 4: brujo120 ($1.77 in chips) 
Seat 5: 23_KUBAN_71 ($0.93 in chips) 
Seat 6: Dorex2007 ($2.17 in chips) 
Seat 7: Testoronian ($10.84 in chips) 
Seat 8: rfirfibyvb[f ($2.25 in chips) 
Seat 9: mooresie28 ($2.36 in chips) 
Testoronian: posts small blind $0.01
rfirfibyvb[f: posts big blind $0.02
*** HOLE CARDS ***
Dealt to Dorex2007 [4s 7d]
mooresie28: folds 
GeorgeRussel: folds 
djkofi: folds 
maksim-2003: folds 
brujo120: folds 
23_KUBAN_71: folds 
Dorex2007: folds 
Testoronian: folds 
Uncalled bet ($0.01) returned to rfirfibyvb[f
rfirfibyvb[f collected $0.02 from pot
rfirfibyvb[f: doesn't show hand 
*** SUMMARY ***
Total pot $0.02 | Rake $0 
Seat 1: GeorgeRussel folded before Flop (didn't bet)
Seat 2: djkofi folded before Flop (didn't bet)
Seat 3: maksim-2003 folded before Flop (didn't bet)
Seat 4: brujo120 folded before Flop (didn't bet)
Seat 5: 23_KUBAN_71 folded before Flop (didn't bet)
Seat 6: Dorex2007 (button) folded before Flop (didn't bet)
Seat 7: Testoronian (small blind) folded before Flop
Seat 8: rfirfibyvb[f (big blind) collected ($0.02)
Seat 9: mooresie28 folded before Flop (didn't bet)



PokerStars Hand #234362798594:  Hold'em No Limit ($0.01/$0.02 USD) - 2022/02/24 22:16:32 PT [2022/02/25 1:16:32 ET]
Table 'Potomac' 9-max Seat #7 is the button
Seat 1: GeorgeRussel ($2.11 in chips) 
Seat 2: djkofi ($1.15 in chips) 
Seat 3: maksim-2003 ($2.06 in chips) 
Seat 4: brujo120 ($1.77 in chips) 
Seat 5: 23_KUBAN_71 ($0.93 in chips) 
Seat 6: Dorex2007 ($2.17 in chips) 
Seat 7: Testoronian ($10.83 in chips) 
Seat 8: rfirfibyvb[f ($2.26 in chips) 
Seat 9: mooresie28 ($2.36 in chips) 
rfirfibyvb[f: posts small blind $0.01
mooresie28: posts big blind $0.02
*** HOLE CARDS ***
Dealt to Dorex2007 [Jd 8c]
GeorgeRussel: folds 
djkofi: folds 
maksim-2003: folds 
brujo120: folds 
23_KUBAN_71: folds 
Dorex2007: folds 
Testoronian: raises $0.03 to $0.05
rfirfibyvb[f: folds 
mooresie28: folds 
Uncalled bet ($0.03) returned to Testoronian
Testoronian collected $0.05 from pot
Testoronian: doesn't show hand 
*** SUMMARY ***
Total pot $0.05 | Rake $0 
Seat 1: GeorgeRussel folded before Flop (didn't bet)
Seat 2: djkofi folded before Flop (didn't bet)
Seat 3: maksim-2003 folded before Flop (didn't bet)
Seat 4: brujo120 folded before Flop (didn't bet)
Seat 5: 23_KUBAN_71 folded before Flop (didn't bet)
Seat 6: Dorex2007 folded before Flop (didn't bet)
Seat 7: Testoronian (button) collected ($0.05)
Seat 8: rfirfibyvb[f (small blind) folded before Flop
Seat 9: mooresie28 (big blind) folded before Flop



PokerStars Hand #234362801214:  Hold'em No Limit ($0.01/$0.02 USD) - 2022/02/24 22:16:50 PT [2022/02/25 1:16:50 ET]
Table 'Potomac' 9-max Seat #8 is the button
Seat 2: djkofi ($1.15 in chips) 
Seat 3: maksim-2003 ($2.06 in chips) 
Seat 4: brujo120 ($1.77 in chips) 
Seat 5: 23_KUBAN_71 ($0.93 in chips) 
Seat 6: Dorex2007 ($2.17 in chips) 
Seat 7: Testoronian ($10.86 in chips) 
Seat 8: rfirfibyvb[f ($2.25 in chips) 
Seat 9: mooresie28 ($2.34 in chips) 
mooresie28: posts small blind $0.01
GeorgeRussel: is sitting out 
djkofi: posts big blind $0.02
*** HOLE CARDS ***
Dealt to Dorex2007 [Ac 4h]
maksim-2003: folds 
brujo120: folds 
23_KUBAN_71: folds 
Dorex2007: folds 
Testoronian: raises $0.03 to $0.05
rfirfibyvb[f: folds 
mooresie28: folds 
djkofi: folds 
Uncalled bet ($0.03) returned to Testoronian
Testoronian collected $0.05 from pot
Testoronian: doesn't show hand 
*** SUMMARY ***
Total pot $0.05 | Rake $0 
Seat 2: djkofi (big blind) folded before Flop
Seat 3: maksim-2003 folded before Flop (didn't bet)
Seat 4: brujo120 folded before Flop (didn't bet)
Seat 5: 23_KUBAN_71 folded before Flop (didn't bet)
Seat 6: Dorex2007 folded before Flop (didn't bet)
Seat 7: Testoronian collected ($0.05)
Seat 8: rfirfibyvb[f (button) folded before Flop (didn't bet)
Seat 9: mooresie28 (small blind) folded before Flop



PokerStars Hand #234362805122:  Hold'em No Limit ($0.01/$0.02 USD) - 2022/02/24 22:17:18 PT [2022/02/25 1:17:18 ET]
Table 'Potomac' 9-max Seat #9 is the button
Seat 2: djkofi ($1.13 in chips) 
Seat 3: maksim-2003 ($2.06 in chips) 
Seat 4: brujo120 ($1.77 in chips) 
Seat 5: 23_KUBAN_71 ($0.93 in chips) 
Seat 6: Dorex2007 ($2.17 in chips) 
Seat 7: Testoronian ($10.89 in chips) 
Seat 8: rfirfibyvb[f ($2.25 in chips) 
Seat 9: mooresie28 ($2.33 in chips) 
djkofi: posts small blind $0.01
maksim-2003: posts big blind $0.02
*** HOLE CARDS ***
Dealt to Dorex2007 [Ah 3d]
brujo120: folds 
23_KUBAN_71: calls $0.02
Dorex2007: folds 
Testoronian: raises $0.05 to $0.07
rfirfibyvb[f: folds 
mooresie28: folds 
djkofi: folds 
maksim-2003: folds 
23_KUBAN_71: calls $0.05
*** FLOP *** [9c Kh 2d]
23_KUBAN_71: checks 
Testoronian: bets $0.05
23_KUBAN_71: calls $0.05
*** TURN *** [9c Kh 2d] [5c]
23_KUBAN_71: checks 
Testoronian: bets $0.13
23_KUBAN_71: folds 
Uncalled bet ($0.13) returned to Testoronian
Testoronian collected $0.26 from pot
Testoronian: doesn't show hand 
*** SUMMARY ***
Total pot $0.27 | Rake $0.01 
Board [9c Kh 2d 5c]
Seat 2: djkofi (small blind) folded before Flop
Seat 3: maksim-2003 (big blind) folded before Flop
Seat 4: brujo120 folded before Flop (didn't bet)
Seat 5: 23_KUBAN_71 folded on the Turn
Seat 6: Dorex2007 folded before Flop (didn't bet)
Seat 7: Testoronian collected ($0.26)
Seat 8: rfirfibyvb[f folded before Flop (didn't bet)
Seat 9: mooresie28 (button) folded before Flop (didn't bet)



PokerStars Hand #234362809774:  Hold'em No Limit ($0.01/$0.02 USD) - 2022/02/24 22:17:50 PT [2022/02/25 1:17:50 ET]
Table 'Potomac' 9-max Seat #2 is the button
Seat 2: djkofi ($1.12 in chips) 
Seat 3: maksim-2003 ($2.04 in chips) 
Seat 4: brujo120 ($1.77 in chips) 
Seat 5: 23_KUBAN_71 ($0.81 in chips) 
Seat 6: Dorex2007 ($2.17 in chips) 
Seat 7: Testoronian ($11.03 in chips) 
Seat 8: rfirfibyvb[f ($2.25 in chips) 
Seat 9: mooresie28 ($2.33 in chips) 
maksim-2003: posts small blind $0.01
brujo120: posts big blind $0.02
*** HOLE CARDS ***
Dealt to Dorex2007 [3h 4s]
23_KUBAN_71: folds 
Dorex2007: folds 
Testoronian: folds 
rfirfibyvb[f: raises $0.04 to $0.06
mooresie28: folds 
djkofi: folds 
maksim-2003: folds 
brujo120: folds 
Uncalled bet ($0.04) returned to rfirfibyvb[f
rfirfibyvb[f collected $0.05 from pot
rfirfibyvb[f: doesn't show hand 
*** SUMMARY ***
Total pot $0.05 | Rake $0 
Seat 2: djkofi (button) folded before Flop (didn't bet)
Seat 3: maksim-2003 (small blind) folded before Flop
Seat 4: brujo120 (big blind) folded before Flop
Seat 5: 23_KUBAN_71 folded before Flop (didn't bet)
Seat 6: Dorex2007 folded before Flop (didn't bet)
Seat 7: Testoronian folded before Flop (didn't bet)
Seat 8: rfirfibyvb[f collected ($0.05)
Seat 9: mooresie28 folded before Flop (didn't bet)



PokerStars Hand #234362812320:  Hold'em No Limit ($0.01/$0.02 USD) - 2022/02/24 22:18:08 PT [2022/02/25 1:18:08 ET]
Table 'Potomac' 9-max Seat #3 is the button
Seat 2: djkofi ($1.12 in chips) 
Seat 3: maksim-2003 ($2.03 in chips) 
Seat 4: brujo120 ($1.75 in chips) 
Seat 5: 23_KUBAN_71 ($0.81 in chips) 
Seat 6: Dorex2007 ($2.17 in chips) 
Seat 7: Testoronian ($11.03 in chips) 
Seat 8: rfirfibyvb[f ($2.28 in chips) 
Seat 9: mooresie28 ($2.33 in chips) 
brujo120: posts small blind $0.01
23_KUBAN_71: posts big blind $0.02
*** HOLE CARDS ***
Dealt to Dorex2007 [2c Ac]
Dorex2007: folds 
Testoronian: raises $0.03 to $0.05
rfirfibyvb[f: folds 
mooresie28: folds 
djkofi: folds 
maksim-2003: folds 
brujo120: folds 
23_KUBAN_71: calls $0.03
*** FLOP *** [Jc Jh 3s]
23_KUBAN_71: checks 
Testoronian: bets $0.04
23_KUBAN_71: calls $0.04
*** TURN *** [Jc Jh 3s] [Ad]
23_KUBAN_71: checks 
Testoronian: bets $0.09
23_KUBAN_71: calls $0.09
*** RIVER *** [Jc Jh 3s Ad] [3c]
23_KUBAN_71: bets $0.10
Testoronian: calls $0.10
*** SHOW DOWN ***
23_KUBAN_71: shows [Js 7s] (a full house, Jacks full of Threes)
Testoronian: mucks hand 
23_KUBAN_71 collected $0.55 from pot
*** SUMMARY ***
Total pot $0.57 | Rake $0.02 
Board [Jc Jh 3s Ad 3c]
Seat 2: djkofi folded before Flop (didn't bet)
Seat 3: maksim-2003 (button) folded before Flop (didn't bet)
Seat 4: brujo120 (small blind) folded before Flop
Seat 5: 23_KUBAN_71 (big blind) showed [Js 7s] and won ($0.55) with a full house, Jacks full of Threes
Seat 6: Dorex2007 folded before Flop (didn't bet)
Seat 7: Testoronian mucked [Ah 9h]
Seat 8: rfirfibyvb[f folded before Flop (didn't bet)
Seat 9: mooresie28 folded before Flop (didn't bet)



PokerStars Hand #234362819815:  Hold'em No Limit ($0.01/$0.02 USD) - 2022/02/24 22:19:01 PT [2022/02/25 1:19:01 ET]
Table 'Potomac' 9-max Seat #4 is the button
Seat 2: djkofi ($1.12 in chips) 
Seat 3: maksim-2003 ($2.03 in chips) 
Seat 4: brujo120 ($1.74 in chips) 
Seat 5: 23_KUBAN_71 ($1.08 in chips) 
Seat 6: Dorex2007 ($2.17 in chips) 
Seat 7: Testoronian ($10.75 in chips) 
Seat 8: rfirfibyvb[f ($2.28 in chips) 
Seat 9: mooresie28 ($2.33 in chips) 
23_KUBAN_71: posts small blind $0.01
Dorex2007: posts big blind $0.02
GeorgeRussel: sits out 
*** HOLE CARDS ***
Dealt to Dorex2007 [4s As]
Testoronian: folds 
rfirfibyvb[f: folds 
mooresie28: folds 
djkofi: folds 
maksim-2003: folds 
brujo120: calls $0.02
23_KUBAN_71: calls $0.01
Dorex2007: checks 
*** FLOP *** [Th Kc 7s]
23_KUBAN_71: checks 
Dorex2007: checks 
brujo120: checks 
*** TURN *** [Th Kc 7s] [8h]
23_KUBAN_71: checks 
Dorex2007: checks 
brujo120: checks 
*** RIVER *** [Th Kc 7s 8h] [Jc]
23_KUBAN_71: checks 
Dorex2007: checks 
brujo120: checks 
*** SHOW DOWN ***
23_KUBAN_71: shows [4d 6c] (high card King)
Dorex2007: shows [4s As] (high card Ace)
brujo120: shows [4h Ah] (high card Ace)
Dorex2007 collected $0.03 from pot
brujo120 collected $0.03 from pot
*** SUMMARY ***
Total pot $0.06 | Rake $0 
Board [Th Kc 7s 8h Jc]
Seat 2: djkofi folded before Flop (didn't bet)
Seat 3: maksim-2003 folded before Flop (didn't bet)
Seat 4: brujo120 (button) showed [4h Ah] and won ($0.03) with high card Ace
Seat 5: 23_KUBAN_71 (small blind) showed [4d 6c] and lost with high card King
Seat 6: Dorex2007 (big blind) showed [4s As] and won ($0.03) with high card Ace
Seat 7: Testoronian folded before Flop (didn't bet)
Seat 8: rfirfibyvb[f folded before Flop (didn't bet)
Seat 9: mooresie28 folded before Flop (didn't bet)



PokerStars Hand #234362827057:  Hold'em No Limit ($0.01/$0.02 USD) - 2022/02/24 22:19:52 PT [2022/02/25 1:19:52 ET]
Table 'Potomac' 9-max Seat #5 is the button
Seat 2: djkofi ($1.12 in chips) 
Seat 3: maksim-2003 ($2.03 in chips) 
Seat 4: brujo120 ($1.75 in chips) 
Seat 5: 23_KUBAN_71 ($1.06 in chips) 
Seat 6: Dorex2007 ($2.18 in chips) 
Seat 8: rfirfibyvb[f ($2.28 in chips) 
Seat 9: mooresie28 ($2.33 in chips) 
Dorex2007: posts small blind $0.01
Testoronian: is sitting out 
rfirfibyvb[f: posts big blind $0.02
GeorgeRussel: sits out 
*** HOLE CARDS ***
Dealt to Dorex2007 [Qh Ks]
mooresie28: folds 
djkofi: folds 
mooresie28 leaves the table
maksim-2003: folds 
brujo120: calls $0.02
23_KUBAN_71: folds 
Testoronian leaves the table
Dorex2007: calls $0.01
rfirfibyvb[f: checks 
*** FLOP *** [8c 3d Ts]
Dorex2007: checks 
rfirfibyvb[f: checks 
brujo120: checks 
*** TURN *** [8c 3d Ts] [9s]
Dorex2007: checks 
rfirfibyvb[f: checks 
brujo120: checks 
*** RIVER *** [8c 3d Ts 9s] [Ac]
Dorex2007: checks 
rfirfibyvb[f: checks 
brujo120: checks 
*** SHOW DOWN ***
Dorex2007: shows [Qh Ks] (high card Ace)
rfirfibyvb[f: mucks hand 
brujo120: shows [5c 5s] (a pair of Fives)
brujo120 collected $0.06 from pot
*** SUMMARY ***
Total pot $0.06 | Rake $0 
Board [8c 3d Ts 9s Ac]
Seat 2: djkofi folded before Flop (didn't bet)
Seat 3: maksim-2003 folded before Flop (didn't bet)
Seat 4: brujo120 showed [5c 5s] and won ($0.06) with a pair of Fives
Seat 5: 23_KUBAN_71 (button) folded before Flop (didn't bet)
Seat 6: Dorex2007 (small blind) showed [Qh Ks] and lost with high card Ace
Seat 8: rfirfibyvb[f (big blind) mucked [4d 7s]
Seat 9: mooresie28 folded before Flop (didn't bet)



PokerStars Hand #234362837698:  Hold'em No Limit ($0.01/$0.02 USD) - 2022/02/24 22:21:08 PT [2022/02/25 1:21:08 ET]
Table 'Potomac' 9-max Seat #6 is the button
Seat 1: GeorgeRussel ($2.11 in chips) 
Seat 2: djkofi ($1.12 in chips) 
Seat 3: maksim-2003 ($2.03 in chips) 
Seat 4: brujo120 ($1.79 in chips) 
Seat 5: 23_KUBAN_71 ($1.06 in chips) 
Seat 6: Dorex2007 ($2.16 in chips) 
Seat 8: rfirfibyvb[f ($2.26 in chips) 
rfirfibyvb[f: posts small blind $0.01
GeorgeRussel: posts big blind $0.02
*** HOLE CARDS ***
Dealt to Dorex2007 [3s 7h]
djkofi: folds 
maksim-2003: folds 
brujo120: folds 
23_KUBAN_71: folds 
Dorex2007: folds 
rfirfibyvb[f: raises $0.04 to $0.06
GeorgeRussel: folds 
Uncalled bet ($0.04) returned to rfirfibyvb[f
rfirfibyvb[f collected $0.04 from pot
rfirfibyvb[f: doesn't show hand 
*** SUMMARY ***
Total pot $0.04 | Rake $0 
Seat 1: GeorgeRussel (big blind) folded before Flop
Seat 2: djkofi folded before Flop (didn't bet)
Seat 3: maksim-2003 folded before Flop (didn't bet)
Seat 4: brujo120 folded before Flop (didn't bet)
Seat 5: 23_KUBAN_71 folded before Flop (didn't bet)
Seat 6: Dorex2007 (button) folded before Flop (didn't bet)
Seat 8: rfirfibyvb[f (small blind) collected ($0.04)



PokerStars Hand #234362841226:  Hold'em No Limit ($0.01/$0.02 USD) - 2022/02/24 22:21:33 PT [2022/02/25 1:21:33 ET]
Table 'Potomac' 9-max Seat #8 is the button
Seat 1: GeorgeRussel ($2.09 in chips) 
Seat 2: djkofi ($1.12 in chips) 
Seat 3: maksim-2003 ($2.03 in chips) 
Seat 4: brujo120 ($1.79 in chips) 
Seat 5: 23_KUBAN_71 ($1.06 in chips) 
Seat 6: Dorex2007 ($2.16 in chips) 
Seat 8: rfirfibyvb[f ($2.28 in chips) 
GeorgeRussel: posts small blind $0.01
djkofi: posts big blind $0.02
*** HOLE CARDS ***
Dealt to Dorex2007 [Kh 5s]
maksim-2003: raises $0.04 to $0.06
brujo120: folds 
23_KUBAN_71: folds 
Dorex2007: folds 
rfirfibyvb[f: calls $0.06
GeorgeRussel: folds 
djkofi: folds 
*** FLOP *** [8c 4s Js]
maksim-2003: bets $0.05
rfirfibyvb[f: calls $0.05
*** TURN *** [8c 4s Js] [7c]
maksim-2003: bets $0.08
rfirfibyvb[f: calls $0.08
*** RIVER *** [8c 4s Js 7c] [4h]
maksim-2003: checks 
rfirfibyvb[f: checks 
*** SHOW DOWN ***
maksim-2003: shows [Kc Ac] (a pair of Fours)
rfirfibyvb[f: mucks hand 
maksim-2003 collected $0.40 from pot
*** SUMMARY ***
Total pot $0.41 | Rake $0.01 
Board [8c 4s Js 7c 4h]
Seat 1: GeorgeRussel (small blind) folded before Flop
Seat 2: djkofi (big blind) folded before Flop
Seat 3: maksim-2003 showed [Kc Ac] and won ($0.40) with a pair of Fours
Seat 4: brujo120 folded before Flop (didn't bet)
Seat 5: 23_KUBAN_71 folded before Flop (didn't bet)
Seat 6: Dorex2007 folded before Flop (didn't bet)
Seat 8: rfirfibyvb[f (button) mucked [Qh Ts]



PokerStars Hand #234362847143:  Hold'em No Limit ($0.01/$0.02 USD) - 2022/02/24 22:22:15 PT [2022/02/25 1:22:15 ET]
Table 'Potomac' 9-max Seat #1 is the button
Seat 1: GeorgeRussel ($2.08 in chips) 
Seat 2: djkofi ($1.10 in chips) 
Seat 3: maksim-2003 ($2.24 in chips) 
Seat 4: brujo120 ($1.79 in chips) 
Seat 5: 23_KUBAN_71 ($1.06 in chips) 
Seat 6: Dorex2007 ($2.16 in chips) 
Seat 8: rfirfibyvb[f ($2.09 in chips) 
djkofi: posts small blind $0.01
maksim-2003: posts big blind $0.02
*** HOLE CARDS ***
Dealt to Dorex2007 [3s As]
brujo120: folds 
23_KUBAN_71: folds 
Dorex2007: calls $0.02
rfirfibyvb[f: raises $0.05 to $0.07
GeorgeRussel: folds 
djkofi: raises $0.08 to $0.15
maksim-2003: folds 
Dorex2007: folds 
rfirfibyvb[f: folds 
Uncalled bet ($0.08) returned to djkofi
djkofi collected $0.18 from pot
djkofi: doesn't show hand 
*** SUMMARY ***
Total pot $0.18 | Rake $0 
Seat 1: GeorgeRussel (button) folded before Flop (didn't bet)
Seat 2: djkofi (small blind) collected ($0.18)
Seat 3: maksim-2003 (big blind) folded before Flop
Seat 4: brujo120 folded before Flop (didn't bet)
Seat 5: 23_KUBAN_71 folded before Flop (didn't bet)
Seat 6: Dorex2007 folded before Flop
Seat 8: rfirfibyvb[f folded before Flop



PokerStars Hand #234362851076:  Hold'em No Limit ($0.01/$0.02 USD) - 2022/02/24 22:22:44 PT [2022/02/25 1:22:44 ET]
Table 'Potomac' 9-max Seat #2 is the button
Seat 1: GeorgeRussel ($2.08 in chips) 
Seat 2: djkofi ($1.21 in chips) 
Seat 3: maksim-2003 ($2.22 in chips) 
Seat 4: brujo120 ($1.79 in chips) 
Seat 5: 23_KUBAN_71 ($1.06 in chips) 
Seat 6: Dorex2007 ($2.14 in chips) 
Seat 8: rfirfibyvb[f ($2.02 in chips) 
maksim-2003: posts small blind $0.01
brujo120: posts big blind $0.02
*** HOLE CARDS ***
Dealt to Dorex2007 [Qd Jh]
23_KUBAN_71: folds 
Dorex2007: folds 
rfirfibyvb[f: raises $0.04 to $0.06
GeorgeRussel: folds 
djkofi: folds 
maksim-2003: folds 
brujo120: folds 
Uncalled bet ($0.04) returned to rfirfibyvb[f
rfirfibyvb[f collected $0.05 from pot
rfirfibyvb[f: doesn't show hand 
*** SUMMARY ***
Total pot $0.05 | Rake $0 
Seat 1: GeorgeRussel folded before Flop (didn't bet)
Seat 2: djkofi (button) folded before Flop (didn't bet)
Seat 3: maksim-2003 (small blind) folded before Flop
Seat 4: brujo120 (big blind) folded before Flop
Seat 5: 23_KUBAN_71 folded before Flop (didn't bet)
Seat 6: Dorex2007 folded before Flop (didn't bet)
Seat 8: rfirfibyvb[f collected ($0.05)



PokerStars Hand #234362853723:  Hold'em No Limit ($0.01/$0.02 USD) - 2022/02/24 22:23:04 PT [2022/02/25 1:23:04 ET]
Table 'Potomac' 9-max Seat #3 is the button
Seat 1: GeorgeRussel ($2.08 in chips) 
Seat 2: djkofi ($1.21 in chips) 
Seat 3: maksim-2003 ($2.21 in chips) 
Seat 4: brujo120 ($1.77 in chips) 
Seat 5: 23_KUBAN_71 ($1.06 in chips) 
Seat 6: Dorex2007 ($2.14 in chips) 
Seat 8: rfirfibyvb[f ($2.05 in chips) 
brujo120: posts small blind $0.01
23_KUBAN_71: posts big blind $0.02
*** HOLE CARDS ***
Dealt to Dorex2007 [7c Ah]
Dorex2007: folds 
rfirfibyvb[f: folds 
GeorgeRussel: folds 
djkofi: folds 
maksim-2003: folds 
brujo120: folds 
Uncalled bet ($0.01) returned to 23_KUBAN_71
23_KUBAN_71 collected $0.02 from pot
*** SUMMARY ***
Total pot $0.02 | Rake $0 
Seat 1: GeorgeRussel folded before Flop (didn't bet)
Seat 2: djkofi folded before Flop (didn't bet)
Seat 3: maksim-2003 (button) folded before Flop (didn't bet)
Seat 4: brujo120 (small blind) folded before Flop
Seat 5: 23_KUBAN_71 (big blind) collected ($0.02)
Seat 6: Dorex2007 folded before Flop (didn't bet)
Seat 8: rfirfibyvb[f folded before Flop (didn't bet)



PokerStars Hand #234362855301:  Hold'em No Limit ($0.01/$0.02 USD) - 2022/02/24 22:23:16 PT [2022/02/25 1:23:16 ET]
Table 'Potomac' 9-max Seat #4 is the button
Seat 1: GeorgeRussel ($2.08 in chips) 
Seat 2: djkofi ($1.21 in chips) 
Seat 3: maksim-2003 ($2.21 in chips) 
Seat 4: brujo120 ($1.76 in chips) 
Seat 5: 23_KUBAN_71 ($1.07 in chips) 
Seat 6: Dorex2007 ($2.14 in chips) 
Seat 8: rfirfibyvb[f ($2.05 in chips) 
23_KUBAN_71: posts small blind $0.01
Dorex2007: posts big blind $0.02
*** HOLE CARDS ***
Dealt to Dorex2007 [Jh Ad]
rfirfibyvb[f: folds 
GeorgeRussel: raises $0.04 to $0.06
djkofi: folds 
maksim-2003: folds 
brujo120: folds 
23_KUBAN_71: folds 
Dorex2007: calls $0.04
*** FLOP *** [5c 7s Td]
Dorex2007: checks 
GeorgeRussel: bets $0.07
Dorex2007: calls $0.07
*** TURN *** [5c 7s Td] [7c]
Dorex2007: checks 
GeorgeRussel: checks 
*** RIVER *** [5c 7s Td 7c] [2s]
Dorex2007: bets $0.17
GeorgeRussel: folds 
Uncalled bet ($0.17) returned to Dorex2007
Dorex2007 collected $0.26 from pot
Dorex2007: doesn't show hand 
*** SUMMARY ***
Total pot $0.27 | Rake $0.01 
Board [5c 7s Td 7c 2s]
Seat 1: GeorgeRussel folded on the River
Seat 2: djkofi folded before Flop (didn't bet)
Seat 3: maksim-2003 folded before Flop (didn't bet)
Seat 4: brujo120 (button) folded before Flop (didn't bet)
Seat 5: 23_KUBAN_71 (small blind) folded before Flop
Seat 6: Dorex2007 (big blind) collected ($0.26)
Seat 8: rfirfibyvb[f folded before Flop (didn't bet)



PokerStars Hand #234362859299:  Hold'em No Limit ($0.01/$0.02 USD) - 2022/02/24 22:23:45 PT [2022/02/25 1:23:45 ET]
Table 'Potomac' 9-max Seat #5 is the button
Seat 1: GeorgeRussel ($1.95 in chips) 
Seat 2: djkofi ($1.21 in chips) 
Seat 3: maksim-2003 ($2.21 in chips) 
Seat 4: brujo120 ($1.76 in chips) 
Seat 5: 23_KUBAN_71 ($1.06 in chips) 
Seat 6: Dorex2007 ($2.27 in chips) 
Dorex2007: posts small blind $0.01
rfirfibyvb[f: is sitting out 
GeorgeRussel: posts big blind $0.02
*** HOLE CARDS ***
Dealt to Dorex2007 [Kd 9s]
rfirfibyvb[f leaves the table
djkofi: folds 
maksim-2003: folds 
brujo120: folds 
23_KUBAN_71: folds 
Dorex2007: folds 
Uncalled bet ($0.01) returned to GeorgeRussel
GeorgeRussel collected $0.02 from pot
GeorgeRussel: doesn't show hand 
*** SUMMARY ***
Total pot $0.02 | Rake $0 
Seat 1: GeorgeRussel (big blind) collected ($0.02)
Seat 2: djkofi folded before Flop (didn't bet)
Seat 3: maksim-2003 folded before Flop (didn't bet)
Seat 4: brujo120 folded before Flop (didn't bet)
Seat 5: 23_KUBAN_71 (button) folded before Flop (didn't bet)
Seat 6: Dorex2007 (small blind) folded before Flop



