PokerStars Hand #238446578683:  Hold'em No Limit ($0.02/$0.05 USD) - 2022/09/05 20:30:11 PT [2022/09/05 23:30:11 ET]
Table 'Una II' 9-max Seat #2 is the button
Seat 1: Dorex2007 ($5 in chips) 
Seat 2: CashMonki ($5.39 in chips) 
Seat 4: Mendes175 ($6.75 in chips) 
Seat 5: lalo4440 ($2.52 in chips) 
Seat 6: Maria1995587 ($2.28 in chips) 
Seat 7: gio119 ($5.20 in chips) 
Seat 8: Sr ÁviIa ($14.75 in chips) 
Seat 9: juhoshino ($2.72 in chips) 
Mendes175: posts small blind $0.02
lalo4440: posts big blind $0.05
Dorex2007: posts big blind $0.05
*** HOLE CARDS ***
Dealt to Dorex2007 [5c Js]
Maria1995587: raises $0.15 to $0.20
gio119: folds 
Sr ÁviIa: folds 
juhoshino: folds 
Dorex2007: folds 
CashMonki: folds 
Mendes175: calls $0.18
lalo4440: calls $0.15
*** FLOP *** [Ts 3c Th]
Mendes175: bets $0.62
lalo4440: folds 
Maria1995587: folds 
Uncalled bet ($0.62) returned to Mendes175
Mendes175 collected $0.62 from pot
*** SUMMARY ***
Total pot $0.65 | Rake $0.03 
Board [Ts 3c Th]
Seat 1: Dorex2007 folded before Flop (didn't bet)
Seat 2: CashMonki (button) folded before Flop (didn't bet)
Seat 4: Mendes175 (small blind) collected ($0.62)
Seat 5: lalo4440 (big blind) folded on the Flop
Seat 6: Maria1995587 folded on the Flop
Seat 7: gio119 folded before Flop (didn't bet)
Seat 8: Sr ÁviIa folded before Flop (didn't bet)
Seat 9: juhoshino folded before Flop (didn't bet)



PokerStars Hand #238446584334:  Hold'em No Limit ($0.02/$0.05 USD) - 2022/09/05 20:30:52 PT [2022/09/05 23:30:52 ET]
Table 'Una II' 9-max Seat #4 is the button
Seat 1: Dorex2007 ($5 in chips) 
Seat 2: CashMonki ($5.39 in chips) 
Seat 3: linoaspoker ($8.20 in chips) 
Seat 4: Mendes175 ($7.17 in chips) 
Seat 5: lalo4440 ($2.32 in chips) 
Seat 6: Maria1995587 ($2.08 in chips) 
Seat 7: gio119 ($5.20 in chips) 
Seat 8: Sr ÁviIa ($14.75 in chips) 
Seat 9: juhoshino ($2.72 in chips) 
lalo4440: posts small blind $0.02
Maria1995587: posts big blind $0.05
linoaspoker: posts small & big blinds $0.07
*** HOLE CARDS ***
Dealt to Dorex2007 [5h 6d]
gio119: folds 
Sr ÁviIa: folds 
juhoshino: calls $0.05
Dorex2007: folds 
CashMonki: calls $0.05
linoaspoker: checks 
Mendes175: calls $0.05
lalo4440: calls $0.03
Maria1995587: checks 
*** FLOP *** [5s 3d 7c]
lalo4440: checks 
Maria1995587: checks 
juhoshino: bets $0.15
CashMonki: folds 
linoaspoker: folds 
Mendes175: folds 
lalo4440: folds 
Maria1995587: calls $0.15
*** TURN *** [5s 3d 7c] [8h]
Maria1995587: checks 
juhoshino: bets $0.29
Maria1995587: folds 
Uncalled bet ($0.29) returned to juhoshino
juhoshino collected $0.59 from pot
*** SUMMARY ***
Total pot $0.62 | Rake $0.03 
Board [5s 3d 7c 8h]
Seat 1: Dorex2007 folded before Flop (didn't bet)
Seat 2: CashMonki folded on the Flop
Seat 3: linoaspoker folded on the Flop (didn't bet)
Seat 4: Mendes175 (button) folded on the Flop
Seat 5: lalo4440 (small blind) folded on the Flop
Seat 6: Maria1995587 (big blind) folded on the Turn
Seat 7: gio119 folded before Flop (didn't bet)
Seat 8: Sr ÁviIa folded before Flop (didn't bet)
Seat 9: juhoshino collected ($0.59)



PokerStars Hand #238446597319:  Hold'em No Limit ($0.02/$0.05 USD) - 2022/09/05 20:32:26 PT [2022/09/05 23:32:26 ET]
Table 'Una II' 9-max Seat #5 is the button
Seat 1: Dorex2007 ($5 in chips) 
Seat 2: CashMonki ($5.34 in chips) 
Seat 3: linoaspoker ($8.13 in chips) 
Seat 4: Mendes175 ($7.12 in chips) 
Seat 5: lalo4440 ($2.27 in chips) 
Seat 6: Maria1995587 ($1.88 in chips) 
Seat 7: gio119 ($5.20 in chips) 
Seat 8: Sr ÁviIa ($14.75 in chips) 
Seat 9: juhoshino ($3.11 in chips) 
Maria1995587: posts small blind $0.02
gio119: posts big blind $0.05
*** HOLE CARDS ***
Dealt to Dorex2007 [2c Jc]
Sr ÁviIa: raises $0.05 to $0.10
juhoshino is connected 
juhoshino: calls $0.10
Dorex2007: folds 
juhoshino is disconnected 
CashMonki: raises $0.37 to $0.47
linoaspoker: folds 
Mendes175: folds 
lalo4440: folds 
Maria1995587: folds 
gio119: folds 
Sr ÁviIa: calls $0.37
juhoshino is connected 
juhoshino: folds 
*** FLOP *** [Ts Qs 7s]
Sr ÁviIa: checks 
CashMonki: bets $0.53
Sr ÁviIa: folds 
Uncalled bet ($0.53) returned to CashMonki
CashMonki collected $1.06 from pot
CashMonki: doesn't show hand 
*** SUMMARY ***
Total pot $1.11 | Rake $0.05 
Board [Ts Qs 7s]
Seat 1: Dorex2007 folded before Flop (didn't bet)
Seat 2: CashMonki collected ($1.06)
Seat 3: linoaspoker folded before Flop (didn't bet)
Seat 4: Mendes175 folded before Flop (didn't bet)
Seat 5: lalo4440 (button) folded before Flop (didn't bet)
Seat 6: Maria1995587 (small blind) folded before Flop
Seat 7: gio119 (big blind) folded before Flop
Seat 8: Sr ÁviIa folded on the Flop
Seat 9: juhoshino folded before Flop



PokerStars Hand #238446607009:  Hold'em No Limit ($0.02/$0.05 USD) - 2022/09/05 20:33:36 PT [2022/09/05 23:33:36 ET]
Table 'Una II' 9-max Seat #6 is the button
Seat 1: Dorex2007 ($5 in chips) 
Seat 2: CashMonki ($5.93 in chips) 
Seat 3: linoaspoker ($8.13 in chips) 
Seat 4: Mendes175 ($7.12 in chips) 
Seat 5: lalo4440 ($2.27 in chips) 
Seat 6: Maria1995587 ($1.86 in chips) 
Seat 7: gio119 ($5.15 in chips) 
Seat 8: Sr ÁviIa ($14.28 in chips) 
Seat 9: juhoshino ($3.01 in chips) 
gio119: posts small blind $0.02
Sr ÁviIa: posts big blind $0.05
*** HOLE CARDS ***
Dealt to Dorex2007 [Jh Qd]
juhoshino: calls $0.05
Dorex2007: folds 
CashMonki: calls $0.05
linoaspoker: calls $0.05
Mendes175: raises $0.05 to $0.10
lalo4440: calls $0.10
Maria1995587: calls $0.10
gio119: folds 
Sr ÁviIa: calls $0.05
juhoshino: calls $0.05
CashMonki: calls $0.05
linoaspoker: calls $0.05
*** FLOP *** [9c 7h 9h]
Sr ÁviIa: checks 
juhoshino: checks 
CashMonki: checks 
linoaspoker: bets $0.50
Mendes175: folds 
lalo4440: calls $0.50
Maria1995587: folds 
Sr ÁviIa: folds 
juhoshino: folds 
CashMonki: folds 
*** TURN *** [9c 7h 9h] [Jc]
linoaspoker: bets $0.10
lalo4440: raises $1.57 to $1.67 and is all-in
linoaspoker: calls $1.57
*** RIVER *** [9c 7h 9h Jc] [Ts]
*** SHOW DOWN ***
linoaspoker: shows [9s Kc] (three of a kind, Nines)
lalo4440: shows [8c Td] (a straight, Seven to Jack)
lalo4440 collected $4.85 from pot
*** SUMMARY ***
Total pot $5.06 | Rake $0.21 
Board [9c 7h 9h Jc Ts]
Seat 1: Dorex2007 folded before Flop (didn't bet)
Seat 2: CashMonki folded on the Flop
Seat 3: linoaspoker showed [9s Kc] and lost with three of a kind, Nines
Seat 4: Mendes175 folded on the Flop
Seat 5: lalo4440 showed [8c Td] and won ($4.85) with a straight, Seven to Jack
Seat 6: Maria1995587 (button) folded on the Flop
Seat 7: gio119 (small blind) folded before Flop
Seat 8: Sr ÁviIa (big blind) folded on the Flop
Seat 9: juhoshino folded on the Flop



PokerStars Hand #238446622314:  Hold'em No Limit ($0.02/$0.05 USD) - 2022/09/05 20:35:27 PT [2022/09/05 23:35:27 ET]
Table 'Una II' 9-max Seat #7 is the button
Seat 1: Dorex2007 ($5 in chips) 
Seat 2: CashMonki ($5.83 in chips) 
Seat 3: linoaspoker ($5.86 in chips) 
Seat 4: Mendes175 ($7.02 in chips) 
Seat 5: lalo4440 ($4.85 in chips) 
Seat 6: Maria1995587 ($1.76 in chips) 
Seat 7: gio119 ($5.13 in chips) 
Seat 8: Sr ÁviIa ($14.18 in chips) 
Seat 9: juhoshino ($2.91 in chips) 
Sr ÁviIa: posts small blind $0.02
juhoshino: posts big blind $0.05
*** HOLE CARDS ***
Dealt to Dorex2007 [2h 2s]
Dorex2007: folds 
CashMonki: raises $0.10 to $0.15
linoaspoker: folds 
Mendes175: calls $0.15
lalo4440: calls $0.15
Maria1995587: folds 
gio119 has timed out
gio119: folds 
Sr ÁviIa: folds 
juhoshino: calls $0.10
*** FLOP *** [Kh 8s Jh]
juhoshino: checks 
CashMonki: bets $0.15
Mendes175: raises $0.25 to $0.40
lalo4440: folds 
juhoshino: folds 
CashMonki: folds 
Uncalled bet ($0.25) returned to Mendes175
Mendes175 collected $0.88 from pot
*** SUMMARY ***
Total pot $0.92 | Rake $0.04 
Board [Kh 8s Jh]
Seat 1: Dorex2007 folded before Flop (didn't bet)
Seat 2: CashMonki folded on the Flop
Seat 3: linoaspoker folded before Flop (didn't bet)
Seat 4: Mendes175 collected ($0.88)
Seat 5: lalo4440 folded on the Flop
Seat 6: Maria1995587 folded before Flop (didn't bet)
Seat 7: gio119 (button) folded before Flop (didn't bet)
Seat 8: Sr ÁviIa (small blind) folded before Flop
Seat 9: juhoshino (big blind) folded on the Flop



PokerStars Hand #238446635156:  Hold'em No Limit ($0.02/$0.05 USD) - 2022/09/05 20:37:00 PT [2022/09/05 23:37:00 ET]
Table 'Una II' 9-max Seat #8 is the button
Seat 1: Dorex2007 ($5 in chips) 
Seat 2: CashMonki ($5.53 in chips) 
Seat 3: linoaspoker ($5.86 in chips) 
Seat 4: Mendes175 ($7.60 in chips) 
Seat 5: lalo4440 ($4.70 in chips) 
Seat 6: Maria1995587 ($1.76 in chips) 
Seat 8: Sr ÁviIa ($14.16 in chips) 
Seat 9: juhoshino ($2.76 in chips) 
juhoshino: posts small blind $0.02
Dorex2007: posts big blind $0.05
*** HOLE CARDS ***
Dealt to Dorex2007 [9d Th]
CashMonki has timed out
CashMonki: folds 
linoaspoker: calls $0.05
Mendes175: calls $0.05
lalo4440: folds 
Maria1995587: folds 
Sr ÁviIa: folds 
juhoshino: calls $0.03
Dorex2007: checks 
*** FLOP *** [7c 9h 2c]
juhoshino: checks 
Dorex2007: checks 
linoaspoker: checks 
Mendes175: bets $0.15
juhoshino: folds 
gio119 is disconnected 
Dorex2007: folds 
linoaspoker: folds 
Uncalled bet ($0.15) returned to Mendes175
Mendes175 collected $0.19 from pot
*** SUMMARY ***
Total pot $0.20 | Rake $0.01 
Board [7c 9h 2c]
Seat 1: Dorex2007 (big blind) folded on the Flop
Seat 2: CashMonki folded before Flop (didn't bet)
Seat 3: linoaspoker folded on the Flop
Seat 4: Mendes175 collected ($0.19)
Seat 5: lalo4440 folded before Flop (didn't bet)
Seat 6: Maria1995587 folded before Flop (didn't bet)
Seat 8: Sr ÁviIa (button) folded before Flop (didn't bet)
Seat 9: juhoshino (small blind) folded on the Flop



PokerStars Hand #238446643051:  Hold'em No Limit ($0.02/$0.05 USD) - 2022/09/05 20:37:56 PT [2022/09/05 23:37:56 ET]
Table 'Una II' 9-max Seat #9 is the button
Seat 1: Dorex2007 ($5 in chips) 
Seat 2: CashMonki ($5.53 in chips) 
Seat 3: linoaspoker ($5.81 in chips) 
Seat 4: Mendes175 ($7.74 in chips) 
Seat 5: lalo4440 ($4.70 in chips) 
Seat 6: Maria1995587 ($1.76 in chips) 
Seat 8: Sr ÁviIa ($14.16 in chips) 
Seat 9: juhoshino ($2.71 in chips) 
Dorex2007: posts small blind $0.02
CashMonki: posts big blind $0.05
*** HOLE CARDS ***
Dealt to Dorex2007 [4h Qh]
linoaspoker: calls $0.05
Mendes175: folds 
lalo4440: calls $0.05
Maria1995587: folds 
Sr ÁviIa: folds 
juhoshino: calls $0.05
Dorex2007: calls $0.03
gio119 is disconnected 
CashMonki: raises $0.05 to $0.10
linoaspoker: calls $0.05
lalo4440: calls $0.05
juhoshino: calls $0.05
Dorex2007: calls $0.05
*** FLOP *** [6h 4d Kd]
Dorex2007: checks 
CashMonki: checks 
linoaspoker: checks 
lalo4440: checks 
juhoshino: bets $0.24
Dorex2007: folds 
CashMonki: folds 
linoaspoker: folds 
lalo4440: folds 
Uncalled bet ($0.24) returned to juhoshino
juhoshino collected $0.48 from pot
*** SUMMARY ***
Total pot $0.50 | Rake $0.02 
Board [6h 4d Kd]
Seat 1: Dorex2007 (small blind) folded on the Flop
Seat 2: CashMonki (big blind) folded on the Flop
Seat 3: linoaspoker folded on the Flop
Seat 4: Mendes175 folded before Flop (didn't bet)
Seat 5: lalo4440 folded on the Flop
Seat 6: Maria1995587 folded before Flop (didn't bet)
Seat 8: Sr ÁviIa folded before Flop (didn't bet)
Seat 9: juhoshino (button) collected ($0.48)



PokerStars Hand #238446654932:  Hold'em No Limit ($0.02/$0.05 USD) - 2022/09/05 20:39:24 PT [2022/09/05 23:39:24 ET]
Table 'Una II' 9-max Seat #1 is the button
Seat 1: Dorex2007 ($5 in chips) 
Seat 2: CashMonki ($5.43 in chips) 
Seat 3: linoaspoker ($5.71 in chips) 
Seat 4: Mendes175 ($7.74 in chips) 
Seat 5: lalo4440 ($4.60 in chips) 
Seat 6: Maria1995587 ($5 in chips) 
Seat 8: Sr ÁviIa ($14.16 in chips) 
Seat 9: juhoshino ($3.09 in chips) 
CashMonki: posts small blind $0.02
linoaspoker: posts big blind $0.05
*** HOLE CARDS ***
Dealt to Dorex2007 [4h 9d]
Mendes175: raises $0.05 to $0.10
lalo4440: calls $0.10
Maria1995587: folds 
Sr ÁviIa: raises $0.25 to $0.35
juhoshino: folds 
Dorex2007: folds 
CashMonki: folds 
linoaspoker: folds 
Mendes175: calls $0.25
lalo4440: calls $0.25
*** FLOP *** [4s 5h 8d]
Mendes175: bets $0.40
lalo4440: folds 
Sr ÁviIa: raises $0.40 to $0.80
Mendes175: raises $0.40 to $1.20
Sr ÁviIa: raises $12.61 to $13.81 and is all-in
Mendes175: calls $6.19 and is all-in
Uncalled bet ($6.42) returned to Sr ÁviIa
Mendes175 has timed out
*** TURN *** [4s 5h 8d] [Js]
*** RIVER *** [4s 5h 8d Js] [2s]
*** SHOW DOWN ***
Mendes175: shows [7d Qd] (high card Queen)
Sr ÁviIa: shows [Ad Ah] (a pair of Aces)
Sr ÁviIa collected $15.24 from pot
*** SUMMARY ***
Total pot $15.90 | Rake $0.66 
Board [4s 5h 8d Js 2s]
Seat 1: Dorex2007 (button) folded before Flop (didn't bet)
Seat 2: CashMonki (small blind) folded before Flop
Seat 3: linoaspoker (big blind) folded before Flop
Seat 4: Mendes175 showed [7d Qd] and lost with high card Queen
Seat 5: lalo4440 folded on the Flop
Seat 6: Maria1995587 folded before Flop (didn't bet)
Seat 8: Sr ÁviIa showed [Ad Ah] and won ($15.24) with a pair of Aces
Seat 9: juhoshino folded before Flop (didn't bet)



PokerStars Hand #238446668811:  Hold'em No Limit ($0.02/$0.05 USD) - 2022/09/05 20:41:07 PT [2022/09/05 23:41:07 ET]
Table 'Una II' 9-max Seat #2 is the button
Seat 1: Dorex2007 ($5 in chips) 
Seat 2: CashMonki ($5.41 in chips) 
Seat 3: linoaspoker ($5.66 in chips) 
Seat 5: lalo4440 ($4.25 in chips) 
Seat 6: Maria1995587 ($5 in chips) 
Seat 8: Sr ÁviIa ($21.66 in chips) 
Seat 9: juhoshino ($3.09 in chips) 
linoaspoker: posts small blind $0.02
lalo4440: posts big blind $0.05
*** HOLE CARDS ***
Dealt to Dorex2007 [Kd 3d]
Maria1995587: folds 
Sr ÁviIa: folds 
juhoshino: raises $0.05 to $0.10
Dorex2007: folds 
CashMonki: folds 
linoaspoker: folds 
lalo4440: calls $0.05
*** FLOP *** [2s 9h Ac]
lalo4440: checks 
Mendes175 leaves the table
juhoshino: bets $0.10
lalo4440: calls $0.10
*** TURN *** [2s 9h Ac] [8h]
lalo4440: checks 
juhoshino: bets $0.40
lalo4440: folds 
Uncalled bet ($0.40) returned to juhoshino
juhoshino collected $0.40 from pot
*** SUMMARY ***
Total pot $0.42 | Rake $0.02 
Board [2s 9h Ac 8h]
Seat 1: Dorex2007 folded before Flop (didn't bet)
Seat 2: CashMonki (button) folded before Flop (didn't bet)
Seat 3: linoaspoker (small blind) folded before Flop
Seat 5: lalo4440 (big blind) folded on the Turn
Seat 6: Maria1995587 folded before Flop (didn't bet)
Seat 8: Sr ÁviIa folded before Flop (didn't bet)
Seat 9: juhoshino collected ($0.40)



PokerStars Hand #238446676269:  Hold'em No Limit ($0.02/$0.05 USD) - 2022/09/05 20:42:03 PT [2022/09/05 23:42:03 ET]
Table 'Una II' 9-max Seat #3 is the button
Seat 1: Dorex2007 ($5 in chips) 
Seat 2: CashMonki ($5.41 in chips) 
Seat 3: linoaspoker ($5.64 in chips) 
Seat 5: lalo4440 ($4.05 in chips) 
Seat 6: Maria1995587 ($5 in chips) 
Seat 8: Sr ÁviIa ($21.66 in chips) 
Seat 9: juhoshino ($3.29 in chips) 
lalo4440: posts small blind $0.02
Maria1995587: posts big blind $0.05
*** HOLE CARDS ***
Dealt to Dorex2007 [6d 2h]
WiseWolf71 joins the table at seat #4 
Sr ÁviIa: folds 
juhoshino: calls $0.05
Dorex2007: folds 
CashMonki: calls $0.05
linoaspoker: folds 
lalo4440: calls $0.03
Maria1995587: checks 
*** FLOP *** [Qc 4c 8h]
lalo4440: checks 
Maria1995587: checks 
juhoshino: bets $0.09
CashMonki: calls $0.09
lalo4440: calls $0.09
Maria1995587: folds 
*** TURN *** [Qc 4c 8h] [6h]
linoaspoker leaves the table
lalo4440: checks 
juhoshino: checks 
CashMonki: checks 
*** RIVER *** [Qc 4c 8h 6h] [9s]
lalo4440: checks 
juhoshino: bets $0.17
CashMonki: calls $0.17
lalo4440: calls $0.17
*** SHOW DOWN ***
juhoshino: shows [2d 8d] (a pair of Eights)
CashMonki: shows [Kc 8c] (a pair of Eights - King kicker)
lalo4440: shows [9c Kh] (a pair of Nines)
lalo4440 collected $0.94 from pot
*** SUMMARY ***
Total pot $0.98 | Rake $0.04 
Board [Qc 4c 8h 6h 9s]
Seat 1: Dorex2007 folded before Flop (didn't bet)
Seat 2: CashMonki showed [Kc 8c] and lost with a pair of Eights
Seat 3: linoaspoker (button) folded before Flop (didn't bet)
Seat 5: lalo4440 (small blind) showed [9c Kh] and won ($0.94) with a pair of Nines
Seat 6: Maria1995587 (big blind) folded on the Flop
Seat 8: Sr ÁviIa folded before Flop (didn't bet)
Seat 9: juhoshino showed [2d 8d] and lost with a pair of Eights



PokerStars Hand #238446688507:  Hold'em No Limit ($0.02/$0.05 USD) - 2022/09/05 20:43:36 PT [2022/09/05 23:43:36 ET]
Table 'Una II' 9-max Seat #5 is the button
Seat 1: Dorex2007 ($5 in chips) 
Seat 2: CashMonki ($5.10 in chips) 
Seat 4: WiseWolf71 ($5 in chips) 
Seat 5: lalo4440 ($4.68 in chips) 
Seat 6: Maria1995587 ($4.95 in chips) 
Seat 8: Sr ÁviIa ($21.66 in chips) 
Seat 9: juhoshino ($2.98 in chips) 
Maria1995587: posts small blind $0.02
Sr ÁviIa: posts big blind $0.05
WiseWolf71: posts big blind $0.05
*** HOLE CARDS ***
Dealt to Dorex2007 [Ah Qc]
k0100 joins the table at seat #3 
juhoshino: calls $0.05
Dorex2007: raises $0.20 to $0.25
CashMonki: folds 
WiseWolf71: calls $0.20
lalo4440: folds 
Maria1995587: folds 
Sr ÁviIa: folds 
juhoshino: folds 
*** FLOP *** [Js 3s 3d]
Dorex2007: bets $4.75 and is all-in
WiseWolf71: folds 
Uncalled bet ($4.75) returned to Dorex2007
Dorex2007 collected $0.59 from pot
Dorex2007: doesn't show hand 
*** SUMMARY ***
Total pot $0.62 | Rake $0.03 
Board [Js 3s 3d]
Seat 1: Dorex2007 collected ($0.59)
Seat 2: CashMonki folded before Flop (didn't bet)
Seat 4: WiseWolf71 folded on the Flop
Seat 5: lalo4440 (button) folded before Flop (didn't bet)
Seat 6: Maria1995587 (small blind) folded before Flop
Seat 8: Sr ÁviIa (big blind) folded before Flop
Seat 9: juhoshino folded before Flop



PokerStars Hand #238446693981:  Hold'em No Limit ($0.02/$0.05 USD) - 2022/09/05 20:44:18 PT [2022/09/05 23:44:18 ET]
Table 'Una II' 9-max Seat #6 is the button
Seat 1: Dorex2007 ($5.34 in chips) 
Seat 4: WiseWolf71 ($4.75 in chips) 
Seat 5: lalo4440 ($4.68 in chips) 
Seat 6: Maria1995587 ($4.93 in chips) 
Seat 8: Sr ÁviIa ($21.61 in chips) 
Seat 9: juhoshino ($2.93 in chips) 
Sr ÁviIa: posts small blind $0.02
juhoshino: posts big blind $0.05
k0100: sits out 
*** HOLE CARDS ***
Dealt to Dorex2007 [4d Qc]
Dorex2007: folds 
WiseWolf71: raises $0.10 to $0.15
lalo4440: calls $0.15
Maria1995587: folds 
Sr ÁviIa: folds 
juhoshino: raises $0.10 to $0.25
WiseWolf71: calls $0.10
lalo4440: calls $0.10
*** FLOP *** [5d 3c Kc]
juhoshino: checks 
WiseWolf71: bets $0.40
lalo4440: calls $0.40
juhoshino: folds 
*** TURN *** [5d 3c Kc] [8h]
WiseWolf71: bets $0.60
lalo4440: raises $3.43 to $4.03 and is all-in
WiseWolf71: folds 
Uncalled bet ($3.43) returned to lalo4440
lalo4440 collected $2.66 from pot
lalo4440: doesn't show hand 
*** SUMMARY ***
Total pot $2.77 | Rake $0.11 
Board [5d 3c Kc 8h]
Seat 1: Dorex2007 folded before Flop (didn't bet)
Seat 4: WiseWolf71 folded on the Turn
Seat 5: lalo4440 collected ($2.66)
Seat 6: Maria1995587 (button) folded before Flop (didn't bet)
Seat 8: Sr ÁviIa (small blind) folded before Flop
Seat 9: juhoshino (big blind) folded on the Flop



PokerStars Hand #238446704459:  Hold'em No Limit ($0.02/$0.05 USD) - 2022/09/05 20:45:36 PT [2022/09/05 23:45:36 ET]
Table 'Una II' 9-max Seat #8 is the button
Seat 1: Dorex2007 ($5.34 in chips) 
Seat 4: WiseWolf71 ($3.50 in chips) 
Seat 5: lalo4440 ($6.09 in chips) 
Seat 6: Maria1995587 ($4.93 in chips) 
Seat 8: Sr ÁviIa ($21.59 in chips) 
Seat 9: juhoshino ($2.68 in chips) 
juhoshino: posts small blind $0.02
Dorex2007: posts big blind $0.05
k0100: sits out 
*** HOLE CARDS ***
Dealt to Dorex2007 [Ks 2d]
WiseWolf71: folds 
lalo4440: calls $0.05
Maria1995587: calls $0.05
Sr ÁviIa: calls $0.05
juhoshino: raises $0.15 to $0.20
Dorex2007: folds 
lalo4440: calls $0.15
Maria1995587: calls $0.15
Sr ÁviIa: folds 
*** FLOP *** [5h Ac 3s]
juhoshino: checks 
lalo4440: checks 
Maria1995587: checks 
*** TURN *** [5h Ac 3s] [7h]
juhoshino: checks 
lalo4440: bets $0.67
Maria1995587: folds 
juhoshino: folds 
Uncalled bet ($0.67) returned to lalo4440
lalo4440 collected $0.67 from pot
lalo4440: doesn't show hand 
*** SUMMARY ***
Total pot $0.70 | Rake $0.03 
Board [5h Ac 3s 7h]
Seat 1: Dorex2007 (big blind) folded before Flop
Seat 4: WiseWolf71 folded before Flop (didn't bet)
Seat 5: lalo4440 collected ($0.67)
Seat 6: Maria1995587 folded on the Turn
Seat 8: Sr ÁviIa (button) folded before Flop
Seat 9: juhoshino (small blind) folded on the Turn



PokerStars Hand #238446713695:  Hold'em No Limit ($0.02/$0.05 USD) - 2022/09/05 20:46:45 PT [2022/09/05 23:46:45 ET]
Table 'Una II' 9-max Seat #9 is the button
Seat 1: Dorex2007 ($5.29 in chips) 
Seat 3: k0100 ($5 in chips) 
Seat 4: WiseWolf71 ($3.50 in chips) 
Seat 5: lalo4440 ($6.56 in chips) 
Seat 6: Maria1995587 ($4.73 in chips) 
Seat 8: Sr ÁviIa ($21.54 in chips) 
Seat 9: juhoshino ($2.48 in chips) 
Dorex2007: posts small blind $0.02
k0100: posts big blind $0.05
*** HOLE CARDS ***
Dealt to Dorex2007 [7c 4c]
WiseWolf71: folds 
lalo4440: folds 
Maria1995587: calls $0.05
Sr ÁviIa: folds 
juhoshino: calls $0.05
Dorex2007: folds 
k0100: raises $0.10 to $0.15
Maria1995587: calls $0.10
juhoshino: calls $0.10
*** FLOP *** [9h 5h Kd]
k0100: bets $0.22
Maria1995587: calls $0.22
juhoshino: folds 
*** TURN *** [9h 5h Kd] [9s]
k0100: bets $0.30
Maria1995587: folds 
Uncalled bet ($0.30) returned to k0100
k0100 collected $0.87 from pot
*** SUMMARY ***
Total pot $0.91 | Rake $0.04 
Board [9h 5h Kd 9s]
Seat 1: Dorex2007 (small blind) folded before Flop
Seat 3: k0100 (big blind) collected ($0.87)
Seat 4: WiseWolf71 folded before Flop (didn't bet)
Seat 5: lalo4440 folded before Flop (didn't bet)
Seat 6: Maria1995587 folded on the Turn
Seat 8: Sr ÁviIa folded before Flop (didn't bet)
Seat 9: juhoshino (button) folded on the Flop



PokerStars Hand #238446721390:  Hold'em No Limit ($0.02/$0.05 USD) - 2022/09/05 20:47:44 PT [2022/09/05 23:47:44 ET]
Table 'Una II' 9-max Seat #1 is the button
Seat 1: Dorex2007 ($5.27 in chips) 
Seat 3: k0100 ($5.50 in chips) 
Seat 4: WiseWolf71 ($3.50 in chips) 
Seat 5: lalo4440 ($6.56 in chips) 
Seat 6: Maria1995587 ($4.36 in chips) 
Seat 8: Sr ÁviIa ($21.54 in chips) 
Seat 9: juhoshino ($2.33 in chips) 
k0100: posts small blind $0.02
WiseWolf71: posts big blind $0.05
*** HOLE CARDS ***
Dealt to Dorex2007 [3c 2c]
lalo4440: calls $0.05
Maria1995587: folds 
Sr ÁviIa: folds 
juhoshino: calls $0.05
Dorex2007: folds 
k0100: folds 
WiseWolf71: checks 
*** FLOP *** [Td 3s 2d]
WiseWolf71: bets $0.10
lalo4440: calls $0.10
juhoshino: calls $0.10
*** TURN *** [Td 3s 2d] [Kc]
gio119 leaves the table
WiseWolf71: bets $0.30
lalo4440: folds 
juhoshino: folds 
Uncalled bet ($0.30) returned to WiseWolf71
WiseWolf71 collected $0.45 from pot
*** SUMMARY ***
Total pot $0.47 | Rake $0.02 
Board [Td 3s 2d Kc]
Seat 1: Dorex2007 (button) folded before Flop (didn't bet)
Seat 3: k0100 (small blind) folded before Flop
Seat 4: WiseWolf71 (big blind) collected ($0.45)
Seat 5: lalo4440 folded on the Turn
Seat 6: Maria1995587 folded before Flop (didn't bet)
Seat 8: Sr ÁviIa folded before Flop (didn't bet)
Seat 9: juhoshino folded on the Turn



PokerStars Hand #238446727147:  Hold'em No Limit ($0.02/$0.05 USD) - 2022/09/05 20:48:27 PT [2022/09/05 23:48:27 ET]
Table 'Una II' 9-max Seat #3 is the button
Seat 1: Dorex2007 ($5.27 in chips) 
Seat 3: k0100 ($5.48 in chips) 
Seat 4: WiseWolf71 ($3.80 in chips) 
Seat 5: lalo4440 ($6.41 in chips) 
Seat 6: Maria1995587 ($4.36 in chips) 
Seat 8: Sr ÁviIa ($21.54 in chips) 
Seat 9: juhoshino ($2.18 in chips) 
WiseWolf71: posts small blind $0.02
lalo4440: posts big blind $0.05
*** HOLE CARDS ***
Dealt to Dorex2007 [Jd Qh]
Maria1995587: folds 
Sr ÁviIa: raises $0.10 to $0.15
juhoshino: folds 
Dorex2007: folds 
k0100: calls $0.15
WiseWolf71: folds 
lalo4440: folds 
*** FLOP *** [Jc 7h 4s]
Sr ÁviIa: bets $0.15
k0100: calls $0.15
*** TURN *** [Jc 7h 4s] [Ad]
Sr ÁviIa: checks 
Maria1995587 leaves the table
k0100: checks 
*** RIVER *** [Jc 7h 4s Ad] [Qd]
Lagosha joins the table at seat #6 
Sr ÁviIa: checks 
k0100: bets $0.20
Sr ÁviIa: calls $0.20
*** SHOW DOWN ***
k0100: shows [Js Td] (a pair of Jacks)
Sr ÁviIa: mucks hand 
k0100 collected $1.03 from pot
*** SUMMARY ***
Total pot $1.07 | Rake $0.04 
Board [Jc 7h 4s Ad Qd]
Seat 1: Dorex2007 folded before Flop (didn't bet)
Seat 3: k0100 (button) showed [Js Td] and won ($1.03) with a pair of Jacks
Seat 4: WiseWolf71 (small blind) folded before Flop
Seat 5: lalo4440 (big blind) folded before Flop
Seat 6: Maria1995587 folded before Flop (didn't bet)
Seat 8: Sr ÁviIa mucked [9h 9d]
Seat 9: juhoshino folded before Flop (didn't bet)



PokerStars Hand #238446733792:  Hold'em No Limit ($0.02/$0.05 USD) - 2022/09/05 20:49:17 PT [2022/09/05 23:49:17 ET]
Table 'Una II' 9-max Seat #4 is the button
Seat 1: Dorex2007 ($5.27 in chips) 
Seat 3: k0100 ($6.01 in chips) 
Seat 4: WiseWolf71 ($3.78 in chips) 
Seat 5: lalo4440 ($6.36 in chips) 
Seat 6: Lagosha ($5 in chips) 
Seat 8: Sr ÁviIa ($21.04 in chips) 
Seat 9: juhoshino ($2.18 in chips) 
lalo4440: posts small blind $0.02
Lagosha: posts big blind $0.05
*** HOLE CARDS ***
Dealt to Dorex2007 [5d 8h]
Sr ÁviIa: folds 
juhoshino: calls $0.05
Dorex2007: folds 
k0100: folds 
WiseWolf71: folds 
lalo4440: calls $0.03
Lagosha: checks 
*** FLOP *** [Kc Jc 4c]
lalo4440: bets $0.07
Lagosha: calls $0.07
juhoshino: calls $0.07
*** TURN *** [Kc Jc 4c] [Td]
BluffOnTable joins the table at seat #7 
lalo4440: bets $1.30
Lagosha: folds 
juhoshino: folds 
Uncalled bet ($1.30) returned to lalo4440
lalo4440 collected $0.35 from pot
lalo4440: doesn't show hand 
*** SUMMARY ***
Total pot $0.36 | Rake $0.01 
Board [Kc Jc 4c Td]
Seat 1: Dorex2007 folded before Flop (didn't bet)
Seat 3: k0100 folded before Flop (didn't bet)
Seat 4: WiseWolf71 (button) folded before Flop (didn't bet)
Seat 5: lalo4440 (small blind) collected ($0.35)
Seat 6: Lagosha (big blind) folded on the Turn
Seat 8: Sr ÁviIa folded before Flop (didn't bet)
Seat 9: juhoshino folded on the Turn



PokerStars Hand #238446743141:  Hold'em No Limit ($0.02/$0.05 USD) - 2022/09/05 20:50:28 PT [2022/09/05 23:50:28 ET]
Table 'Una II' 9-max Seat #5 is the button
Seat 1: Dorex2007 ($5.27 in chips) 
Seat 3: k0100 ($6.01 in chips) 
Seat 4: WiseWolf71 ($3.78 in chips) 
Seat 5: lalo4440 ($6.59 in chips) 
Seat 6: Lagosha ($5 in chips) 
Seat 7: BluffOnTable ($5 in chips) 
Seat 8: Sr ÁviIa ($21.04 in chips) 
Seat 9: juhoshino ($2.06 in chips) 
Lagosha: posts small blind $0.02
BluffOnTable: posts big blind $0.05
*** HOLE CARDS ***
Dealt to Dorex2007 [2c Kc]
Sr ÁviIa: folds 
juhoshino: folds 
Dorex2007: folds 
k0100: folds 
WiseWolf71: raises $0.10 to $0.15
lalo4440: folds 
Lagosha: folds 
BluffOnTable: folds 
Uncalled bet ($0.10) returned to WiseWolf71
WiseWolf71 collected $0.12 from pot
*** SUMMARY ***
Total pot $0.12 | Rake $0 
Seat 1: Dorex2007 folded before Flop (didn't bet)
Seat 3: k0100 folded before Flop (didn't bet)
Seat 4: WiseWolf71 collected ($0.12)
Seat 5: lalo4440 (button) folded before Flop (didn't bet)
Seat 6: Lagosha (small blind) folded before Flop
Seat 7: BluffOnTable (big blind) folded before Flop
Seat 8: Sr ÁviIa folded before Flop (didn't bet)
Seat 9: juhoshino folded before Flop (didn't bet)



PokerStars Hand #238446747216:  Hold'em No Limit ($0.02/$0.05 USD) - 2022/09/05 20:51:00 PT [2022/09/05 23:51:00 ET]
Table 'Una II' 9-max Seat #6 is the button
Seat 1: Dorex2007 ($5.27 in chips) 
Seat 3: k0100 ($6.01 in chips) 
Seat 4: WiseWolf71 ($3.85 in chips) 
Seat 5: lalo4440 ($6.59 in chips) 
Seat 6: Lagosha ($5 in chips) 
Seat 7: BluffOnTable ($5 in chips) 
Seat 8: Sr ÁviIa ($21.04 in chips) 
Seat 9: juhoshino ($2.06 in chips) 
BluffOnTable: posts small blind $0.02
Sr ÁviIa: posts big blind $0.05
*** HOLE CARDS ***
Dealt to Dorex2007 [Kd 2c]
juhoshino: folds 
Dorex2007: folds 
k0100: raises $0.10 to $0.15
WiseWolf71: folds 
lalo4440: calls $0.15
Lagosha: folds 
BluffOnTable: folds 
Sr ÁviIa: folds 
*** FLOP *** [2d 3h 4d]
k0100: bets $0.10
lalo4440: calls $0.10
*** TURN *** [2d 3h 4d] [Qc]
k0100: bets $0.25
lalo4440: calls $0.25
*** RIVER *** [2d 3h 4d Qc] [3d]
k0100: checks 
lalo4440: bets $1.03
k0100: folds 
Uncalled bet ($1.03) returned to lalo4440
lalo4440 collected $1.03 from pot
lalo4440: doesn't show hand 
*** SUMMARY ***
Total pot $1.07 | Rake $0.04 
Board [2d 3h 4d Qc 3d]
Seat 1: Dorex2007 folded before Flop (didn't bet)
Seat 3: k0100 folded on the River
Seat 4: WiseWolf71 folded before Flop (didn't bet)
Seat 5: lalo4440 collected ($1.03)
Seat 6: Lagosha (button) folded before Flop (didn't bet)
Seat 7: BluffOnTable (small blind) folded before Flop
Seat 8: Sr ÁviIa (big blind) folded before Flop
Seat 9: juhoshino folded before Flop (didn't bet)



PokerStars Hand #238446754947:  Hold'em No Limit ($0.02/$0.05 USD) - 2022/09/05 20:52:01 PT [2022/09/05 23:52:01 ET]
Table 'Una II' 9-max Seat #7 is the button
Seat 1: Dorex2007 ($5.27 in chips) 
Seat 3: k0100 ($5.51 in chips) 
Seat 4: WiseWolf71 ($3.85 in chips) 
Seat 5: lalo4440 ($7.12 in chips) 
Seat 6: Lagosha ($5 in chips) 
Seat 7: BluffOnTable ($5 in chips) 
Seat 8: Sr ÁviIa ($20.99 in chips) 
Seat 9: juhoshino ($2.06 in chips) 
Sr ÁviIa: posts small blind $0.02
juhoshino: posts big blind $0.05
*** HOLE CARDS ***
Dealt to Dorex2007 [9c Ks]
Dorex2007: folds 
k0100: folds 
WiseWolf71: folds 
lalo4440: calls $0.05
Lagosha: folds 
BluffOnTable: calls $0.05
Sr ÁviIa: folds 
juhoshino: checks 
*** FLOP *** [5s Ad 4c]
juhoshino: checks 
lalo4440: bets $0.16
BluffOnTable: calls $0.16
juhoshino: folds 
*** TURN *** [5s Ad 4c] [Jd]
lalo4440: checks 
BluffOnTable: bets $0.47
lalo4440: folds 
Uncalled bet ($0.47) returned to BluffOnTable
BluffOnTable collected $0.47 from pot
BluffOnTable: doesn't show hand 
*** SUMMARY ***
Total pot $0.49 | Rake $0.02 
Board [5s Ad 4c Jd]
Seat 1: Dorex2007 folded before Flop (didn't bet)
Seat 3: k0100 folded before Flop (didn't bet)
Seat 4: WiseWolf71 folded before Flop (didn't bet)
Seat 5: lalo4440 folded on the Turn
Seat 6: Lagosha folded before Flop (didn't bet)
Seat 7: BluffOnTable (button) collected ($0.47)
Seat 8: Sr ÁviIa (small blind) folded before Flop
Seat 9: juhoshino (big blind) folded on the Flop



PokerStars Hand #238446762836:  Hold'em No Limit ($0.02/$0.05 USD) - 2022/09/05 20:53:02 PT [2022/09/05 23:53:02 ET]
Table 'Una II' 9-max Seat #8 is the button
Seat 1: Dorex2007 ($5.27 in chips) 
Seat 3: k0100 ($5.51 in chips) 
Seat 4: WiseWolf71 ($3.85 in chips) 
Seat 5: lalo4440 ($6.91 in chips) 
Seat 6: Lagosha ($5 in chips) 
Seat 7: BluffOnTable ($5.26 in chips) 
Seat 8: Sr ÁviIa ($20.97 in chips) 
Seat 9: juhoshino ($2.01 in chips) 
juhoshino: posts small blind $0.02
Dorex2007: posts big blind $0.05
*** HOLE CARDS ***
Dealt to Dorex2007 [8s 2s]
k0100: raises $0.10 to $0.15
WiseWolf71: folds 
lalo4440: raises $0.70 to $0.85
Lagosha: folds 
BluffOnTable: folds 
Sr ÁviIa: folds 
juhoshino: folds 
Dorex2007: folds 
k0100: raises $1.15 to $2
lalo4440: raises $4.91 to $6.91 and is all-in
k0100: calls $3.51 and is all-in
Uncalled bet ($1.40) returned to lalo4440
*** FLOP *** [Kh 5h 4c]
*** TURN *** [Kh 5h 4c] [5d]
*** RIVER *** [Kh 5h 4c 5d] [7s]
*** SHOW DOWN ***
k0100: shows [Ad Kd] (two pair, Kings and Fives)
lalo4440: shows [Kc Ks] (a full house, Kings full of Fives)
lalo4440 collected $10.63 from pot
*** SUMMARY ***
Total pot $11.09 | Rake $0.46 
Board [Kh 5h 4c 5d 7s]
Seat 1: Dorex2007 (big blind) folded before Flop
Seat 3: k0100 showed [Ad Kd] and lost with two pair, Kings and Fives
Seat 4: WiseWolf71 folded before Flop (didn't bet)
Seat 5: lalo4440 showed [Kc Ks] and won ($10.63) with a full house, Kings full of Fives
Seat 6: Lagosha folded before Flop (didn't bet)
Seat 7: BluffOnTable folded before Flop (didn't bet)
Seat 8: Sr ÁviIa (button) folded before Flop (didn't bet)
Seat 9: juhoshino (small blind) folded before Flop



PokerStars Hand #238446768839:  Hold'em No Limit ($0.02/$0.05 USD) - 2022/09/05 20:53:48 PT [2022/09/05 23:53:48 ET]
Table 'Una II' 9-max Seat #9 is the button
Seat 1: Dorex2007 ($5.22 in chips) 
Seat 4: WiseWolf71 ($3.85 in chips) 
Seat 5: lalo4440 ($12.03 in chips) 
Seat 6: Lagosha ($5 in chips) 
Seat 7: BluffOnTable ($5.26 in chips) 
Seat 8: Sr ÁviIa ($20.97 in chips) 
Seat 9: juhoshino ($1.99 in chips) 
Dorex2007: posts small blind $0.02
WiseWolf71: posts big blind $0.05
*** HOLE CARDS ***
Dealt to Dorex2007 [5c 6s]
lalo4440: calls $0.05
Lagosha: folds 
k0100 leaves the table
BluffOnTable: folds 
Sr ÁviIa: folds 
juhoshino: folds 
Dorex2007: folds 
WiseWolf71: checks 
*** FLOP *** [Kh 3d Jd]
WiseWolf71: checks 
lalo4440: bets $0.12
WiseWolf71: folds 
Uncalled bet ($0.12) returned to lalo4440
lalo4440 collected $0.12 from pot
lalo4440: doesn't show hand 
*** SUMMARY ***
Total pot $0.12 | Rake $0 
Board [Kh 3d Jd]
Seat 1: Dorex2007 (small blind) folded before Flop
Seat 4: WiseWolf71 (big blind) folded on the Flop
Seat 5: lalo4440 collected ($0.12)
Seat 6: Lagosha folded before Flop (didn't bet)
Seat 7: BluffOnTable folded before Flop (didn't bet)
Seat 8: Sr ÁviIa folded before Flop (didn't bet)
Seat 9: juhoshino (button) folded before Flop (didn't bet)



PokerStars Hand #238446773952:  Hold'em No Limit ($0.02/$0.05 USD) - 2022/09/05 20:54:27 PT [2022/09/05 23:54:27 ET]
Table 'Una II' 9-max Seat #1 is the button
Seat 1: Dorex2007 ($5.20 in chips) 
Seat 4: WiseWolf71 ($3.80 in chips) 
Seat 5: lalo4440 ($12.10 in chips) 
Seat 6: Lagosha ($5 in chips) 
Seat 7: BluffOnTable ($5.26 in chips) 
Seat 8: Sr ÁviIa ($20.97 in chips) 
Seat 9: juhoshino ($1.99 in chips) 
WiseWolf71: posts small blind $0.02
lalo4440: posts big blind $0.05
*** HOLE CARDS ***
Dealt to Dorex2007 [3h 6c]
Lagosha: folds 
BluffOnTable: folds 
Sr ÁviIa: folds 
juhoshino: calls $0.05
Dorex2007: folds 
WiseWolf71: calls $0.03
lalo4440: checks 
*** FLOP *** [9h 7s Qc]
WiseWolf71: checks 
lalo4440: checks 
juhoshino: checks 
*** TURN *** [9h 7s Qc] [2h]
WiseWolf71: bets $0.10
lalo4440: calls $0.10
juhoshino: folds 
*** RIVER *** [9h 7s Qc 2h] [As]
WiseWolf71: bets $0.20
lalo4440: calls $0.20
*** SHOW DOWN ***
WiseWolf71: shows [Jc 9d] (a pair of Nines)
lalo4440: mucks hand 
WiseWolf71 collected $0.72 from pot
*** SUMMARY ***
Total pot $0.75 | Rake $0.03 
Board [9h 7s Qc 2h As]
Seat 1: Dorex2007 (button) folded before Flop (didn't bet)
Seat 4: WiseWolf71 (small blind) showed [Jc 9d] and won ($0.72) with a pair of Nines
Seat 5: lalo4440 (big blind) mucked [7d Kc]
Seat 6: Lagosha folded before Flop (didn't bet)
Seat 7: BluffOnTable folded before Flop (didn't bet)
Seat 8: Sr ÁviIa folded before Flop (didn't bet)
Seat 9: juhoshino folded on the Turn



PokerStars Hand #238446779431:  Hold'em No Limit ($0.02/$0.05 USD) - 2022/09/05 20:55:11 PT [2022/09/05 23:55:11 ET]
Table 'Una II' 9-max Seat #4 is the button
Seat 1: Dorex2007 ($5.20 in chips) 
Seat 4: WiseWolf71 ($4.17 in chips) 
Seat 5: lalo4440 ($11.75 in chips) 
Seat 6: Lagosha ($5 in chips) 
Seat 7: BluffOnTable ($5.26 in chips) 
Seat 8: Sr ÁviIa ($20.97 in chips) 
Seat 9: juhoshino ($1.94 in chips) 
lalo4440: posts small blind $0.02
Lagosha: posts big blind $0.05
*** HOLE CARDS ***
Dealt to Dorex2007 [Js Jd]
BluffOnTable: folds 
O TERRESTRE joins the table at seat #3 
Sr ÁviIa: folds 
juhoshino: folds 
Dorex2007: raises $0.20 to $0.25
WiseWolf71: folds 
lalo4440: calls $0.23
Lagosha: folds 
*** FLOP *** [4d 2h Qc]
lalo4440: checks 
Dorex2007: bets $0.26
lalo4440: folds 
Uncalled bet ($0.26) returned to Dorex2007
Dorex2007 collected $0.53 from pot
Dorex2007: doesn't show hand 
*** SUMMARY ***
Total pot $0.55 | Rake $0.02 
Board [4d 2h Qc]
Seat 1: Dorex2007 collected ($0.53)
Seat 4: WiseWolf71 (button) folded before Flop (didn't bet)
Seat 5: lalo4440 (small blind) folded on the Flop
Seat 6: Lagosha (big blind) folded before Flop
Seat 7: BluffOnTable folded before Flop (didn't bet)
Seat 8: Sr ÁviIa folded before Flop (didn't bet)
Seat 9: juhoshino folded before Flop (didn't bet)



PokerStars Hand #238446784720:  Hold'em No Limit ($0.02/$0.05 USD) - 2022/09/05 20:56:00 PT [2022/09/05 23:56:00 ET]
Table 'Una II' 9-max Seat #5 is the button
Seat 1: Dorex2007 ($5.48 in chips) 
Seat 3: O TERRESTRE ($5 in chips) 
Seat 4: WiseWolf71 ($4.17 in chips) 
Seat 5: lalo4440 ($11.50 in chips) 
Seat 6: Lagosha ($5 in chips) 
Seat 7: BluffOnTable ($5.26 in chips) 
Seat 8: Sr ÁviIa ($20.97 in chips) 
Seat 9: juhoshino ($1.94 in chips) 
Lagosha: posts small blind $0.02
BluffOnTable: posts big blind $0.05
O TERRESTRE: posts big blind $0.05
*** HOLE CARDS ***
Dealt to Dorex2007 [8s 5s]
Sr ÁviIa: folds 
juhoshino: folds 
Dorex2007: folds 
O TERRESTRE: checks 
WiseWolf71: folds 
lalo4440: raises $0.17 to $0.22
Lagosha: folds 
BluffOnTable: folds 
O TERRESTRE: folds 
Uncalled bet ($0.17) returned to lalo4440
lalo4440 collected $0.17 from pot
lalo4440: doesn't show hand 
*** SUMMARY ***
Total pot $0.17 | Rake $0 
Seat 1: Dorex2007 folded before Flop (didn't bet)
Seat 3: O TERRESTRE folded before Flop (didn't bet)
Seat 4: WiseWolf71 folded before Flop (didn't bet)
Seat 5: lalo4440 (button) collected ($0.17)
Seat 6: Lagosha (small blind) folded before Flop
Seat 7: BluffOnTable (big blind) folded before Flop
Seat 8: Sr ÁviIa folded before Flop (didn't bet)
Seat 9: juhoshino folded before Flop (didn't bet)



PokerStars Hand #238446787851:  Hold'em No Limit ($0.02/$0.05 USD) - 2022/09/05 20:56:29 PT [2022/09/05 23:56:29 ET]
Table 'Una II' 9-max Seat #6 is the button
Seat 1: Dorex2007 ($5.48 in chips) 
Seat 3: O TERRESTRE ($4.95 in chips) 
Seat 4: WiseWolf71 ($4.17 in chips) 
Seat 5: lalo4440 ($11.62 in chips) 
Seat 6: Lagosha ($5 in chips) 
Seat 7: BluffOnTable ($5.21 in chips) 
Seat 8: Sr ÁviIa ($20.97 in chips) 
Seat 9: juhoshino ($1.94 in chips) 
BluffOnTable: posts small blind $0.02
Sr ÁviIa: posts big blind $0.05
*** HOLE CARDS ***
Dealt to Dorex2007 [Kh 4h]
juhoshino: folds 
Dorex2007: folds 
O TERRESTRE: folds 
WiseWolf71: folds 
lalo4440: calls $0.05
Lagosha: calls $0.05
BluffOnTable: calls $0.03
Sr ÁviIa: checks 
*** FLOP *** [Ad 2s Qc]
BluffOnTable: checks 
Sr ÁviIa: checks 
lalo4440: checks 
Lagosha: checks 
*** TURN *** [Ad 2s Qc] [3s]
BluffOnTable: checks 
Sr ÁviIa: checks 
lalo4440: bets $0.19
Lagosha: folds 
BluffOnTable: folds 
Sr ÁviIa: calls $0.19
*** RIVER *** [Ad 2s Qc 3s] [Qs]
Sr ÁviIa: checks 
lalo4440: checks 
*** SHOW DOWN ***
Sr ÁviIa: shows [9s Ks] (a flush, King high)
lalo4440: mucks hand 
Sr ÁviIa collected $0.56 from pot
*** SUMMARY ***
Total pot $0.58 | Rake $0.02 
Board [Ad 2s Qc 3s Qs]
Seat 1: Dorex2007 folded before Flop (didn't bet)
Seat 3: O TERRESTRE folded before Flop (didn't bet)
Seat 4: WiseWolf71 folded before Flop (didn't bet)
Seat 5: lalo4440 mucked [6s 8c]
Seat 6: Lagosha (button) folded on the Turn
Seat 7: BluffOnTable (small blind) folded on the Turn
Seat 8: Sr ÁviIa (big blind) showed [9s Ks] and won ($0.56) with a flush, King high
Seat 9: juhoshino folded before Flop (didn't bet)



PokerStars Hand #238446796456:  Hold'em No Limit ($0.02/$0.05 USD) - 2022/09/05 20:57:49 PT [2022/09/05 23:57:49 ET]
Table 'Una II' 9-max Seat #7 is the button
Seat 1: Dorex2007 ($5.48 in chips) 
Seat 3: O TERRESTRE ($4.95 in chips) 
Seat 4: WiseWolf71 ($4.17 in chips) 
Seat 5: lalo4440 ($11.38 in chips) 
Seat 6: Lagosha ($5 in chips) 
Seat 7: BluffOnTable ($5.16 in chips) 
Seat 8: Sr ÁviIa ($21.29 in chips) 
Seat 9: juhoshino ($1.94 in chips) 
Sr ÁviIa: posts small blind $0.02
juhoshino: posts big blind $0.05
*** HOLE CARDS ***
Dealt to Dorex2007 [2s 8h]
Dorex2007: folds 
O TERRESTRE: folds 
WiseWolf71: folds 
lalo4440: calls $0.05
Lagosha: raises $0.17 to $0.22
BluffOnTable: folds 
Sr ÁviIa: calls $0.20
juhoshino: folds 
lalo4440: calls $0.17
*** FLOP *** [8d Kh 8c]
Sr ÁviIa: checks 
lalo4440: checks 
Lagosha: checks 
*** TURN *** [8d Kh 8c] [3c]
Sr ÁviIa: bets $0.25
lalo4440: folds 
Lagosha: folds 
Uncalled bet ($0.25) returned to Sr ÁviIa
Sr ÁviIa collected $0.68 from pot
Sr ÁviIa: doesn't show hand 
*** SUMMARY ***
Total pot $0.71 | Rake $0.03 
Board [8d Kh 8c 3c]
Seat 1: Dorex2007 folded before Flop (didn't bet)
Seat 3: O TERRESTRE folded before Flop (didn't bet)
Seat 4: WiseWolf71 folded before Flop (didn't bet)
Seat 5: lalo4440 folded on the Turn
Seat 6: Lagosha folded on the Turn
Seat 7: BluffOnTable (button) folded before Flop (didn't bet)
Seat 8: Sr ÁviIa (small blind) collected ($0.68)
Seat 9: juhoshino (big blind) folded before Flop



PokerStars Hand #238446802282:  Hold'em No Limit ($0.02/$0.05 USD) - 2022/09/05 20:58:44 PT [2022/09/05 23:58:44 ET]
Table 'Una II' 9-max Seat #8 is the button
Seat 1: Dorex2007 ($5.48 in chips) 
Seat 3: O TERRESTRE ($4.95 in chips) 
Seat 4: WiseWolf71 ($4.17 in chips) 
Seat 5: lalo4440 ($11.16 in chips) 
Seat 6: Lagosha ($5 in chips) 
Seat 7: BluffOnTable ($5.16 in chips) 
Seat 8: Sr ÁviIa ($21.75 in chips) 
Seat 9: juhoshino ($1.89 in chips) 
juhoshino: posts small blind $0.02
Dorex2007: posts big blind $0.05
*** HOLE CARDS ***
Dealt to Dorex2007 [9s 3d]
O TERRESTRE: calls $0.05
WiseWolf71: folds 
lalo4440: folds 
Lagosha: raises $0.17 to $0.22
BluffOnTable: folds 
Sr ÁviIa: folds 
juhoshino: calls $0.20
Dorex2007: folds 
O TERRESTRE: calls $0.17
*** FLOP *** [4s Ah 3c]
juhoshino: checks 
O TERRESTRE: checks 
Lagosha: bets $0.35
juhoshino: folds 
O TERRESTRE: folds 
Uncalled bet ($0.35) returned to Lagosha
Lagosha collected $0.68 from pot
Lagosha: doesn't show hand 
*** SUMMARY ***
Total pot $0.71 | Rake $0.03 
Board [4s Ah 3c]
Seat 1: Dorex2007 (big blind) folded before Flop
Seat 3: O TERRESTRE folded on the Flop
Seat 4: WiseWolf71 folded before Flop (didn't bet)
Seat 5: lalo4440 folded before Flop (didn't bet)
Seat 6: Lagosha collected ($0.68)
Seat 7: BluffOnTable folded before Flop (didn't bet)
Seat 8: Sr ÁviIa (button) folded before Flop (didn't bet)
Seat 9: juhoshino (small blind) folded on the Flop



PokerStars Hand #238446806701:  Hold'em No Limit ($0.02/$0.05 USD) - 2022/09/05 20:59:25 PT [2022/09/05 23:59:25 ET]
Table 'Una II' 9-max Seat #9 is the button
Seat 1: Dorex2007 ($5.43 in chips) 
Seat 3: O TERRESTRE ($4.73 in chips) 
Seat 4: WiseWolf71 ($4.17 in chips) 
Seat 5: lalo4440 ($11.16 in chips) 
Seat 6: Lagosha ($5.46 in chips) 
Seat 7: BluffOnTable ($5.16 in chips) 
Seat 8: Sr ÁviIa ($21.75 in chips) 
Seat 9: juhoshino ($1.67 in chips) 
Dorex2007: posts small blind $0.02
O TERRESTRE: posts big blind $0.05
*** HOLE CARDS ***
Dealt to Dorex2007 [Kh Qd]
WiseWolf71: folds 
lalo4440: folds 
Lagosha: folds 
BluffOnTable: folds 
Sr ÁviIa: raises $0.10 to $0.15
juhoshino: folds 
Dorex2007: calls $0.13
O TERRESTRE: calls $0.10
*** FLOP *** [5d 5h Jc]
Dorex2007: checks 
O TERRESTRE: checks 
Sr ÁviIa: checks 
*** TURN *** [5d 5h Jc] [2s]
Dorex2007: checks 
O TERRESTRE: bets $0.15
Sr ÁviIa: folds 
Dorex2007: folds 
Uncalled bet ($0.15) returned to O TERRESTRE
O TERRESTRE collected $0.43 from pot
*** SUMMARY ***
Total pot $0.45 | Rake $0.02 
Board [5d 5h Jc 2s]
Seat 1: Dorex2007 (small blind) folded on the Turn
Seat 3: O TERRESTRE (big blind) collected ($0.43)
Seat 4: WiseWolf71 folded before Flop (didn't bet)
Seat 5: lalo4440 folded before Flop (didn't bet)
Seat 6: Lagosha folded before Flop (didn't bet)
Seat 7: BluffOnTable folded before Flop (didn't bet)
Seat 8: Sr ÁviIa folded on the Turn
Seat 9: juhoshino (button) folded before Flop (didn't bet)



