PokerStars Hand #238220606516:  Hold'em No Limit ($0.02/$0.05 USD) - 2022/08/25 20:56:22 PT [2022/08/25 23:56:22 ET]
Table 'Theotes' 9-max Seat #5 is the button
Seat 1: Dorex2007 ($5 in chips) 
Seat 2: thierrythg ($5.05 in chips) 
Seat 5: Echizen93 ($5.08 in chips) 
Seat 7: pierro2014 ($1.80 in chips) 
Seat 8: apashito ($5 in chips) 
Seat 9: gio119 ($3.60 in chips) 
pierro2014: posts small blind $0.02
apashito: posts big blind $0.05
Dorex2007: posts big blind $0.05
wenow: sits out 
baigan9285: sits out 
*** HOLE CARDS ***
Dealt to Dorex2007 [9d 8c]
gio119 has timed out
gio119: folds 
Dorex2007: checks 
thierrythg: folds 
Echizen93: folds 
pierro2014: calls $0.03
apashito: checks 
*** FLOP *** [5s 7c Jd]
pierro2014: checks 
apashito: checks 
Dorex2007: checks 
*** TURN *** [5s 7c Jd] [9s]
pierro2014: checks 
apashito: checks 
Dorex2007: bets $0.09
pierro2014: folds 
apashito: folds 
Uncalled bet ($0.09) returned to Dorex2007
Dorex2007 collected $0.14 from pot
Dorex2007: doesn't show hand 
*** SUMMARY ***
Total pot $0.15 | Rake $0.01 
Board [5s 7c Jd 9s]
Seat 1: Dorex2007 collected ($0.14)
Seat 2: thierrythg folded before Flop (didn't bet)
Seat 5: Echizen93 (button) folded before Flop (didn't bet)
Seat 7: pierro2014 (small blind) folded on the Turn
Seat 8: apashito (big blind) folded on the Turn
Seat 9: gio119 folded before Flop (didn't bet)



PokerStars Hand #238220616257:  Hold'em No Limit ($0.02/$0.05 USD) - 2022/08/25 20:57:45 PT [2022/08/25 23:57:45 ET]
Table 'Theotes' 9-max Seat #7 is the button
Seat 1: Dorex2007 ($5.09 in chips) 
Seat 2: thierrythg ($5.05 in chips) 
Seat 4: baigan9285 ($5 in chips) 
Seat 5: Echizen93 ($5.08 in chips) 
Seat 6: webby170 ($3.51 in chips) 
Seat 7: pierro2014 ($1.75 in chips) 
Seat 8: apashito ($5 in chips) 
Seat 9: gio119 ($3.60 in chips) 
apashito: posts small blind $0.02
gio119: posts big blind $0.05
wenow: sits out 
baigan9285: posts big blind $0.05
webby170: posts big blind $0.05
*** HOLE CARDS ***
Dealt to Dorex2007 [Tc 9h]
Dorex2007: folds 
thierrythg: calls $0.05
baigan9285: raises $0.10 to $0.15
Echizen93: folds 
webby170: folds 
pierro2014: folds 
apashito: folds 
gio119: folds 
thierrythg: folds 
Uncalled bet ($0.10) returned to baigan9285
baigan9285 collected $0.22 from pot
baigan9285: doesn't show hand 
*** SUMMARY ***
Total pot $0.22 | Rake $0 
Seat 1: Dorex2007 folded before Flop (didn't bet)
Seat 2: thierrythg folded before Flop
Seat 4: baigan9285 collected ($0.22)
Seat 5: Echizen93 folded before Flop (didn't bet)
Seat 6: webby170 folded before Flop (didn't bet)
Seat 7: pierro2014 (button) folded before Flop (didn't bet)
Seat 8: apashito (small blind) folded before Flop
Seat 9: gio119 (big blind) folded before Flop



PokerStars Hand #238220621087:  Hold'em No Limit ($0.02/$0.05 USD) - 2022/08/25 20:58:27 PT [2022/08/25 23:58:27 ET]
Table 'Theotes' 9-max Seat #8 is the button
Seat 1: Dorex2007 ($5.09 in chips) 
Seat 2: thierrythg ($5 in chips) 
Seat 4: baigan9285 ($5.17 in chips) 
Seat 5: Echizen93 ($5.08 in chips) 
Seat 6: webby170 ($3.46 in chips) 
Seat 7: pierro2014 ($1.75 in chips) 
Seat 8: apashito ($5 in chips) 
Seat 9: gio119 ($3.55 in chips) 
gio119: posts small blind $0.02
Dorex2007: posts big blind $0.05
wenow: sits out 
*** HOLE CARDS ***
Dealt to Dorex2007 [Ad 5s]
thierrythg: folds 
baigan9285: raises $0.05 to $0.10
Echizen93: folds 
webby170: calls $0.10
pierro2014: folds 
apashito: folds 
gio119: folds 
Dorex2007: folds 
*** FLOP *** [Qh Qc 7d]
baigan9285: checks 
webby170: bets $0.13
baigan9285: calls $0.13
*** TURN *** [Qh Qc 7d] [Qs]
baigan9285: checks 
webby170: checks 
*** RIVER *** [Qh Qc 7d Qs] [Ac]
baigan9285: bets $0.25
webby170: folds [2h 2s]
Uncalled bet ($0.25) returned to baigan9285
baigan9285 collected $0.51 from pot
baigan9285: doesn't show hand 
*** SUMMARY ***
Total pot $0.53 | Rake $0.02 
Board [Qh Qc 7d Qs Ac]
Seat 1: Dorex2007 (big blind) folded before Flop
Seat 2: thierrythg folded before Flop (didn't bet)
Seat 4: baigan9285 collected ($0.51)
Seat 5: Echizen93 folded before Flop (didn't bet)
Seat 6: webby170 folded on the River
Seat 7: pierro2014 folded before Flop (didn't bet)
Seat 8: apashito (button) folded before Flop (didn't bet)
Seat 9: gio119 (small blind) folded before Flop



PokerStars Hand #238220625477:  Hold'em No Limit ($0.02/$0.05 USD) - 2022/08/25 20:59:04 PT [2022/08/25 23:59:04 ET]
Table 'Theotes' 9-max Seat #9 is the button
Seat 1: Dorex2007 ($5.04 in chips) 
Seat 2: thierrythg ($5 in chips) 
Seat 4: baigan9285 ($5.45 in chips) 
Seat 5: Echizen93 ($5.08 in chips) 
Seat 6: webby170 ($3.23 in chips) 
Seat 7: pierro2014 ($1.75 in chips) 
Seat 8: apashito ($5 in chips) 
Seat 9: gio119 ($3.53 in chips) 
Dorex2007: posts small blind $0.02
thierrythg: posts big blind $0.05
wenow: sits out 
*** HOLE CARDS ***
Dealt to Dorex2007 [3c 5h]
baigan9285: raises $0.10 to $0.15
Echizen93: folds 
webby170: folds 
pierro2014: calls $0.15
apashito: calls $0.15
gio119: folds 
Dorex2007: folds 
thierrythg: calls $0.10
*** FLOP *** [Kd 6d 2d]
thierrythg: checks 
baigan9285: bets $0.19
pierro2014: folds 
apashito: folds 
thierrythg: folds 
Uncalled bet ($0.19) returned to baigan9285
baigan9285 collected $0.59 from pot
baigan9285: doesn't show hand 
*** SUMMARY ***
Total pot $0.62 | Rake $0.03 
Board [Kd 6d 2d]
Seat 1: Dorex2007 (small blind) folded before Flop
Seat 2: thierrythg (big blind) folded on the Flop
Seat 4: baigan9285 collected ($0.59)
Seat 5: Echizen93 folded before Flop (didn't bet)
Seat 6: webby170 folded before Flop (didn't bet)
Seat 7: pierro2014 folded on the Flop
Seat 8: apashito folded on the Flop
Seat 9: gio119 (button) folded before Flop (didn't bet)



PokerStars Hand #238220631384:  Hold'em No Limit ($0.02/$0.05 USD) - 2022/08/25 20:59:55 PT [2022/08/25 23:59:55 ET]
Table 'Theotes' 9-max Seat #1 is the button
Seat 1: Dorex2007 ($5.02 in chips) 
Seat 2: thierrythg ($4.85 in chips) 
Seat 3: wenow ($5 in chips) 
Seat 4: baigan9285 ($5.89 in chips) 
Seat 5: Echizen93 ($5.08 in chips) 
Seat 6: webby170 ($3.23 in chips) 
Seat 7: pierro2014 ($1.60 in chips) 
Seat 8: apashito ($5 in chips) 
Seat 9: gio119 ($3.53 in chips) 
thierrythg: posts small blind $0.02
wenow: posts big blind $0.05
*** HOLE CARDS ***
Dealt to Dorex2007 [Jd 9s]
baigan9285: folds 
Echizen93: folds 
Echizen93 leaves the table
webby170 has timed out
webby170: folds 
pierro2014 has timed out
pierro2014: folds 
apashito: raises $0.05 to $0.10
gio119: folds 
Dorex2007: folds 
thierrythg: folds 
wenow: folds 
Uncalled bet ($0.05) returned to apashito
apashito collected $0.12 from pot
*** SUMMARY ***
Total pot $0.12 | Rake $0 
Seat 1: Dorex2007 (button) folded before Flop (didn't bet)
Seat 2: thierrythg (small blind) folded before Flop
Seat 3: wenow (big blind) folded before Flop
Seat 4: baigan9285 folded before Flop (didn't bet)
Seat 5: Echizen93 folded before Flop (didn't bet)
Seat 6: webby170 folded before Flop (didn't bet)
Seat 7: pierro2014 folded before Flop (didn't bet)
Seat 8: apashito collected ($0.12)
Seat 9: gio119 folded before Flop (didn't bet)



