PokerStars Hand #238858471790:  Hold'em No Limit ($0.02/$0.05 USD) - 2022/09/25 10:06:10 PT [2022/09/25 13:06:10 ET]
Table 'Dangreen III' 9-max Seat #7 is the button
Seat 1: Hunter777150 ($5.96 in chips) 
Seat 2: archzkie ($7.12 in chips) 
Seat 3: Zzzanderman ($3.51 in chips) 
Seat 4: kojju ($3.34 in chips) 
Seat 5: Laci24128 ($5.35 in chips) 
Seat 6: Dorex2007 ($5 in chips) 
Seat 7: Vorontsov28 ($5.36 in chips) 
Seat 8: Joker777355 ($5.52 in chips) 
Seat 9: MadarakaOne ($4.95 in chips) 
Joker777355: posts small blind $0.02
MadarakaOne: posts big blind $0.05
Dorex2007: posts big blind $0.05
*** HOLE CARDS ***
Dealt to Dorex2007 [9h Ad]
Hunter777150: raises $0.17 to $0.22
archzkie: folds 
Zzzanderman: folds 
kojju: folds 
Laci24128: folds 
Dorex2007: folds 
Vorontsov28: folds 
Joker777355: folds 
MadarakaOne: folds 
Uncalled bet ($0.17) returned to Hunter777150
Hunter777150 collected $0.17 from pot
Hunter777150: doesn't show hand 
*** SUMMARY ***
Total pot $0.17 | Rake $0 
Seat 1: Hunter777150 collected ($0.17)
Seat 2: archzkie folded before Flop (didn't bet)
Seat 3: Zzzanderman folded before Flop (didn't bet)
Seat 4: kojju folded before Flop (didn't bet)
Seat 5: Laci24128 folded before Flop (didn't bet)
Seat 6: Dorex2007 folded before Flop (didn't bet)
Seat 7: Vorontsov28 (button) folded before Flop (didn't bet)
Seat 8: Joker777355 (small blind) folded before Flop
Seat 9: MadarakaOne (big blind) folded before Flop



PokerStars Hand #238858485570:  Hold'em No Limit ($0.02/$0.05 USD) - 2022/09/25 10:06:40 PT [2022/09/25 13:06:40 ET]
Table 'Dangreen III' 9-max Seat #8 is the button
Seat 1: Hunter777150 ($6.08 in chips) 
Seat 2: archzkie ($7.12 in chips) 
Seat 3: Zzzanderman ($3.51 in chips) 
Seat 4: kojju ($3.34 in chips) 
Seat 5: Laci24128 ($5.35 in chips) 
Seat 6: Dorex2007 ($5 in chips) 
Seat 7: Vorontsov28 ($5.36 in chips) 
Seat 8: Joker777355 ($5.50 in chips) 
Seat 9: MadarakaOne ($4.90 in chips) 
MadarakaOne: posts small blind $0.02
Hunter777150: posts big blind $0.05
*** HOLE CARDS ***
Dealt to Dorex2007 [6d 3h]
archzkie: folds 
Zzzanderman: calls $0.05
kojju: calls $0.05
Laci24128: folds 
Dorex2007: folds 
Vorontsov28: folds 
Joker777355: folds 
MadarakaOne: folds 
Hunter777150: checks 
*** FLOP *** [5d 9s 5c]
Hunter777150: bets $0.11
Zzzanderman: folds 
kojju: folds 
Uncalled bet ($0.11) returned to Hunter777150
Hunter777150 collected $0.16 from pot
Hunter777150: doesn't show hand 
*** SUMMARY ***
Total pot $0.17 | Rake $0.01 
Board [5d 9s 5c]
Seat 1: Hunter777150 (big blind) collected ($0.16)
Seat 2: archzkie folded before Flop (didn't bet)
Seat 3: Zzzanderman folded on the Flop
Seat 4: kojju folded on the Flop
Seat 5: Laci24128 folded before Flop (didn't bet)
Seat 6: Dorex2007 folded before Flop (didn't bet)
Seat 7: Vorontsov28 folded before Flop (didn't bet)
Seat 8: Joker777355 (button) folded before Flop (didn't bet)
Seat 9: MadarakaOne (small blind) folded before Flop



PokerStars Hand #238858497235:  Hold'em No Limit ($0.02/$0.05 USD) - 2022/09/25 10:07:05 PT [2022/09/25 13:07:05 ET]
Table 'Dangreen III' 9-max Seat #9 is the button
Seat 1: Hunter777150 ($6.19 in chips) 
Seat 2: archzkie ($7.12 in chips) 
Seat 3: Zzzanderman ($3.46 in chips) 
Seat 4: kojju ($3.29 in chips) 
Seat 5: Laci24128 ($5.35 in chips) 
Seat 6: Dorex2007 ($5 in chips) 
Seat 7: Vorontsov28 ($5.36 in chips) 
Seat 8: Joker777355 ($5.50 in chips) 
Seat 9: MadarakaOne ($4.88 in chips) 
Hunter777150: posts small blind $0.02
archzkie: posts big blind $0.05
*** HOLE CARDS ***
Dealt to Dorex2007 [5h 9s]
Zzzanderman: folds 
kojju: folds 
Laci24128: folds 
Dorex2007: folds 
Vorontsov28: folds 
Joker777355: folds 
MadarakaOne: raises $0.05 to $0.10
Hunter777150: folds 
archzkie: folds 
Uncalled bet ($0.05) returned to MadarakaOne
MadarakaOne collected $0.12 from pot
MadarakaOne: doesn't show hand 
*** SUMMARY ***
Total pot $0.12 | Rake $0 
Seat 1: Hunter777150 (small blind) folded before Flop
Seat 2: archzkie (big blind) folded before Flop
Seat 3: Zzzanderman folded before Flop (didn't bet)
Seat 4: kojju folded before Flop (didn't bet)
Seat 5: Laci24128 folded before Flop (didn't bet)
Seat 6: Dorex2007 folded before Flop (didn't bet)
Seat 7: Vorontsov28 folded before Flop (didn't bet)
Seat 8: Joker777355 folded before Flop (didn't bet)
Seat 9: MadarakaOne (button) collected ($0.12)



PokerStars Hand #238858510325:  Hold'em No Limit ($0.02/$0.05 USD) - 2022/09/25 10:07:32 PT [2022/09/25 13:07:32 ET]
Table 'Dangreen III' 9-max Seat #1 is the button
Seat 1: Hunter777150 ($6.17 in chips) 
Seat 2: archzkie ($7.07 in chips) 
Seat 3: Zzzanderman ($3.46 in chips) 
Seat 4: kojju ($3.29 in chips) 
Seat 5: Laci24128 ($5.35 in chips) 
Seat 6: Dorex2007 ($5 in chips) 
Seat 7: Vorontsov28 ($5.36 in chips) 
Seat 8: Joker777355 ($5.50 in chips) 
Seat 9: MadarakaOne ($4.95 in chips) 
archzkie: posts small blind $0.02
Zzzanderman: posts big blind $0.05
*** HOLE CARDS ***
Dealt to Dorex2007 [4s Jd]
kojju: folds 
Laci24128: folds 
Dorex2007: folds 
Vorontsov28: folds 
Joker777355: folds 
MadarakaOne: raises $0.10 to $0.15
Hunter777150: folds 
archzkie: folds 
Zzzanderman: folds 
Uncalled bet ($0.10) returned to MadarakaOne
MadarakaOne collected $0.12 from pot
MadarakaOne: doesn't show hand 
*** SUMMARY ***
Total pot $0.12 | Rake $0 
Seat 1: Hunter777150 (button) folded before Flop (didn't bet)
Seat 2: archzkie (small blind) folded before Flop
Seat 3: Zzzanderman (big blind) folded before Flop
Seat 4: kojju folded before Flop (didn't bet)
Seat 5: Laci24128 folded before Flop (didn't bet)
Seat 6: Dorex2007 folded before Flop (didn't bet)
Seat 7: Vorontsov28 folded before Flop (didn't bet)
Seat 8: Joker777355 folded before Flop (didn't bet)
Seat 9: MadarakaOne collected ($0.12)



PokerStars Hand #238858520035:  Hold'em No Limit ($0.02/$0.05 USD) - 2022/09/25 10:07:53 PT [2022/09/25 13:07:53 ET]
Table 'Dangreen III' 9-max Seat #2 is the button
Seat 1: Hunter777150 ($6.17 in chips) 
Seat 2: archzkie ($7.05 in chips) 
Seat 3: Zzzanderman ($3.41 in chips) 
Seat 4: kojju ($3.29 in chips) 
Seat 5: Laci24128 ($5.35 in chips) 
Seat 6: Dorex2007 ($5 in chips) 
Seat 7: Vorontsov28 ($5.36 in chips) 
Seat 8: Joker777355 ($5.50 in chips) 
Seat 9: MadarakaOne ($5.02 in chips) 
Zzzanderman: posts small blind $0.02
kojju: posts big blind $0.05
*** HOLE CARDS ***
Dealt to Dorex2007 [Qh Js]
Laci24128: folds 
Dorex2007: raises $0.05 to $0.10
Vorontsov28: folds 
Joker777355: folds 
MadarakaOne: calls $0.10
Hunter777150: folds 
archzkie: folds 
Zzzanderman: folds 
kojju: calls $0.05
*** FLOP *** [8h Ah 8s]
kojju: checks 
Dorex2007: checks 
MadarakaOne: checks 
*** TURN *** [8h Ah 8s] [Jh]
kojju: checks 
Dorex2007: bets $0.15
MadarakaOne: calls $0.15
kojju: folds 
*** RIVER *** [8h Ah 8s Jh] [4s]
Dorex2007: checks 
MadarakaOne: bets $0.25
Dorex2007: folds 
Uncalled bet ($0.25) returned to MadarakaOne
MadarakaOne collected $0.59 from pot
MadarakaOne: doesn't show hand 
*** SUMMARY ***
Total pot $0.62 | Rake $0.03 
Board [8h Ah 8s Jh 4s]
Seat 1: Hunter777150 folded before Flop (didn't bet)
Seat 2: archzkie (button) folded before Flop (didn't bet)
Seat 3: Zzzanderman (small blind) folded before Flop
Seat 4: kojju (big blind) folded on the Turn
Seat 5: Laci24128 folded before Flop (didn't bet)
Seat 6: Dorex2007 folded on the River
Seat 7: Vorontsov28 folded before Flop (didn't bet)
Seat 8: Joker777355 folded before Flop (didn't bet)
Seat 9: MadarakaOne collected ($0.59)



PokerStars Hand #238858549818:  Hold'em No Limit ($0.02/$0.05 USD) - 2022/09/25 10:08:56 PT [2022/09/25 13:08:56 ET]
Table 'Dangreen III' 9-max Seat #3 is the button
Seat 1: Hunter777150 ($6.17 in chips) 
Seat 2: archzkie ($7.05 in chips) 
Seat 3: Zzzanderman ($3.39 in chips) 
Seat 4: kojju ($3.19 in chips) 
Seat 5: Laci24128 ($5.35 in chips) 
Seat 6: Dorex2007 ($5 in chips) 
Seat 7: Vorontsov28 ($5.36 in chips) 
Seat 8: Joker777355 ($5.50 in chips) 
Seat 9: MadarakaOne ($5.36 in chips) 
kojju: posts small blind $0.02
Laci24128: posts big blind $0.05
*** HOLE CARDS ***
Dealt to Dorex2007 [8s 6s]
Dorex2007: folds 
Vorontsov28: folds 
Joker777355: folds 
MadarakaOne: folds 
Hunter777150: raises $0.10 to $0.15
archzkie: folds 
Zzzanderman: folds 
kojju: folds 
Laci24128: folds 
Uncalled bet ($0.10) returned to Hunter777150
Hunter777150 collected $0.12 from pot
Hunter777150: doesn't show hand 
*** SUMMARY ***
Total pot $0.12 | Rake $0 
Seat 1: Hunter777150 collected ($0.12)
Seat 2: archzkie folded before Flop (didn't bet)
Seat 3: Zzzanderman (button) folded before Flop (didn't bet)
Seat 4: kojju (small blind) folded before Flop
Seat 5: Laci24128 (big blind) folded before Flop
Seat 6: Dorex2007 folded before Flop (didn't bet)
Seat 7: Vorontsov28 folded before Flop (didn't bet)
Seat 8: Joker777355 folded before Flop (didn't bet)
Seat 9: MadarakaOne folded before Flop (didn't bet)



PokerStars Hand #238858564371:  Hold'em No Limit ($0.02/$0.05 USD) - 2022/09/25 10:09:27 PT [2022/09/25 13:09:27 ET]
Table 'Dangreen III' 9-max Seat #4 is the button
Seat 1: Hunter777150 ($6.24 in chips) 
Seat 2: archzkie ($7.05 in chips) 
Seat 3: Zzzanderman ($3.39 in chips) 
Seat 4: kojju ($3.17 in chips) 
Seat 5: Laci24128 ($5.30 in chips) 
Seat 6: Dorex2007 ($5 in chips) 
Seat 7: Vorontsov28 ($5.36 in chips) 
Seat 8: Joker777355 ($5.50 in chips) 
Seat 9: MadarakaOne ($5.36 in chips) 
Laci24128: posts small blind $0.02
Dorex2007: posts big blind $0.05
*** HOLE CARDS ***
Dealt to Dorex2007 [Jd As]
Vorontsov28: folds 
Joker777355: folds 
MadarakaOne: folds 
Hunter777150: folds 
archzkie: folds 
Zzzanderman: folds 
kojju: folds 
Laci24128: raises $0.10 to $0.15
Dorex2007: calls $0.10
*** FLOP *** [Th 4d 6c]
Laci24128: bets $0.10
Dorex2007: raises $0.23 to $0.33
Laci24128: folds 
Uncalled bet ($0.23) returned to Dorex2007
Dorex2007 collected $0.48 from pot
Dorex2007: doesn't show hand 
*** SUMMARY ***
Total pot $0.50 | Rake $0.02 
Board [Th 4d 6c]
Seat 1: Hunter777150 folded before Flop (didn't bet)
Seat 2: archzkie folded before Flop (didn't bet)
Seat 3: Zzzanderman folded before Flop (didn't bet)
Seat 4: kojju (button) folded before Flop (didn't bet)
Seat 5: Laci24128 (small blind) folded on the Flop
Seat 6: Dorex2007 (big blind) collected ($0.48)
Seat 7: Vorontsov28 folded before Flop (didn't bet)
Seat 8: Joker777355 folded before Flop (didn't bet)
Seat 9: MadarakaOne folded before Flop (didn't bet)



PokerStars Hand #238858590992:  Hold'em No Limit ($0.02/$0.05 USD) - 2022/09/25 10:10:23 PT [2022/09/25 13:10:23 ET]
Table 'Dangreen III' 9-max Seat #5 is the button
Seat 1: Hunter777150 ($6.24 in chips) 
Seat 2: archzkie ($7.05 in chips) 
Seat 3: Zzzanderman ($3.39 in chips) 
Seat 4: kojju ($3.17 in chips) 
Seat 5: Laci24128 ($5.05 in chips) 
Seat 6: Dorex2007 ($5.23 in chips) 
Seat 7: Vorontsov28 ($5.36 in chips) 
Seat 8: Joker777355 ($5.50 in chips) 
Seat 9: MadarakaOne ($5.36 in chips) 
Dorex2007: posts small blind $0.02
Vorontsov28: posts big blind $0.05
*** HOLE CARDS ***
Dealt to Dorex2007 [2c 8d]
Joker777355: folds 
MadarakaOne: raises $0.10 to $0.15
Hunter777150: folds 
archzkie: folds 
Zzzanderman: calls $0.15
kojju: folds 
Laci24128: folds 
Dorex2007: folds 
Vorontsov28: folds 
*** FLOP *** [8h Qh Jd]
MadarakaOne: bets $0.15
Zzzanderman: folds 
Uncalled bet ($0.15) returned to MadarakaOne
MadarakaOne collected $0.35 from pot
MadarakaOne: doesn't show hand 
*** SUMMARY ***
Total pot $0.37 | Rake $0.02 
Board [8h Qh Jd]
Seat 1: Hunter777150 folded before Flop (didn't bet)
Seat 2: archzkie folded before Flop (didn't bet)
Seat 3: Zzzanderman folded on the Flop
Seat 4: kojju folded before Flop (didn't bet)
Seat 5: Laci24128 (button) folded before Flop (didn't bet)
Seat 6: Dorex2007 (small blind) folded before Flop
Seat 7: Vorontsov28 (big blind) folded before Flop
Seat 8: Joker777355 folded before Flop (didn't bet)
Seat 9: MadarakaOne collected ($0.35)



PokerStars Hand #238858607966:  Hold'em No Limit ($0.02/$0.05 USD) - 2022/09/25 10:10:58 PT [2022/09/25 13:10:58 ET]
Table 'Dangreen III' 9-max Seat #6 is the button
Seat 1: Hunter777150 ($6.24 in chips) 
Seat 2: archzkie ($7.05 in chips) 
Seat 3: Zzzanderman ($3.24 in chips) 
Seat 4: kojju ($3.17 in chips) 
Seat 5: Laci24128 ($5.05 in chips) 
Seat 6: Dorex2007 ($5.21 in chips) 
Seat 7: Vorontsov28 ($5.31 in chips) 
Seat 8: Joker777355 ($5.50 in chips) 
Seat 9: MadarakaOne ($5.56 in chips) 
Vorontsov28: posts small blind $0.02
Joker777355: posts big blind $0.05
*** HOLE CARDS ***
Dealt to Dorex2007 [6h 9s]
MadarakaOne: folds 
Hunter777150: folds 
archzkie: folds 
Zzzanderman: calls $0.05
kojju: folds 
Laci24128: folds 
Dorex2007: folds 
Vorontsov28: raises $0.20 to $0.25
Joker777355: folds 
Zzzanderman: calls $0.20
*** FLOP *** [2h 7c Kh]
Vorontsov28: bets $0.35
Zzzanderman: folds 
Uncalled bet ($0.35) returned to Vorontsov28
Vorontsov28 collected $0.53 from pot
Vorontsov28: doesn't show hand 
*** SUMMARY ***
Total pot $0.55 | Rake $0.02 
Board [2h 7c Kh]
Seat 1: Hunter777150 folded before Flop (didn't bet)
Seat 2: archzkie folded before Flop (didn't bet)
Seat 3: Zzzanderman folded on the Flop
Seat 4: kojju folded before Flop (didn't bet)
Seat 5: Laci24128 folded before Flop (didn't bet)
Seat 6: Dorex2007 (button) folded before Flop (didn't bet)
Seat 7: Vorontsov28 (small blind) collected ($0.53)
Seat 8: Joker777355 (big blind) folded before Flop
Seat 9: MadarakaOne folded before Flop (didn't bet)



PokerStars Hand #238858622475:  Hold'em No Limit ($0.02/$0.05 USD) - 2022/09/25 10:11:29 PT [2022/09/25 13:11:29 ET]
Table 'Dangreen III' 9-max Seat #7 is the button
Seat 1: Hunter777150 ($6.24 in chips) 
Seat 2: archzkie ($7.05 in chips) 
Seat 3: Zzzanderman ($2.99 in chips) 
Seat 4: kojju ($3.17 in chips) 
Seat 5: Laci24128 ($5.05 in chips) 
Seat 6: Dorex2007 ($5.21 in chips) 
Seat 7: Vorontsov28 ($5.59 in chips) 
Seat 8: Joker777355 ($5.45 in chips) 
Seat 9: MadarakaOne ($5.56 in chips) 
Joker777355: posts small blind $0.02
MadarakaOne: posts big blind $0.05
*** HOLE CARDS ***
Dealt to Dorex2007 [9s 3c]
Hunter777150: folds 
archzkie: folds 
Zzzanderman: folds 
kojju: raises $0.15 to $0.20
Laci24128: folds 
Dorex2007: folds 
Vorontsov28: calls $0.20
Joker777355: folds 
MadarakaOne: folds 
*** FLOP *** [6c Qs 7c]
kojju: bets $0.45
Vorontsov28: folds 
Uncalled bet ($0.45) returned to kojju
kojju collected $0.45 from pot
kojju: doesn't show hand 
*** SUMMARY ***
Total pot $0.47 | Rake $0.02 
Board [6c Qs 7c]
Seat 1: Hunter777150 folded before Flop (didn't bet)
Seat 2: archzkie folded before Flop (didn't bet)
Seat 3: Zzzanderman folded before Flop (didn't bet)
Seat 4: kojju collected ($0.45)
Seat 5: Laci24128 folded before Flop (didn't bet)
Seat 6: Dorex2007 folded before Flop (didn't bet)
Seat 7: Vorontsov28 (button) folded on the Flop
Seat 8: Joker777355 (small blind) folded before Flop
Seat 9: MadarakaOne (big blind) folded before Flop



PokerStars Hand #238858638034:  Hold'em No Limit ($0.02/$0.05 USD) - 2022/09/25 10:12:02 PT [2022/09/25 13:12:02 ET]
Table 'Dangreen III' 9-max Seat #8 is the button
Seat 1: Hunter777150 ($6.24 in chips) 
Seat 2: archzkie ($7.05 in chips) 
Seat 3: Zzzanderman ($2.99 in chips) 
Seat 4: kojju ($3.42 in chips) 
Seat 5: Laci24128 ($5.05 in chips) 
Seat 6: Dorex2007 ($5.21 in chips) 
Seat 7: Vorontsov28 ($5.39 in chips) 
Seat 8: Joker777355 ($5.43 in chips) 
Seat 9: MadarakaOne ($5.51 in chips) 
MadarakaOne: posts small blind $0.02
Hunter777150: posts big blind $0.05
*** HOLE CARDS ***
Dealt to Dorex2007 [9h Ah]
archzkie: folds 
Zzzanderman: folds 
kojju: folds 
Laci24128: folds 
Dorex2007: raises $0.10 to $0.15
Vorontsov28: folds 
Joker777355: calls $0.15
MadarakaOne: folds 
Hunter777150: folds 
*** FLOP *** [2h 4c Jc]
Dorex2007: checks 
Joker777355: bets $0.18
Dorex2007: folds 
Uncalled bet ($0.18) returned to Joker777355
Joker777355 collected $0.35 from pot
Joker777355: doesn't show hand 
*** SUMMARY ***
Total pot $0.37 | Rake $0.02 
Board [2h 4c Jc]
Seat 1: Hunter777150 (big blind) folded before Flop
Seat 2: archzkie folded before Flop (didn't bet)
Seat 3: Zzzanderman folded before Flop (didn't bet)
Seat 4: kojju folded before Flop (didn't bet)
Seat 5: Laci24128 folded before Flop (didn't bet)
Seat 6: Dorex2007 folded on the Flop
Seat 7: Vorontsov28 folded before Flop (didn't bet)
Seat 8: Joker777355 (button) collected ($0.35)
Seat 9: MadarakaOne (small blind) folded before Flop



PokerStars Hand #238858656500:  Hold'em No Limit ($0.02/$0.05 USD) - 2022/09/25 10:12:41 PT [2022/09/25 13:12:41 ET]
Table 'Dangreen III' 9-max Seat #9 is the button
Seat 1: Hunter777150 ($6.19 in chips) 
Seat 2: archzkie ($7.05 in chips) 
Seat 3: Zzzanderman ($2.99 in chips) 
Seat 4: kojju ($3.42 in chips) 
Seat 5: Laci24128 ($5.05 in chips) 
Seat 6: Dorex2007 ($5.06 in chips) 
Seat 7: Vorontsov28 ($5.39 in chips) 
Seat 8: Joker777355 ($5.63 in chips) 
Seat 9: MadarakaOne ($5.49 in chips) 
Hunter777150: posts small blind $0.02
archzkie: posts big blind $0.05
*** HOLE CARDS ***
Dealt to Dorex2007 [2c 5h]
Zzzanderman: folds 
kojju: folds 
Laci24128: folds 
Dorex2007: folds 
Vorontsov28: raises $0.10 to $0.15
Joker777355: folds 
MadarakaOne: calls $0.15
Hunter777150: folds 
archzkie: folds 
*** FLOP *** [3c Ah Jd]
Vorontsov28: bets $0.23
MadarakaOne: folds 
Uncalled bet ($0.23) returned to Vorontsov28
Vorontsov28 collected $0.35 from pot
Vorontsov28: doesn't show hand 
*** SUMMARY ***
Total pot $0.37 | Rake $0.02 
Board [3c Ah Jd]
Seat 1: Hunter777150 (small blind) folded before Flop
Seat 2: archzkie (big blind) folded before Flop
Seat 3: Zzzanderman folded before Flop (didn't bet)
Seat 4: kojju folded before Flop (didn't bet)
Seat 5: Laci24128 folded before Flop (didn't bet)
Seat 6: Dorex2007 folded before Flop (didn't bet)
Seat 7: Vorontsov28 collected ($0.35)
Seat 8: Joker777355 folded before Flop (didn't bet)
Seat 9: MadarakaOne (button) folded on the Flop



PokerStars Hand #238858666091:  Hold'em No Limit ($0.02/$0.05 USD) - 2022/09/25 10:13:02 PT [2022/09/25 13:13:02 ET]
Table 'Dangreen III' 9-max Seat #1 is the button
Seat 1: Hunter777150 ($6.17 in chips) 
Seat 2: archzkie ($7 in chips) 
Seat 3: Zzzanderman ($2.99 in chips) 
Seat 4: kojju ($3.42 in chips) 
Seat 5: Laci24128 ($5.05 in chips) 
Seat 6: Dorex2007 ($5.06 in chips) 
Seat 7: Vorontsov28 ($5.59 in chips) 
Seat 8: Joker777355 ($5.63 in chips) 
Seat 9: MadarakaOne ($5.34 in chips) 
archzkie: posts small blind $0.02
Zzzanderman: posts big blind $0.05
*** HOLE CARDS ***
Dealt to Dorex2007 [3d Ad]
kojju: folds 
Laci24128: folds 
Dorex2007: folds 
Vorontsov28: folds 
Joker777355: folds 
MadarakaOne: folds 
Hunter777150: folds 
archzkie: folds 
Uncalled bet ($0.03) returned to Zzzanderman
Zzzanderman collected $0.04 from pot
Zzzanderman: doesn't show hand 
*** SUMMARY ***
Total pot $0.04 | Rake $0 
Seat 1: Hunter777150 (button) folded before Flop (didn't bet)
Seat 2: archzkie (small blind) folded before Flop
Seat 3: Zzzanderman (big blind) collected ($0.04)
Seat 4: kojju folded before Flop (didn't bet)
Seat 5: Laci24128 folded before Flop (didn't bet)
Seat 6: Dorex2007 folded before Flop (didn't bet)
Seat 7: Vorontsov28 folded before Flop (didn't bet)
Seat 8: Joker777355 folded before Flop (didn't bet)
Seat 9: MadarakaOne folded before Flop (didn't bet)



PokerStars Hand #238858672357:  Hold'em No Limit ($0.02/$0.05 USD) - 2022/09/25 10:13:15 PT [2022/09/25 13:13:15 ET]
Table 'Dangreen III' 9-max Seat #2 is the button
Seat 1: Hunter777150 ($6.17 in chips) 
Seat 2: archzkie ($6.98 in chips) 
Seat 3: Zzzanderman ($3.01 in chips) 
Seat 4: kojju ($3.42 in chips) 
Seat 5: Laci24128 ($5.05 in chips) 
Seat 6: Dorex2007 ($5.06 in chips) 
Seat 7: Vorontsov28 ($5.59 in chips) 
Seat 8: Joker777355 ($5.63 in chips) 
Seat 9: MadarakaOne ($5.34 in chips) 
Zzzanderman: posts small blind $0.02
kojju: posts big blind $0.05
*** HOLE CARDS ***
Dealt to Dorex2007 [9c 5s]
Laci24128: folds 
Dorex2007: folds 
Vorontsov28: folds 
Joker777355: folds 
MadarakaOne: folds 
Hunter777150: folds 
archzkie: folds 
Zzzanderman: calls $0.03
kojju: checks 
*** FLOP *** [Qh 8c 7c]
Zzzanderman: checks 
kojju: checks 
*** TURN *** [Qh 8c 7c] [8h]
Zzzanderman: bets $0.25
kojju: calls $0.25
*** RIVER *** [Qh 8c 7c 8h] [9h]
Zzzanderman: bets $0.58
kojju: raises $2.54 to $3.12 and is all-in
Zzzanderman: folds 
Uncalled bet ($2.54) returned to kojju
kojju collected $1.69 from pot
kojju: doesn't show hand 
*** SUMMARY ***
Total pot $1.76 | Rake $0.07 
Board [Qh 8c 7c 8h 9h]
Seat 1: Hunter777150 folded before Flop (didn't bet)
Seat 2: archzkie (button) folded before Flop (didn't bet)
Seat 3: Zzzanderman (small blind) folded on the River
Seat 4: kojju (big blind) collected ($1.69)
Seat 5: Laci24128 folded before Flop (didn't bet)
Seat 6: Dorex2007 folded before Flop (didn't bet)
Seat 7: Vorontsov28 folded before Flop (didn't bet)
Seat 8: Joker777355 folded before Flop (didn't bet)
Seat 9: MadarakaOne folded before Flop (didn't bet)



PokerStars Hand #238858698306:  Hold'em No Limit ($0.02/$0.05 USD) - 2022/09/25 10:14:10 PT [2022/09/25 13:14:10 ET]
Table 'Dangreen III' 9-max Seat #3 is the button
Seat 1: Hunter777150 ($6.17 in chips) 
Seat 2: archzkie ($6.98 in chips) 
Seat 3: Zzzanderman ($2.13 in chips) 
Seat 4: kojju ($4.23 in chips) 
Seat 5: Laci24128 ($5.05 in chips) 
Seat 6: Dorex2007 ($5.06 in chips) 
Seat 7: Vorontsov28 ($5.59 in chips) 
Seat 8: Joker777355 ($5.63 in chips) 
Seat 9: MadarakaOne ($5.34 in chips) 
kojju: posts small blind $0.02
Laci24128: posts big blind $0.05
*** HOLE CARDS ***
Dealt to Dorex2007 [Ad 6h]
Dorex2007: folds 
Vorontsov28: raises $0.10 to $0.15
Joker777355: folds 
MadarakaOne: folds 
Hunter777150: folds 
archzkie: folds 
Zzzanderman: folds 
kojju: folds 
Laci24128: folds 
Uncalled bet ($0.10) returned to Vorontsov28
Vorontsov28 collected $0.12 from pot
Vorontsov28: doesn't show hand 
*** SUMMARY ***
Total pot $0.12 | Rake $0 
Seat 1: Hunter777150 folded before Flop (didn't bet)
Seat 2: archzkie folded before Flop (didn't bet)
Seat 3: Zzzanderman (button) folded before Flop (didn't bet)
Seat 4: kojju (small blind) folded before Flop
Seat 5: Laci24128 (big blind) folded before Flop
Seat 6: Dorex2007 folded before Flop (didn't bet)
Seat 7: Vorontsov28 collected ($0.12)
Seat 8: Joker777355 folded before Flop (didn't bet)
Seat 9: MadarakaOne folded before Flop (didn't bet)



PokerStars Hand #238858707373:  Hold'em No Limit ($0.02/$0.05 USD) - 2022/09/25 10:14:30 PT [2022/09/25 13:14:30 ET]
Table 'Dangreen III' 9-max Seat #4 is the button
Seat 1: Hunter777150 ($6.17 in chips) 
Seat 2: archzkie ($6.98 in chips) 
Seat 3: Zzzanderman ($2.13 in chips) 
Seat 4: kojju ($4.21 in chips) 
Seat 5: Laci24128 ($5 in chips) 
Seat 6: Dorex2007 ($5.06 in chips) 
Seat 7: Vorontsov28 ($5.66 in chips) 
Seat 8: Joker777355 ($5.63 in chips) 
Seat 9: MadarakaOne ($5.34 in chips) 
Laci24128: posts small blind $0.02
Dorex2007: posts big blind $0.05
*** HOLE CARDS ***
Dealt to Dorex2007 [Jd 9h]
Vorontsov28: folds 
Joker777355: folds 
MadarakaOne: folds 
Hunter777150: folds 
archzkie: folds 
Zzzanderman: folds 
kojju: raises $0.20 to $0.25
Laci24128: raises $0.61 to $0.86
Dorex2007: folds 
kojju: calls $0.61
*** FLOP *** [3d Tc Ts]
Laci24128: bets $0.56
kojju: calls $0.56
*** TURN *** [3d Tc Ts] [7h]
Laci24128: checks 
kojju: checks 
*** RIVER *** [3d Tc Ts 7h] [Kh]
Laci24128: checks 
kojju: checks 
*** SHOW DOWN ***
Laci24128: shows [8c Ac] (a pair of Tens)
kojju: shows [6c 6s] (two pair, Tens and Sixes)
kojju collected $2.77 from pot
*** SUMMARY ***
Total pot $2.89 | Rake $0.12 
Board [3d Tc Ts 7h Kh]
Seat 1: Hunter777150 folded before Flop (didn't bet)
Seat 2: archzkie folded before Flop (didn't bet)
Seat 3: Zzzanderman folded before Flop (didn't bet)
Seat 4: kojju (button) showed [6c 6s] and won ($2.77) with two pair, Tens and Sixes
Seat 5: Laci24128 (small blind) showed [8c Ac] and lost with a pair of Tens
Seat 6: Dorex2007 (big blind) folded before Flop
Seat 7: Vorontsov28 folded before Flop (didn't bet)
Seat 8: Joker777355 folded before Flop (didn't bet)
Seat 9: MadarakaOne folded before Flop (didn't bet)



PokerStars Hand #238858738944:  Hold'em No Limit ($0.02/$0.05 USD) - 2022/09/25 10:15:37 PT [2022/09/25 13:15:37 ET]
Table 'Dangreen III' 9-max Seat #5 is the button
Seat 1: Hunter777150 ($6.17 in chips) 
Seat 2: archzkie ($6.98 in chips) 
Seat 3: Zzzanderman ($2.13 in chips) 
Seat 4: kojju ($5.56 in chips) 
Seat 5: Laci24128 ($5 in chips) 
Seat 6: Dorex2007 ($5.01 in chips) 
Seat 7: Vorontsov28 ($5.66 in chips) 
Seat 8: Joker777355 ($5.63 in chips) 
Seat 9: MadarakaOne ($5.34 in chips) 
Dorex2007: posts small blind $0.02
Vorontsov28: posts big blind $0.05
*** HOLE CARDS ***
Dealt to Dorex2007 [As Kd]
Joker777355: folds 
Joker777355 leaves the table
MadarakaOne: folds 
Hunter777150: folds 
archzkie: folds 
Zzzanderman: folds 
kojju: folds 
Laci24128: raises $0.07 to $0.12
Saschnnn joins the table at seat #8 
Zzzanderman leaves the table
Dorex2007: raises $0.29 to $0.41
Vorontsov28: folds 
Laci24128: folds 
Uncalled bet ($0.29) returned to Dorex2007
Dorex2007 collected $0.29 from pot
Dorex2007: doesn't show hand 
*** SUMMARY ***
Total pot $0.29 | Rake $0 
Seat 1: Hunter777150 folded before Flop (didn't bet)
Seat 2: archzkie folded before Flop (didn't bet)
Seat 3: Zzzanderman folded before Flop (didn't bet)
Seat 4: kojju folded before Flop (didn't bet)
Seat 5: Laci24128 (button) folded before Flop
Seat 6: Dorex2007 (small blind) collected ($0.29)
Seat 7: Vorontsov28 (big blind) folded before Flop
Seat 8: Joker777355 folded before Flop (didn't bet)
Seat 9: MadarakaOne folded before Flop (didn't bet)



PokerStars Hand #238858751434:  Hold'em No Limit ($0.02/$0.05 USD) - 2022/09/25 10:16:03 PT [2022/09/25 13:16:03 ET]
Table 'Dangreen III' 9-max Seat #6 is the button
Seat 1: Hunter777150 ($6.17 in chips) 
Seat 2: archzkie ($6.98 in chips) 
Seat 4: kojju ($5.56 in chips) 
Seat 5: Laci24128 ($5 in chips) 
Seat 6: Dorex2007 ($5.18 in chips) 
Seat 7: Vorontsov28 ($5.61 in chips) 
Seat 8: Saschnnn ($3 in chips) 
Seat 9: MadarakaOne ($5.34 in chips) 
Vorontsov28: posts small blind $0.02
Saschnnn: posts big blind $0.05
*** HOLE CARDS ***
Dealt to Dorex2007 [8d Th]
MadarakaOne: folds 
Hunter777150: folds 
archzkie: folds 
kojju: folds 
Laci24128: folds 
Dorex2007: folds 
Vorontsov28: raises $0.10 to $0.15
Saschnnn: folds 
Uncalled bet ($0.10) returned to Vorontsov28
Vorontsov28 collected $0.10 from pot
Vorontsov28: doesn't show hand 
*** SUMMARY ***
Total pot $0.10 | Rake $0 
Seat 1: Hunter777150 folded before Flop (didn't bet)
Seat 2: archzkie folded before Flop (didn't bet)
Seat 4: kojju folded before Flop (didn't bet)
Seat 5: Laci24128 folded before Flop (didn't bet)
Seat 6: Dorex2007 (button) folded before Flop (didn't bet)
Seat 7: Vorontsov28 (small blind) collected ($0.10)
Seat 8: Saschnnn (big blind) folded before Flop
Seat 9: MadarakaOne folded before Flop (didn't bet)



PokerStars Hand #238858759984:  Hold'em No Limit ($0.02/$0.05 USD) - 2022/09/25 10:16:22 PT [2022/09/25 13:16:22 ET]
Table 'Dangreen III' 9-max Seat #7 is the button
Seat 1: Hunter777150 ($6.17 in chips) 
Seat 2: archzkie ($6.98 in chips) 
Seat 4: kojju ($5.56 in chips) 
Seat 5: Laci24128 ($5 in chips) 
Seat 6: Dorex2007 ($5.18 in chips) 
Seat 7: Vorontsov28 ($5.66 in chips) 
Seat 8: Saschnnn ($2.95 in chips) 
Seat 9: MadarakaOne ($5.34 in chips) 
Saschnnn: posts small blind $0.02
MadarakaOne: posts big blind $0.05
*** HOLE CARDS ***
Dealt to Dorex2007 [Ac 5h]
Hunter777150: folds 
archzkie: folds 
kojju: folds 
Laci24128: folds 
Dorex2007: folds 
Vorontsov28: raises $0.10 to $0.15
Saschnnn: folds 
MadarakaOne: folds 
Uncalled bet ($0.10) returned to Vorontsov28
Vorontsov28 collected $0.12 from pot
Vorontsov28: doesn't show hand 
*** SUMMARY ***
Total pot $0.12 | Rake $0 
Seat 1: Hunter777150 folded before Flop (didn't bet)
Seat 2: archzkie folded before Flop (didn't bet)
Seat 4: kojju folded before Flop (didn't bet)
Seat 5: Laci24128 folded before Flop (didn't bet)
Seat 6: Dorex2007 folded before Flop (didn't bet)
Seat 7: Vorontsov28 (button) collected ($0.12)
Seat 8: Saschnnn (small blind) folded before Flop
Seat 9: MadarakaOne (big blind) folded before Flop



PokerStars Hand #238858768340:  Hold'em No Limit ($0.02/$0.05 USD) - 2022/09/25 10:16:39 PT [2022/09/25 13:16:39 ET]
Table 'Dangreen III' 9-max Seat #8 is the button
Seat 1: Hunter777150 ($6.17 in chips) 
Seat 2: archzkie ($6.98 in chips) 
Seat 4: kojju ($5.56 in chips) 
Seat 5: Laci24128 ($5 in chips) 
Seat 6: Dorex2007 ($5.18 in chips) 
Seat 7: Vorontsov28 ($5.73 in chips) 
Seat 8: Saschnnn ($2.93 in chips) 
Seat 9: MadarakaOne ($5.29 in chips) 
MadarakaOne: posts small blind $0.02
Hunter777150: posts big blind $0.05
*** HOLE CARDS ***
Dealt to Dorex2007 [Td Ts]
archzkie: folds 
kojju: folds 
Laci24128: folds 
Dorex2007: raises $0.20 to $0.25
Vorontsov28: folds 
Saschnnn: folds 
MadarakaOne: calls $0.23
Hunter777150: folds 
*** FLOP *** [8d Qd Tc]
MadarakaOne: checks 
Dorex2007: bets $0.53
MadarakaOne: folds 
Uncalled bet ($0.53) returned to Dorex2007
Dorex2007 collected $0.53 from pot
Dorex2007: doesn't show hand 
*** SUMMARY ***
Total pot $0.55 | Rake $0.02 
Board [8d Qd Tc]
Seat 1: Hunter777150 (big blind) folded before Flop
Seat 2: archzkie folded before Flop (didn't bet)
Seat 4: kojju folded before Flop (didn't bet)
Seat 5: Laci24128 folded before Flop (didn't bet)
Seat 6: Dorex2007 collected ($0.53)
Seat 7: Vorontsov28 folded before Flop (didn't bet)
Seat 8: Saschnnn (button) folded before Flop (didn't bet)
Seat 9: MadarakaOne (small blind) folded on the Flop



PokerStars Hand #238858788385:  Hold'em No Limit ($0.02/$0.05 USD) - 2022/09/25 10:17:22 PT [2022/09/25 13:17:22 ET]
Table 'Dangreen III' 9-max Seat #9 is the button
Seat 1: Hunter777150 ($6.12 in chips) 
Seat 2: archzkie ($6.98 in chips) 
Seat 4: kojju ($5.56 in chips) 
Seat 5: Laci24128 ($5 in chips) 
Seat 6: Dorex2007 ($5.46 in chips) 
Seat 7: Vorontsov28 ($5.73 in chips) 
Seat 8: Saschnnn ($2.93 in chips) 
Seat 9: MadarakaOne ($5.04 in chips) 
Hunter777150: posts small blind $0.02
archzkie: posts big blind $0.05
*** HOLE CARDS ***
Dealt to Dorex2007 [2h 6c]
kojju: calls $0.05
Laci24128: folds 
Dorex2007: folds 
Vorontsov28: folds 
Saschnnn: folds 
MadarakaOne: folds 
Hunter777150: raises $0.15 to $0.20
samiike joins the table at seat #3 
archzkie: folds 
kojju: calls $0.15
*** FLOP *** [9d 8s 6s]
Hunter777150: checks 
kojju: checks 
*** TURN *** [9d 8s 6s] [2s]
Hunter777150: bets $0.29
kojju: calls $0.29
*** RIVER *** [9d 8s 6s 2s] [5d]
Hunter777150: checks 
kojju: bets $0.49
Hunter777150: folds 
Uncalled bet ($0.49) returned to kojju
kojju collected $0.99 from pot
kojju: doesn't show hand 
*** SUMMARY ***
Total pot $1.03 | Rake $0.04 
Board [9d 8s 6s 2s 5d]
Seat 1: Hunter777150 (small blind) folded on the River
Seat 2: archzkie (big blind) folded before Flop
Seat 4: kojju collected ($0.99)
Seat 5: Laci24128 folded before Flop (didn't bet)
Seat 6: Dorex2007 folded before Flop (didn't bet)
Seat 7: Vorontsov28 folded before Flop (didn't bet)
Seat 8: Saschnnn folded before Flop (didn't bet)
Seat 9: MadarakaOne (button) folded before Flop (didn't bet)



PokerStars Hand #238858815935:  Hold'em No Limit ($0.02/$0.05 USD) - 2022/09/25 10:18:20 PT [2022/09/25 13:18:20 ET]
Table 'Dangreen III' 9-max Seat #1 is the button
Seat 1: Hunter777150 ($5.63 in chips) 
Seat 2: archzkie ($6.93 in chips) 
Seat 3: samiike ($5 in chips) 
Seat 4: kojju ($6.06 in chips) 
Seat 5: Laci24128 ($5 in chips) 
Seat 6: Dorex2007 ($5.46 in chips) 
Seat 7: Vorontsov28 ($5.73 in chips) 
Seat 8: Saschnnn ($2.93 in chips) 
Seat 9: MadarakaOne ($5.04 in chips) 
archzkie: posts small blind $0.02
samiike: posts big blind $0.05
*** HOLE CARDS ***
Dealt to Dorex2007 [5d Ad]
kojju: folds 
Laci24128: folds 
Dorex2007: folds 
Vorontsov28: folds 
Saschnnn: folds 
MadarakaOne: folds 
Hunter777150: folds 
archzkie: raises $0.10 to $0.15
samiike: folds 
Uncalled bet ($0.10) returned to archzkie
archzkie collected $0.10 from pot
archzkie: doesn't show hand 
*** SUMMARY ***
Total pot $0.10 | Rake $0 
Seat 1: Hunter777150 (button) folded before Flop (didn't bet)
Seat 2: archzkie (small blind) collected ($0.10)
Seat 3: samiike (big blind) folded before Flop
Seat 4: kojju folded before Flop (didn't bet)
Seat 5: Laci24128 folded before Flop (didn't bet)
Seat 6: Dorex2007 folded before Flop (didn't bet)
Seat 7: Vorontsov28 folded before Flop (didn't bet)
Seat 8: Saschnnn folded before Flop (didn't bet)
Seat 9: MadarakaOne folded before Flop (didn't bet)



PokerStars Hand #238858825275:  Hold'em No Limit ($0.02/$0.05 USD) - 2022/09/25 10:18:39 PT [2022/09/25 13:18:39 ET]
Table 'Dangreen III' 9-max Seat #2 is the button
Seat 1: Hunter777150 ($5.63 in chips) 
Seat 2: archzkie ($6.98 in chips) 
Seat 3: samiike ($4.95 in chips) 
Seat 4: kojju ($6.06 in chips) 
Seat 5: Laci24128 ($5 in chips) 
Seat 6: Dorex2007 ($5.46 in chips) 
Seat 7: Vorontsov28 ($5.73 in chips) 
Seat 8: Saschnnn ($2.93 in chips) 
Seat 9: MadarakaOne ($5.04 in chips) 
samiike: posts small blind $0.02
kojju: posts big blind $0.05
*** HOLE CARDS ***
Dealt to Dorex2007 [9c 8c]
Laci24128: folds 
Laci24128 leaves the table
Dorex2007: folds 
Vorontsov28: folds 
Saschnnn: calls $0.05
MadarakaOne: folds 
Hunter777150: raises $0.17 to $0.22
archzkie: folds 
samiike: folds 
kojju: folds 
Saschnnn: calls $0.17
*** FLOP *** [5s 7c 3s]
Saschnnn: bets $0.24
Hunter777150: folds 
Uncalled bet ($0.24) returned to Saschnnn
Saschnnn collected $0.49 from pot
Saschnnn: doesn't show hand 
*** SUMMARY ***
Total pot $0.51 | Rake $0.02 
Board [5s 7c 3s]
Seat 1: Hunter777150 folded on the Flop
Seat 2: archzkie (button) folded before Flop (didn't bet)
Seat 3: samiike (small blind) folded before Flop
Seat 4: kojju (big blind) folded before Flop
Seat 5: Laci24128 folded before Flop (didn't bet)
Seat 6: Dorex2007 folded before Flop (didn't bet)
Seat 7: Vorontsov28 folded before Flop (didn't bet)
Seat 8: Saschnnn collected ($0.49)
Seat 9: MadarakaOne folded before Flop (didn't bet)



PokerStars Hand #238858845263:  Hold'em No Limit ($0.02/$0.05 USD) - 2022/09/25 10:19:22 PT [2022/09/25 13:19:22 ET]
Table 'Dangreen III' 9-max Seat #3 is the button
Seat 1: Hunter777150 ($5.41 in chips) 
Seat 2: archzkie ($6.98 in chips) 
Seat 3: samiike ($4.93 in chips) 
Seat 4: kojju ($6.01 in chips) 
Seat 6: Dorex2007 ($5.46 in chips) 
Seat 7: Vorontsov28 ($5.73 in chips) 
Seat 8: Saschnnn ($3.20 in chips) 
Seat 9: MadarakaOne ($5.04 in chips) 
kojju: posts small blind $0.02
Dorex2007: posts big blind $0.05
*** HOLE CARDS ***
Dealt to Dorex2007 [9d 5h]
Vorontsov28: folds 
Saschnnn: folds 
MadarakaOne: folds 
Hunter777150: folds 
archzkie: raises $0.10 to $0.15
samiike: calls $0.15
kojju: folds 
Dorex2007: folds 
*** FLOP *** [Ks 5d 4c]
archzkie: bets $0.18
samiike: calls $0.18
*** TURN *** [Ks 5d 4c] [Tc]
archzkie: bets $0.35
samiike: calls $0.35
*** RIVER *** [Ks 5d 4c Tc] [6d]
Santana Carlos joins the table at seat #5 
archzkie: bets $0.45
samiike: calls $0.45
*** SHOW DOWN ***
archzkie: shows [Kd As] (a pair of Kings)
samiike: shows [Kc Ah] (a pair of Kings)
archzkie collected $1.12 from pot
samiike collected $1.11 from pot
*** SUMMARY ***
Total pot $2.33 | Rake $0.10 
Board [Ks 5d 4c Tc 6d]
Seat 1: Hunter777150 folded before Flop (didn't bet)
Seat 2: archzkie showed [Kd As] and won ($1.12) with a pair of Kings
Seat 3: samiike (button) showed [Kc Ah] and won ($1.11) with a pair of Kings
Seat 4: kojju (small blind) folded before Flop
Seat 6: Dorex2007 (big blind) folded before Flop
Seat 7: Vorontsov28 folded before Flop (didn't bet)
Seat 8: Saschnnn folded before Flop (didn't bet)
Seat 9: MadarakaOne folded before Flop (didn't bet)



PokerStars Hand #238858866637:  Hold'em No Limit ($0.02/$0.05 USD) - 2022/09/25 10:20:07 PT [2022/09/25 13:20:07 ET]
Table 'Dangreen III' 9-max Seat #4 is the button
Seat 1: Hunter777150 ($5.41 in chips) 
Seat 2: archzkie ($6.97 in chips) 
Seat 3: samiike ($4.91 in chips) 
Seat 4: kojju ($5.99 in chips) 
Seat 6: Dorex2007 ($5.41 in chips) 
Seat 7: Vorontsov28 ($5.73 in chips) 
Seat 8: Saschnnn ($3.20 in chips) 
Seat 9: MadarakaOne ($5.04 in chips) 
Dorex2007: posts small blind $0.02
Vorontsov28: posts big blind $0.05
*** HOLE CARDS ***
Dealt to Dorex2007 [Js 2d]
Saschnnn: folds 
MadarakaOne: folds 
Hunter777150: folds 
archzkie: raises $0.10 to $0.15
samiike: folds 
kojju: folds 
Dorex2007: folds 
Vorontsov28: calls $0.10
*** FLOP *** [Jh Kd 3c]
Vorontsov28: checks 
archzkie: bets $0.16
Vorontsov28: calls $0.16
*** TURN *** [Jh Kd 3c] [6c]
Vorontsov28: checks 
archzkie: bets $0.25
Vorontsov28: calls $0.25
*** RIVER *** [Jh Kd 3c 6c] [Jc]
Vorontsov28: checks 
archzkie: bets $0.36
Vorontsov28: calls $0.36
*** SHOW DOWN ***
archzkie: shows [Ad Ks] (two pair, Kings and Jacks)
Vorontsov28: mucks hand 
archzkie collected $1.78 from pot
*** SUMMARY ***
Total pot $1.86 | Rake $0.08 
Board [Jh Kd 3c 6c Jc]
Seat 1: Hunter777150 folded before Flop (didn't bet)
Seat 2: archzkie showed [Ad Ks] and won ($1.78) with two pair, Kings and Jacks
Seat 3: samiike folded before Flop (didn't bet)
Seat 4: kojju (button) folded before Flop (didn't bet)
Seat 6: Dorex2007 (small blind) folded before Flop
Seat 7: Vorontsov28 (big blind) mucked [Qc Kh]
Seat 8: Saschnnn folded before Flop (didn't bet)
Seat 9: MadarakaOne folded before Flop (didn't bet)



PokerStars Hand #238858889858:  Hold'em No Limit ($0.02/$0.05 USD) - 2022/09/25 10:20:56 PT [2022/09/25 13:20:56 ET]
Table 'Dangreen III' 9-max Seat #6 is the button
Seat 1: Hunter777150 ($5.41 in chips) 
Seat 2: archzkie ($7.83 in chips) 
Seat 3: samiike ($4.91 in chips) 
Seat 4: kojju ($5.99 in chips) 
Seat 5: Santana Carlos ($5 in chips) 
Seat 6: Dorex2007 ($5.39 in chips) 
Seat 7: Vorontsov28 ($5 in chips) 
Seat 8: Saschnnn ($3.20 in chips) 
Seat 9: MadarakaOne ($5.04 in chips) 
Vorontsov28: posts small blind $0.02
Saschnnn: posts big blind $0.05
Santana Carlos: posts big blind $0.05
*** HOLE CARDS ***
Dealt to Dorex2007 [Qs 2d]
MadarakaOne: folds 
Hunter777150: folds 
archzkie: folds 
samiike: folds 
kojju: raises $0.15 to $0.20
Santana Carlos: folds 
Dorex2007: folds 
Vorontsov28: folds 
Saschnnn: calls $0.15
*** FLOP *** [Td 7h Qd]
Saschnnn: checks 
kojju: bets $0.45
Saschnnn: folds 
Uncalled bet ($0.45) returned to kojju
kojju collected $0.45 from pot
kojju: doesn't show hand 
*** SUMMARY ***
Total pot $0.47 | Rake $0.02 
Board [Td 7h Qd]
Seat 1: Hunter777150 folded before Flop (didn't bet)
Seat 2: archzkie folded before Flop (didn't bet)
Seat 3: samiike folded before Flop (didn't bet)
Seat 4: kojju collected ($0.45)
Seat 5: Santana Carlos folded before Flop (didn't bet)
Seat 6: Dorex2007 (button) folded before Flop (didn't bet)
Seat 7: Vorontsov28 (small blind) folded before Flop
Seat 8: Saschnnn (big blind) folded on the Flop
Seat 9: MadarakaOne folded before Flop (didn't bet)



PokerStars Hand #238858911617:  Hold'em No Limit ($0.02/$0.05 USD) - 2022/09/25 10:21:43 PT [2022/09/25 13:21:43 ET]
Table 'Dangreen III' 9-max Seat #7 is the button
Seat 1: Hunter777150 ($5.41 in chips) 
Seat 2: archzkie ($7.83 in chips) 
Seat 3: samiike ($4.91 in chips) 
Seat 4: kojju ($6.24 in chips) 
Seat 5: Santana Carlos ($4.95 in chips) 
Seat 6: Dorex2007 ($5.39 in chips) 
Seat 7: Vorontsov28 ($5 in chips) 
Seat 8: Saschnnn ($3 in chips) 
Seat 9: MadarakaOne ($5.04 in chips) 
Saschnnn: posts small blind $0.02
MadarakaOne: posts big blind $0.05
*** HOLE CARDS ***
Dealt to Dorex2007 [Jd 9d]
Hunter777150: folds 
archzkie: folds 
samiike: folds 
kojju: calls $0.05
Santana Carlos: folds 
Dorex2007: folds 
Vorontsov28: folds 
Saschnnn: calls $0.03
MadarakaOne: checks 
*** FLOP *** [8d Th Qh]
Saschnnn: bets $0.10
MadarakaOne: calls $0.10
kojju: raises $0.40 to $0.50
Saschnnn: folds 
MadarakaOne: folds 
Uncalled bet ($0.40) returned to kojju
kojju collected $0.43 from pot
kojju: doesn't show hand 
*** SUMMARY ***
Total pot $0.45 | Rake $0.02 
Board [8d Th Qh]
Seat 1: Hunter777150 folded before Flop (didn't bet)
Seat 2: archzkie folded before Flop (didn't bet)
Seat 3: samiike folded before Flop (didn't bet)
Seat 4: kojju collected ($0.43)
Seat 5: Santana Carlos folded before Flop (didn't bet)
Seat 6: Dorex2007 folded before Flop (didn't bet)
Seat 7: Vorontsov28 (button) folded before Flop (didn't bet)
Seat 8: Saschnnn (small blind) folded on the Flop
Seat 9: MadarakaOne (big blind) folded on the Flop



PokerStars Hand #238858937455:  Hold'em No Limit ($0.02/$0.05 USD) - 2022/09/25 10:22:37 PT [2022/09/25 13:22:37 ET]
Table 'Dangreen III' 9-max Seat #8 is the button
Seat 1: Hunter777150 ($5.41 in chips) 
Seat 2: archzkie ($7.83 in chips) 
Seat 3: samiike ($4.91 in chips) 
Seat 4: kojju ($6.52 in chips) 
Seat 5: Santana Carlos ($4.95 in chips) 
Seat 6: Dorex2007 ($5.39 in chips) 
Seat 7: Vorontsov28 ($5 in chips) 
Seat 8: Saschnnn ($2.85 in chips) 
Seat 9: MadarakaOne ($4.89 in chips) 
MadarakaOne: posts small blind $0.02
Hunter777150: posts big blind $0.05
*** HOLE CARDS ***
Dealt to Dorex2007 [Kc 7s]
archzkie: folds 
samiike: folds 
kojju: calls $0.05
Santana Carlos: folds 
Dorex2007: folds 
Vorontsov28: raises $0.15 to $0.20
Saschnnn: folds 
MadarakaOne: folds 
Hunter777150: folds 
kojju: calls $0.15
*** FLOP *** [8c 8s 3s]
kojju: checks 
Vorontsov28: checks 
*** TURN *** [8c 8s 3s] [Th]
kojju: bets $0.25
Vorontsov28: folds 
Uncalled bet ($0.25) returned to kojju
kojju collected $0.45 from pot
kojju: doesn't show hand 
*** SUMMARY ***
Total pot $0.47 | Rake $0.02 
Board [8c 8s 3s Th]
Seat 1: Hunter777150 (big blind) folded before Flop
Seat 2: archzkie folded before Flop (didn't bet)
Seat 3: samiike folded before Flop (didn't bet)
Seat 4: kojju collected ($0.45)
Seat 5: Santana Carlos folded before Flop (didn't bet)
Seat 6: Dorex2007 folded before Flop (didn't bet)
Seat 7: Vorontsov28 folded on the Turn
Seat 8: Saschnnn (button) folded before Flop (didn't bet)
Seat 9: MadarakaOne (small blind) folded before Flop



PokerStars Hand #238858957177:  Hold'em No Limit ($0.02/$0.05 USD) - 2022/09/25 10:23:19 PT [2022/09/25 13:23:19 ET]
Table 'Dangreen III' 9-max Seat #9 is the button
Seat 1: Hunter777150 ($5.36 in chips) 
Seat 2: archzkie ($7.83 in chips) 
Seat 3: samiike ($4.91 in chips) 
Seat 4: kojju ($6.77 in chips) 
Seat 5: Santana Carlos ($4.95 in chips) 
Seat 6: Dorex2007 ($5.39 in chips) 
Seat 7: Vorontsov28 ($5 in chips) 
Seat 8: Saschnnn ($2.85 in chips) 
Seat 9: MadarakaOne ($4.87 in chips) 
Hunter777150: posts small blind $0.02
archzkie: posts big blind $0.05
*** HOLE CARDS ***
Dealt to Dorex2007 [8c 2s]
samiike: folds 
kojju: folds 
Santana Carlos: calls $0.05
Dorex2007: folds 
Vorontsov28: folds 
Saschnnn: calls $0.05
MadarakaOne: raises $0.10 to $0.15
Hunter777150: folds 
archzkie: folds 
Santana Carlos: calls $0.10
Saschnnn: calls $0.10
*** FLOP *** [8d As Ah]
Santana Carlos: checks 
Saschnnn: bets $0.25
MadarakaOne: calls $0.25
Santana Carlos: folds 
*** TURN *** [8d As Ah] [4h]
Saschnnn: bets $0.20
MadarakaOne: raises $0.60 to $0.80
Saschnnn: folds 
Uncalled bet ($0.60) returned to MadarakaOne
MadarakaOne collected $1.36 from pot
MadarakaOne: doesn't show hand 
*** SUMMARY ***
Total pot $1.42 | Rake $0.06 
Board [8d As Ah 4h]
Seat 1: Hunter777150 (small blind) folded before Flop
Seat 2: archzkie (big blind) folded before Flop
Seat 3: samiike folded before Flop (didn't bet)
Seat 4: kojju folded before Flop (didn't bet)
Seat 5: Santana Carlos folded on the Flop
Seat 6: Dorex2007 folded before Flop (didn't bet)
Seat 7: Vorontsov28 folded before Flop (didn't bet)
Seat 8: Saschnnn folded on the Turn
Seat 9: MadarakaOne (button) collected ($1.36)



PokerStars Hand #238858987176:  Hold'em No Limit ($0.02/$0.05 USD) - 2022/09/25 10:24:23 PT [2022/09/25 13:24:23 ET]
Table 'Dangreen III' 9-max Seat #1 is the button
Seat 1: Hunter777150 ($5.34 in chips) 
Seat 2: archzkie ($7.78 in chips) 
Seat 3: samiike ($4.91 in chips) 
Seat 4: kojju ($6.77 in chips) 
Seat 5: Santana Carlos ($4.80 in chips) 
Seat 6: Dorex2007 ($5.39 in chips) 
Seat 7: Vorontsov28 ($5 in chips) 
Seat 8: Saschnnn ($2.25 in chips) 
Seat 9: MadarakaOne ($5.63 in chips) 
archzkie: posts small blind $0.02
samiike: posts big blind $0.05
*** HOLE CARDS ***
Dealt to Dorex2007 [Ad Qd]
kojju: calls $0.05
Santana Carlos: calls $0.05
Dorex2007: raises $0.20 to $0.25
Vorontsov28: folds 
Saschnnn: folds 
MadarakaOne: calls $0.25
Hunter777150: folds 
archzkie: folds 
samiike: folds 
kojju: calls $0.20
Santana Carlos: calls $0.20
*** FLOP *** [4c 8s Jd]
kojju: checks 
Santana Carlos: checks 
Dorex2007: bets $0.69
MadarakaOne: folds 
kojju: calls $0.69
Santana Carlos: calls $0.69
*** TURN *** [4c 8s Jd] [2s]
kojju: checks 
Santana Carlos: checks 
Dorex2007: checks 
*** RIVER *** [4c 8s Jd 2s] [Td]
kojju: bets $1.50
Santana Carlos: calls $1.50
Dorex2007: folds 
*** SHOW DOWN ***
kojju: shows [8h 8d] (three of a kind, Eights)
Santana Carlos: mucks hand 
kojju collected $5.89 from pot
*** SUMMARY ***
Total pot $6.14 | Rake $0.25 
Board [4c 8s Jd 2s Td]
Seat 1: Hunter777150 (button) folded before Flop (didn't bet)
Seat 2: archzkie (small blind) folded before Flop
Seat 3: samiike (big blind) folded before Flop
Seat 4: kojju showed [8h 8d] and won ($5.89) with three of a kind, Eights
Seat 5: Santana Carlos mucked [Tc 8c]
Seat 6: Dorex2007 folded on the River
Seat 7: Vorontsov28 folded before Flop (didn't bet)
Seat 8: Saschnnn folded before Flop (didn't bet)
Seat 9: MadarakaOne folded on the Flop



PokerStars Hand #238859038059:  Hold'em No Limit ($0.02/$0.05 USD) - 2022/09/25 10:26:09 PT [2022/09/25 13:26:09 ET]
Table 'Dangreen III' 9-max Seat #2 is the button
Seat 1: Hunter777150 ($5.34 in chips) 
Seat 2: archzkie ($7.76 in chips) 
Seat 3: samiike ($4.86 in chips) 
Seat 4: kojju ($10.22 in chips) 
Seat 5: Santana Carlos ($2.36 in chips) 
Seat 6: Dorex2007 ($5 in chips) 
Seat 7: Vorontsov28 ($5 in chips) 
Seat 8: Saschnnn ($2.25 in chips) 
Seat 9: MadarakaOne ($5.38 in chips) 
samiike: posts small blind $0.02
kojju: posts big blind $0.05
*** HOLE CARDS ***
Dealt to Dorex2007 [7h 2s]
Santana Carlos: calls $0.05
Dorex2007: folds 
Vorontsov28: folds 
Saschnnn: folds 
MadarakaOne has timed out
MadarakaOne: folds 
Hunter777150: folds 
archzkie: folds 
samiike: calls $0.03
kojju: checks 
*** FLOP *** [3c 2c 4h]
samiike: checks 
kojju: bets $0.14
Santana Carlos: calls $0.14
samiike: folds 
*** TURN *** [3c 2c 4h] [Js]
kojju: bets $0.20
Santana Carlos: calls $0.20
*** RIVER *** [3c 2c 4h Js] [Ks]
kojju: bets $9.83 and is all-in
Santana Carlos: folds 
Uncalled bet ($9.83) returned to kojju
kojju collected $0.80 from pot
kojju: doesn't show hand 
*** SUMMARY ***
Total pot $0.83 | Rake $0.03 
Board [3c 2c 4h Js Ks]
Seat 1: Hunter777150 folded before Flop (didn't bet)
Seat 2: archzkie (button) folded before Flop (didn't bet)
Seat 3: samiike (small blind) folded on the Flop
Seat 4: kojju (big blind) collected ($0.80)
Seat 5: Santana Carlos folded on the River
Seat 6: Dorex2007 folded before Flop (didn't bet)
Seat 7: Vorontsov28 folded before Flop (didn't bet)
Seat 8: Saschnnn folded before Flop (didn't bet)
Seat 9: MadarakaOne folded before Flop (didn't bet)



PokerStars Hand #238859075227:  Hold'em No Limit ($0.02/$0.05 USD) - 2022/09/25 10:27:27 PT [2022/09/25 13:27:27 ET]
Table 'Dangreen III' 9-max Seat #3 is the button
Seat 1: Hunter777150 ($5.34 in chips) 
Seat 2: archzkie ($7.76 in chips) 
Seat 3: samiike ($4.81 in chips) 
Seat 4: kojju ($10.63 in chips) 
Seat 6: Dorex2007 ($5 in chips) 
Seat 7: Vorontsov28 ($5 in chips) 
Seat 8: Saschnnn ($2.25 in chips) 
Seat 9: MadarakaOne ($5.38 in chips) 
kojju: posts small blind $0.02
Dorex2007: posts big blind $0.05
*** HOLE CARDS ***
Dealt to Dorex2007 [4s Ad]
Vorontsov28: raises $0.10 to $0.15
Saschnnn: raises $0.10 to $0.25
MadarakaOne: folds 
Hunter777150: folds 
archzkie: folds 
samiike: folds 
kojju: folds 
Dorex2007: folds 
Vorontsov28: calls $0.10
*** FLOP *** [Kc 2s Jc]
Vorontsov28: checks 
Saschnnn: bets $0.27
Vorontsov28: folds 
Uncalled bet ($0.27) returned to Saschnnn
Saschnnn collected $0.55 from pot
Saschnnn: doesn't show hand 
*** SUMMARY ***
Total pot $0.57 | Rake $0.02 
Board [Kc 2s Jc]
Seat 1: Hunter777150 folded before Flop (didn't bet)
Seat 2: archzkie folded before Flop (didn't bet)
Seat 3: samiike (button) folded before Flop (didn't bet)
Seat 4: kojju (small blind) folded before Flop
Seat 6: Dorex2007 (big blind) folded before Flop
Seat 7: Vorontsov28 folded on the Flop
Seat 8: Saschnnn collected ($0.55)
Seat 9: MadarakaOne folded before Flop (didn't bet)



PokerStars Hand #238859087311:  Hold'em No Limit ($0.02/$0.05 USD) - 2022/09/25 10:27:52 PT [2022/09/25 13:27:52 ET]
Table 'Dangreen III' 9-max Seat #4 is the button
Seat 1: Hunter777150 ($5.34 in chips) 
Seat 2: archzkie ($7.76 in chips) 
Seat 3: samiike ($4.81 in chips) 
Seat 4: kojju ($10.61 in chips) 
Seat 6: Dorex2007 ($5 in chips) 
Seat 7: Vorontsov28 ($5 in chips) 
Seat 8: Saschnnn ($2.55 in chips) 
Seat 9: MadarakaOne ($5.38 in chips) 
Dorex2007: posts small blind $0.02
Vorontsov28: posts big blind $0.05
*** HOLE CARDS ***
Dealt to Dorex2007 [Js Qc]
Saschnnn: calls $0.05
MadarakaOne: raises $0.10 to $0.15
Hunter777150: folds 
archzkie: folds 
samiike: folds 
kojju: calls $0.15
Dorex2007: folds 
Vorontsov28: folds 
Saschnnn: calls $0.10
*** FLOP *** [9s 4c Jd]
Saschnnn: bets $0.25
MadarakaOne: calls $0.25
kojju: folds 
*** TURN *** [9s 4c Jd] [2s]
Saschnnn: bets $0.25
MadarakaOne: calls $0.25
*** RIVER *** [9s 4c Jd 2s] [Ks]
Saschnnn: checks 
MadarakaOne: bets $0.73
Saschnnn: calls $0.73
*** SHOW DOWN ***
MadarakaOne: shows [Qh Ad] (high card Ace)
Saschnnn: shows [Jh 8c] (a pair of Jacks)
Saschnnn collected $2.86 from pot
*** SUMMARY ***
Total pot $2.98 | Rake $0.12 
Board [9s 4c Jd 2s Ks]
Seat 1: Hunter777150 folded before Flop (didn't bet)
Seat 2: archzkie folded before Flop (didn't bet)
Seat 3: samiike folded before Flop (didn't bet)
Seat 4: kojju (button) folded on the Flop
Seat 6: Dorex2007 (small blind) folded before Flop
Seat 7: Vorontsov28 (big blind) folded before Flop
Seat 8: Saschnnn showed [Jh 8c] and won ($2.86) with a pair of Jacks
Seat 9: MadarakaOne showed [Qh Ad] and lost with high card Ace



PokerStars Hand #238859119401:  Hold'em No Limit ($0.02/$0.05 USD) - 2022/09/25 10:28:59 PT [2022/09/25 13:28:59 ET]
Table 'Dangreen III' 9-max Seat #6 is the button
Seat 1: Hunter777150 ($5.34 in chips) 
Seat 2: archzkie ($7.76 in chips) 
Seat 3: samiike ($4.81 in chips) 
Seat 4: kojju ($10.46 in chips) 
Seat 6: Dorex2007 ($5 in chips) 
Seat 7: Vorontsov28 ($5 in chips) 
Seat 8: Saschnnn ($4.03 in chips) 
Seat 9: MadarakaOne ($4 in chips) 
Vorontsov28: posts small blind $0.02
Saschnnn: posts big blind $0.05
*** HOLE CARDS ***
Dealt to Dorex2007 [As Qh]
MadarakaOne: raises $0.10 to $0.15
Hunter777150: folds 
archzkie: folds 
samiike: folds 
kojju: folds 
Dorex2007: calls $0.15
Vorontsov28: folds 
Saschnnn: calls $0.10
*** FLOP *** [8h 3h Tc]
Saschnnn: checks 
MadarakaOne: bets $0.10
Dorex2007: folds 
Saschnnn: folds 
Uncalled bet ($0.10) returned to MadarakaOne
MadarakaOne collected $0.45 from pot
MadarakaOne: doesn't show hand 
*** SUMMARY ***
Total pot $0.47 | Rake $0.02 
Board [8h 3h Tc]
Seat 1: Hunter777150 folded before Flop (didn't bet)
Seat 2: archzkie folded before Flop (didn't bet)
Seat 3: samiike folded before Flop (didn't bet)
Seat 4: kojju folded before Flop (didn't bet)
Seat 6: Dorex2007 (button) folded on the Flop
Seat 7: Vorontsov28 (small blind) folded before Flop
Seat 8: Saschnnn (big blind) folded on the Flop
Seat 9: MadarakaOne collected ($0.45)



PokerStars Hand #238859137275:  Hold'em No Limit ($0.02/$0.05 USD) - 2022/09/25 10:29:37 PT [2022/09/25 13:29:37 ET]
Table 'Dangreen III' 9-max Seat #7 is the button
Seat 1: Hunter777150 ($5.34 in chips) 
Seat 2: archzkie ($7.76 in chips) 
Seat 3: samiike ($4.81 in chips) 
Seat 4: kojju ($10.46 in chips) 
Seat 6: Dorex2007 ($5 in chips) 
Seat 7: Vorontsov28 ($5 in chips) 
Seat 8: Saschnnn ($3.88 in chips) 
Saschnnn: posts small blind $0.02
Hunter777150: posts big blind $0.05
*** HOLE CARDS ***
Dealt to Dorex2007 [Qs As]
archzkie: folds 
MadarakaOne leaves the table
samiike: folds 
kojju: folds 
Dorex2007: raises $0.10 to $0.15
Vorontsov28: folds 
Saschnnn: folds 
Hunter777150: folds 
Uncalled bet ($0.10) returned to Dorex2007
Dorex2007 collected $0.12 from pot
Dorex2007: doesn't show hand 
cpeck35 joins the table at seat #9 
*** SUMMARY ***
Total pot $0.12 | Rake $0 
Seat 1: Hunter777150 (big blind) folded before Flop
Seat 2: archzkie folded before Flop (didn't bet)
Seat 3: samiike folded before Flop (didn't bet)
Seat 4: kojju folded before Flop (didn't bet)
Seat 6: Dorex2007 collected ($0.12)
Seat 7: Vorontsov28 (button) folded before Flop (didn't bet)
Seat 8: Saschnnn (small blind) folded before Flop



PokerStars Hand #238859146060:  Hold'em No Limit ($0.02/$0.05 USD) - 2022/09/25 10:29:55 PT [2022/09/25 13:29:55 ET]
Table 'Dangreen III' 9-max Seat #8 is the button
Seat 1: Hunter777150 ($5.29 in chips) 
Seat 2: archzkie ($7.76 in chips) 
Seat 3: samiike ($4.81 in chips) 
Seat 4: kojju ($10.46 in chips) 
Seat 6: Dorex2007 ($5.07 in chips) 
Seat 7: Vorontsov28 ($5 in chips) 
Seat 8: Saschnnn ($3.86 in chips) 
Hunter777150: posts small blind $0.02
archzkie: posts big blind $0.05
*** HOLE CARDS ***
Dealt to Dorex2007 [7h 5c]
samiike: calls $0.05
kojju: folds 
Dorex2007: folds 
Vorontsov28: folds 
Saschnnn: calls $0.05
Hunter777150: folds 
archzkie: checks 
*** FLOP *** [Tc 9d 8d]
archzkie: checks 
samiike: bets $0.08
Saschnnn: folds 
archzkie: calls $0.08
*** TURN *** [Tc 9d 8d] [Qh]
archzkie: bets $0.16
samiike: calls $0.16
*** RIVER *** [Tc 9d 8d Qh] [3c]
archzkie: bets $0.62
samiike: raises $0.62 to $1.24
archzkie: folds 
Uncalled bet ($0.62) returned to samiike
samiike collected $1.81 from pot
samiike: doesn't show hand 
*** SUMMARY ***
Total pot $1.89 | Rake $0.08 
Board [Tc 9d 8d Qh 3c]
Seat 1: Hunter777150 (small blind) folded before Flop
Seat 2: archzkie (big blind) folded on the River
Seat 3: samiike collected ($1.81)
Seat 4: kojju folded before Flop (didn't bet)
Seat 6: Dorex2007 folded before Flop (didn't bet)
Seat 7: Vorontsov28 folded before Flop (didn't bet)
Seat 8: Saschnnn (button) folded on the Flop



PokerStars Hand #238859179774:  Hold'em No Limit ($0.02/$0.05 USD) - 2022/09/25 10:31:04 PT [2022/09/25 13:31:04 ET]
Table 'Dangreen III' 9-max Seat #1 is the button
Seat 1: Hunter777150 ($5.27 in chips) 
Seat 2: archzkie ($6.85 in chips) 
Seat 3: samiike ($5.71 in chips) 
Seat 4: kojju ($10.46 in chips) 
Seat 6: Dorex2007 ($5.07 in chips) 
Seat 7: Vorontsov28 ($5 in chips) 
Seat 8: Saschnnn ($3.81 in chips) 
Seat 9: cpeck35 ($5 in chips) 
archzkie: posts small blind $0.02
samiike: posts big blind $0.05
cpeck35: posts big blind $0.05
*** HOLE CARDS ***
Dealt to Dorex2007 [Ad 9s]
kojju: calls $0.05
Dorex2007: folds 
Vorontsov28: folds 
Saschnnn: folds 
cpeck35: checks 
Hunter777150: folds 
Santana Carlos leaves the table
archzkie: folds 
samiike: checks 
*** FLOP *** [9c 3s 8h]
samiike: checks 
kojju: checks 
cpeck35: checks 
*** TURN *** [9c 3s 8h] [Th]
samiike: checks 
kojju: bets $0.16
cpeck35: folds 
samiike: folds 
Uncalled bet ($0.16) returned to kojju
kojju collected $0.16 from pot
kojju: doesn't show hand 
*** SUMMARY ***
Total pot $0.17 | Rake $0.01 
Board [9c 3s 8h Th]
Seat 1: Hunter777150 (button) folded before Flop (didn't bet)
Seat 2: archzkie (small blind) folded before Flop
Seat 3: samiike (big blind) folded on the Turn
Seat 4: kojju collected ($0.16)
Seat 6: Dorex2007 folded before Flop (didn't bet)
Seat 7: Vorontsov28 folded before Flop (didn't bet)
Seat 8: Saschnnn folded before Flop (didn't bet)
Seat 9: cpeck35 folded on the Turn (didn't bet)



PokerStars Hand #238859196137:  Hold'em No Limit ($0.02/$0.05 USD) - 2022/09/25 10:31:36 PT [2022/09/25 13:31:36 ET]
Table 'Dangreen III' 9-max Seat #2 is the button
Seat 1: Hunter777150 ($5.27 in chips) 
Seat 2: archzkie ($6.83 in chips) 
Seat 3: samiike ($5.66 in chips) 
Seat 4: kojju ($10.57 in chips) 
Seat 6: Dorex2007 ($5.07 in chips) 
Seat 7: Vorontsov28 ($5 in chips) 
Seat 8: Saschnnn ($3.81 in chips) 
Seat 9: cpeck35 ($4.95 in chips) 
samiike: posts small blind $0.02
kojju: posts big blind $0.05
*** HOLE CARDS ***
Dealt to Dorex2007 [2c 3d]
Dorex2007: folds 
Vorontsov28: folds 
Saschnnn: folds 
cpeck35: folds 
Hunter777150: folds 
archzkie: folds 
samiike: calls $0.03
kojju: raises $0.20 to $0.25
samiike: folds 
Uncalled bet ($0.20) returned to kojju
kojju collected $0.10 from pot
kojju: doesn't show hand 
*** SUMMARY ***
Total pot $0.10 | Rake $0 
Seat 1: Hunter777150 folded before Flop (didn't bet)
Seat 2: archzkie (button) folded before Flop (didn't bet)
Seat 3: samiike (small blind) folded before Flop
Seat 4: kojju (big blind) collected ($0.10)
Seat 6: Dorex2007 folded before Flop (didn't bet)
Seat 7: Vorontsov28 folded before Flop (didn't bet)
Seat 8: Saschnnn folded before Flop (didn't bet)
Seat 9: cpeck35 folded before Flop (didn't bet)



PokerStars Hand #238859206578:  Hold'em No Limit ($0.02/$0.05 USD) - 2022/09/25 10:31:57 PT [2022/09/25 13:31:57 ET]
Table 'Dangreen III' 9-max Seat #3 is the button
Seat 1: Hunter777150 ($5.27 in chips) 
Seat 2: archzkie ($6.83 in chips) 
Seat 3: samiike ($5.61 in chips) 
Seat 4: kojju ($10.62 in chips) 
Seat 6: Dorex2007 ($5.07 in chips) 
Seat 7: Vorontsov28 ($5 in chips) 
Seat 8: Saschnnn ($3.81 in chips) 
Seat 9: cpeck35 ($4.95 in chips) 
kojju: posts small blind $0.02
Dorex2007: posts big blind $0.05
*** HOLE CARDS ***
Dealt to Dorex2007 [2d Tc]
Vorontsov28: folds 
Saschnnn: folds 
cpeck35: folds 
Hunter777150: raises $0.10 to $0.15
archzkie: folds 
samiike: folds 
kojju: raises $0.45 to $0.60
Dorex2007: folds 
Hunter777150: calls $0.45
*** FLOP *** [Ah Qd 9d]
kojju: bets $0.60
Hunter777150: calls $0.60
*** TURN *** [Ah Qd 9d] [8c]
kojju: checks 
BlackWinegum joins the table at seat #5 
Hunter777150: bets $1.25
kojju: folds 
Uncalled bet ($1.25) returned to Hunter777150
Hunter777150 collected $2.35 from pot
Hunter777150: doesn't show hand 
*** SUMMARY ***
Total pot $2.45 | Rake $0.10 
Board [Ah Qd 9d 8c]
Seat 1: Hunter777150 collected ($2.35)
Seat 2: archzkie folded before Flop (didn't bet)
Seat 3: samiike (button) folded before Flop (didn't bet)
Seat 4: kojju (small blind) folded on the Turn
Seat 6: Dorex2007 (big blind) folded before Flop
Seat 7: Vorontsov28 folded before Flop (didn't bet)
Seat 8: Saschnnn folded before Flop (didn't bet)
Seat 9: cpeck35 folded before Flop (didn't bet)



PokerStars Hand #238859245080:  Hold'em No Limit ($0.02/$0.05 USD) - 2022/09/25 10:33:15 PT [2022/09/25 13:33:15 ET]
Table 'Dangreen III' 9-max Seat #4 is the button
Seat 1: Hunter777150 ($6.42 in chips) 
Seat 2: archzkie ($6.83 in chips) 
Seat 3: samiike ($5.61 in chips) 
Seat 4: kojju ($9.42 in chips) 
Seat 6: Dorex2007 ($5.02 in chips) 
Seat 7: Vorontsov28 ($5 in chips) 
Seat 8: Saschnnn ($3.81 in chips) 
Seat 9: cpeck35 ($4.95 in chips) 
Dorex2007: posts small blind $0.02
Vorontsov28: posts big blind $0.05
*** HOLE CARDS ***
Dealt to Dorex2007 [Ah Jc]
Saschnnn: raises $0.15 to $0.20
cpeck35: folds 
Hunter777150: folds 
archzkie: calls $0.20
samiike: folds 
kojju: folds 
Dorex2007: folds 
Vorontsov28: folds 
*** FLOP *** [3s 4d Ks]
Hunter777150 leaves the table
Saschnnn: bets $0.30
archzkie: folds 
Uncalled bet ($0.30) returned to Saschnnn
MakkaPitew joins the table at seat #1 
Saschnnn collected $0.45 from pot
Saschnnn: doesn't show hand 
*** SUMMARY ***
Total pot $0.47 | Rake $0.02 
Board [3s 4d Ks]
Seat 1: Hunter777150 folded before Flop (didn't bet)
Seat 2: archzkie folded on the Flop
Seat 3: samiike folded before Flop (didn't bet)
Seat 4: kojju (button) folded before Flop (didn't bet)
Seat 6: Dorex2007 (small blind) folded before Flop
Seat 7: Vorontsov28 (big blind) folded before Flop
Seat 8: Saschnnn collected ($0.45)
Seat 9: cpeck35 folded before Flop (didn't bet)



PokerStars Hand #238859257305:  Hold'em No Limit ($0.02/$0.05 USD) - 2022/09/25 10:33:39 PT [2022/09/25 13:33:39 ET]
Table 'Dangreen III' 9-max Seat #6 is the button
Seat 2: archzkie ($6.63 in chips) 
Seat 3: samiike ($5.61 in chips) 
Seat 4: kojju ($9.42 in chips) 
Seat 6: Dorex2007 ($5 in chips) 
Seat 7: Vorontsov28 ($5 in chips) 
Seat 8: Saschnnn ($4.06 in chips) 
Seat 9: cpeck35 ($4.95 in chips) 
Vorontsov28: posts small blind $0.02
Saschnnn: posts big blind $0.05
MakkaPitew: sits out 
BlackWinegum: sits out 
*** HOLE CARDS ***
Dealt to Dorex2007 [Ac 2d]
cpeck35: folds 
archzkie: raises $0.10 to $0.15
samiike: folds 
kojju: calls $0.15
Dorex2007: folds 
Vorontsov28: calls $0.13
Saschnnn: folds 
*** FLOP *** [Kc Kd 5c]
Vorontsov28: checks 
archzkie: bets $0.16
kojju: calls $0.16
Vorontsov28: folds 
*** TURN *** [Kc Kd 5c] [3d]
archzkie: checks 
kojju: bets $0.55
archzkie: calls $0.55
*** RIVER *** [Kc Kd 5c 3d] [4h]
archzkie: checks 
kojju: bets $1.15
archzkie: calls $1.15
*** SHOW DOWN ***
kojju: shows [Jd Ks] (three of a kind, Kings)
archzkie: mucks hand 
kojju collected $4.04 from pot
*** SUMMARY ***
Total pot $4.22 | Rake $0.18 
Board [Kc Kd 5c 3d 4h]
Seat 2: archzkie mucked [8c 8d]
Seat 3: samiike folded before Flop (didn't bet)
Seat 4: kojju showed [Jd Ks] and won ($4.04) with three of a kind, Kings
Seat 6: Dorex2007 (button) folded before Flop (didn't bet)
Seat 7: Vorontsov28 (small blind) folded on the Flop
Seat 8: Saschnnn (big blind) folded before Flop
Seat 9: cpeck35 folded before Flop (didn't bet)



PokerStars Hand #238859300128:  Hold'em No Limit ($0.02/$0.05 USD) - 2022/09/25 10:35:06 PT [2022/09/25 13:35:06 ET]
Table 'Dangreen III' 9-max Seat #7 is the button
Seat 2: archzkie ($4.62 in chips) 
Seat 3: samiike ($5.61 in chips) 
Seat 4: kojju ($11.45 in chips) 
Seat 6: Dorex2007 ($5 in chips) 
Seat 7: Vorontsov28 ($5 in chips) 
Seat 8: Saschnnn ($4.01 in chips) 
Seat 9: cpeck35 ($4.95 in chips) 
Saschnnn: posts small blind $0.02
cpeck35: posts big blind $0.05
MakkaPitew: sits out 
BlackWinegum: sits out 
*** HOLE CARDS ***
Dealt to Dorex2007 [6d 5c]
archzkie: raises $0.10 to $0.15
samiike: folds 
kojju: folds 
Dorex2007: folds 
Vorontsov28: calls $0.15
Saschnnn: folds 
cpeck35: folds 
*** FLOP *** [3d Jh As]
archzkie: bets $0.18
Vorontsov28: calls $0.18
*** TURN *** [3d Jh As] [4d]
archzkie: bets $0.30
Vorontsov28: calls $0.30
*** RIVER *** [3d Jh As 4d] [Th]
archzkie: checks 
Vorontsov28: checks 
*** SHOW DOWN ***
archzkie: shows [Ks Ts] (a pair of Tens)
Vorontsov28: shows [8d Ad] (a pair of Aces)
Vorontsov28 collected $1.27 from pot
*** SUMMARY ***
Total pot $1.33 | Rake $0.06 
Board [3d Jh As 4d Th]
Seat 2: archzkie showed [Ks Ts] and lost with a pair of Tens
Seat 3: samiike folded before Flop (didn't bet)
Seat 4: kojju folded before Flop (didn't bet)
Seat 6: Dorex2007 folded before Flop (didn't bet)
Seat 7: Vorontsov28 (button) showed [8d Ad] and won ($1.27) with a pair of Aces
Seat 8: Saschnnn (small blind) folded before Flop
Seat 9: cpeck35 (big blind) folded before Flop



PokerStars Hand #238859321311:  Hold'em No Limit ($0.02/$0.05 USD) - 2022/09/25 10:35:48 PT [2022/09/25 13:35:48 ET]
Table 'Dangreen III' 9-max Seat #8 is the button
Seat 1: MakkaPitew ($5 in chips) 
Seat 2: archzkie ($3.99 in chips) 
Seat 3: samiike ($5.61 in chips) 
Seat 4: kojju ($11.45 in chips) 
Seat 6: Dorex2007 ($5 in chips) 
Seat 7: Vorontsov28 ($5.64 in chips) 
Seat 8: Saschnnn ($3.99 in chips) 
Seat 9: cpeck35 ($4.90 in chips) 
cpeck35: posts small blind $0.02
MakkaPitew: posts big blind $0.05
BlackWinegum: sits out 
*** HOLE CARDS ***
Dealt to Dorex2007 [Ac 8d]
archzkie: folds 
samiike: folds 
kojju: folds 
Dorex2007: folds 
Vorontsov28: folds 
Saschnnn: raises $0.10 to $0.15
cpeck35: folds 
MakkaPitew: calls $0.10
*** FLOP *** [7d 8h 3s]
MakkaPitew: checks 
Saschnnn: bets $0.15
MakkaPitew: calls $0.15
*** TURN *** [7d 8h 3s] [9d]
MakkaPitew: checks 
Saschnnn: bets $0.30
MakkaPitew: calls $0.30
*** RIVER *** [7d 8h 3s 9d] [8c]
MakkaPitew: bets $1.26
Saschnnn: calls $1.26
*** SHOW DOWN ***
MakkaPitew: shows [9h 8s] (a full house, Eights full of Nines)
Saschnnn: mucks hand 
MakkaPitew collected $3.58 from pot
*** SUMMARY ***
Total pot $3.74 | Rake $0.16 
Board [7d 8h 3s 9d 8c]
Seat 1: MakkaPitew (big blind) showed [9h 8s] and won ($3.58) with a full house, Eights full of Nines
Seat 2: archzkie folded before Flop (didn't bet)
Seat 3: samiike folded before Flop (didn't bet)
Seat 4: kojju folded before Flop (didn't bet)
Seat 6: Dorex2007 folded before Flop (didn't bet)
Seat 7: Vorontsov28 folded before Flop (didn't bet)
Seat 8: Saschnnn (button) mucked [Kd Kc]
Seat 9: cpeck35 (small blind) folded before Flop



PokerStars Hand #238859356083:  Hold'em No Limit ($0.02/$0.05 USD) - 2022/09/25 10:36:58 PT [2022/09/25 13:36:58 ET]
Table 'Dangreen III' 9-max Seat #1 is the button
Seat 1: MakkaPitew ($6.72 in chips) 
Seat 2: archzkie ($3.99 in chips) 
Seat 3: samiike ($5.61 in chips) 
Seat 4: kojju ($11.45 in chips) 
Seat 6: Dorex2007 ($5 in chips) 
Seat 7: Vorontsov28 ($5.64 in chips) 
Seat 8: Saschnnn ($2.13 in chips) 
archzkie: posts small blind $0.02
samiike: posts big blind $0.05
BlackWinegum: sits out 
*** HOLE CARDS ***
Dealt to Dorex2007 [4c 2d]
kojju: folds 
Dorex2007: folds 
Vorontsov28: folds 
Saschnnn: raises $0.10 to $0.15
MakkaPitew: folds 
archzkie: folds 
samiike: folds 
Uncalled bet ($0.10) returned to Saschnnn
Saschnnn collected $0.12 from pot
Saschnnn: doesn't show hand 
*** SUMMARY ***
Total pot $0.12 | Rake $0 
Seat 1: MakkaPitew (button) folded before Flop (didn't bet)
Seat 2: archzkie (small blind) folded before Flop
Seat 3: samiike (big blind) folded before Flop
Seat 4: kojju folded before Flop (didn't bet)
Seat 6: Dorex2007 folded before Flop (didn't bet)
Seat 7: Vorontsov28 folded before Flop (didn't bet)
Seat 8: Saschnnn collected ($0.12)



PokerStars Hand #238859364240:  Hold'em No Limit ($0.02/$0.05 USD) - 2022/09/25 10:37:14 PT [2022/09/25 13:37:14 ET]
Table 'Dangreen III' 9-max Seat #2 is the button
Seat 1: MakkaPitew ($6.72 in chips) 
Seat 2: archzkie ($3.97 in chips) 
Seat 3: samiike ($5.56 in chips) 
Seat 4: kojju ($11.45 in chips) 
Seat 6: Dorex2007 ($5 in chips) 
Seat 7: Vorontsov28 ($5.64 in chips) 
Seat 8: Saschnnn ($2.20 in chips) 
samiike: posts small blind $0.02
kojju: posts big blind $0.05
BlackWinegum: sits out 
*** HOLE CARDS ***
Dealt to Dorex2007 [Tc 8h]
Dorex2007: folds 
Vorontsov28: folds 
Saschnnn: raises $0.15 to $0.20
MakkaPitew: folds 
archzkie: folds 
samiike: folds 
kojju: folds 
Uncalled bet ($0.15) returned to Saschnnn
Saschnnn collected $0.12 from pot
Saschnnn: doesn't show hand 
*** SUMMARY ***
Total pot $0.12 | Rake $0 
Seat 1: MakkaPitew folded before Flop (didn't bet)
Seat 2: archzkie (button) folded before Flop (didn't bet)
Seat 3: samiike (small blind) folded before Flop
Seat 4: kojju (big blind) folded before Flop
Seat 6: Dorex2007 folded before Flop (didn't bet)
Seat 7: Vorontsov28 folded before Flop (didn't bet)
Seat 8: Saschnnn collected ($0.12)



PokerStars Hand #238859372361:  Hold'em No Limit ($0.02/$0.05 USD) - 2022/09/25 10:37:31 PT [2022/09/25 13:37:31 ET]
Table 'Dangreen III' 9-max Seat #3 is the button
Seat 1: MakkaPitew ($6.72 in chips) 
Seat 2: archzkie ($3.97 in chips) 
Seat 3: samiike ($5.54 in chips) 
Seat 4: kojju ($11.40 in chips) 
Seat 5: BlackWinegum ($5 in chips) 
Seat 6: Dorex2007 ($5 in chips) 
Seat 7: Vorontsov28 ($5.64 in chips) 
Seat 8: Saschnnn ($2.27 in chips) 
kojju: posts small blind $0.02
BlackWinegum: posts big blind $0.05
*** HOLE CARDS ***
Dealt to Dorex2007 [3h 4h]
Dorex2007: folds 
Vorontsov28: folds 
Saschnnn: folds 
MakkaPitew: folds 
archzkie: raises $0.07 to $0.12
samiike: folds 
kojju: calls $0.10
BlackWinegum: folds 
*** FLOP *** [6s 6h 2d]
kojju: checks 
archzkie: bets $0.14
kojju: raises $0.36 to $0.50
archzkie: folds 
Uncalled bet ($0.36) returned to kojju
kojju collected $0.55 from pot
kojju: doesn't show hand 
*** SUMMARY ***
Total pot $0.57 | Rake $0.02 
Board [6s 6h 2d]
Seat 1: MakkaPitew folded before Flop (didn't bet)
Seat 2: archzkie folded on the Flop
Seat 3: samiike (button) folded before Flop (didn't bet)
Seat 4: kojju (small blind) collected ($0.55)
Seat 5: BlackWinegum (big blind) folded before Flop
Seat 6: Dorex2007 folded before Flop (didn't bet)
Seat 7: Vorontsov28 folded before Flop (didn't bet)
Seat 8: Saschnnn folded before Flop (didn't bet)



PokerStars Hand #238859389475:  Hold'em No Limit ($0.02/$0.05 USD) - 2022/09/25 10:38:05 PT [2022/09/25 13:38:05 ET]
Table 'Dangreen III' 9-max Seat #4 is the button
Seat 1: MakkaPitew ($6.72 in chips) 
Seat 2: archzkie ($3.71 in chips) 
Seat 3: samiike ($5.54 in chips) 
Seat 4: kojju ($11.69 in chips) 
Seat 5: BlackWinegum ($4.95 in chips) 
Seat 6: Dorex2007 ($5 in chips) 
Seat 7: Vorontsov28 ($5.64 in chips) 
Seat 8: Saschnnn ($2.27 in chips) 
Seat 9: cpeck35 ($4.88 in chips) 
BlackWinegum: posts small blind $0.02
Dorex2007: posts big blind $0.05
*** HOLE CARDS ***
Dealt to Dorex2007 [Jd 8s]
Vorontsov28: folds 
Saschnnn: raises $0.15 to $0.20
cpeck35: folds 
MakkaPitew: calls $0.20
archzkie: folds 
samiike: folds 
kojju: folds 
BlackWinegum: folds 
Dorex2007: folds 
*** FLOP *** [Kh 8c Kd]
Saschnnn: bets $0.20
MakkaPitew: calls $0.20
*** TURN *** [Kh 8c Kd] [3d]
Saschnnn: checks 
MakkaPitew: checks 
*** RIVER *** [Kh 8c Kd 3d] [9s]
Saschnnn: checks 
MakkaPitew: bets $0.83
Saschnnn: folds 
Uncalled bet ($0.83) returned to MakkaPitew
MakkaPitew collected $0.83 from pot
*** SUMMARY ***
Total pot $0.87 | Rake $0.04 
Board [Kh 8c Kd 3d 9s]
Seat 1: MakkaPitew collected ($0.83)
Seat 2: archzkie folded before Flop (didn't bet)
Seat 3: samiike folded before Flop (didn't bet)
Seat 4: kojju (button) folded before Flop (didn't bet)
Seat 5: BlackWinegum (small blind) folded before Flop
Seat 6: Dorex2007 (big blind) folded before Flop
Seat 7: Vorontsov28 folded before Flop (didn't bet)
Seat 8: Saschnnn folded on the River
Seat 9: cpeck35 folded before Flop (didn't bet)



PokerStars Hand #238859407957:  Hold'em No Limit ($0.02/$0.05 USD) - 2022/09/25 10:38:42 PT [2022/09/25 13:38:42 ET]
Table 'Dangreen III' 9-max Seat #5 is the button
Seat 1: MakkaPitew ($7.15 in chips) 
Seat 2: archzkie ($3.71 in chips) 
Seat 3: samiike ($5.54 in chips) 
Seat 4: kojju ($11.69 in chips) 
Seat 5: BlackWinegum ($4.93 in chips) 
Seat 6: Dorex2007 ($5 in chips) 
Seat 7: Vorontsov28 ($5.64 in chips) 
Seat 8: Saschnnn ($1.87 in chips) 
Seat 9: cpeck35 ($4.88 in chips) 
Dorex2007: posts small blind $0.02
Vorontsov28: posts big blind $0.05
*** HOLE CARDS ***
Dealt to Dorex2007 [As Ac]
Saschnnn: folds 
cpeck35: folds 
MakkaPitew: folds 
archzkie: folds 
samiike: raises $0.05 to $0.10
kojju: folds 
BlackWinegum: folds 
Dorex2007: raises $0.15 to $0.25
Vorontsov28: folds 
samiike: calls $0.15
*** FLOP *** [Qd 2c 6h]
Dorex2007: bets $0.53
samiike: folds 
Uncalled bet ($0.53) returned to Dorex2007
Dorex2007 collected $0.53 from pot
Dorex2007: doesn't show hand 
*** SUMMARY ***
Total pot $0.55 | Rake $0.02 
Board [Qd 2c 6h]
Seat 1: MakkaPitew folded before Flop (didn't bet)
Seat 2: archzkie folded before Flop (didn't bet)
Seat 3: samiike folded on the Flop
Seat 4: kojju folded before Flop (didn't bet)
Seat 5: BlackWinegum (button) folded before Flop (didn't bet)
Seat 6: Dorex2007 (small blind) collected ($0.53)
Seat 7: Vorontsov28 (big blind) folded before Flop
Seat 8: Saschnnn folded before Flop (didn't bet)
Seat 9: cpeck35 folded before Flop (didn't bet)



PokerStars Hand #238859431982:  Hold'em No Limit ($0.02/$0.05 USD) - 2022/09/25 10:39:30 PT [2022/09/25 13:39:30 ET]
Table 'Dangreen III' 9-max Seat #6 is the button
Seat 1: MakkaPitew ($7.15 in chips) 
Seat 2: archzkie ($3.71 in chips) 
Seat 3: samiike ($5.29 in chips) 
Seat 4: kojju ($11.69 in chips) 
Seat 5: BlackWinegum ($4.93 in chips) 
Seat 6: Dorex2007 ($5.28 in chips) 
Seat 7: Vorontsov28 ($5.59 in chips) 
Seat 8: Saschnnn ($1.87 in chips) 
Seat 9: cpeck35 ($4.88 in chips) 
Vorontsov28: posts small blind $0.02
Saschnnn: posts big blind $0.05
*** HOLE CARDS ***
Dealt to Dorex2007 [8c Qh]
cpeck35: folds 
MakkaPitew: folds 
archzkie: folds 
samiike: calls $0.05
kojju: folds 
BlackWinegum: folds 
Dorex2007: folds 
Vorontsov28: folds 
Saschnnn: checks 
*** FLOP *** [6c Kd 3c]
Saschnnn: checks 
samiike: checks 
*** TURN *** [6c Kd 3c] [9c]
Saschnnn: bets $0.05
samiike: calls $0.05
*** RIVER *** [6c Kd 3c 9c] [Kc]
Saschnnn: checks 
samiike: bets $0.10
Saschnnn: folds 
Uncalled bet ($0.10) returned to samiike
samiike collected $0.21 from pot
samiike: doesn't show hand 
*** SUMMARY ***
Total pot $0.22 | Rake $0.01 
Board [6c Kd 3c 9c Kc]
Seat 1: MakkaPitew folded before Flop (didn't bet)
Seat 2: archzkie folded before Flop (didn't bet)
Seat 3: samiike collected ($0.21)
Seat 4: kojju folded before Flop (didn't bet)
Seat 5: BlackWinegum folded before Flop (didn't bet)
Seat 6: Dorex2007 (button) folded before Flop (didn't bet)
Seat 7: Vorontsov28 (small blind) folded before Flop
Seat 8: Saschnnn (big blind) folded on the River
Seat 9: cpeck35 folded before Flop (didn't bet)



PokerStars Hand #238859452159:  Hold'em No Limit ($0.02/$0.05 USD) - 2022/09/25 10:40:11 PT [2022/09/25 13:40:11 ET]
Table 'Dangreen III' 9-max Seat #7 is the button
Seat 1: MakkaPitew ($7.15 in chips) 
Seat 2: archzkie ($3.71 in chips) 
Seat 3: samiike ($5.40 in chips) 
Seat 4: kojju ($11.69 in chips) 
Seat 5: BlackWinegum ($4.93 in chips) 
Seat 6: Dorex2007 ($5.28 in chips) 
Seat 7: Vorontsov28 ($5.57 in chips) 
Seat 8: Saschnnn ($1.77 in chips) 
Seat 9: cpeck35 ($4.88 in chips) 
Saschnnn: posts small blind $0.02
cpeck35: posts big blind $0.05
*** HOLE CARDS ***
Dealt to Dorex2007 [6c 8c]
MakkaPitew: folds 
archzkie: raises $0.07 to $0.12
samiike: calls $0.12
kojju: folds 
BlackWinegum: folds 
Dorex2007: folds 
Vorontsov28: folds 
Saschnnn: calls $0.10
cpeck35: calls $0.07
*** FLOP *** [Jh 4h 2c]
Saschnnn: checks 
cpeck35: checks 
archzkie: checks 
samiike: bets $0.23
Saschnnn: folds 
cpeck35: folds 
archzkie: calls $0.23
*** TURN *** [Jh 4h 2c] [6d]
archzkie: checks 
samiike: bets $0.45
archzkie: calls $0.45
*** RIVER *** [Jh 4h 2c 6d] [Tc]
archzkie: checks 
samiike: checks 
*** SHOW DOWN ***
archzkie: shows [6s 5s] (a pair of Sixes)
samiike: shows [Qs Qd] (a pair of Queens)
samiike collected $1.76 from pot
*** SUMMARY ***
Total pot $1.84 | Rake $0.08 
Board [Jh 4h 2c 6d Tc]
Seat 1: MakkaPitew folded before Flop (didn't bet)
Seat 2: archzkie showed [6s 5s] and lost with a pair of Sixes
Seat 3: samiike showed [Qs Qd] and won ($1.76) with a pair of Queens
Seat 4: kojju folded before Flop (didn't bet)
Seat 5: BlackWinegum folded before Flop (didn't bet)
Seat 6: Dorex2007 folded before Flop (didn't bet)
Seat 7: Vorontsov28 (button) folded before Flop (didn't bet)
Seat 8: Saschnnn (small blind) folded on the Flop
Seat 9: cpeck35 (big blind) folded on the Flop



PokerStars Hand #238859493935:  Hold'em No Limit ($0.02/$0.05 USD) - 2022/09/25 10:41:36 PT [2022/09/25 13:41:36 ET]
Table 'Dangreen III' 9-max Seat #8 is the button
Seat 1: MakkaPitew ($7.15 in chips) 
Seat 2: archzkie ($2.91 in chips) 
Seat 3: samiike ($6.36 in chips) 
Seat 4: kojju ($11.69 in chips) 
Seat 5: BlackWinegum ($4.93 in chips) 
Seat 6: Dorex2007 ($5.28 in chips) 
Seat 7: Vorontsov28 ($5.57 in chips) 
Seat 8: Saschnnn ($1.65 in chips) 
Seat 9: cpeck35 ($4.76 in chips) 
cpeck35: posts small blind $0.02
MakkaPitew: posts big blind $0.05
*** HOLE CARDS ***
Dealt to Dorex2007 [7c 2d]
archzkie: folds 
samiike: calls $0.05
kojju: folds 
BlackWinegum: folds 
Dorex2007: folds 
Vorontsov28: folds 
Saschnnn: folds 
cpeck35: folds 
MakkaPitew: checks 
*** FLOP *** [Kc Qc Qd]
MakkaPitew: checks 
samiike: checks 
*** TURN *** [Kc Qc Qd] [Qs]
MakkaPitew: checks 
samiike: checks 
*** RIVER *** [Kc Qc Qd Qs] [Ts]
MakkaPitew: checks 
samiike: checks 
*** SHOW DOWN ***
MakkaPitew: shows [Jd 6s] (three of a kind, Queens)
samiike: shows [4h Th] (a full house, Queens full of Tens)
samiike collected $0.12 from pot
*** SUMMARY ***
Total pot $0.12 | Rake $0 
Board [Kc Qc Qd Qs Ts]
Seat 1: MakkaPitew (big blind) showed [Jd 6s] and lost with three of a kind, Queens
Seat 2: archzkie folded before Flop (didn't bet)
Seat 3: samiike showed [4h Th] and won ($0.12) with a full house, Queens full of Tens
Seat 4: kojju folded before Flop (didn't bet)
Seat 5: BlackWinegum folded before Flop (didn't bet)
Seat 6: Dorex2007 folded before Flop (didn't bet)
Seat 7: Vorontsov28 folded before Flop (didn't bet)
Seat 8: Saschnnn (button) folded before Flop (didn't bet)
Seat 9: cpeck35 (small blind) folded before Flop



PokerStars Hand #238859514672:  Hold'em No Limit ($0.02/$0.05 USD) - 2022/09/25 10:42:17 PT [2022/09/25 13:42:17 ET]
Table 'Dangreen III' 9-max Seat #9 is the button
Seat 1: MakkaPitew ($7.10 in chips) 
Seat 2: archzkie ($2.91 in chips) 
Seat 3: samiike ($6.43 in chips) 
Seat 4: kojju ($11.69 in chips) 
Seat 5: BlackWinegum ($4.93 in chips) 
Seat 6: Dorex2007 ($5.28 in chips) 
Seat 7: Vorontsov28 ($5.57 in chips) 
Seat 8: Saschnnn ($1.65 in chips) 
Seat 9: cpeck35 ($4.74 in chips) 
MakkaPitew: posts small blind $0.02
archzkie: posts big blind $0.05
*** HOLE CARDS ***
Dealt to Dorex2007 [7d 9c]
samiike: folds 
kojju: folds 
BlackWinegum: folds 
Dorex2007: folds 
Vorontsov28: folds 
Saschnnn: calls $0.05
cpeck35: folds 
MakkaPitew: folds 
archzkie: checks 
*** FLOP *** [8d 6c Jc]
archzkie: checks 
Saschnnn: bets $0.05
archzkie: calls $0.05
*** TURN *** [8d 6c Jc] [2c]
archzkie: checks 
Saschnnn: bets $0.05
archzkie: calls $0.05
*** RIVER *** [8d 6c Jc 2c] [Js]
archzkie: checks 
Saschnnn: bets $0.31
archzkie: folds 
Uncalled bet ($0.31) returned to Saschnnn
Saschnnn collected $0.31 from pot
Saschnnn: doesn't show hand 
*** SUMMARY ***
Total pot $0.32 | Rake $0.01 
Board [8d 6c Jc 2c Js]
Seat 1: MakkaPitew (small blind) folded before Flop
Seat 2: archzkie (big blind) folded on the River
Seat 3: samiike folded before Flop (didn't bet)
Seat 4: kojju folded before Flop (didn't bet)
Seat 5: BlackWinegum folded before Flop (didn't bet)
Seat 6: Dorex2007 folded before Flop (didn't bet)
Seat 7: Vorontsov28 folded before Flop (didn't bet)
Seat 8: Saschnnn collected ($0.31)
Seat 9: cpeck35 (button) folded before Flop (didn't bet)



PokerStars Hand #238859542358:  Hold'em No Limit ($0.02/$0.05 USD) - 2022/09/25 10:43:13 PT [2022/09/25 13:43:13 ET]
Table 'Dangreen III' 9-max Seat #1 is the button
Seat 1: MakkaPitew ($7.08 in chips) 
Seat 2: archzkie ($2.76 in chips) 
Seat 3: samiike ($6.43 in chips) 
Seat 4: kojju ($11.69 in chips) 
Seat 5: BlackWinegum ($4.93 in chips) 
Seat 6: Dorex2007 ($5.28 in chips) 
Seat 7: Vorontsov28 ($5.57 in chips) 
Seat 8: Saschnnn ($1.81 in chips) 
Seat 9: cpeck35 ($4.74 in chips) 
archzkie: posts small blind $0.02
samiike: posts big blind $0.05
*** HOLE CARDS ***
Dealt to Dorex2007 [7h 8c]
kojju: folds 
BlackWinegum: folds 
Dorex2007: folds 
Vorontsov28: folds 
Saschnnn: calls $0.05
cpeck35: raises $0.17 to $0.22
MakkaPitew: folds 
archzkie: folds 
samiike: folds 
Saschnnn: folds 
Uncalled bet ($0.17) returned to cpeck35
cpeck35 collected $0.17 from pot
cpeck35: doesn't show hand 
*** SUMMARY ***
Total pot $0.17 | Rake $0 
Seat 1: MakkaPitew (button) folded before Flop (didn't bet)
Seat 2: archzkie (small blind) folded before Flop
Seat 3: samiike (big blind) folded before Flop
Seat 4: kojju folded before Flop (didn't bet)
Seat 5: BlackWinegum folded before Flop (didn't bet)
Seat 6: Dorex2007 folded before Flop (didn't bet)
Seat 7: Vorontsov28 folded before Flop (didn't bet)
Seat 8: Saschnnn folded before Flop
Seat 9: cpeck35 collected ($0.17)



PokerStars Hand #238859556283:  Hold'em No Limit ($0.02/$0.05 USD) - 2022/09/25 10:43:41 PT [2022/09/25 13:43:41 ET]
Table 'Dangreen III' 9-max Seat #2 is the button
Seat 1: MakkaPitew ($7.08 in chips) 
Seat 2: archzkie ($2.74 in chips) 
Seat 3: samiike ($6.38 in chips) 
Seat 4: kojju ($11.69 in chips) 
Seat 5: BlackWinegum ($4.93 in chips) 
Seat 6: Dorex2007 ($5.28 in chips) 
Seat 7: Vorontsov28 ($5.57 in chips) 
Seat 8: Saschnnn ($1.76 in chips) 
Seat 9: cpeck35 ($4.86 in chips) 
samiike: posts small blind $0.02
kojju: posts big blind $0.05
*** HOLE CARDS ***
Dealt to Dorex2007 [7c 5d]
BlackWinegum: folds 
Dorex2007: folds 
Vorontsov28: folds 
Saschnnn: calls $0.05
cpeck35: folds 
MakkaPitew: raises $0.15 to $0.20
cpeck35 leaves the table
archzkie: folds 
samiike: folds 
kojju: folds 
Saschnnn: calls $0.15
*** FLOP *** [8s Td 5h]
Saschnnn: checks 
MakkaPitew: bets $0.34
Saschnnn: folds 
Uncalled bet ($0.34) returned to MakkaPitew
MakkaPitew collected $0.45 from pot
oO NeoGeo Oo joins the table at seat #9 
*** SUMMARY ***
Total pot $0.47 | Rake $0.02 
Board [8s Td 5h]
Seat 1: MakkaPitew collected ($0.45)
Seat 2: archzkie (button) folded before Flop (didn't bet)
Seat 3: samiike (small blind) folded before Flop
Seat 4: kojju (big blind) folded before Flop
Seat 5: BlackWinegum folded before Flop (didn't bet)
Seat 6: Dorex2007 folded before Flop (didn't bet)
Seat 7: Vorontsov28 folded before Flop (didn't bet)
Seat 8: Saschnnn folded on the Flop
Seat 9: cpeck35 folded before Flop (didn't bet)



PokerStars Hand #238859611343:  Hold'em No Limit ($0.02/$0.05 USD) - 2022/09/25 10:45:31 PT [2022/09/25 13:45:31 ET]
Table 'Dangreen III' 9-max Seat #7 is the button
Seat 1: MakkaPitew ($7.33 in chips) 
Seat 3: samiike ($6.36 in chips) 
Seat 5: BlackWinegum ($4.86 in chips) 
Seat 6: Dorex2007 ($5.28 in chips) 
Seat 7: Vorontsov28 ($5.64 in chips) 
Seat 8: Saschnnn ($2.12 in chips) 
Seat 9: oO NeoGeo Oo ($5 in chips) 
Saschnnn: posts small blind $0.02
oO NeoGeo Oo: posts big blind $0.05
arafaelll129: sits out 
Dorex2007: posts small & big blinds $0.07
*** HOLE CARDS ***
Dealt to Dorex2007 [Jh Kh]
MakkaPitew: folds 
samiike: folds 
BlackWinegum: folds 
Dorex2007: checks 
Vorontsov28: folds 
Saschnnn: calls $0.03
prisiversiu joins the table at seat #2 
oO NeoGeo Oo: checks 
*** FLOP *** [7s Ks 5c]
Saschnnn: bets $0.10
oO NeoGeo Oo: folds 
Dorex2007: calls $0.10
*** TURN *** [7s Ks 5c] [Js]
Saschnnn: bets $0.17
Dorex2007: calls $0.17
*** RIVER *** [7s Ks 5c Js] [8s]
Saschnnn: bets $0.34
Dorex2007: folds 
Uncalled bet ($0.34) returned to Saschnnn
Saschnnn collected $0.68 from pot
Saschnnn: doesn't show hand 
*** SUMMARY ***
Total pot $0.71 | Rake $0.03 
Board [7s Ks 5c Js 8s]
Seat 1: MakkaPitew folded before Flop (didn't bet)
Seat 3: samiike folded before Flop (didn't bet)
Seat 5: BlackWinegum folded before Flop (didn't bet)
Seat 6: Dorex2007 folded on the River
Seat 7: Vorontsov28 (button) folded before Flop (didn't bet)
Seat 8: Saschnnn (small blind) collected ($0.68)
Seat 9: oO NeoGeo Oo (big blind) folded on the Flop



PokerStars Hand #238859631841:  Hold'em No Limit ($0.02/$0.05 USD) - 2022/09/25 10:46:13 PT [2022/09/25 13:46:13 ET]
Table 'Dangreen III' 9-max Seat #8 is the button
Seat 1: MakkaPitew ($7.33 in chips) 
Seat 2: prisiversiu ($5 in chips) 
Seat 3: samiike ($6.36 in chips) 
Seat 5: BlackWinegum ($4.86 in chips) 
Seat 6: Dorex2007 ($5 in chips) 
Seat 7: Vorontsov28 ($5.64 in chips) 
Seat 8: Saschnnn ($2.48 in chips) 
Seat 9: oO NeoGeo Oo ($4.95 in chips) 
oO NeoGeo Oo: posts small blind $0.02
MakkaPitew: posts big blind $0.05
prisiversiu: posts big blind $0.05
arafaelll129: sits out 
*** HOLE CARDS ***
Dealt to Dorex2007 [Qh Ts]
prisiversiu: checks 
samiike: folds 
BlackWinegum: folds 
Dorex2007: folds 
Vorontsov28: folds 
Saschnnn: calls $0.05
oO NeoGeo Oo: folds 
MakkaPitew: checks 
*** FLOP *** [Jd 9s 9h]
MakkaPitew: checks 
prisiversiu: checks 
Saschnnn: checks 
*** TURN *** [Jd 9s 9h] [Kc]
MakkaPitew: checks 
prisiversiu: checks 
Saschnnn: bets $0.05
MakkaPitew: calls $0.05
prisiversiu: folds 
*** RIVER *** [Jd 9s 9h Kc] [7c]
MakkaPitew: checks 
Saschnnn: bets $0.10
MakkaPitew: folds 
Uncalled bet ($0.10) returned to Saschnnn
Saschnnn collected $0.26 from pot
Saschnnn: doesn't show hand 
*** SUMMARY ***
Total pot $0.27 | Rake $0.01 
Board [Jd 9s 9h Kc 7c]
Seat 1: MakkaPitew (big blind) folded on the River
Seat 2: prisiversiu folded on the Turn (didn't bet)
Seat 3: samiike folded before Flop (didn't bet)
Seat 5: BlackWinegum folded before Flop (didn't bet)
Seat 6: Dorex2007 folded before Flop (didn't bet)
Seat 7: Vorontsov28 folded before Flop (didn't bet)
Seat 8: Saschnnn (button) collected ($0.26)
Seat 9: oO NeoGeo Oo (small blind) folded before Flop



PokerStars Hand #238859665568:  Hold'em No Limit ($0.02/$0.05 USD) - 2022/09/25 10:47:21 PT [2022/09/25 13:47:21 ET]
Table 'Dangreen III' 9-max Seat #9 is the button
Seat 1: MakkaPitew ($7.23 in chips) 
Seat 2: prisiversiu ($4.95 in chips) 
Seat 3: samiike ($6.36 in chips) 
Seat 5: BlackWinegum ($4.86 in chips) 
Seat 6: Dorex2007 ($5 in chips) 
Seat 7: Vorontsov28 ($5.64 in chips) 
Seat 8: Saschnnn ($2.64 in chips) 
Seat 9: oO NeoGeo Oo ($4.93 in chips) 
MakkaPitew: posts small blind $0.02
prisiversiu: posts big blind $0.05
arafaelll129: sits out 
*** HOLE CARDS ***
Dealt to Dorex2007 [2c 2d]
samiike: raises $0.05 to $0.10
BlackWinegum: folds 
Dorex2007: calls $0.10
Vorontsov28: folds 
Saschnnn: folds 
oO NeoGeo Oo: folds 
MakkaPitew: folds 
prisiversiu: calls $0.05
*** FLOP *** [9c 4c Qc]
prisiversiu: bets $0.20
samiike: folds 
Dorex2007: folds 
Uncalled bet ($0.20) returned to prisiversiu
prisiversiu collected $0.31 from pot
prisiversiu: doesn't show hand 
*** SUMMARY ***
Total pot $0.32 | Rake $0.01 
Board [9c 4c Qc]
Seat 1: MakkaPitew (small blind) folded before Flop
Seat 2: prisiversiu (big blind) collected ($0.31)
Seat 3: samiike folded on the Flop
Seat 5: BlackWinegum folded before Flop (didn't bet)
Seat 6: Dorex2007 folded on the Flop
Seat 7: Vorontsov28 folded before Flop (didn't bet)
Seat 8: Saschnnn folded before Flop (didn't bet)
Seat 9: oO NeoGeo Oo (button) folded before Flop (didn't bet)



PokerStars Hand #238859681797:  Hold'em No Limit ($0.02/$0.05 USD) - 2022/09/25 10:47:54 PT [2022/09/25 13:47:54 ET]
Table 'Dangreen III' 9-max Seat #1 is the button
Seat 1: MakkaPitew ($7.21 in chips) 
Seat 2: prisiversiu ($5.16 in chips) 
Seat 3: samiike ($6.26 in chips) 
Seat 5: BlackWinegum ($4.86 in chips) 
Seat 6: Dorex2007 ($5 in chips) 
Seat 7: Vorontsov28 ($5.64 in chips) 
Seat 8: Saschnnn ($2.64 in chips) 
Seat 9: oO NeoGeo Oo ($4.93 in chips) 
prisiversiu: posts small blind $0.02
samiike: posts big blind $0.05
arafaelll129: sits out 
*** HOLE CARDS ***
Dealt to Dorex2007 [6h 6c]
BlackWinegum: folds 
Dorex2007: raises $0.05 to $0.10
Vorontsov28: folds 
Saschnnn: folds 
oO NeoGeo Oo: folds 
MakkaPitew: folds 
prisiversiu: folds 
samiike: calls $0.05
*** FLOP *** [Jd Jc 2s]
samiike: checks 
Dorex2007: checks 
*** TURN *** [Jd Jc 2s] [Kc]
samiike: checks 
Dorex2007: checks 
*** RIVER *** [Jd Jc 2s Kc] [3d]
samiike: checks 
Dorex2007: checks 
*** SHOW DOWN ***
samiike: shows [4h 8s] (a pair of Jacks)
Dorex2007: shows [6h 6c] (two pair, Jacks and Sixes)
Dorex2007 collected $0.21 from pot
*** SUMMARY ***
Total pot $0.22 | Rake $0.01 
Board [Jd Jc 2s Kc 3d]
Seat 1: MakkaPitew (button) folded before Flop (didn't bet)
Seat 2: prisiversiu (small blind) folded before Flop
Seat 3: samiike (big blind) showed [4h 8s] and lost with a pair of Jacks
Seat 5: BlackWinegum folded before Flop (didn't bet)
Seat 6: Dorex2007 showed [6h 6c] and won ($0.21) with two pair, Jacks and Sixes
Seat 7: Vorontsov28 folded before Flop (didn't bet)
Seat 8: Saschnnn folded before Flop (didn't bet)
Seat 9: oO NeoGeo Oo folded before Flop (didn't bet)



PokerStars Hand #238859703510:  Hold'em No Limit ($0.02/$0.05 USD) - 2022/09/25 10:48:39 PT [2022/09/25 13:48:39 ET]
Table 'Dangreen III' 9-max Seat #2 is the button
Seat 1: MakkaPitew ($7.21 in chips) 
Seat 2: prisiversiu ($5.14 in chips) 
Seat 3: samiike ($6.16 in chips) 
Seat 4: arafaelll129 ($5 in chips) 
Seat 5: BlackWinegum ($4.86 in chips) 
Seat 6: Dorex2007 ($5.11 in chips) 
Seat 7: Vorontsov28 ($5.64 in chips) 
Seat 8: Saschnnn ($2.64 in chips) 
Seat 9: oO NeoGeo Oo ($4.93 in chips) 
samiike: posts small blind $0.02
arafaelll129: posts big blind $0.05
*** HOLE CARDS ***
Dealt to Dorex2007 [8h 6h]
BlackWinegum: folds 
Dorex2007: folds 
Vorontsov28: folds 
Saschnnn: folds 
oO NeoGeo Oo: folds 
MakkaPitew: folds 
prisiversiu: folds 
samiike: calls $0.03
arafaelll129: checks 
*** FLOP *** [As 2c Kd]
samiike: checks 
arafaelll129: checks 
*** TURN *** [As 2c Kd] [2s]
samiike: checks 
arafaelll129: checks 
*** RIVER *** [As 2c Kd 2s] [5h]
samiike: checks 
arafaelll129: checks 
*** SHOW DOWN ***
samiike: shows [Th 8s] (a pair of Deuces)
arafaelll129: shows [5d 8c] (two pair, Fives and Deuces)
arafaelll129 collected $0.10 from pot
*** SUMMARY ***
Total pot $0.10 | Rake $0 
Board [As 2c Kd 2s 5h]
Seat 1: MakkaPitew folded before Flop (didn't bet)
Seat 2: prisiversiu (button) folded before Flop (didn't bet)
Seat 3: samiike (small blind) showed [Th 8s] and lost with a pair of Deuces
Seat 4: arafaelll129 (big blind) showed [5d 8c] and won ($0.10) with two pair, Fives and Deuces
Seat 5: BlackWinegum folded before Flop (didn't bet)
Seat 6: Dorex2007 folded before Flop (didn't bet)
Seat 7: Vorontsov28 folded before Flop (didn't bet)
Seat 8: Saschnnn folded before Flop (didn't bet)
Seat 9: oO NeoGeo Oo folded before Flop (didn't bet)



PokerStars Hand #238859720970:  Hold'em No Limit ($0.02/$0.05 USD) - 2022/09/25 10:49:14 PT [2022/09/25 13:49:14 ET]
Table 'Dangreen III' 9-max Seat #3 is the button
Seat 1: MakkaPitew ($7.21 in chips) 
Seat 2: prisiversiu ($5.14 in chips) 
Seat 3: samiike ($6.11 in chips) 
Seat 4: arafaelll129 ($5.05 in chips) 
Seat 5: BlackWinegum ($4.86 in chips) 
Seat 6: Dorex2007 ($5.11 in chips) 
Seat 7: Vorontsov28 ($5.64 in chips) 
Seat 8: Saschnnn ($2.64 in chips) 
Seat 9: oO NeoGeo Oo ($4.93 in chips) 
arafaelll129: posts small blind $0.02
BlackWinegum: posts big blind $0.05
*** HOLE CARDS ***
Dealt to Dorex2007 [7c 2s]
Dorex2007: folds 
Vorontsov28: folds 
Saschnnn: calls $0.05
oO NeoGeo Oo: folds 
MakkaPitew: raises $0.09 to $0.14
prisiversiu: folds 
samiike: folds 
arafaelll129: folds 
BlackWinegum: raises $0.46 to $0.60
Saschnnn: folds 
MakkaPitew: calls $0.46
*** FLOP *** [Th Kc 8h]
BlackWinegum: bets $0.65
MakkaPitew: calls $0.65
*** TURN *** [Th Kc 8h] [2h]
BlackWinegum: checks 
MakkaPitew: bets $1.85
BlackWinegum: folds 
Uncalled bet ($1.85) returned to MakkaPitew
MakkaPitew collected $2.46 from pot
*** SUMMARY ***
Total pot $2.57 | Rake $0.11 
Board [Th Kc 8h 2h]
Seat 1: MakkaPitew collected ($2.46)
Seat 2: prisiversiu folded before Flop (didn't bet)
Seat 3: samiike (button) folded before Flop (didn't bet)
Seat 4: arafaelll129 (small blind) folded before Flop
Seat 5: BlackWinegum (big blind) folded on the Turn
Seat 6: Dorex2007 folded before Flop (didn't bet)
Seat 7: Vorontsov28 folded before Flop (didn't bet)
Seat 8: Saschnnn folded before Flop
Seat 9: oO NeoGeo Oo folded before Flop (didn't bet)



PokerStars Hand #238859744590:  Hold'em No Limit ($0.02/$0.05 USD) - 2022/09/25 10:50:02 PT [2022/09/25 13:50:02 ET]
Table 'Dangreen III' 9-max Seat #4 is the button
Seat 1: MakkaPitew ($8.42 in chips) 
Seat 2: prisiversiu ($5.14 in chips) 
Seat 3: samiike ($6.11 in chips) 
Seat 4: arafaelll129 ($5.03 in chips) 
Seat 5: BlackWinegum ($3.61 in chips) 
Seat 6: Dorex2007 ($5.11 in chips) 
Seat 7: Vorontsov28 ($5.64 in chips) 
Seat 8: Saschnnn ($2.59 in chips) 
Seat 9: oO NeoGeo Oo ($4.93 in chips) 
BlackWinegum: posts small blind $0.02
Dorex2007: posts big blind $0.05
*** HOLE CARDS ***
Dealt to Dorex2007 [Jh Qh]
Vorontsov28: folds 
Saschnnn: folds 
oO NeoGeo Oo: raises $0.07 to $0.12
MakkaPitew: folds 
prisiversiu: folds 
samiike: folds 
arafaelll129: folds 
BlackWinegum: folds 
Dorex2007: calls $0.07
*** FLOP *** [3h 9h 8d]
Dorex2007: checks 
oO NeoGeo Oo: bets $0.10
Dorex2007: calls $0.10
*** TURN *** [3h 9h 8d] [4h]
Dorex2007: checks 
oO NeoGeo Oo: checks 
*** RIVER *** [3h 9h 8d 4h] [Th]
Dorex2007: bets $0.29
oO NeoGeo Oo: folds 
Uncalled bet ($0.29) returned to Dorex2007
Dorex2007 collected $0.44 from pot
Dorex2007: doesn't show hand 
*** SUMMARY ***
Total pot $0.46 | Rake $0.02 
Board [3h 9h 8d 4h Th]
Seat 1: MakkaPitew folded before Flop (didn't bet)
Seat 2: prisiversiu folded before Flop (didn't bet)
Seat 3: samiike folded before Flop (didn't bet)
Seat 4: arafaelll129 (button) folded before Flop (didn't bet)
Seat 5: BlackWinegum (small blind) folded before Flop
Seat 6: Dorex2007 (big blind) collected ($0.44)
Seat 7: Vorontsov28 folded before Flop (didn't bet)
Seat 8: Saschnnn folded before Flop (didn't bet)
Seat 9: oO NeoGeo Oo folded on the River



PokerStars Hand #238859770187:  Hold'em No Limit ($0.02/$0.05 USD) - 2022/09/25 10:50:55 PT [2022/09/25 13:50:55 ET]
Table 'Dangreen III' 9-max Seat #5 is the button
Seat 1: MakkaPitew ($8.42 in chips) 
Seat 2: prisiversiu ($5.14 in chips) 
Seat 3: samiike ($6.11 in chips) 
Seat 4: arafaelll129 ($5.03 in chips) 
Seat 5: BlackWinegum ($3.59 in chips) 
Seat 6: Dorex2007 ($5.33 in chips) 
Seat 7: Vorontsov28 ($5.64 in chips) 
Seat 8: Saschnnn ($2.59 in chips) 
Seat 9: oO NeoGeo Oo ($4.71 in chips) 
Dorex2007: posts small blind $0.02
Vorontsov28: posts big blind $0.05
*** HOLE CARDS ***
Dealt to Dorex2007 [Jd 7c]
Saschnnn: calls $0.05
oO NeoGeo Oo: folds 
MakkaPitew: folds 
prisiversiu: folds 
samiike: calls $0.05
arafaelll129: folds 
BlackWinegum: folds 
Dorex2007: folds 
Vorontsov28: checks 
*** FLOP *** [Tc 2s 9d]
Vorontsov28: checks 
Saschnnn: checks 
samiike: checks 
*** TURN *** [Tc 2s 9d] [Qs]
Vorontsov28: bets $0.30
Saschnnn: folds 
samiike: folds 
Uncalled bet ($0.30) returned to Vorontsov28
Vorontsov28 collected $0.16 from pot
Vorontsov28: doesn't show hand 
*** SUMMARY ***
Total pot $0.17 | Rake $0.01 
Board [Tc 2s 9d Qs]
Seat 1: MakkaPitew folded before Flop (didn't bet)
Seat 2: prisiversiu folded before Flop (didn't bet)
Seat 3: samiike folded on the Turn
Seat 4: arafaelll129 folded before Flop (didn't bet)
Seat 5: BlackWinegum (button) folded before Flop (didn't bet)
Seat 6: Dorex2007 (small blind) folded before Flop
Seat 7: Vorontsov28 (big blind) collected ($0.16)
Seat 8: Saschnnn folded on the Turn
Seat 9: oO NeoGeo Oo folded before Flop (didn't bet)



PokerStars Hand #238859786346:  Hold'em No Limit ($0.02/$0.05 USD) - 2022/09/25 10:51:27 PT [2022/09/25 13:51:27 ET]
Table 'Dangreen III' 9-max Seat #6 is the button
Seat 1: MakkaPitew ($8.42 in chips) 
Seat 2: prisiversiu ($5.14 in chips) 
Seat 3: samiike ($6.06 in chips) 
Seat 4: arafaelll129 ($5.03 in chips) 
Seat 5: BlackWinegum ($3.59 in chips) 
Seat 6: Dorex2007 ($5.31 in chips) 
Seat 7: Vorontsov28 ($5.75 in chips) 
Seat 8: Saschnnn ($2.54 in chips) 
Seat 9: oO NeoGeo Oo ($4.71 in chips) 
Vorontsov28: posts small blind $0.02
Saschnnn: posts big blind $0.05
*** HOLE CARDS ***
Dealt to Dorex2007 [Tc 8d]
oO NeoGeo Oo: folds 
MakkaPitew: raises $0.07 to $0.12
prisiversiu: folds 
samiike: folds 
arafaelll129: calls $0.12
BlackWinegum: folds 
Dorex2007: folds 
Vorontsov28: folds 
Saschnnn: folds 
*** FLOP *** [As Jh 4d]
MakkaPitew: bets $0.10
arafaelll129: calls $0.10
*** TURN *** [As Jh 4d] [5s]
MakkaPitew: checks 
arafaelll129: checks 
*** RIVER *** [As Jh 4d 5s] [9s]
MakkaPitew: checks 
arafaelll129: bets $0.35
MakkaPitew: folds 
Uncalled bet ($0.35) returned to arafaelll129
arafaelll129 collected $0.49 from pot
arafaelll129: doesn't show hand 
*** SUMMARY ***
Total pot $0.51 | Rake $0.02 
Board [As Jh 4d 5s 9s]
Seat 1: MakkaPitew folded on the River
Seat 2: prisiversiu folded before Flop (didn't bet)
Seat 3: samiike folded before Flop (didn't bet)
Seat 4: arafaelll129 collected ($0.49)
Seat 5: BlackWinegum folded before Flop (didn't bet)
Seat 6: Dorex2007 (button) folded before Flop (didn't bet)
Seat 7: Vorontsov28 (small blind) folded before Flop
Seat 8: Saschnnn (big blind) folded before Flop
Seat 9: oO NeoGeo Oo folded before Flop (didn't bet)



PokerStars Hand #238859817097:  Hold'em No Limit ($0.02/$0.05 USD) - 2022/09/25 10:52:30 PT [2022/09/25 13:52:30 ET]
Table 'Dangreen III' 9-max Seat #7 is the button
Seat 1: MakkaPitew ($8.20 in chips) 
Seat 2: prisiversiu ($5.14 in chips) 
Seat 3: samiike ($6.06 in chips) 
Seat 4: arafaelll129 ($5.30 in chips) 
Seat 5: BlackWinegum ($3.59 in chips) 
Seat 6: Dorex2007 ($5.31 in chips) 
Seat 7: Vorontsov28 ($5.73 in chips) 
Seat 8: Saschnnn ($2.49 in chips) 
Seat 9: oO NeoGeo Oo ($4.71 in chips) 
Saschnnn: posts small blind $0.02
oO NeoGeo Oo: posts big blind $0.05
*** HOLE CARDS ***
Dealt to Dorex2007 [9d 6s]
MakkaPitew: raises $0.09 to $0.14
prisiversiu: folds 
samiike: folds 
arafaelll129: folds 
BlackWinegum: folds 
Dorex2007: folds 
Vorontsov28: folds 
Saschnnn: calls $0.12
oO NeoGeo Oo: folds 
*** FLOP *** [7d 8d 2c]
Saschnnn: checks 
MakkaPitew: bets $0.24
Saschnnn: folds 
Uncalled bet ($0.24) returned to MakkaPitew
MakkaPitew collected $0.32 from pot
*** SUMMARY ***
Total pot $0.33 | Rake $0.01 
Board [7d 8d 2c]
Seat 1: MakkaPitew collected ($0.32)
Seat 2: prisiversiu folded before Flop (didn't bet)
Seat 3: samiike folded before Flop (didn't bet)
Seat 4: arafaelll129 folded before Flop (didn't bet)
Seat 5: BlackWinegum folded before Flop (didn't bet)
Seat 6: Dorex2007 folded before Flop (didn't bet)
Seat 7: Vorontsov28 (button) folded before Flop (didn't bet)
Seat 8: Saschnnn (small blind) folded on the Flop
Seat 9: oO NeoGeo Oo (big blind) folded before Flop



PokerStars Hand #238859831818:  Hold'em No Limit ($0.02/$0.05 USD) - 2022/09/25 10:53:00 PT [2022/09/25 13:53:00 ET]
Table 'Dangreen III' 9-max Seat #8 is the button
Seat 1: MakkaPitew ($8.38 in chips) 
Seat 2: prisiversiu ($5.14 in chips) 
Seat 3: samiike ($6.06 in chips) 
Seat 4: arafaelll129 ($5.30 in chips) 
Seat 5: BlackWinegum ($3.59 in chips) 
Seat 6: Dorex2007 ($5.31 in chips) 
Seat 7: Vorontsov28 ($5.73 in chips) 
Seat 8: Saschnnn ($2.35 in chips) 
Seat 9: oO NeoGeo Oo ($4.66 in chips) 
oO NeoGeo Oo: posts small blind $0.02
MakkaPitew: posts big blind $0.05
*** HOLE CARDS ***
Dealt to Dorex2007 [6h 5s]
prisiversiu has timed out
prisiversiu: folds 
samiike: folds 
arafaelll129: folds 
BlackWinegum: folds 
Dorex2007: folds 
Vorontsov28: folds 
Saschnnn: folds 
oO NeoGeo Oo: raises $0.07 to $0.12
MakkaPitew: folds 
Uncalled bet ($0.07) returned to oO NeoGeo Oo
oO NeoGeo Oo collected $0.10 from pot
oO NeoGeo Oo: doesn't show hand 
*** SUMMARY ***
Total pot $0.10 | Rake $0 
Seat 1: MakkaPitew (big blind) folded before Flop
Seat 2: prisiversiu folded before Flop (didn't bet)
Seat 3: samiike folded before Flop (didn't bet)
Seat 4: arafaelll129 folded before Flop (didn't bet)
Seat 5: BlackWinegum folded before Flop (didn't bet)
Seat 6: Dorex2007 folded before Flop (didn't bet)
Seat 7: Vorontsov28 folded before Flop (didn't bet)
Seat 8: Saschnnn (button) folded before Flop (didn't bet)
Seat 9: oO NeoGeo Oo (small blind) collected ($0.10)



PokerStars Hand #238859844505:  Hold'em No Limit ($0.02/$0.05 USD) - 2022/09/25 10:53:26 PT [2022/09/25 13:53:26 ET]
Table 'Dangreen III' 9-max Seat #9 is the button
Seat 1: MakkaPitew ($8.33 in chips) 
Seat 2: prisiversiu ($5.14 in chips) 
Seat 3: samiike ($6.06 in chips) 
Seat 4: arafaelll129 ($5.30 in chips) 
Seat 5: BlackWinegum ($3.59 in chips) 
Seat 6: Dorex2007 ($5.31 in chips) 
Seat 7: Vorontsov28 ($5.73 in chips) 
Seat 8: Saschnnn ($2.35 in chips) 
Seat 9: oO NeoGeo Oo ($4.71 in chips) 
MakkaPitew: posts small blind $0.02
prisiversiu: posts big blind $0.05
*** HOLE CARDS ***
Dealt to Dorex2007 [6d Ad]
samiike: folds 
arafaelll129: folds 
BlackWinegum: folds 
Dorex2007: folds 
Vorontsov28: raises $0.10 to $0.15
Saschnnn: calls $0.15
oO NeoGeo Oo: calls $0.15
MakkaPitew: folds 
prisiversiu: calls $0.10
*** FLOP *** [2d Td 4s]
prisiversiu: checks 
Vorontsov28: bets $0.60
Saschnnn: folds 
oO NeoGeo Oo: folds 
prisiversiu: folds 
Uncalled bet ($0.60) returned to Vorontsov28
Vorontsov28 collected $0.59 from pot
Vorontsov28: doesn't show hand 
*** SUMMARY ***
Total pot $0.62 | Rake $0.03 
Board [2d Td 4s]
Seat 1: MakkaPitew (small blind) folded before Flop
Seat 2: prisiversiu (big blind) folded on the Flop
Seat 3: samiike folded before Flop (didn't bet)
Seat 4: arafaelll129 folded before Flop (didn't bet)
Seat 5: BlackWinegum folded before Flop (didn't bet)
Seat 6: Dorex2007 folded before Flop (didn't bet)
Seat 7: Vorontsov28 collected ($0.59)
Seat 8: Saschnnn folded on the Flop
Seat 9: oO NeoGeo Oo (button) folded on the Flop



PokerStars Hand #238859871054:  Hold'em No Limit ($0.02/$0.05 USD) - 2022/09/25 10:54:21 PT [2022/09/25 13:54:21 ET]
Table 'Dangreen III' 9-max Seat #1 is the button
Seat 1: MakkaPitew ($8.31 in chips) 
Seat 2: prisiversiu ($4.99 in chips) 
Seat 3: samiike ($6.06 in chips) 
Seat 4: arafaelll129 ($5.30 in chips) 
Seat 5: BlackWinegum ($3.59 in chips) 
Seat 6: Dorex2007 ($5.31 in chips) 
Seat 7: Vorontsov28 ($6.17 in chips) 
Seat 8: Saschnnn ($2.20 in chips) 
Seat 9: oO NeoGeo Oo ($4.56 in chips) 
prisiversiu: posts small blind $0.02
samiike: posts big blind $0.05
*** HOLE CARDS ***
Dealt to Dorex2007 [4h 6d]
arafaelll129: folds 
BlackWinegum: folds 
Dorex2007: folds 
Vorontsov28: folds 
Saschnnn: calls $0.05
oO NeoGeo Oo: folds 
MakkaPitew: folds 
prisiversiu: raises $0.05 to $0.10
samiike: folds 
Saschnnn: calls $0.05
*** FLOP *** [Jd 2d 5h]
samiike leaves the table
prisiversiu: bets $0.12
Saschnnn: folds 
Uncalled bet ($0.12) returned to prisiversiu
prisiversiu collected $0.24 from pot
prisiversiu: doesn't show hand 
*** SUMMARY ***
Total pot $0.25 | Rake $0.01 
Board [Jd 2d 5h]
Seat 1: MakkaPitew (button) folded before Flop (didn't bet)
Seat 2: prisiversiu (small blind) collected ($0.24)
Seat 3: samiike (big blind) folded before Flop
Seat 4: arafaelll129 folded before Flop (didn't bet)
Seat 5: BlackWinegum folded before Flop (didn't bet)
Seat 6: Dorex2007 folded before Flop (didn't bet)
Seat 7: Vorontsov28 folded before Flop (didn't bet)
Seat 8: Saschnnn folded on the Flop
Seat 9: oO NeoGeo Oo folded before Flop (didn't bet)



PokerStars Hand #238859886018:  Hold'em No Limit ($0.02/$0.05 USD) - 2022/09/25 10:54:52 PT [2022/09/25 13:54:52 ET]
Table 'Dangreen III' 9-max Seat #2 is the button
Seat 1: MakkaPitew ($8.31 in chips) 
Seat 2: prisiversiu ($5.13 in chips) 
Seat 4: arafaelll129 ($5.30 in chips) 
Seat 5: BlackWinegum ($3.59 in chips) 
Seat 6: Dorex2007 ($5.31 in chips) 
Seat 7: Vorontsov28 ($6.17 in chips) 
Seat 8: Saschnnn ($2.10 in chips) 
Seat 9: oO NeoGeo Oo ($4.56 in chips) 
arafaelll129: posts small blind $0.02
BlackWinegum: posts big blind $0.05
*** HOLE CARDS ***
Dealt to Dorex2007 [2c 7s]
Dorex2007: folds 
Vorontsov28: folds 
Saschnnn: folds 
oO NeoGeo Oo: folds 
MakkaPitew: folds 
prisiversiu: folds 
arafaelll129: raises $0.10 to $0.15
BlackWinegum: folds 
Uncalled bet ($0.10) returned to arafaelll129
arafaelll129 collected $0.10 from pot
arafaelll129: doesn't show hand 
*** SUMMARY ***
Total pot $0.10 | Rake $0 
Seat 1: MakkaPitew folded before Flop (didn't bet)
Seat 2: prisiversiu (button) folded before Flop (didn't bet)
Seat 4: arafaelll129 (small blind) collected ($0.10)
Seat 5: BlackWinegum (big blind) folded before Flop
Seat 6: Dorex2007 folded before Flop (didn't bet)
Seat 7: Vorontsov28 folded before Flop (didn't bet)
Seat 8: Saschnnn folded before Flop (didn't bet)
Seat 9: oO NeoGeo Oo folded before Flop (didn't bet)



PokerStars Hand #238859892608:  Hold'em No Limit ($0.02/$0.05 USD) - 2022/09/25 10:55:06 PT [2022/09/25 13:55:06 ET]
Table 'Dangreen III' 9-max Seat #4 is the button
Seat 1: MakkaPitew ($8.31 in chips) 
Seat 2: prisiversiu ($5.13 in chips) 
Seat 4: arafaelll129 ($5.35 in chips) 
Seat 5: BlackWinegum ($3.54 in chips) 
Seat 6: Dorex2007 ($5.31 in chips) 
Seat 7: Vorontsov28 ($6.17 in chips) 
Seat 8: Saschnnn ($2.10 in chips) 
Seat 9: oO NeoGeo Oo ($4.56 in chips) 
BlackWinegum: posts small blind $0.02
Dorex2007: posts big blind $0.05
*** HOLE CARDS ***
Dealt to Dorex2007 [Kc 3h]
Vorontsov28: folds 
Saschnnn: calls $0.05
oO NeoGeo Oo: raises $0.15 to $0.20
MakkaPitew: folds 
prisiversiu: folds 
arafaelll129: folds 
BlackWinegum: folds 
Dorex2007: folds 
Saschnnn: calls $0.15
*** FLOP *** [5h 2s As]
Saschnnn: bets $0.25
oO NeoGeo Oo: folds 
Uncalled bet ($0.25) returned to Saschnnn
Saschnnn collected $0.45 from pot
Saschnnn: doesn't show hand 
*** SUMMARY ***
Total pot $0.47 | Rake $0.02 
Board [5h 2s As]
Seat 1: MakkaPitew folded before Flop (didn't bet)
Seat 2: prisiversiu folded before Flop (didn't bet)
Seat 4: arafaelll129 (button) folded before Flop (didn't bet)
Seat 5: BlackWinegum (small blind) folded before Flop
Seat 6: Dorex2007 (big blind) folded before Flop
Seat 7: Vorontsov28 folded before Flop (didn't bet)
Seat 8: Saschnnn collected ($0.45)
Seat 9: oO NeoGeo Oo folded on the Flop



PokerStars Hand #238859904640:  Hold'em No Limit ($0.02/$0.05 USD) - 2022/09/25 10:55:44 PT [2022/09/25 13:55:44 ET]
Table 'Dangreen III' 9-max Seat #5 is the button
Seat 1: MakkaPitew ($8.31 in chips) 
Seat 2: prisiversiu ($5.13 in chips) 
Seat 4: arafaelll129 ($5.35 in chips) 
Seat 5: BlackWinegum ($3.52 in chips) 
Seat 6: Dorex2007 ($5.26 in chips) 
Seat 8: Saschnnn ($2.35 in chips) 
Seat 9: oO NeoGeo Oo ($4.36 in chips) 
Dorex2007: posts small blind $0.02
Vorontsov28: is sitting out 
Saschnnn: posts big blind $0.05
*** HOLE CARDS ***
Dealt to Dorex2007 [Qc Ks]
oO NeoGeo Oo: folds 
MakkaPitew: folds 
prisiversiu: folds 
arafaelll129: folds 
BlackWinegum: folds 
Dorex2007: folds 
Uncalled bet ($0.03) returned to Saschnnn
Saschnnn collected $0.04 from pot
Saschnnn: doesn't show hand 
*** SUMMARY ***
Total pot $0.04 | Rake $0 
Seat 1: MakkaPitew folded before Flop (didn't bet)
Seat 2: prisiversiu folded before Flop (didn't bet)
Seat 4: arafaelll129 folded before Flop (didn't bet)
Seat 5: BlackWinegum (button) folded before Flop (didn't bet)
Seat 6: Dorex2007 (small blind) folded before Flop
Seat 8: Saschnnn (big blind) collected ($0.04)
Seat 9: oO NeoGeo Oo folded before Flop (didn't bet)



PokerStars Hand #238859907872:  Hold'em No Limit ($0.02/$0.05 USD) - 2022/09/25 10:55:56 PT [2022/09/25 13:55:56 ET]
Table 'Dangreen III' 9-max Seat #6 is the button
Seat 1: MakkaPitew ($8.31 in chips) 
Seat 2: prisiversiu ($5.13 in chips) 
Seat 4: arafaelll129 ($5.35 in chips) 
Seat 5: BlackWinegum ($3.52 in chips) 
Seat 6: Dorex2007 ($5.24 in chips) 
Seat 8: Saschnnn ($2.37 in chips) 
Seat 9: oO NeoGeo Oo ($4.36 in chips) 
Saschnnn: posts small blind $0.02
oO NeoGeo Oo: posts big blind $0.05
*** HOLE CARDS ***
Dealt to Dorex2007 [Jd Ks]
MakkaPitew: folds 
Vorontsov28 leaves the table
prisiversiu: folds 
arafaelll129: raises $0.06 to $0.11
BlackWinegum: folds 
Dorex2007: folds 
Saschnnn: folds 
oO NeoGeo Oo: folds 
Uncalled bet ($0.06) returned to arafaelll129
arafaelll129 collected $0.12 from pot
arafaelll129: doesn't show hand 
*** SUMMARY ***
Total pot $0.12 | Rake $0 
Seat 1: MakkaPitew folded before Flop (didn't bet)
Seat 2: prisiversiu folded before Flop (didn't bet)
Seat 4: arafaelll129 collected ($0.12)
Seat 5: BlackWinegum folded before Flop (didn't bet)
Seat 6: Dorex2007 (button) folded before Flop (didn't bet)
Seat 8: Saschnnn (small blind) folded before Flop
Seat 9: oO NeoGeo Oo (big blind) folded before Flop



PokerStars Hand #238859914289:  Hold'em No Limit ($0.02/$0.05 USD) - 2022/09/25 10:56:20 PT [2022/09/25 13:56:20 ET]
Table 'Dangreen III' 9-max Seat #8 is the button
Seat 1: MakkaPitew ($8.31 in chips) 
Seat 2: prisiversiu ($5.13 in chips) 
Seat 4: arafaelll129 ($5.42 in chips) 
Seat 5: BlackWinegum ($3.52 in chips) 
Seat 6: Dorex2007 ($5.24 in chips) 
Seat 8: Saschnnn ($2.35 in chips) 
Seat 9: oO NeoGeo Oo ($4.31 in chips) 
oO NeoGeo Oo: posts small blind $0.02
MakkaPitew: posts big blind $0.05
*** HOLE CARDS ***
Dealt to Dorex2007 [Td Ah]
prisiversiu: folds 
arafaelll129: folds 
BlackWinegum: folds 
Dorex2007: raises $0.10 to $0.15
Saschnnn: folds 
oO NeoGeo Oo: folds 
MakkaPitew: calls $0.10
*** FLOP *** [Qh Tc 8d]
MakkaPitew: checks 
Dorex2007: bets $0.15
MakkaPitew: calls $0.15
*** TURN *** [Qh Tc 8d] [2h]
MakkaPitew: checks 
Dorex2007: checks 
*** RIVER *** [Qh Tc 8d 2h] [Ad]
MakkaPitew: checks 
Dorex2007: bets $0.59
MakkaPitew: folds 
Uncalled bet ($0.59) returned to Dorex2007
Dorex2007 collected $0.59 from pot
Dorex2007: doesn't show hand 
*** SUMMARY ***
Total pot $0.62 | Rake $0.03 
Board [Qh Tc 8d 2h Ad]
Seat 1: MakkaPitew (big blind) folded on the River
Seat 2: prisiversiu folded before Flop (didn't bet)
Seat 4: arafaelll129 folded before Flop (didn't bet)
Seat 5: BlackWinegum folded before Flop (didn't bet)
Seat 6: Dorex2007 collected ($0.59)
Seat 8: Saschnnn (button) folded before Flop (didn't bet)
Seat 9: oO NeoGeo Oo (small blind) folded before Flop



PokerStars Hand #238859927503:  Hold'em No Limit ($0.02/$0.05 USD) - 2022/09/25 10:57:08 PT [2022/09/25 13:57:08 ET]
Table 'Dangreen III' 9-max Seat #9 is the button
Seat 1: MakkaPitew ($8.01 in chips) 
Seat 2: prisiversiu ($5.13 in chips) 
Seat 4: arafaelll129 ($5.42 in chips) 
Seat 5: BlackWinegum ($3.52 in chips) 
Seat 6: Dorex2007 ($5.53 in chips) 
Seat 8: Saschnnn ($2.35 in chips) 
Seat 9: oO NeoGeo Oo ($4.29 in chips) 
MakkaPitew: posts small blind $0.02
prisiversiu: posts big blind $0.05
*** HOLE CARDS ***
Dealt to Dorex2007 [Td 2c]
arafaelll129: folds 
BlackWinegum: folds 
Dorex2007: folds 
Saschnnn: folds 
oO NeoGeo Oo: folds 
MakkaPitew: folds 
Uncalled bet ($0.03) returned to prisiversiu
prisiversiu collected $0.04 from pot
prisiversiu: doesn't show hand 
*** SUMMARY ***
Total pot $0.04 | Rake $0 
Seat 1: MakkaPitew (small blind) folded before Flop
Seat 2: prisiversiu (big blind) collected ($0.04)
Seat 4: arafaelll129 folded before Flop (didn't bet)
Seat 5: BlackWinegum folded before Flop (didn't bet)
Seat 6: Dorex2007 folded before Flop (didn't bet)
Seat 8: Saschnnn folded before Flop (didn't bet)
Seat 9: oO NeoGeo Oo (button) folded before Flop (didn't bet)



PokerStars Hand #238859930780:  Hold'em No Limit ($0.02/$0.05 USD) - 2022/09/25 10:57:20 PT [2022/09/25 13:57:20 ET]
Table 'Dangreen III' 9-max Seat #1 is the button
Seat 1: MakkaPitew ($7.99 in chips) 
Seat 2: prisiversiu ($5.15 in chips) 
Seat 4: arafaelll129 ($5.42 in chips) 
Seat 5: BlackWinegum ($3.52 in chips) 
Seat 6: Dorex2007 ($5.53 in chips) 
Seat 8: Saschnnn ($2.35 in chips) 
Seat 9: oO NeoGeo Oo ($4.29 in chips) 
prisiversiu: posts small blind $0.02
arafaelll129: posts big blind $0.05
*** HOLE CARDS ***
Dealt to Dorex2007 [2s 9h]
BlackWinegum: folds 
Dorex2007: folds 
Saschnnn: raises $0.15 to $0.20
oO NeoGeo Oo: folds 
MakkaPitew: folds 
prisiversiu: folds 
arafaelll129: folds 
Uncalled bet ($0.15) returned to Saschnnn
Saschnnn collected $0.12 from pot
Saschnnn: doesn't show hand 
*** SUMMARY ***
Total pot $0.12 | Rake $0 
Seat 1: MakkaPitew (button) folded before Flop (didn't bet)
Seat 2: prisiversiu (small blind) folded before Flop
Seat 4: arafaelll129 (big blind) folded before Flop
Seat 5: BlackWinegum folded before Flop (didn't bet)
Seat 6: Dorex2007 folded before Flop (didn't bet)
Seat 8: Saschnnn collected ($0.12)
Seat 9: oO NeoGeo Oo folded before Flop (didn't bet)



PokerStars Hand #238859935575:  Hold'em No Limit ($0.02/$0.05 USD) - 2022/09/25 10:57:37 PT [2022/09/25 13:57:37 ET]
Table 'Dangreen III' 9-max Seat #2 is the button
Seat 1: MakkaPitew ($7.99 in chips) 
Seat 2: prisiversiu ($5.13 in chips) 
Seat 4: arafaelll129 ($5.37 in chips) 
Seat 5: BlackWinegum ($3.52 in chips) 
Seat 6: Dorex2007 ($5.53 in chips) 
Seat 8: Saschnnn ($2.42 in chips) 
Seat 9: oO NeoGeo Oo ($4.29 in chips) 
arafaelll129: posts small blind $0.02
BlackWinegum: posts big blind $0.05
*** HOLE CARDS ***
Dealt to Dorex2007 [9c 3s]
Dorex2007: folds 
Saschnnn: folds 
oO NeoGeo Oo: raises $0.07 to $0.12
MakkaPitew: folds 
prisiversiu: calls $0.12
arafaelll129: folds 
BlackWinegum: folds 
*** FLOP *** [7h Qh 3h]
oO NeoGeo Oo: checks 
prisiversiu: checks 
*** TURN *** [7h Qh 3h] [2s]
oO NeoGeo Oo: checks 
prisiversiu: bets $0.15
oO NeoGeo Oo: folds 
Uncalled bet ($0.15) returned to prisiversiu
prisiversiu collected $0.30 from pot
prisiversiu: doesn't show hand 
*** SUMMARY ***
Total pot $0.31 | Rake $0.01 
Board [7h Qh 3h 2s]
Seat 1: MakkaPitew folded before Flop (didn't bet)
Seat 2: prisiversiu (button) collected ($0.30)
Seat 4: arafaelll129 (small blind) folded before Flop
Seat 5: BlackWinegum (big blind) folded before Flop
Seat 6: Dorex2007 folded before Flop (didn't bet)
Seat 8: Saschnnn folded before Flop (didn't bet)
Seat 9: oO NeoGeo Oo folded on the Turn



PokerStars Hand #238859944658:  Hold'em No Limit ($0.02/$0.05 USD) - 2022/09/25 10:58:10 PT [2022/09/25 13:58:10 ET]
Table 'Dangreen III' 9-max Seat #4 is the button
Seat 1: MakkaPitew ($7.99 in chips) 
Seat 2: prisiversiu ($5.31 in chips) 
Seat 4: arafaelll129 ($5.35 in chips) 
Seat 5: BlackWinegum ($3.47 in chips) 
Seat 6: Dorex2007 ($5.53 in chips) 
Seat 8: Saschnnn ($2.42 in chips) 
Seat 9: oO NeoGeo Oo ($4.17 in chips) 
BlackWinegum: posts small blind $0.02
Dorex2007: posts big blind $0.05
*** HOLE CARDS ***
Dealt to Dorex2007 [6h Jc]
martinbassan joins the table at seat #7 
Saschnnn: folds 
oO NeoGeo Oo: folds 
MakkaPitew: folds 
prisiversiu: folds 
arafaelll129: folds 
BlackWinegum: folds 
Uncalled bet ($0.03) returned to Dorex2007
Dorex2007 collected $0.04 from pot
Dorex2007: doesn't show hand 
*** SUMMARY ***
Total pot $0.04 | Rake $0 
Seat 1: MakkaPitew folded before Flop (didn't bet)
Seat 2: prisiversiu folded before Flop (didn't bet)
Seat 4: arafaelll129 (button) folded before Flop (didn't bet)
Seat 5: BlackWinegum (small blind) folded before Flop
Seat 6: Dorex2007 (big blind) collected ($0.04)
Seat 8: Saschnnn folded before Flop (didn't bet)
Seat 9: oO NeoGeo Oo folded before Flop (didn't bet)



PokerStars Hand #238859948221:  Hold'em No Limit ($0.02/$0.05 USD) - 2022/09/25 10:58:23 PT [2022/09/25 13:58:23 ET]
Table 'Dangreen III' 9-max Seat #5 is the button
Seat 1: MakkaPitew ($7.99 in chips) 
Seat 2: prisiversiu ($5.31 in chips) 
Seat 4: arafaelll129 ($5.35 in chips) 
Seat 5: BlackWinegum ($3.45 in chips) 
Seat 6: Dorex2007 ($5.55 in chips) 
Seat 7: martinbassan ($2.39 in chips) 
Seat 8: Saschnnn ($2.42 in chips) 
Seat 9: oO NeoGeo Oo ($4.17 in chips) 
Dorex2007: posts small blind $0.02
martinbassan: posts big blind $0.05
*** HOLE CARDS ***
Dealt to Dorex2007 [9h 2c]
Saschnnn: folds 
oO NeoGeo Oo: folds 
MakkaPitew: folds 
prisiversiu: raises $0.05 to $0.10
arafaelll129: folds 
BlackWinegum: raises $0.40 to $0.50
Dorex2007: folds 
vasko55555 joins the table at seat #3 
martinbassan: folds 
prisiversiu: folds 
Uncalled bet ($0.40) returned to BlackWinegum
BlackWinegum collected $0.27 from pot
BlackWinegum: doesn't show hand 
*** SUMMARY ***
Total pot $0.27 | Rake $0 
Seat 1: MakkaPitew folded before Flop (didn't bet)
Seat 2: prisiversiu folded before Flop
Seat 4: arafaelll129 folded before Flop (didn't bet)
Seat 5: BlackWinegum (button) collected ($0.27)
Seat 6: Dorex2007 (small blind) folded before Flop
Seat 7: martinbassan (big blind) folded before Flop
Seat 8: Saschnnn folded before Flop (didn't bet)
Seat 9: oO NeoGeo Oo folded before Flop (didn't bet)



PokerStars Hand #238859959602:  Hold'em No Limit ($0.02/$0.05 USD) - 2022/09/25 10:59:05 PT [2022/09/25 13:59:05 ET]
Table 'Dangreen III' 9-max Seat #6 is the button
Seat 1: MakkaPitew ($7.99 in chips) 
Seat 2: prisiversiu ($5.21 in chips) 
Seat 4: arafaelll129 ($5.35 in chips) 
Seat 5: BlackWinegum ($3.62 in chips) 
Seat 6: Dorex2007 ($5.53 in chips) 
Seat 7: martinbassan ($2.34 in chips) 
Seat 8: Saschnnn ($2.42 in chips) 
Seat 9: oO NeoGeo Oo ($4.17 in chips) 
martinbassan: posts small blind $0.02
Saschnnn: posts big blind $0.05
vasko55555: sits out 
*** HOLE CARDS ***
Dealt to Dorex2007 [4s Ad]
oO NeoGeo Oo: folds 
MakkaPitew: folds 
prisiversiu: folds 
arafaelll129: folds 
BlackWinegum: folds 
Dorex2007: folds 
martinbassan: calls $0.03
Saschnnn: checks 
*** FLOP *** [Kc 6d Ah]
martinbassan: checks 
Saschnnn: checks 
*** TURN *** [Kc 6d Ah] [Qc]
martinbassan: bets $0.10
Saschnnn: folds 
Uncalled bet ($0.10) returned to martinbassan
martinbassan collected $0.10 from pot
martinbassan: doesn't show hand 
*** SUMMARY ***
Total pot $0.10 | Rake $0 
Board [Kc 6d Ah Qc]
Seat 1: MakkaPitew folded before Flop (didn't bet)
Seat 2: prisiversiu folded before Flop (didn't bet)
Seat 4: arafaelll129 folded before Flop (didn't bet)
Seat 5: BlackWinegum folded before Flop (didn't bet)
Seat 6: Dorex2007 (button) folded before Flop (didn't bet)
Seat 7: martinbassan (small blind) collected ($0.10)
Seat 8: Saschnnn (big blind) folded on the Turn
Seat 9: oO NeoGeo Oo folded before Flop (didn't bet)



PokerStars Hand #238859966918:  Hold'em No Limit ($0.02/$0.05 USD) - 2022/09/25 10:59:32 PT [2022/09/25 13:59:32 ET]
Table 'Dangreen III' 9-max Seat #7 is the button
Seat 1: MakkaPitew ($7.99 in chips) 
Seat 2: prisiversiu ($5.21 in chips) 
Seat 4: arafaelll129 ($5.35 in chips) 
Seat 5: BlackWinegum ($3.62 in chips) 
Seat 6: Dorex2007 ($5.53 in chips) 
Seat 7: martinbassan ($2.39 in chips) 
Seat 8: Saschnnn ($2.37 in chips) 
Seat 9: oO NeoGeo Oo ($4.17 in chips) 
Saschnnn: posts small blind $0.02
oO NeoGeo Oo: posts big blind $0.05
vasko55555: sits out 
*** HOLE CARDS ***
Dealt to Dorex2007 [Jd Jc]
MakkaPitew: folds 
prisiversiu: folds 
arafaelll129: folds 
BlackWinegum: folds 
Dorex2007: raises $0.10 to $0.15
martinbassan: folds 
Saschnnn: folds 
oO NeoGeo Oo: folds 
Uncalled bet ($0.10) returned to Dorex2007
Dorex2007 collected $0.12 from pot
Dorex2007: doesn't show hand 
*** SUMMARY ***
Total pot $0.12 | Rake $0 
Seat 1: MakkaPitew folded before Flop (didn't bet)
Seat 2: prisiversiu folded before Flop (didn't bet)
Seat 4: arafaelll129 folded before Flop (didn't bet)
Seat 5: BlackWinegum folded before Flop (didn't bet)
Seat 6: Dorex2007 collected ($0.12)
Seat 7: martinbassan (button) folded before Flop (didn't bet)
Seat 8: Saschnnn (small blind) folded before Flop
Seat 9: oO NeoGeo Oo (big blind) folded before Flop



PokerStars Hand #238859972209:  Hold'em No Limit ($0.02/$0.05 USD) - 2022/09/25 10:59:51 PT [2022/09/25 13:59:51 ET]
Table 'Dangreen III' 9-max Seat #8 is the button
Seat 1: MakkaPitew ($7.99 in chips) 
Seat 2: prisiversiu ($5.21 in chips) 
Seat 4: arafaelll129 ($5.35 in chips) 
Seat 5: BlackWinegum ($3.62 in chips) 
Seat 6: Dorex2007 ($5.60 in chips) 
Seat 7: martinbassan ($2.39 in chips) 
Seat 8: Saschnnn ($2.35 in chips) 
Seat 9: oO NeoGeo Oo ($4.12 in chips) 
oO NeoGeo Oo: posts small blind $0.02
MakkaPitew: posts big blind $0.05
vasko55555: sits out 
*** HOLE CARDS ***
Dealt to Dorex2007 [Jd 7d]
prisiversiu: folds 
arafaelll129: folds 
BlackWinegum: folds 
Dorex2007: folds 
martinbassan: folds 
Saschnnn: calls $0.05
oO NeoGeo Oo: folds 
MakkaPitew: checks 
*** FLOP *** [Ad 5h Th]
MakkaPitew: checks 
Saschnnn: bets $0.10
MakkaPitew: folds 
Uncalled bet ($0.10) returned to Saschnnn
Saschnnn collected $0.12 from pot
Saschnnn: doesn't show hand 
*** SUMMARY ***
Total pot $0.12 | Rake $0 
Board [Ad 5h Th]
Seat 1: MakkaPitew (big blind) folded on the Flop
Seat 2: prisiversiu folded before Flop (didn't bet)
Seat 4: arafaelll129 folded before Flop (didn't bet)
Seat 5: BlackWinegum folded before Flop (didn't bet)
Seat 6: Dorex2007 folded before Flop (didn't bet)
Seat 7: martinbassan folded before Flop (didn't bet)
Seat 8: Saschnnn (button) collected ($0.12)
Seat 9: oO NeoGeo Oo (small blind) folded before Flop



PokerStars Hand #238859982502:  Hold'em No Limit ($0.02/$0.05 USD) - 2022/09/25 11:00:25 PT [2022/09/25 14:00:25 ET]
Table 'Dangreen III' 9-max Seat #9 is the button
Seat 1: MakkaPitew ($7.94 in chips) 
Seat 2: prisiversiu ($5.21 in chips) 
Seat 4: arafaelll129 ($5.35 in chips) 
Seat 5: BlackWinegum ($3.62 in chips) 
Seat 6: Dorex2007 ($5.60 in chips) 
Seat 7: martinbassan ($2.39 in chips) 
Seat 8: Saschnnn ($2.42 in chips) 
Seat 9: oO NeoGeo Oo ($4.10 in chips) 
MakkaPitew: posts small blind $0.02
prisiversiu: posts big blind $0.05
vasko55555: sits out 
*** HOLE CARDS ***
Dealt to Dorex2007 [5d Ac]
arafaelll129: raises $0.06 to $0.11
BlackWinegum: raises $0.44 to $0.55
Dorex2007: folds 
martinbassan: folds 
Saschnnn: folds 
oO NeoGeo Oo: folds 
MakkaPitew: folds 
prisiversiu: folds 
arafaelll129: folds 
Uncalled bet ($0.44) returned to BlackWinegum
BlackWinegum collected $0.29 from pot
BlackWinegum: doesn't show hand 
*** SUMMARY ***
Total pot $0.29 | Rake $0 
Seat 1: MakkaPitew (small blind) folded before Flop
Seat 2: prisiversiu (big blind) folded before Flop
Seat 4: arafaelll129 folded before Flop
Seat 5: BlackWinegum collected ($0.29)
Seat 6: Dorex2007 folded before Flop (didn't bet)
Seat 7: martinbassan folded before Flop (didn't bet)
Seat 8: Saschnnn folded before Flop (didn't bet)
Seat 9: oO NeoGeo Oo (button) folded before Flop (didn't bet)



PokerStars Hand #238859992149:  Hold'em No Limit ($0.02/$0.05 USD) - 2022/09/25 11:00:56 PT [2022/09/25 14:00:56 ET]
Table 'Dangreen III' 9-max Seat #1 is the button
Seat 1: MakkaPitew ($7.92 in chips) 
Seat 2: prisiversiu ($5.16 in chips) 
Seat 3: vasko55555 ($2 in chips) 
Seat 4: arafaelll129 ($5.24 in chips) 
Seat 5: BlackWinegum ($3.80 in chips) 
Seat 6: Dorex2007 ($5.60 in chips) 
Seat 7: martinbassan ($2.39 in chips) 
Seat 8: Saschnnn ($2.42 in chips) 
Seat 9: oO NeoGeo Oo ($4.10 in chips) 
prisiversiu: posts small blind $0.02
vasko55555: posts big blind $0.05
*** HOLE CARDS ***
Dealt to Dorex2007 [6h 6c]
arafaelll129: folds 
BlackWinegum: folds 
Dorex2007: raises $0.05 to $0.10
martinbassan: folds 
Saschnnn: folds 
oO NeoGeo Oo: calls $0.10
MakkaPitew: folds 
prisiversiu: folds 
vasko55555: folds 
*** FLOP *** [4h Kh Qh]
Dorex2007: checks 
oO NeoGeo Oo: bets $0.10
Dorex2007: folds 
Uncalled bet ($0.10) returned to oO NeoGeo Oo
oO NeoGeo Oo collected $0.26 from pot
oO NeoGeo Oo: doesn't show hand 
*** SUMMARY ***
Total pot $0.27 | Rake $0.01 
Board [4h Kh Qh]
Seat 1: MakkaPitew (button) folded before Flop (didn't bet)
Seat 2: prisiversiu (small blind) folded before Flop
Seat 3: vasko55555 (big blind) folded before Flop
Seat 4: arafaelll129 folded before Flop (didn't bet)
Seat 5: BlackWinegum folded before Flop (didn't bet)
Seat 6: Dorex2007 folded on the Flop
Seat 7: martinbassan folded before Flop (didn't bet)
Seat 8: Saschnnn folded before Flop (didn't bet)
Seat 9: oO NeoGeo Oo collected ($0.26)



PokerStars Hand #238860003161:  Hold'em No Limit ($0.02/$0.05 USD) - 2022/09/25 11:01:27 PT [2022/09/25 14:01:27 ET]
Table 'Dangreen III' 9-max Seat #2 is the button
Seat 1: MakkaPitew ($7.92 in chips) 
Seat 2: prisiversiu ($5.14 in chips) 
Seat 3: vasko55555 ($1.95 in chips) 
Seat 4: arafaelll129 ($5.24 in chips) 
Seat 5: BlackWinegum ($3.80 in chips) 
Seat 6: Dorex2007 ($5.50 in chips) 
Seat 7: martinbassan ($2.39 in chips) 
Seat 8: Saschnnn ($2.42 in chips) 
Seat 9: oO NeoGeo Oo ($4.26 in chips) 
vasko55555: posts small blind $0.02
arafaelll129: posts big blind $0.05
*** HOLE CARDS ***
Dealt to Dorex2007 [3d Qd]
BlackWinegum: folds 
Dorex2007: folds 
martinbassan: folds 
Saschnnn: calls $0.05
oO NeoGeo Oo: folds 
MakkaPitew: folds 
prisiversiu: folds 
vasko55555: folds 
arafaelll129: checks 
*** FLOP *** [6h 3c Td]
arafaelll129: checks 
Saschnnn: checks 
*** TURN *** [6h 3c Td] [5d]
arafaelll129: bets $0.05
BlackWinegum leaves the table
Saschnnn: calls $0.05
*** RIVER *** [6h 3c Td 5d] [Kd]
arafaelll129: checks 
Saschnnn: checks 
*** SHOW DOWN ***
arafaelll129: shows [6s 7s] (a pair of Sixes)
Saschnnn: mucks hand 
arafaelll129 collected $0.21 from pot
*** SUMMARY ***
Total pot $0.22 | Rake $0.01 
Board [6h 3c Td 5d Kd]
Seat 1: MakkaPitew folded before Flop (didn't bet)
Seat 2: prisiversiu (button) folded before Flop (didn't bet)
Seat 3: vasko55555 (small blind) folded before Flop
Seat 4: arafaelll129 (big blind) showed [6s 7s] and won ($0.21) with a pair of Sixes
Seat 5: BlackWinegum folded before Flop (didn't bet)
Seat 6: Dorex2007 folded before Flop (didn't bet)
Seat 7: martinbassan folded before Flop (didn't bet)
Seat 8: Saschnnn mucked [8s Jd]
Seat 9: oO NeoGeo Oo folded before Flop (didn't bet)



PokerStars Hand #238860017568:  Hold'em No Limit ($0.02/$0.05 USD) - 2022/09/25 11:02:03 PT [2022/09/25 14:02:03 ET]
Table 'Dangreen III' 9-max Seat #3 is the button
Seat 1: MakkaPitew ($7.92 in chips) 
Seat 2: prisiversiu ($5.14 in chips) 
Seat 3: vasko55555 ($1.93 in chips) 
Seat 4: arafaelll129 ($5.35 in chips) 
Seat 6: Dorex2007 ($5.50 in chips) 
Seat 7: martinbassan ($2.39 in chips) 
Seat 8: Saschnnn ($2.32 in chips) 
Seat 9: oO NeoGeo Oo ($4.26 in chips) 
arafaelll129: posts small blind $0.02
Dorex2007: posts big blind $0.05
*** HOLE CARDS ***
Dealt to Dorex2007 [8h 6h]
martinbassan: raises $0.05 to $0.10
Saschnnn: folds 
oO NeoGeo Oo: folds 
MakkaPitew: folds 
prisiversiu: calls $0.10
Dorex2007 is disconnected 
MakkaPitew is disconnected 
prisiversiu is disconnected 
arafaelll129 is disconnected 
martinbassan is disconnected 
Saschnnn is disconnected 
vasko55555 has timed out
vasko55555: folds 
arafaelll129 has timed out while disconnected
arafaelll129: folds 
Dorex2007 has timed out while disconnected
Dorex2007: folds 
*** FLOP *** [Kd Td Ts]
vasko55555 is disconnected 
martinbassan is connected 
martinbassan has timed out
martinbassan: checks 
prisiversiu: checks 
*** TURN *** [Kd Td Ts] [9s]
martinbassan: bets $0.13
prisiversiu: calls $0.13
*** RIVER *** [Kd Td Ts 9s] [3h]
martinbassan: bets $0.25
oO NeoGeo Oo is disconnected 
prisiversiu: raises $0.90 to $1.15
Saschnnn leaves the table
martinbassan: folds 
Uncalled bet ($0.90) returned to prisiversiu
prisiversiu collected $0.99 from pot
prisiversiu: doesn't show hand 
*** SUMMARY ***
Total pot $1.03 | Rake $0.04 
Board [Kd Td Ts 9s 3h]
Seat 1: MakkaPitew folded before Flop (didn't bet)
Seat 2: prisiversiu collected ($0.99)
Seat 3: vasko55555 (button) folded before Flop (didn't bet)
Seat 4: arafaelll129 (small blind) folded before Flop
Seat 6: Dorex2007 (big blind) folded before Flop
Seat 7: martinbassan folded on the River
Seat 8: Saschnnn folded before Flop (didn't bet)
Seat 9: oO NeoGeo Oo folded before Flop (didn't bet)



PokerStars Hand #238860142471:  Hold'em No Limit ($0.02/$0.05 USD) - 2022/09/25 11:05:48 PT [2022/09/25 14:05:48 ET]
Table 'Dangreen III' 9-max Seat #4 is the button
Seat 1: MakkaPitew ($7.92 in chips) 
Seat 2: prisiversiu ($5.65 in chips) 
Seat 3: vasko55555 ($1.93 in chips) 
Seat 4: arafaelll129 ($5.33 in chips) 
Seat 6: Dorex2007 ($5.45 in chips) 
Seat 7: martinbassan ($1.91 in chips) 
Seat 9: oO NeoGeo Oo ($4.26 in chips) 
Dorex2007: posts small blind $0.02
martinbassan: posts big blind $0.05
*** HOLE CARDS ***
Dealt to Dorex2007 [Js Qh]
oO NeoGeo Oo has timed out while disconnected
oO NeoGeo Oo: folds 
MakkaPitew has timed out while disconnected
MakkaPitew: folds 
iSeniorTomato joins the table at seat #5 
prisiversiu: folds 
vasko55555: calls $0.05
arafaelll129: folds 
Dorex2007: folds 
martinbassan: checks 
*** FLOP *** [3h Jh 3s]
jusssssssstin joins the table at seat #8 
martinbassan has timed out
martinbassan: checks 
vasko55555: bets $0.10
martinbassan: calls $0.10
*** TURN *** [3h Jh 3s] [Qs]
martinbassan: checks 
vasko55555: bets $0.15
martinbassan: calls $0.15
*** RIVER *** [3h Jh 3s Qs] [2h]
martinbassan: checks 
vasko55555: checks 
*** SHOW DOWN ***
martinbassan: shows [Jc 2c] (two pair, Jacks and Threes)
vasko55555: shows [Qc 7c] (two pair, Queens and Threes)
vasko55555 collected $0.59 from pot
*** SUMMARY ***
Total pot $0.62 | Rake $0.03 
Board [3h Jh 3s Qs 2h]
Seat 1: MakkaPitew folded before Flop (didn't bet)
Seat 2: prisiversiu folded before Flop (didn't bet)
Seat 3: vasko55555 showed [Qc 7c] and won ($0.59) with two pair, Queens and Threes
Seat 4: arafaelll129 (button) folded before Flop (didn't bet)
Seat 6: Dorex2007 (small blind) folded before Flop
Seat 7: martinbassan (big blind) showed [Jc 2c] and lost with two pair, Jacks and Threes
Seat 9: oO NeoGeo Oo folded before Flop (didn't bet)



PokerStars Hand #238860183810:  Hold'em No Limit ($0.02/$0.05 USD) - 2022/09/25 11:07:03 PT [2022/09/25 14:07:03 ET]
Table 'Dangreen III' 9-max Seat #6 is the button
Seat 2: prisiversiu ($5.65 in chips) 
Seat 3: vasko55555 ($2.22 in chips) 
Seat 4: arafaelll129 ($5.33 in chips) 
Seat 6: Dorex2007 ($5.43 in chips) 
Seat 7: martinbassan ($1.61 in chips) 
Seat 8: jusssssssstin ($5 in chips) 
Seat 9: oO NeoGeo Oo ($4.26 in chips) 
martinbassan: posts small blind $0.02
jusssssssstin: posts big blind $0.05
iSeniorTomato: sits out 
*** HOLE CARDS ***
Dealt to Dorex2007 [Js 6s]
oO NeoGeo Oo: folds 
prisiversiu: folds 
vasko55555: folds 
arafaelll129: folds 
Dorex2007: folds 
martinbassan: calls $0.03
jusssssssstin: raises $0.15 to $0.20
martinbassan: folds 
Uncalled bet ($0.15) returned to jusssssssstin
jusssssssstin collected $0.10 from pot
jusssssssstin: doesn't show hand 
*** SUMMARY ***
Total pot $0.10 | Rake $0 
Seat 2: prisiversiu folded before Flop (didn't bet)
Seat 3: vasko55555 folded before Flop (didn't bet)
Seat 4: arafaelll129 folded before Flop (didn't bet)
Seat 6: Dorex2007 (button) folded before Flop (didn't bet)
Seat 7: martinbassan (small blind) folded before Flop
Seat 8: jusssssssstin (big blind) collected ($0.10)
Seat 9: oO NeoGeo Oo folded before Flop (didn't bet)



PokerStars Hand #238860197712:  Hold'em No Limit ($0.02/$0.05 USD) - 2022/09/25 11:07:30 PT [2022/09/25 14:07:30 ET]
Table 'Dangreen III' 9-max Seat #7 is the button
Seat 2: prisiversiu ($5.65 in chips) 
Seat 3: vasko55555 ($2.22 in chips) 
Seat 4: arafaelll129 ($5.33 in chips) 
Seat 6: Dorex2007 ($5.43 in chips) 
Seat 7: martinbassan ($1.56 in chips) 
Seat 8: jusssssssstin ($5.05 in chips) 
Seat 9: oO NeoGeo Oo ($4.26 in chips) 
jusssssssstin: posts small blind $0.02
oO NeoGeo Oo: posts big blind $0.05
iSeniorTomato: sits out 
*** HOLE CARDS ***
Dealt to Dorex2007 [Kd 4d]
prisiversiu: folds 
vasko55555: calls $0.05
arafaelll129: raises $0.15 to $0.20
Dorex2007: folds 
martinbassan: folds 
jusssssssstin: folds 
oO NeoGeo Oo: calls $0.15
vasko55555: folds 
*** FLOP *** [8h Qc 3s]
oO NeoGeo Oo: checks 
arafaelll129: bets $0.15
oO NeoGeo Oo: folds 
Uncalled bet ($0.15) returned to arafaelll129
arafaelll129 collected $0.45 from pot
arafaelll129: doesn't show hand 
*** SUMMARY ***
Total pot $0.47 | Rake $0.02 
Board [8h Qc 3s]
Seat 2: prisiversiu folded before Flop (didn't bet)
Seat 3: vasko55555 folded before Flop
Seat 4: arafaelll129 collected ($0.45)
Seat 6: Dorex2007 folded before Flop (didn't bet)
Seat 7: martinbassan (button) folded before Flop (didn't bet)
Seat 8: jusssssssstin (small blind) folded before Flop
Seat 9: oO NeoGeo Oo (big blind) folded on the Flop



PokerStars Hand #238860225196:  Hold'em No Limit ($0.02/$0.05 USD) - 2022/09/25 11:08:25 PT [2022/09/25 14:08:25 ET]
Table 'Dangreen III' 9-max Seat #8 is the button
Seat 2: prisiversiu ($5.65 in chips) 
Seat 3: vasko55555 ($2.17 in chips) 
Seat 4: arafaelll129 ($5.58 in chips) 
Seat 6: Dorex2007 ($5.43 in chips) 
Seat 7: martinbassan ($1.56 in chips) 
Seat 8: jusssssssstin ($5.03 in chips) 
Seat 9: oO NeoGeo Oo ($4.06 in chips) 
oO NeoGeo Oo: posts small blind $0.02
prisiversiu: posts big blind $0.05
iSeniorTomato: sits out 
*** HOLE CARDS ***
Dealt to Dorex2007 [6h Jc]
vasko55555: folds 
arafaelll129: folds 
Dorex2007: folds 
martinbassan: calls $0.05
jusssssssstin: raises $0.22 to $0.27
oO NeoGeo Oo: calls $0.25
prisiversiu: calls $0.22
martinbassan: folds 
*** FLOP *** [6s Th 7d]
oO NeoGeo Oo: checks 
prisiversiu: checks 
jusssssssstin: bets $0.61
oO NeoGeo Oo: calls $0.61
prisiversiu: folds 
*** TURN *** [6s Th 7d] [8h]
oO NeoGeo Oo: checks 
jusssssssstin: bets $0.59
oO NeoGeo Oo: calls $0.59
*** RIVER *** [6s Th 7d 8h] [Kd]
oO NeoGeo Oo: checks 
jusssssssstin: checks 
*** SHOW DOWN ***
oO NeoGeo Oo: shows [Qc As] (high card Ace)
jusssssssstin: shows [Qs Tc] (a pair of Tens)
jusssssssstin collected $3.12 from pot
*** SUMMARY ***
Total pot $3.26 | Rake $0.14 
Board [6s Th 7d 8h Kd]
Seat 2: prisiversiu (big blind) folded on the Flop
Seat 3: vasko55555 folded before Flop (didn't bet)
Seat 4: arafaelll129 folded before Flop (didn't bet)
Seat 6: Dorex2007 folded before Flop (didn't bet)
Seat 7: martinbassan folded before Flop
Seat 8: jusssssssstin (button) showed [Qs Tc] and won ($3.12) with a pair of Tens
Seat 9: oO NeoGeo Oo (small blind) showed [Qc As] and lost with high card Ace



PokerStars Hand #238860272694:  Hold'em No Limit ($0.02/$0.05 USD) - 2022/09/25 11:10:00 PT [2022/09/25 14:10:00 ET]
Table 'Dangreen III' 9-max Seat #9 is the button
Seat 2: prisiversiu ($5.38 in chips) 
Seat 3: vasko55555 ($2.17 in chips) 
Seat 4: arafaelll129 ($5.58 in chips) 
Seat 6: Dorex2007 ($5.43 in chips) 
Seat 7: martinbassan ($1.51 in chips) 
Seat 8: jusssssssstin ($6.68 in chips) 
Seat 9: oO NeoGeo Oo ($2.59 in chips) 
prisiversiu: posts small blind $0.02
vasko55555: posts big blind $0.05
iSeniorTomato: sits out 
*** HOLE CARDS ***
Dealt to Dorex2007 [2d Th]
arafaelll129: folds 
Dorex2007: folds 
martinbassan: folds 
jusssssssstin: raises $0.10 to $0.15
oO NeoGeo Oo: folds 
prisiversiu: folds 
vasko55555: folds 
Uncalled bet ($0.10) returned to jusssssssstin
jusssssssstin collected $0.12 from pot
jusssssssstin: doesn't show hand 
*** SUMMARY ***
Total pot $0.12 | Rake $0 
Seat 2: prisiversiu (small blind) folded before Flop
Seat 3: vasko55555 (big blind) folded before Flop
Seat 4: arafaelll129 folded before Flop (didn't bet)
Seat 6: Dorex2007 folded before Flop (didn't bet)
Seat 7: martinbassan folded before Flop (didn't bet)
Seat 8: jusssssssstin collected ($0.12)
Seat 9: oO NeoGeo Oo (button) folded before Flop (didn't bet)



PokerStars Hand #238860284369:  Hold'em No Limit ($0.02/$0.05 USD) - 2022/09/25 11:10:24 PT [2022/09/25 14:10:24 ET]
Table 'Dangreen III' 9-max Seat #2 is the button
Seat 2: prisiversiu ($5.36 in chips) 
Seat 3: vasko55555 ($2.12 in chips) 
Seat 4: arafaelll129 ($5.58 in chips) 
Seat 6: Dorex2007 ($5.43 in chips) 
Seat 7: martinbassan ($1.51 in chips) 
Seat 8: jusssssssstin ($6.75 in chips) 
Seat 9: oO NeoGeo Oo ($2.59 in chips) 
vasko55555: posts small blind $0.02
arafaelll129: posts big blind $0.05
iSeniorTomato: sits out 
MakkaPitew: sits out 
*** HOLE CARDS ***
Dealt to Dorex2007 [7d 4s]
Dorex2007: folds 
martinbassan: calls $0.05
jusssssssstin: folds 
oO NeoGeo Oo: folds 
prisiversiu: raises $0.05 to $0.10
vasko55555: folds 
arafaelll129: folds 
martinbassan: calls $0.05
*** FLOP *** [5c As 8c]
martinbassan: bets $0.13
prisiversiu: folds 
Uncalled bet ($0.13) returned to martinbassan
martinbassan collected $0.26 from pot
*** SUMMARY ***
Total pot $0.27 | Rake $0.01 
Board [5c As 8c]
Seat 2: prisiversiu (button) folded on the Flop
Seat 3: vasko55555 (small blind) folded before Flop
Seat 4: arafaelll129 (big blind) folded before Flop
Seat 6: Dorex2007 folded before Flop (didn't bet)
Seat 7: martinbassan collected ($0.26)
Seat 8: jusssssssstin folded before Flop (didn't bet)
Seat 9: oO NeoGeo Oo folded before Flop (didn't bet)



PokerStars Hand #238860311199:  Hold'em No Limit ($0.02/$0.05 USD) - 2022/09/25 11:11:17 PT [2022/09/25 14:11:17 ET]
Table 'Dangreen III' 9-max Seat #3 is the button
Seat 2: prisiversiu ($5.26 in chips) 
Seat 3: vasko55555 ($2.10 in chips) 
Seat 4: arafaelll129 ($5.53 in chips) 
Seat 5: iSeniorTomato ($5 in chips) 
Seat 6: Dorex2007 ($5.43 in chips) 
Seat 7: martinbassan ($1.67 in chips) 
Seat 8: jusssssssstin ($6.75 in chips) 
Seat 9: oO NeoGeo Oo ($2.59 in chips) 
arafaelll129: posts small blind $0.02
iSeniorTomato: posts big blind $0.05
MakkaPitew: sits out 
*** HOLE CARDS ***
Dealt to Dorex2007 [8c 3s]
Dorex2007: folds 
martinbassan: raises $0.10 to $0.15
jusssssssstin: folds 
oO NeoGeo Oo: folds 
prisiversiu: folds 
vasko55555: folds 
arafaelll129: folds 
iSeniorTomato: folds 
Uncalled bet ($0.10) returned to martinbassan
martinbassan collected $0.12 from pot
martinbassan: doesn't show hand 
*** SUMMARY ***
Total pot $0.12 | Rake $0 
Seat 2: prisiversiu folded before Flop (didn't bet)
Seat 3: vasko55555 (button) folded before Flop (didn't bet)
Seat 4: arafaelll129 (small blind) folded before Flop
Seat 5: iSeniorTomato (big blind) folded before Flop
Seat 6: Dorex2007 folded before Flop (didn't bet)
Seat 7: martinbassan collected ($0.12)
Seat 8: jusssssssstin folded before Flop (didn't bet)
Seat 9: oO NeoGeo Oo folded before Flop (didn't bet)



PokerStars Hand #238860324018:  Hold'em No Limit ($0.02/$0.05 USD) - 2022/09/25 11:11:43 PT [2022/09/25 14:11:43 ET]
Table 'Dangreen III' 9-max Seat #4 is the button
Seat 2: prisiversiu ($5.26 in chips) 
Seat 3: vasko55555 ($2.10 in chips) 
Seat 4: arafaelll129 ($5.51 in chips) 
Seat 5: iSeniorTomato ($5 in chips) 
Seat 6: Dorex2007 ($5.43 in chips) 
Seat 7: martinbassan ($1.74 in chips) 
Seat 8: jusssssssstin ($6.75 in chips) 
Seat 9: oO NeoGeo Oo ($2.59 in chips) 
iSeniorTomato: posts small blind $0.02
Dorex2007: posts big blind $0.05
MakkaPitew: sits out 
*** HOLE CARDS ***
Dealt to Dorex2007 [9d Qc]
martinbassan: folds 
jusssssssstin: folds 
oO NeoGeo Oo: folds 
prisiversiu: folds 
vasko55555: calls $0.05
arafaelll129: folds 
iSeniorTomato: folds 
Dorex2007: checks 
*** FLOP *** [9h As Js]
Dorex2007: checks 
vasko55555: bets $0.10
Dorex2007: folds 
Uncalled bet ($0.10) returned to vasko55555
vasko55555 collected $0.12 from pot
vasko55555: doesn't show hand 
*** SUMMARY ***
Total pot $0.12 | Rake $0 
Board [9h As Js]
Seat 2: prisiversiu folded before Flop (didn't bet)
Seat 3: vasko55555 collected ($0.12)
Seat 4: arafaelll129 (button) folded before Flop (didn't bet)
Seat 5: iSeniorTomato (small blind) folded before Flop
Seat 6: Dorex2007 (big blind) folded on the Flop
Seat 7: martinbassan folded before Flop (didn't bet)
Seat 8: jusssssssstin folded before Flop (didn't bet)
Seat 9: oO NeoGeo Oo folded before Flop (didn't bet)



PokerStars Hand #238860346053:  Hold'em No Limit ($0.02/$0.05 USD) - 2022/09/25 11:12:27 PT [2022/09/25 14:12:27 ET]
Table 'Dangreen III' 9-max Seat #5 is the button
Seat 2: prisiversiu ($5.26 in chips) 
Seat 3: vasko55555 ($2.17 in chips) 
Seat 4: arafaelll129 ($5.51 in chips) 
Seat 5: iSeniorTomato ($5 in chips) 
Seat 6: Dorex2007 ($5.38 in chips) 
Seat 7: martinbassan ($1.74 in chips) 
Seat 8: jusssssssstin ($6.75 in chips) 
Seat 9: oO NeoGeo Oo ($2.59 in chips) 
Dorex2007: posts small blind $0.02
martinbassan: posts big blind $0.05
MakkaPitew: sits out 
*** HOLE CARDS ***
Dealt to Dorex2007 [2s 3d]
jusssssssstin: folds 
oO NeoGeo Oo: folds 
prisiversiu: folds 
vasko55555: raises $0.10 to $0.15
arafaelll129: folds 
iSeniorTomato: folds 
Dorex2007: folds 
martinbassan has timed out
martinbassan: folds 
Uncalled bet ($0.10) returned to vasko55555
vasko55555 collected $0.12 from pot
vasko55555: doesn't show hand 
*** SUMMARY ***
Total pot $0.12 | Rake $0 
Seat 2: prisiversiu folded before Flop (didn't bet)
Seat 3: vasko55555 collected ($0.12)
Seat 4: arafaelll129 folded before Flop (didn't bet)
Seat 5: iSeniorTomato (button) folded before Flop (didn't bet)
Seat 6: Dorex2007 (small blind) folded before Flop
Seat 7: martinbassan (big blind) folded before Flop
Seat 8: jusssssssstin folded before Flop (didn't bet)
Seat 9: oO NeoGeo Oo folded before Flop (didn't bet)



PokerStars Hand #238860373742:  Hold'em No Limit ($0.02/$0.05 USD) - 2022/09/25 11:13:23 PT [2022/09/25 14:13:23 ET]
Table 'Dangreen III' 9-max Seat #6 is the button
Seat 2: prisiversiu ($5.26 in chips) 
Seat 3: vasko55555 ($2.24 in chips) 
Seat 4: arafaelll129 ($5.51 in chips) 
Seat 5: iSeniorTomato ($5 in chips) 
Seat 6: Dorex2007 ($5.36 in chips) 
Seat 7: martinbassan ($1.69 in chips) 
Seat 8: jusssssssstin ($6.75 in chips) 
Seat 9: oO NeoGeo Oo ($2.59 in chips) 
martinbassan: posts small blind $0.02
jusssssssstin: posts big blind $0.05
MakkaPitew: sits out 
*** HOLE CARDS ***
Dealt to Dorex2007 [3d Jh]
oO NeoGeo Oo: folds 
prisiversiu: folds 
vasko55555: calls $0.05
arafaelll129: folds 
iSeniorTomato: folds 
Dorex2007: folds 
martinbassan: folds 
jusssssssstin: checks 
*** FLOP *** [8d Jc Th]
jusssssssstin: checks 
vasko55555: bets $0.10
Dorex2007 is disconnected 
MakkaPitew is disconnected 
prisiversiu is disconnected 
iSeniorTomato is disconnected 
jusssssssstin is disconnected 
martinbassan is disconnected 
jusssssssstin has timed out while disconnected
jusssssssstin: folds 
Uncalled bet ($0.10) returned to vasko55555
vasko55555 collected $0.12 from pot
*** SUMMARY ***
Total pot $0.12 | Rake $0 
Board [8d Jc Th]
Seat 2: prisiversiu folded before Flop (didn't bet)
Seat 3: vasko55555 collected ($0.12)
Seat 4: arafaelll129 folded before Flop (didn't bet)
Seat 5: iSeniorTomato folded before Flop (didn't bet)
Seat 6: Dorex2007 (button) folded before Flop (didn't bet)
Seat 7: martinbassan (small blind) folded before Flop
Seat 8: jusssssssstin (big blind) folded on the Flop
Seat 9: oO NeoGeo Oo folded before Flop (didn't bet)



