PokerStars Hand #237169090771:  Hold'em No Limit ($0.01/$0.02 USD) - 2022/07/04 21:01:12 PT [2022/07/05 0:01:12 ET]
Table 'Semele II' 9-max Seat #8 is the button
Seat 1: jrengifo13 ($1.52 in chips) 
Seat 2: Roark,John ($2 in chips) 
Seat 5: Dimkar101 ($4.33 in chips) 
Seat 6: Dorex2007 ($5.50 in chips) 
Seat 7: destroynl ($2.04 in chips) 
Seat 8: Luis Fern430 ($1.91 in chips) 
Seat 9: votanic ($0.72 in chips) 
votanic: posts small blind $0.01
jrengifo13: posts big blind $0.02
*** HOLE CARDS ***
Dealt to Dorex2007 [Ts 3c]
Roark,John: folds 
Dimkar101: folds 
Dorex2007: folds 
destroynl: folds 
Luis Fern430: folds 
votanic: calls $0.01
jrengifo13: checks 
*** FLOP *** [9c 3s Td]
votanic: checks 
jrengifo13: bets $0.02
votanic: calls $0.02
*** TURN *** [9c 3s Td] [6s]
votanic: checks 
jrengifo13: bets $0.04
votanic: raises $0.16 to $0.20
jrengifo13: folds 
Uncalled bet ($0.16) returned to votanic
votanic collected $0.15 from pot
*** SUMMARY ***
Total pot $0.16 | Rake $0.01 
Board [9c 3s Td 6s]
Seat 1: jrengifo13 (big blind) folded on the Turn
Seat 2: Roark,John folded before Flop (didn't bet)
Seat 5: Dimkar101 folded before Flop (didn't bet)
Seat 6: Dorex2007 folded before Flop (didn't bet)
Seat 7: destroynl folded before Flop (didn't bet)
Seat 8: Luis Fern430 (button) folded before Flop (didn't bet)
Seat 9: votanic (small blind) collected ($0.15)



PokerStars Hand #237169097501:  Hold'em No Limit ($0.01/$0.02 USD) - 2022/07/04 21:02:07 PT [2022/07/05 0:02:07 ET]
Table 'Semele II' 9-max Seat #9 is the button
Seat 1: jrengifo13 ($1.44 in chips) 
Seat 2: Roark,John ($2 in chips) 
Seat 5: Dimkar101 ($4.33 in chips) 
Seat 6: Dorex2007 ($5.50 in chips) 
Seat 7: destroynl ($2.04 in chips) 
Seat 8: Luis Fern430 ($1.91 in chips) 
Seat 9: votanic ($0.79 in chips) 
jrengifo13: posts small blind $0.01
Roark,John: posts big blind $0.02
*** HOLE CARDS ***
Dealt to Dorex2007 [2d 8c]
Dimkar101: folds 
Dorex2007: folds 
destroynl: folds 
Luis Fern430 has timed out
Luis Fern430: folds 
votanic: folds 
jrengifo13: folds 
Uncalled bet ($0.01) returned to Roark,John
Roark,John collected $0.02 from pot
*** SUMMARY ***
Total pot $0.02 | Rake $0 
Seat 1: jrengifo13 (small blind) folded before Flop
Seat 2: Roark,John (big blind) collected ($0.02)
Seat 5: Dimkar101 folded before Flop (didn't bet)
Seat 6: Dorex2007 folded before Flop (didn't bet)
Seat 7: destroynl folded before Flop (didn't bet)
Seat 8: Luis Fern430 folded before Flop (didn't bet)
Seat 9: votanic (button) folded before Flop (didn't bet)



PokerStars Hand #237169100140:  Hold'em No Limit ($0.01/$0.02 USD) - 2022/07/04 21:02:29 PT [2022/07/05 0:02:29 ET]
Table 'Semele II' 9-max Seat #1 is the button
Seat 1: jrengifo13 ($1.43 in chips) 
Seat 2: Roark,John ($2.01 in chips) 
Seat 5: Dimkar101 ($4.33 in chips) 
Seat 6: Dorex2007 ($5.50 in chips) 
Seat 7: destroynl ($2.04 in chips) 
Seat 8: Luis Fern430 ($1.91 in chips) 
Seat 9: votanic ($0.79 in chips) 
Roark,John: posts small blind $0.01
Dimkar101: posts big blind $0.02
*** HOLE CARDS ***
Dealt to Dorex2007 [9h 7h]
Dorex2007: folds 
destroynl: folds 
Luis Fern430: calls $0.02
votanic: calls $0.02
jrengifo13: folds 
Roark,John: folds 
Dimkar101: checks 
*** FLOP *** [5d Ad 8d]
Dimkar101: checks 
Luis Fern430: checks 
votanic: checks 
*** TURN *** [5d Ad 8d] [4c]
Dimkar101: checks 
Luis Fern430: checks 
votanic: checks 
*** RIVER *** [5d Ad 8d 4c] [2d]
Dimkar101: checks 
Luis Fern430: bets $0.10
votanic: folds 
Dimkar101: folds 
Uncalled bet ($0.10) returned to Luis Fern430
Luis Fern430 collected $0.07 from pot
*** SUMMARY ***
Total pot $0.07 | Rake $0 
Board [5d Ad 8d 4c 2d]
Seat 1: jrengifo13 (button) folded before Flop (didn't bet)
Seat 2: Roark,John (small blind) folded before Flop
Seat 5: Dimkar101 (big blind) folded on the River
Seat 6: Dorex2007 folded before Flop (didn't bet)
Seat 7: destroynl folded before Flop (didn't bet)
Seat 8: Luis Fern430 collected ($0.07)
Seat 9: votanic folded on the River



PokerStars Hand #237169108615:  Hold'em No Limit ($0.01/$0.02 USD) - 2022/07/04 21:03:39 PT [2022/07/05 0:03:39 ET]
Table 'Semele II' 9-max Seat #2 is the button
Seat 1: jrengifo13 ($1.43 in chips) 
Seat 2: Roark,John ($2 in chips) 
Seat 5: Dimkar101 ($4.31 in chips) 
Seat 6: Dorex2007 ($5.50 in chips) 
Seat 7: destroynl ($2.04 in chips) 
Seat 8: Luis Fern430 ($1.96 in chips) 
Seat 9: votanic ($0.77 in chips) 
Dimkar101: posts small blind $0.01
Dorex2007: posts big blind $0.02
*** HOLE CARDS ***
Dealt to Dorex2007 [Qs Jc]
destroynl: raises $0.04 to $0.06
Luis Fern430: folds 
votanic: folds 
jrengifo13: folds 
tolya-tt69 joins the table at seat #3 
Roark,John: folds 
Dimkar101: calls $0.05
Dorex2007: calls $0.04
*** FLOP *** [7d 8d 8h]
Dimkar101: checks 
Dorex2007: checks 
destroynl: bets $0.12
Dimkar101: folds 
Dorex2007: folds 
Uncalled bet ($0.12) returned to destroynl
destroynl collected $0.17 from pot
*** SUMMARY ***
Total pot $0.18 | Rake $0.01 
Board [7d 8d 8h]
Seat 1: jrengifo13 folded before Flop (didn't bet)
Seat 2: Roark,John (button) folded before Flop (didn't bet)
Seat 5: Dimkar101 (small blind) folded on the Flop
Seat 6: Dorex2007 (big blind) folded on the Flop
Seat 7: destroynl collected ($0.17)
Seat 8: Luis Fern430 folded before Flop (didn't bet)
Seat 9: votanic folded before Flop (didn't bet)



PokerStars Hand #237169116526:  Hold'em No Limit ($0.01/$0.02 USD) - 2022/07/04 21:04:44 PT [2022/07/05 0:04:44 ET]
Table 'Semele II' 9-max Seat #5 is the button
Seat 1: jrengifo13 ($1.43 in chips) 
Seat 2: Roark,John ($2 in chips) 
Seat 5: Dimkar101 ($4.25 in chips) 
Seat 6: Dorex2007 ($5.44 in chips) 
Seat 7: destroynl ($2.15 in chips) 
Seat 8: Luis Fern430 ($1.96 in chips) 
Seat 9: votanic ($0.77 in chips) 
Dorex2007: posts small blind $0.01
destroynl: posts big blind $0.02
tolya-tt69: sits out 
*** HOLE CARDS ***
Dealt to Dorex2007 [3s 8c]
Luis Fern430: calls $0.02
votanic: folds 
jrengifo13: calls $0.02
Roark,John: folds 
Dimkar101: calls $0.02
Dorex2007: folds 
destroynl: checks 
*** FLOP *** [3d As 7h]
destroynl: checks 
Luis Fern430: bets $0.10
jrengifo13: calls $0.10
Dimkar101: folds 
destroynl: folds 
*** TURN *** [3d As 7h] [6h]
Luis Fern430: bets $0.44
jrengifo13: calls $0.44
*** RIVER *** [3d As 7h 6h] [Qc]
Luis Fern430: checks 
jrengifo13: checks 
*** SHOW DOWN ***
Luis Fern430: shows [Ac 9s] (a pair of Aces)
jrengifo13: shows [9c Ad] (a pair of Aces)
Luis Fern430 collected $0.57 from pot
jrengifo13 collected $0.56 from pot
*** SUMMARY ***
Total pot $1.17 | Rake $0.04 
Board [3d As 7h 6h Qc]
Seat 1: jrengifo13 showed [9c Ad] and won ($0.56) with a pair of Aces
Seat 2: Roark,John folded before Flop (didn't bet)
Seat 5: Dimkar101 (button) folded on the Flop
Seat 6: Dorex2007 (small blind) folded before Flop
Seat 7: destroynl (big blind) folded on the Flop
Seat 8: Luis Fern430 showed [Ac 9s] and won ($0.57) with a pair of Aces
Seat 9: votanic folded before Flop (didn't bet)



PokerStars Hand #237169126228:  Hold'em No Limit ($0.01/$0.02 USD) - 2022/07/04 21:06:05 PT [2022/07/05 0:06:05 ET]
Table 'Semele II' 9-max Seat #6 is the button
Seat 1: jrengifo13 ($1.43 in chips) 
Seat 2: Roark,John ($2 in chips) 
Seat 3: tolya-tt69 ($0.80 in chips) 
Seat 5: Dimkar101 ($4.23 in chips) 
Seat 6: Dorex2007 ($5.43 in chips) 
Seat 7: destroynl ($2.13 in chips) 
Seat 8: Luis Fern430 ($1.97 in chips) 
Seat 9: votanic ($0.77 in chips) 
destroynl: posts small blind $0.01
Luis Fern430: posts big blind $0.02
tolya-tt69: posts big blind $0.02
*** HOLE CARDS ***
Dealt to Dorex2007 [Ac Th]
AryanTomar joins the table at seat #4 
votanic: calls $0.02
jrengifo13: folds 
Roark,John: folds 
tolya-tt69: checks 
Dimkar101: folds 
Dorex2007: raises $0.02 to $0.04
destroynl: folds 
Luis Fern430: calls $0.02
votanic: calls $0.02
tolya-tt69: folds 
*** FLOP *** [As 4d Jh]
Luis Fern430: checks 
votanic: checks 
Dorex2007: bets $0.07
Luis Fern430: calls $0.07
votanic: folds 
*** TURN *** [As 4d Jh] [2s]
Luis Fern430: checks 
Dorex2007: bets $0.14
Luis Fern430: folds 
Uncalled bet ($0.14) returned to Dorex2007
Dorex2007 collected $0.28 from pot
*** SUMMARY ***
Total pot $0.29 | Rake $0.01 
Board [As 4d Jh 2s]
Seat 1: jrengifo13 folded before Flop (didn't bet)
Seat 2: Roark,John folded before Flop (didn't bet)
Seat 3: tolya-tt69 folded before Flop (didn't bet)
Seat 5: Dimkar101 folded before Flop (didn't bet)
Seat 6: Dorex2007 (button) collected ($0.28)
Seat 7: destroynl (small blind) folded before Flop
Seat 8: Luis Fern430 (big blind) folded on the Turn
Seat 9: votanic folded on the Flop



PokerStars Hand #237169134346:  Hold'em No Limit ($0.01/$0.02 USD) - 2022/07/04 21:07:13 PT [2022/07/05 0:07:13 ET]
Table 'Semele II' 9-max Seat #7 is the button
Seat 1: jrengifo13 ($1.43 in chips) 
Seat 2: Roark,John ($2 in chips) 
Seat 3: tolya-tt69 ($0.78 in chips) 
Seat 4: AryanTomar ($0.91 in chips) 
Seat 5: Dimkar101 ($4.23 in chips) 
Seat 6: Dorex2007 ($5.60 in chips) 
Seat 7: destroynl ($2.12 in chips) 
Seat 8: Luis Fern430 ($1.86 in chips) 
Seat 9: votanic ($0.73 in chips) 
Luis Fern430: posts small blind $0.01
votanic: posts big blind $0.02
AryanTomar: posts big blind $0.02
*** HOLE CARDS ***
Dealt to Dorex2007 [As 5c]
jrengifo13: calls $0.02
Roark,John: folds 
tolya-tt69: folds 
AryanTomar: checks 
Dimkar101: calls $0.02
Dorex2007: folds 
destroynl: calls $0.02
Luis Fern430: folds 
votanic: checks 
*** FLOP *** [Jd Ad Th]
votanic: checks 
jrengifo13: checks 
AryanTomar: checks 
Dimkar101: checks 
destroynl: checks 
*** TURN *** [Jd Ad Th] [4c]
votanic: checks 
jrengifo13: checks 
AryanTomar: bets $0.08
Dimkar101: folds 
destroynl: folds 
votanic: folds 
jrengifo13: folds 
Uncalled bet ($0.08) returned to AryanTomar
AryanTomar collected $0.11 from pot
*** SUMMARY ***
Total pot $0.11 | Rake $0 
Board [Jd Ad Th 4c]
Seat 1: jrengifo13 folded on the Turn
Seat 2: Roark,John folded before Flop (didn't bet)
Seat 3: tolya-tt69 folded before Flop (didn't bet)
Seat 4: AryanTomar collected ($0.11)
Seat 5: Dimkar101 folded on the Turn
Seat 6: Dorex2007 folded before Flop (didn't bet)
Seat 7: destroynl (button) folded on the Turn
Seat 8: Luis Fern430 (small blind) folded before Flop
Seat 9: votanic (big blind) folded on the Turn



PokerStars Hand #237169140824:  Hold'em No Limit ($0.01/$0.02 USD) - 2022/07/04 21:08:06 PT [2022/07/05 0:08:06 ET]
Table 'Semele II' 9-max Seat #8 is the button
Seat 1: jrengifo13 ($1.41 in chips) 
Seat 2: Roark,John ($2 in chips) 
Seat 3: tolya-tt69 ($0.78 in chips) 
Seat 4: AryanTomar ($1 in chips) 
Seat 5: Dimkar101 ($4.21 in chips) 
Seat 6: Dorex2007 ($5.60 in chips) 
Seat 7: destroynl ($2.10 in chips) 
Seat 8: Luis Fern430 ($1.85 in chips) 
Seat 9: votanic ($0.71 in chips) 
votanic: posts small blind $0.01
jrengifo13: posts big blind $0.02
*** HOLE CARDS ***
Dealt to Dorex2007 [Kd Ks]
Roark,John: folds 
tolya-tt69: raises $0.02 to $0.04
AryanTomar: raises $0.08 to $0.12
Dimkar101: folds 
Dorex2007: raises $0.52 to $0.64
destroynl: folds 
Luis Fern430: folds 
votanic: folds 
jrengifo13: folds 
tolya-tt69: folds 
AryanTomar: calls $0.52
*** FLOP *** [Qs Jh Tc]
AryanTomar: checks 
Dorex2007: bets $1.30
AryanTomar: calls $0.36 and is all-in
Uncalled bet ($0.94) returned to Dorex2007
*** TURN *** [Qs Jh Tc] [2d]
*** RIVER *** [Qs Jh Tc 2d] [8c]
*** SHOW DOWN ***
AryanTomar: shows [4s Ac] (high card Ace)
Dorex2007: shows [Kd Ks] (a pair of Kings)
AryanTomar cashed out the hand for $0.14
Dorex2007 cashed out the hand for $1.84 | Cash Out Fee $0.02
*** SUMMARY ***
Total pot $2.07 | Rake $0.07 
Board [Qs Jh Tc 2d 8c]
Seat 1: jrengifo13 (big blind) folded before Flop
Seat 2: Roark,John folded before Flop (didn't bet)
Seat 3: tolya-tt69 folded before Flop
Seat 4: AryanTomar showed [4s Ac] and lost with high card Ace (cashed out).
Seat 5: Dimkar101 folded before Flop (didn't bet)
Seat 6: Dorex2007 showed [Kd Ks] and won ($2) with a pair of Kings (pot not awarded as player cashed out)
Seat 7: destroynl folded before Flop (didn't bet)
Seat 8: Luis Fern430 (button) folded before Flop (didn't bet)
Seat 9: votanic (small blind) folded before Flop



PokerStars Hand #237169147646:  Hold'em No Limit ($0.01/$0.02 USD) - 2022/07/04 21:09:03 PT [2022/07/05 0:09:03 ET]
Table 'Semele II' 9-max Seat #9 is the button
Seat 1: jrengifo13 ($1.39 in chips) 
Seat 2: Roark,John ($2 in chips) 
Seat 3: tolya-tt69 ($0.74 in chips) 
Seat 4: AryanTomar ($0.14 in chips) 
Seat 5: Dimkar101 ($4.21 in chips) 
Seat 6: Dorex2007 ($6.44 in chips) 
Seat 7: destroynl ($2.10 in chips) 
Seat 8: Luis Fern430 ($1.85 in chips) 
Seat 9: votanic ($0.70 in chips) 
jrengifo13: posts small blind $0.01
Roark,John: posts big blind $0.02
*** HOLE CARDS ***
Dealt to Dorex2007 [Ah Jc]
tolya-tt69: folds 
AryanTomar: raises $0.02 to $0.04
Dimkar101: calls $0.04
Dorex2007: calls $0.04
destroynl: folds 
Luis Fern430: folds 
votanic: folds 
jrengifo13: calls $0.03
Roark,John: folds 
*** FLOP *** [2d 6h Th]
jrengifo13: checks 
AryanTomar: bets $0.02
Dimkar101: folds 
Dorex2007: folds 
jrengifo13: calls $0.02
*** TURN *** [2d 6h Th] [Ts]
jrengifo13: checks 
AryanTomar: bets $0.02
jrengifo13: calls $0.02
*** RIVER *** [2d 6h Th Ts] [8c]
jrengifo13: checks 
AryanTomar: bets $0.06 and is all-in
jrengifo13: calls $0.06
*** SHOW DOWN ***
AryanTomar: shows [Tc Qd] (three of a kind, Tens)
jrengifo13: shows [Kd 6d] (two pair, Tens and Sixes)
AryanTomar collected $0.37 from pot
*** SUMMARY ***
Total pot $0.38 | Rake $0.01 
Board [2d 6h Th Ts 8c]
Seat 1: jrengifo13 (small blind) showed [Kd 6d] and lost with two pair, Tens and Sixes
Seat 2: Roark,John (big blind) folded before Flop
Seat 3: tolya-tt69 folded before Flop (didn't bet)
Seat 4: AryanTomar showed [Tc Qd] and won ($0.37) with three of a kind, Tens
Seat 5: Dimkar101 folded on the Flop
Seat 6: Dorex2007 folded on the Flop
Seat 7: destroynl folded before Flop (didn't bet)
Seat 8: Luis Fern430 folded before Flop (didn't bet)
Seat 9: votanic (button) folded before Flop (didn't bet)



PokerStars Hand #237169156660:  Hold'em No Limit ($0.01/$0.02 USD) - 2022/07/04 21:10:18 PT [2022/07/05 0:10:18 ET]
Table 'Semele II' 9-max Seat #1 is the button
Seat 1: jrengifo13 ($1.25 in chips) 
Seat 2: Roark,John ($2 in chips) 
Seat 3: tolya-tt69 ($0.74 in chips) 
Seat 4: AryanTomar ($0.37 in chips) 
Seat 5: Dimkar101 ($4.17 in chips) 
Seat 6: Dorex2007 ($6.40 in chips) 
Seat 7: destroynl ($2.10 in chips) 
Seat 8: Luis Fern430 ($1.85 in chips) 
Seat 9: votanic ($0.70 in chips) 
Roark,John: posts small blind $0.01
tolya-tt69: posts big blind $0.02
*** HOLE CARDS ***
Dealt to Dorex2007 [Kd 8c]
AryanTomar: folds 
Dimkar101: folds 
Dorex2007: folds 
destroynl: folds 
Luis Fern430: folds 
votanic: folds 
jrengifo13: calls $0.02
Roark,John: folds 
tolya-tt69: checks 
*** FLOP *** [2d Qs 4c]
tolya-tt69: bets $0.02
jrengifo13: folds 
Uncalled bet ($0.02) returned to tolya-tt69
tolya-tt69 collected $0.05 from pot
*** SUMMARY ***
Total pot $0.05 | Rake $0 
Board [2d Qs 4c]
Seat 1: jrengifo13 (button) folded on the Flop
Seat 2: Roark,John (small blind) folded before Flop
Seat 3: tolya-tt69 (big blind) collected ($0.05)
Seat 4: AryanTomar folded before Flop (didn't bet)
Seat 5: Dimkar101 folded before Flop (didn't bet)
Seat 6: Dorex2007 folded before Flop (didn't bet)
Seat 7: destroynl folded before Flop (didn't bet)
Seat 8: Luis Fern430 folded before Flop (didn't bet)
Seat 9: votanic folded before Flop (didn't bet)



PokerStars Hand #237169160186:  Hold'em No Limit ($0.01/$0.02 USD) - 2022/07/04 21:10:47 PT [2022/07/05 0:10:47 ET]
Table 'Semele II' 9-max Seat #2 is the button
Seat 1: jrengifo13 ($1.23 in chips) 
Seat 2: Roark,John ($2 in chips) 
Seat 3: tolya-tt69 ($0.77 in chips) 
Seat 4: AryanTomar ($0.37 in chips) 
Seat 5: Dimkar101 ($4.17 in chips) 
Seat 6: Dorex2007 ($6.40 in chips) 
Seat 7: destroynl ($2.10 in chips) 
Seat 8: Luis Fern430 ($1.85 in chips) 
Seat 9: votanic ($0.70 in chips) 
tolya-tt69: posts small blind $0.01
AryanTomar: posts big blind $0.02
*** HOLE CARDS ***
Dealt to Dorex2007 [5c Ks]
Dimkar101: folds 
Dorex2007: folds 
destroynl: folds 
Luis Fern430: folds 
votanic: calls $0.02
jrengifo13: folds 
Roark,John: folds 
tolya-tt69: folds 
AryanTomar: raises $0.02 to $0.04
votanic: raises $0.66 to $0.70 and is all-in
AryanTomar: calls $0.33 and is all-in
Uncalled bet ($0.33) returned to votanic
*** FLOP *** [Qc 4c 2h]
*** TURN *** [Qc 4c 2h] [8c]
*** RIVER *** [Qc 4c 2h 8c] [7h]
*** SHOW DOWN ***
AryanTomar: shows [Td Jd] (high card Queen)
votanic: shows [As Ac] (a pair of Aces)
votanic collected $0.72 from pot
AryanTomar cashed out the hand for $0.16
*** SUMMARY ***
Total pot $0.75 | Rake $0.03 
Board [Qc 4c 2h 8c 7h]
Seat 1: jrengifo13 folded before Flop (didn't bet)
Seat 2: Roark,John (button) folded before Flop (didn't bet)
Seat 3: tolya-tt69 (small blind) folded before Flop
Seat 4: AryanTomar (big blind) showed [Td Jd] and lost with high card Queen (cashed out).
Seat 5: Dimkar101 folded before Flop (didn't bet)
Seat 6: Dorex2007 folded before Flop (didn't bet)
Seat 7: destroynl folded before Flop (didn't bet)
Seat 8: Luis Fern430 folded before Flop (didn't bet)
Seat 9: votanic showed [As Ac] and won ($0.72) with a pair of Aces



PokerStars Hand #237169165273:  Hold'em No Limit ($0.01/$0.02 USD) - 2022/07/04 21:11:30 PT [2022/07/05 0:11:30 ET]
Table 'Semele II' 9-max Seat #3 is the button
Seat 1: jrengifo13 ($1.23 in chips) 
Seat 2: Roark,John ($2 in chips) 
Seat 3: tolya-tt69 ($0.76 in chips) 
Seat 4: AryanTomar ($0.16 in chips) 
Seat 5: Dimkar101 ($4.17 in chips) 
Seat 6: Dorex2007 ($6.40 in chips) 
Seat 7: destroynl ($2.10 in chips) 
Seat 8: Luis Fern430 ($1.85 in chips) 
Seat 9: votanic ($1.05 in chips) 
AryanTomar: posts small blind $0.01
Dimkar101: posts big blind $0.02
*** HOLE CARDS ***
Dealt to Dorex2007 [3s 7d]
Dorex2007: folds 
destroynl: folds 
Luis Fern430: folds 
votanic: calls $0.02
jrengifo13: calls $0.02
Roark,John: folds 
tolya-tt69: raises $0.04 to $0.06
AryanTomar: raises $0.04 to $0.10
Dimkar101: calls $0.08
votanic: folds 
jrengifo13: folds 
tolya-tt69: raises $0.10 to $0.20
AryanTomar: calls $0.06 and is all-in
Dimkar101: calls $0.10
*** FLOP *** [4d 6d Jc]
Dimkar101: bets $0.04
tolya-tt69: raises $0.33 to $0.37
Dimkar101: folds 
Uncalled bet ($0.33) returned to tolya-tt69
*** TURN *** [4d 6d Jc] [Kc]
*** RIVER *** [4d 6d Jc Kc] [Jh]
*** SHOW DOWN ***
tolya-tt69: shows [6c 6s] (a full house, Sixes full of Jacks)
tolya-tt69 collected $0.16 from side pot
AryanTomar: shows [As 2s] (a pair of Jacks)
tolya-tt69 collected $0.50 from main pot
*** SUMMARY ***
Total pot $0.68 Main pot $0.50. Side pot $0.16. | Rake $0.02 
Board [4d 6d Jc Kc Jh]
Seat 1: jrengifo13 folded before Flop
Seat 2: Roark,John folded before Flop (didn't bet)
Seat 3: tolya-tt69 (button) showed [6c 6s] and won ($0.66) with a full house, Sixes full of Jacks
Seat 4: AryanTomar (small blind) showed [As 2s] and lost with a pair of Jacks
Seat 5: Dimkar101 (big blind) folded on the Flop
Seat 6: Dorex2007 folded before Flop (didn't bet)
Seat 7: destroynl folded before Flop (didn't bet)
Seat 8: Luis Fern430 folded before Flop (didn't bet)
Seat 9: votanic folded before Flop



PokerStars Hand #237169174210:  Hold'em No Limit ($0.01/$0.02 USD) - 2022/07/04 21:12:44 PT [2022/07/05 0:12:44 ET]
Table 'Semele II' 9-max Seat #5 is the button
Seat 1: jrengifo13 ($1.21 in chips) 
Seat 2: Roark,John ($2 in chips) 
Seat 3: tolya-tt69 ($1.18 in chips) 
Seat 5: Dimkar101 ($3.93 in chips) 
Seat 6: Dorex2007 ($6.40 in chips) 
Seat 7: destroynl ($2.10 in chips) 
Seat 8: Luis Fern430 ($1.85 in chips) 
Seat 9: votanic ($1.03 in chips) 
Dorex2007: posts small blind $0.01
destroynl: posts big blind $0.02
*** HOLE CARDS ***
Dealt to Dorex2007 [9d 5h]
Luis Fern430: calls $0.02
votanic: folds 
jrengifo13: calls $0.02
Roark,John: folds 
tolya-tt69: folds 
Dimkar101: calls $0.02
Dorex2007: folds 
destroynl: checks 
*** FLOP *** [9h 3d 2s]
AryanTomar is disconnected 
destroynl: checks 
Luis Fern430: checks 
jrengifo13: checks 
Dimkar101: checks 
*** TURN *** [9h 3d 2s] [Ks]
destroynl: checks 
Luis Fern430: checks 
jrengifo13: checks 
Dimkar101: checks 
*** RIVER *** [9h 3d 2s Ks] [7c]
destroynl: checks 
Luis Fern430: checks 
jrengifo13: checks 
Dimkar101: checks 
*** SHOW DOWN ***
destroynl: shows [3h 8d] (a pair of Threes)
Luis Fern430: mucks hand 
jrengifo13: mucks hand 
Dimkar101: mucks hand 
destroynl collected $0.09 from pot
*** SUMMARY ***
Total pot $0.09 | Rake $0 
Board [9h 3d 2s Ks 7c]
Seat 1: jrengifo13 mucked [Ad Ts]
Seat 2: Roark,John folded before Flop (didn't bet)
Seat 3: tolya-tt69 folded before Flop (didn't bet)
Seat 5: Dimkar101 (button) mucked [8s 4s]
Seat 6: Dorex2007 (small blind) folded before Flop
Seat 7: destroynl (big blind) showed [3h 8d] and won ($0.09) with a pair of Threes
Seat 8: Luis Fern430 mucked [Jh Qh]
Seat 9: votanic folded before Flop (didn't bet)



PokerStars Hand #237169183110:  Hold'em No Limit ($0.01/$0.02 USD) - 2022/07/04 21:13:58 PT [2022/07/05 0:13:58 ET]
Table 'Semele II' 9-max Seat #6 is the button
Seat 1: jrengifo13 ($1.19 in chips) 
Seat 2: Roark,John ($2 in chips) 
Seat 3: tolya-tt69 ($1.18 in chips) 
Seat 5: Dimkar101 ($3.91 in chips) 
Seat 6: Dorex2007 ($6.39 in chips) 
Seat 7: destroynl ($2.17 in chips) 
Seat 8: Luis Fern430 ($1.83 in chips) 
Seat 9: votanic ($1.03 in chips) 
destroynl: posts small blind $0.01
Luis Fern430: posts big blind $0.02
*** HOLE CARDS ***
Dealt to Dorex2007 [8s Qc]
votanic: folds 
jrengifo13: calls $0.02
Roark,John: raises $0.05 to $0.07
tolya-tt69: folds 
Dimkar101: folds 
Dorex2007: folds 
destroynl: folds 
AryanTomar is disconnected 
Luis Fern430: calls $0.05
jrengifo13: calls $0.05
*** FLOP *** [3s 2d 4d]
Luis Fern430: checks 
jrengifo13: checks 
Roark,John: checks 
*** TURN *** [3s 2d 4d] [8c]
Luis Fern430: checks 
jrengifo13: bets $0.10
Roark,John: folds 
Luis Fern430: raises $0.10 to $0.20
jrengifo13: calls $0.10
*** RIVER *** [3s 2d 4d 8c] [6s]
Luis Fern430: checks 
jrengifo13: bets $0.30
Luis Fern430: calls $0.30
*** SHOW DOWN ***
jrengifo13: shows [6d 8d] (two pair, Eights and Sixes)
Luis Fern430: mucks hand 
jrengifo13 collected $1.18 from pot
*** SUMMARY ***
Total pot $1.22 | Rake $0.04 
Board [3s 2d 4d 8c 6s]
Seat 1: jrengifo13 showed [6d 8d] and won ($1.18) with two pair, Eights and Sixes
Seat 2: Roark,John folded on the Turn
Seat 3: tolya-tt69 folded before Flop (didn't bet)
Seat 5: Dimkar101 folded before Flop (didn't bet)
Seat 6: Dorex2007 (button) folded before Flop (didn't bet)
Seat 7: destroynl (small blind) folded before Flop
Seat 8: Luis Fern430 (big blind) mucked [Td Th]
Seat 9: votanic folded before Flop (didn't bet)



PokerStars Hand #237169192815:  Hold'em No Limit ($0.01/$0.02 USD) - 2022/07/04 21:15:18 PT [2022/07/05 0:15:18 ET]
Table 'Semele II' 9-max Seat #7 is the button
Seat 1: jrengifo13 ($1.80 in chips) 
Seat 2: Roark,John ($2 in chips) 
Seat 3: tolya-tt69 ($1.18 in chips) 
Seat 5: Dimkar101 ($3.91 in chips) 
Seat 6: Dorex2007 ($6.39 in chips) 
Seat 7: destroynl ($2.16 in chips) 
Seat 8: Luis Fern430 ($1.26 in chips) 
Seat 9: votanic ($1.03 in chips) 
Luis Fern430: posts small blind $0.01
votanic: posts big blind $0.02
*** HOLE CARDS ***
Dealt to Dorex2007 [4s 5c]
jrengifo13: calls $0.02
Roark,John: folds 
tolya-tt69: folds 
Dimkar101: calls $0.02
Dorex2007: folds 
destroynl: folds 
Luis Fern430: folds 
votanic: checks 
*** FLOP *** [9s 3d 9c]
votanic: checks 
jrengifo13: bets $0.03
Dimkar101: folds 
votanic: folds 
Uncalled bet ($0.03) returned to jrengifo13
jrengifo13 collected $0.07 from pot
*** SUMMARY ***
Total pot $0.07 | Rake $0 
Board [9s 3d 9c]
Seat 1: jrengifo13 collected ($0.07)
Seat 2: Roark,John folded before Flop (didn't bet)
Seat 3: tolya-tt69 folded before Flop (didn't bet)
Seat 5: Dimkar101 folded on the Flop
Seat 6: Dorex2007 folded before Flop (didn't bet)
Seat 7: destroynl (button) folded before Flop (didn't bet)
Seat 8: Luis Fern430 (small blind) folded before Flop
Seat 9: votanic (big blind) folded on the Flop



PokerStars Hand #237169196988:  Hold'em No Limit ($0.01/$0.02 USD) - 2022/07/04 21:15:53 PT [2022/07/05 0:15:53 ET]
Table 'Semele II' 9-max Seat #8 is the button
Seat 1: jrengifo13 ($1.85 in chips) 
Seat 2: Roark,John ($2 in chips) 
Seat 3: tolya-tt69 ($1.18 in chips) 
Seat 5: Dimkar101 ($3.89 in chips) 
Seat 6: Dorex2007 ($6.39 in chips) 
Seat 7: destroynl ($2.16 in chips) 
Seat 8: Luis Fern430 ($1.25 in chips) 
Seat 9: votanic ($1.01 in chips) 
votanic: posts small blind $0.01
jrengifo13: posts big blind $0.02
*** HOLE CARDS ***
Dealt to Dorex2007 [5d Jc]
Roark,John: folds 
tolya-tt69: raises $0.02 to $0.04
Dimkar101: folds 
Dorex2007: folds 
destroynl: folds 
Luis Fern430: folds 
votanic: folds 
jrengifo13: folds 
Uncalled bet ($0.02) returned to tolya-tt69
tolya-tt69 collected $0.05 from pot
*** SUMMARY ***
Total pot $0.05 | Rake $0 
Seat 1: jrengifo13 (big blind) folded before Flop
Seat 2: Roark,John folded before Flop (didn't bet)
Seat 3: tolya-tt69 collected ($0.05)
Seat 5: Dimkar101 folded before Flop (didn't bet)
Seat 6: Dorex2007 folded before Flop (didn't bet)
Seat 7: destroynl folded before Flop (didn't bet)
Seat 8: Luis Fern430 (button) folded before Flop (didn't bet)
Seat 9: votanic (small blind) folded before Flop



PokerStars Hand #237169199553:  Hold'em No Limit ($0.01/$0.02 USD) - 2022/07/04 21:16:14 PT [2022/07/05 0:16:14 ET]
Table 'Semele II' 9-max Seat #9 is the button
Seat 1: jrengifo13 ($1.83 in chips) 
Seat 2: Roark,John ($2 in chips) 
Seat 3: tolya-tt69 ($1.21 in chips) 
Seat 5: Dimkar101 ($3.89 in chips) 
Seat 6: Dorex2007 ($6.39 in chips) 
Seat 7: destroynl ($2.16 in chips) 
Seat 8: Luis Fern430 ($1.25 in chips) 
Seat 9: votanic ($1 in chips) 
jrengifo13: posts small blind $0.01
Roark,John: posts big blind $0.02
*** HOLE CARDS ***
Dealt to Dorex2007 [Td 8s]
tolya-tt69: folds 
Dimkar101: calls $0.02
Dorex2007: folds 
destroynl: folds 
Luis Fern430: folds 
votanic: folds 
jrengifo13: raises $0.04 to $0.06
Roark,John: calls $0.04
Dimkar101: calls $0.04
*** FLOP *** [Ac Qh 4s]
jrengifo13: checks 
Roark,John: checks 
Dimkar101: bets $0.02
jrengifo13: calls $0.02
Roark,John: folds 
*** TURN *** [Ac Qh 4s] [Kd]
jrengifo13: checks 
Dimkar101: checks 
*** RIVER *** [Ac Qh 4s Kd] [Tc]
jrengifo13: bets $0.10
Dimkar101: folds 
Uncalled bet ($0.10) returned to jrengifo13
jrengifo13 collected $0.21 from pot
*** SUMMARY ***
Total pot $0.22 | Rake $0.01 
Board [Ac Qh 4s Kd Tc]
Seat 1: jrengifo13 (small blind) collected ($0.21)
Seat 2: Roark,John (big blind) folded on the Flop
Seat 3: tolya-tt69 folded before Flop (didn't bet)
Seat 5: Dimkar101 folded on the River
Seat 6: Dorex2007 folded before Flop (didn't bet)
Seat 7: destroynl folded before Flop (didn't bet)
Seat 8: Luis Fern430 folded before Flop (didn't bet)
Seat 9: votanic (button) folded before Flop (didn't bet)



PokerStars Hand #237169207230:  Hold'em No Limit ($0.01/$0.02 USD) - 2022/07/04 21:17:19 PT [2022/07/05 0:17:19 ET]
Table 'Semele II' 9-max Seat #1 is the button
Seat 1: jrengifo13 ($1.96 in chips) 
Seat 2: Roark,John ($2 in chips) 
Seat 3: tolya-tt69 ($1.21 in chips) 
Seat 5: Dimkar101 ($3.81 in chips) 
Seat 6: Dorex2007 ($6.39 in chips) 
Seat 7: destroynl ($2.16 in chips) 
Seat 8: Luis Fern430 ($1.25 in chips) 
Seat 9: votanic ($1 in chips) 
Roark,John: posts small blind $0.01
tolya-tt69: posts big blind $0.02
*** HOLE CARDS ***
Dealt to Dorex2007 [2d Qs]
Dimkar101: calls $0.02
Dorex2007: folds 
destroynl: folds 
Luis Fern430 has timed out
Luis Fern430: folds 
votanic: folds 
jrengifo13: folds 
jrengifo13 leaves the table
Roark,John: folds 
tolya-tt69: checks 
*** FLOP *** [Ac Qd 6d]
tolya-tt69: checks 
Dimkar101: checks 
*** TURN *** [Ac Qd 6d] [7h]
tolya-tt69: checks 
Dimkar101: bets $0.02
tolya-tt69: folds 
Uncalled bet ($0.02) returned to Dimkar101
Dimkar101 collected $0.05 from pot
*** SUMMARY ***
Total pot $0.05 | Rake $0 
Board [Ac Qd 6d 7h]
Seat 1: jrengifo13 (button) folded before Flop (didn't bet)
Seat 2: Roark,John (small blind) folded before Flop
Seat 3: tolya-tt69 (big blind) folded on the Turn
Seat 5: Dimkar101 collected ($0.05)
Seat 6: Dorex2007 folded before Flop (didn't bet)
Seat 7: destroynl folded before Flop (didn't bet)
Seat 8: Luis Fern430 folded before Flop (didn't bet)
Seat 9: votanic folded before Flop (didn't bet)



PokerStars Hand #237169212971:  Hold'em No Limit ($0.01/$0.02 USD) - 2022/07/04 21:18:08 PT [2022/07/05 0:18:08 ET]
Table 'Semele II' 9-max Seat #2 is the button
Seat 2: Roark,John ($2 in chips) 
Seat 3: tolya-tt69 ($1.19 in chips) 
Seat 5: Dimkar101 ($3.84 in chips) 
Seat 6: Dorex2007 ($6.39 in chips) 
Seat 7: destroynl ($2.16 in chips) 
Seat 8: Luis Fern430 ($1.25 in chips) 
Seat 9: votanic ($1 in chips) 
tolya-tt69: posts small blind $0.01
Dimkar101: posts big blind $0.02
*** HOLE CARDS ***
Dealt to Dorex2007 [Ks 8h]
Dorex2007: folds 
destroynl: folds 
Luis Fern430: folds 
votanic: folds 
Roark,John: folds 
tolya-tt69: folds 
Uncalled bet ($0.01) returned to Dimkar101
Dimkar101 collected $0.02 from pot
*** SUMMARY ***
Total pot $0.02 | Rake $0 
Seat 2: Roark,John (button) folded before Flop (didn't bet)
Seat 3: tolya-tt69 (small blind) folded before Flop
Seat 5: Dimkar101 (big blind) collected ($0.02)
Seat 6: Dorex2007 folded before Flop (didn't bet)
Seat 7: destroynl folded before Flop (didn't bet)
Seat 8: Luis Fern430 folded before Flop (didn't bet)
Seat 9: votanic folded before Flop (didn't bet)



PokerStars Hand #237169214930:  Hold'em No Limit ($0.01/$0.02 USD) - 2022/07/04 21:18:25 PT [2022/07/05 0:18:25 ET]
Table 'Semele II' 9-max Seat #3 is the button
Seat 2: Roark,John ($2 in chips) 
Seat 3: tolya-tt69 ($1.18 in chips) 
Seat 5: Dimkar101 ($3.85 in chips) 
Seat 6: Dorex2007 ($6.39 in chips) 
Seat 7: destroynl ($2.16 in chips) 
Seat 8: Luis Fern430 ($1.25 in chips) 
Seat 9: votanic ($1 in chips) 
Dimkar101: posts small blind $0.01
Dorex2007: posts big blind $0.02
*** HOLE CARDS ***
Dealt to Dorex2007 [4c 7c]
destroynl: folds 
destroynl leaves the table
Luis Fern430: folds 
votanic: folds 
BillyElliotNZ joins the table at seat #7 
Roark,John: folds 
tolya-tt69: folds 
Dimkar101: calls $0.01
Dorex2007: checks 
*** FLOP *** [7s Jd Kc]
Dimkar101: checks 
Gilberto2332 joins the table at seat #1 
Dorex2007: checks 
*** TURN *** [7s Jd Kc] [Ah]
Dimkar101: checks 
tolya-tt69 leaves the table
Dorex2007: checks 
*** RIVER *** [7s Jd Kc Ah] [6s]
Dimkar101: checks 
Dorex2007: checks 
*** SHOW DOWN ***
Dimkar101: shows [8c Tc] (high card Ace)
Dorex2007: shows [4c 7c] (a pair of Sevens)
Dorex2007 collected $0.04 from pot
*** SUMMARY ***
Total pot $0.04 | Rake $0 
Board [7s Jd Kc Ah 6s]
Seat 2: Roark,John folded before Flop (didn't bet)
Seat 3: tolya-tt69 (button) folded before Flop (didn't bet)
Seat 5: Dimkar101 (small blind) showed [8c Tc] and lost with high card Ace
Seat 6: Dorex2007 (big blind) showed [4c 7c] and won ($0.04) with a pair of Sevens
Seat 7: destroynl folded before Flop (didn't bet)
Seat 8: Luis Fern430 folded before Flop (didn't bet)
Seat 9: votanic folded before Flop (didn't bet)



PokerStars Hand #237169219804:  Hold'em No Limit ($0.01/$0.02 USD) - 2022/07/04 21:19:08 PT [2022/07/05 0:19:08 ET]
Table 'Semele II' 9-max Seat #5 is the button
Seat 2: Roark,John ($2 in chips) 
Seat 5: Dimkar101 ($3.83 in chips) 
Seat 6: Dorex2007 ($6.41 in chips) 
Seat 7: BillyElliotNZ ($2 in chips) 
Seat 8: Luis Fern430 ($1.25 in chips) 
Seat 9: votanic ($1 in chips) 
Dorex2007: posts small blind $0.01
BillyElliotNZ: posts big blind $0.02
Gilberto2332: sits out 
*** HOLE CARDS ***
Dealt to Dorex2007 [Qs 9s]
Luis Fern430: folds 
votanic: calls $0.02
Roark,John: folds 
Dimkar101: folds 
Dorex2007: folds 
BillyElliotNZ: checks 
*** FLOP *** [6h Ad 5s]
CA Sanchez joins the table at seat #3 
BillyElliotNZ: bets $0.05
votanic: folds 
Uncalled bet ($0.05) returned to BillyElliotNZ
BillyElliotNZ collected $0.05 from pot
*** SUMMARY ***
Total pot $0.05 | Rake $0 
Board [6h Ad 5s]
Seat 2: Roark,John folded before Flop (didn't bet)
Seat 5: Dimkar101 (button) folded before Flop (didn't bet)
Seat 6: Dorex2007 (small blind) folded before Flop
Seat 7: BillyElliotNZ (big blind) collected ($0.05)
Seat 8: Luis Fern430 folded before Flop (didn't bet)
Seat 9: votanic folded on the Flop



PokerStars Hand #237169223222:  Hold'em No Limit ($0.01/$0.02 USD) - 2022/07/04 21:19:37 PT [2022/07/05 0:19:37 ET]
Table 'Semele II' 9-max Seat #6 is the button
Seat 2: Roark,John ($2 in chips) 
Seat 5: Dimkar101 ($3.83 in chips) 
Seat 6: Dorex2007 ($6.40 in chips) 
Seat 7: BillyElliotNZ ($2.03 in chips) 
Seat 8: Luis Fern430 ($1.25 in chips) 
Seat 9: votanic ($0.98 in chips) 
BillyElliotNZ: posts small blind $0.01
Luis Fern430: posts big blind $0.02
Gilberto2332: sits out 
CA Sanchez: sits out 
*** HOLE CARDS ***
Dealt to Dorex2007 [8s 3d]
votanic: calls $0.02
Roark,John: folds 
Dimkar101: folds 
Dorex2007: folds 
BillyElliotNZ: folds 
Luis Fern430: checks 
*** FLOP *** [6c Jh 9h]
Luis Fern430: checks 
votanic: bets $0.05
Luis Fern430: folds 
Uncalled bet ($0.05) returned to votanic
votanic collected $0.05 from pot
*** SUMMARY ***
Total pot $0.05 | Rake $0 
Board [6c Jh 9h]
Seat 2: Roark,John folded before Flop (didn't bet)
Seat 5: Dimkar101 folded before Flop (didn't bet)
Seat 6: Dorex2007 (button) folded before Flop (didn't bet)
Seat 7: BillyElliotNZ (small blind) folded before Flop
Seat 8: Luis Fern430 (big blind) folded on the Flop
Seat 9: votanic collected ($0.05)



PokerStars Hand #237169227626:  Hold'em No Limit ($0.01/$0.02 USD) - 2022/07/04 21:20:16 PT [2022/07/05 0:20:16 ET]
Table 'Semele II' 9-max Seat #7 is the button
Seat 2: Roark,John ($2 in chips) 
Seat 5: Dimkar101 ($3.83 in chips) 
Seat 6: Dorex2007 ($6.40 in chips) 
Seat 7: BillyElliotNZ ($2.02 in chips) 
Seat 8: Luis Fern430 ($1.23 in chips) 
Seat 9: votanic ($1.01 in chips) 
Luis Fern430: posts small blind $0.01
votanic: posts big blind $0.02
Gilberto2332: sits out 
CA Sanchez: sits out 
*** HOLE CARDS ***
Dealt to Dorex2007 [5c Qh]
Roark,John: folds 
Dimkar101: folds 
Dorex2007: folds 
BillyElliotNZ: folds 
Luis Fern430: calls $0.01
votanic: checks 
*** FLOP *** [9s 4h Ks]
Luis Fern430: checks 
votanic: bets $0.04
Luis Fern430 has timed out
Luis Fern430: folds 
Uncalled bet ($0.04) returned to votanic
votanic collected $0.04 from pot
*** SUMMARY ***
Total pot $0.04 | Rake $0 
Board [9s 4h Ks]
Seat 2: Roark,John folded before Flop (didn't bet)
Seat 5: Dimkar101 folded before Flop (didn't bet)
Seat 6: Dorex2007 folded before Flop (didn't bet)
Seat 7: BillyElliotNZ (button) folded before Flop (didn't bet)
Seat 8: Luis Fern430 (small blind) folded on the Flop
Seat 9: votanic (big blind) collected ($0.04)



PokerStars Hand #237169237118:  Hold'em No Limit ($0.01/$0.02 USD) - 2022/07/04 21:21:37 PT [2022/07/05 0:21:37 ET]
Table 'Semele II' 9-max Seat #9 is the button
Seat 2: Roark,John ($2 in chips) 
Seat 3: CA Sanchez ($1.60 in chips) 
Seat 5: Dimkar101 ($3.83 in chips) 
Seat 6: Dorex2007 ($6.40 in chips) 
Seat 7: BillyElliotNZ ($2.02 in chips) 
Seat 9: votanic ($1.03 in chips) 
Roark,John: posts small blind $0.01
CA Sanchez: posts big blind $0.02
*** HOLE CARDS ***
Dealt to Dorex2007 [Qs 6s]
Dimkar101: folds 
Dorex2007: folds 
BillyElliotNZ: folds 
votanic: folds 
Roark,John: folds 
Uncalled bet ($0.01) returned to CA Sanchez
CA Sanchez collected $0.02 from pot
*** SUMMARY ***
Total pot $0.02 | Rake $0 
Seat 2: Roark,John (small blind) folded before Flop
Seat 3: CA Sanchez (big blind) collected ($0.02)
Seat 5: Dimkar101 folded before Flop (didn't bet)
Seat 6: Dorex2007 folded before Flop (didn't bet)
Seat 7: BillyElliotNZ folded before Flop (didn't bet)
Seat 9: votanic (button) folded before Flop (didn't bet)



PokerStars Hand #237169238833:  Hold'em No Limit ($0.01/$0.02 USD) - 2022/07/04 21:21:51 PT [2022/07/05 0:21:51 ET]
Table 'Semele II' 9-max Seat #2 is the button
Seat 1: Gilberto2332 ($2 in chips) 
Seat 2: Roark,John ($2 in chips) 
Seat 3: CA Sanchez ($1.61 in chips) 
Seat 5: Dimkar101 ($3.83 in chips) 
Seat 6: Dorex2007 ($6.40 in chips) 
Seat 7: BillyElliotNZ ($2.02 in chips) 
Seat 9: votanic ($1.03 in chips) 
CA Sanchez: posts small blind $0.01
Dimkar101: posts big blind $0.02
Gilberto2332: posts big blind $0.02
*** HOLE CARDS ***
Dealt to Dorex2007 [2h Jh]
Dorex2007: folds 
BillyElliotNZ: folds 
votanic: calls $0.02
Gilberto2332: checks 
Roark,John: folds 
CA Sanchez: calls $0.01
Dimkar101: checks 
*** FLOP *** [5d 8d 6h]
CA Sanchez: checks 
Dimkar101: bets $0.02
votanic: calls $0.02
Gilberto2332: raises $0.06 to $0.08
CA Sanchez: calls $0.08
Dimkar101: calls $0.06
votanic: calls $0.06
*** TURN *** [5d 8d 6h] [4h]
CA Sanchez: checks 
Dimkar101: checks 
votanic: checks 
Gilberto2332: bets $0.02
CA Sanchez: raises $0.43 to $0.45
Dimkar101: calls $0.45
votanic: folds 
Gilberto2332: calls $0.43
*** RIVER *** [5d 8d 6h 4h] [4d]
CA Sanchez: checks 
Dimkar101: checks 
Gilberto2332: checks 
*** SHOW DOWN ***
CA Sanchez: shows [8c 7h] (a straight, Four to Eight)
Dimkar101: shows [4c 7c] (a straight, Four to Eight)
Gilberto2332: mucks hand 
CA Sanchez collected $0.85 from pot
Dimkar101 collected $0.84 from pot
*** SUMMARY ***
Total pot $1.75 | Rake $0.06 
Board [5d 8d 6h 4h 4d]
Seat 1: Gilberto2332 mucked [8s Tc]
Seat 2: Roark,John (button) folded before Flop (didn't bet)
Seat 3: CA Sanchez (small blind) showed [8c 7h] and won ($0.85) with a straight, Four to Eight
Seat 5: Dimkar101 (big blind) showed [4c 7c] and won ($0.84) with a straight, Four to Eight
Seat 6: Dorex2007 folded before Flop (didn't bet)
Seat 7: BillyElliotNZ folded before Flop (didn't bet)
Seat 9: votanic folded on the Turn



PokerStars Hand #237169249305:  Hold'em No Limit ($0.01/$0.02 USD) - 2022/07/04 21:23:21 PT [2022/07/05 0:23:21 ET]
Table 'Semele II' 9-max Seat #3 is the button
Seat 1: Gilberto2332 ($1.45 in chips) 
Seat 2: Roark,John ($2 in chips) 
Seat 3: CA Sanchez ($1.91 in chips) 
Seat 5: Dimkar101 ($4.12 in chips) 
Seat 6: Dorex2007 ($6.40 in chips) 
Seat 7: BillyElliotNZ ($2.02 in chips) 
Seat 8: Luis Fern430 ($1.21 in chips) 
Seat 9: votanic ($0.93 in chips) 
Dimkar101: posts small blind $0.01
Dorex2007: posts big blind $0.02
*** HOLE CARDS ***
Dealt to Dorex2007 [4s 8h]
BillyElliotNZ: folds 
Luis Fern430: folds 
votanic: raises $0.05 to $0.07
Gilberto2332: calls $0.07
Roark,John: folds 
CA Sanchez: folds 
Dimkar101: folds 
Dorex2007: folds 
*** FLOP *** [3s 6s 4d]
votanic: checks 
Gilberto2332: checks 
*** TURN *** [3s 6s 4d] [Ac]
votanic: bets $0.16
Gilberto2332: calls $0.16
*** RIVER *** [3s 6s 4d Ac] [Jc]
votanic: bets $0.70 and is all-in
AryanTomar leaves the table
Gilberto2332: calls $0.70
*** SHOW DOWN ***
votanic: shows [Kd As] (a pair of Aces)
Gilberto2332: shows [Ad Th] (a pair of Aces - lower kicker)
votanic collected $1.82 from pot
*** SUMMARY ***
Total pot $1.89 | Rake $0.07 
Board [3s 6s 4d Ac Jc]
Seat 1: Gilberto2332 showed [Ad Th] and lost with a pair of Aces
Seat 2: Roark,John folded before Flop (didn't bet)
Seat 3: CA Sanchez (button) folded before Flop (didn't bet)
Seat 5: Dimkar101 (small blind) folded before Flop
Seat 6: Dorex2007 (big blind) folded before Flop
Seat 7: BillyElliotNZ folded before Flop (didn't bet)
Seat 8: Luis Fern430 folded before Flop (didn't bet)
Seat 9: votanic showed [Kd As] and won ($1.82) with a pair of Aces



PokerStars Hand #237169257450:  Hold'em No Limit ($0.01/$0.02 USD) - 2022/07/04 21:24:31 PT [2022/07/05 0:24:31 ET]
Table 'Semele II' 9-max Seat #5 is the button
Seat 1: Gilberto2332 ($0.52 in chips) 
Seat 2: Roark,John ($2 in chips) 
Seat 3: CA Sanchez ($1.91 in chips) 
Seat 5: Dimkar101 ($4.11 in chips) 
Seat 6: Dorex2007 ($6.38 in chips) 
Seat 7: BillyElliotNZ ($2.02 in chips) 
Seat 8: Luis Fern430 ($1.21 in chips) 
Seat 9: votanic ($1.82 in chips) 
Dorex2007: posts small blind $0.01
BillyElliotNZ: posts big blind $0.02
*** HOLE CARDS ***
Dealt to Dorex2007 [9h 5c]
Luis Fern430: folds 
votanic: folds 
Gilberto2332: folds 
Roark,John: folds 
CA Sanchez: folds 
Dimkar101: folds 
Dorex2007: folds 
Uncalled bet ($0.01) returned to BillyElliotNZ
BillyElliotNZ collected $0.02 from pot
*** SUMMARY ***
Total pot $0.02 | Rake $0 
Seat 1: Gilberto2332 folded before Flop (didn't bet)
Seat 2: Roark,John folded before Flop (didn't bet)
Seat 3: CA Sanchez folded before Flop (didn't bet)
Seat 5: Dimkar101 (button) folded before Flop (didn't bet)
Seat 6: Dorex2007 (small blind) folded before Flop
Seat 7: BillyElliotNZ (big blind) collected ($0.02)
Seat 8: Luis Fern430 folded before Flop (didn't bet)
Seat 9: votanic folded before Flop (didn't bet)



PokerStars Hand #237169258976:  Hold'em No Limit ($0.01/$0.02 USD) - 2022/07/04 21:24:44 PT [2022/07/05 0:24:44 ET]
Table 'Semele II' 9-max Seat #6 is the button
Seat 1: Gilberto2332 ($1.36 in chips) 
Seat 2: Roark,John ($2 in chips) 
Seat 3: CA Sanchez ($1.91 in chips) 
Seat 5: Dimkar101 ($4.11 in chips) 
Seat 6: Dorex2007 ($6.37 in chips) 
Seat 7: BillyElliotNZ ($2.03 in chips) 
Seat 8: Luis Fern430 ($1.21 in chips) 
Seat 9: votanic ($1.82 in chips) 
BillyElliotNZ: posts small blind $0.01
Luis Fern430: posts big blind $0.02
*** HOLE CARDS ***
Dealt to Dorex2007 [Qs 6d]
votanic: folds 
Gilberto2332: folds 
Roark,John: raises $0.03 to $0.05
CA Sanchez: folds 
Dimkar101: calls $0.05
Dorex2007: folds 
BillyElliotNZ: folds 
Luis Fern430: folds 
*** FLOP *** [5s 3c 6c]
Roark,John: bets $0.09
Dimkar101: folds 
Uncalled bet ($0.09) returned to Roark,John
Roark,John collected $0.13 from pot
*** SUMMARY ***
Total pot $0.13 | Rake $0 
Board [5s 3c 6c]
Seat 1: Gilberto2332 folded before Flop (didn't bet)
Seat 2: Roark,John collected ($0.13)
Seat 3: CA Sanchez folded before Flop (didn't bet)
Seat 5: Dimkar101 folded on the Flop
Seat 6: Dorex2007 (button) folded before Flop (didn't bet)
Seat 7: BillyElliotNZ (small blind) folded before Flop
Seat 8: Luis Fern430 (big blind) folded before Flop
Seat 9: votanic folded before Flop (didn't bet)



PokerStars Hand #237169270738:  Hold'em No Limit ($0.01/$0.02 USD) - 2022/07/04 21:25:17 PT [2022/07/05 0:25:17 ET]
Table 'Semele II' 9-max Seat #7 is the button
Seat 1: Gilberto2332 ($1.36 in chips) 
Seat 2: Roark,John ($2.08 in chips) 
Seat 3: CA Sanchez ($1.91 in chips) 
Seat 5: Dimkar101 ($4.06 in chips) 
Seat 6: Dorex2007 ($6.37 in chips) 
Seat 7: BillyElliotNZ ($2.02 in chips) 
Seat 8: Luis Fern430 ($1.19 in chips) 
Seat 9: votanic ($1.82 in chips) 
Luis Fern430: posts small blind $0.01
votanic: posts big blind $0.02
*** HOLE CARDS ***
Dealt to Dorex2007 [7c Qs]
Gilberto2332: folds 
Roark,John: folds 
CA Sanchez: calls $0.02
Dimkar101: folds 
Dorex2007: folds 
BillyElliotNZ: raises $0.06 to $0.08
Luis Fern430: calls $0.07
ComandantePapi joins the table at seat #4 
votanic has timed out
votanic: folds 
CA Sanchez: folds 
*** FLOP *** [9d 8c 9c]
Luis Fern430: bets $1.11 and is all-in
BillyElliotNZ: folds 
Uncalled bet ($1.11) returned to Luis Fern430
Luis Fern430 collected $0.19 from pot
*** SUMMARY ***
Total pot $0.20 | Rake $0.01 
Board [9d 8c 9c]
Seat 1: Gilberto2332 folded before Flop (didn't bet)
Seat 2: Roark,John folded before Flop (didn't bet)
Seat 3: CA Sanchez folded before Flop
Seat 5: Dimkar101 folded before Flop (didn't bet)
Seat 6: Dorex2007 folded before Flop (didn't bet)
Seat 7: BillyElliotNZ (button) folded on the Flop
Seat 8: Luis Fern430 (small blind) collected ($0.19)
Seat 9: votanic (big blind) folded before Flop



PokerStars Hand #237169278670:  Hold'em No Limit ($0.01/$0.02 USD) - 2022/07/04 21:26:26 PT [2022/07/05 0:26:26 ET]
Table 'Semele II' 9-max Seat #8 is the button
Seat 1: Gilberto2332 ($1.36 in chips) 
Seat 2: Roark,John ($2.08 in chips) 
Seat 3: CA Sanchez ($1.89 in chips) 
Seat 4: ComandantePapi ($1.20 in chips) 
Seat 5: Dimkar101 ($4.06 in chips) 
Seat 6: Dorex2007 ($6.37 in chips) 
Seat 7: BillyElliotNZ ($1.94 in chips) 
Seat 8: Luis Fern430 ($1.30 in chips) 
Gilberto2332: posts small blind $0.01
Roark,John: posts big blind $0.02
ComandantePapi: posts big blind $0.02
*** HOLE CARDS ***
Dealt to Dorex2007 [6h 2s]
CA Sanchez: folds 
ComandantePapi: checks 
Dimkar101: folds 
Dorex2007: folds 
BillyElliotNZ: folds 
Luis Fern430: folds 
Gilberto2332: folds 
Roark,John: raises $0.05 to $0.07
ComandantePapi: calls $0.05
*** FLOP *** [Qc 3c 4h]
Roark,John: checks 
ComandantePapi: checks 
*** TURN *** [Qc 3c 4h] [9h]
Roark,John: checks 
ComandantePapi: checks 
*** RIVER *** [Qc 3c 4h 9h] [2c]
Roark,John: checks 
ComandantePapi: checks 
*** SHOW DOWN ***
Roark,John: shows [Ad Ks] (high card Ace)
ComandantePapi: shows [2h 8c] (a pair of Deuces)
ComandantePapi collected $0.14 from pot
*** SUMMARY ***
Total pot $0.15 | Rake $0.01 
Board [Qc 3c 4h 9h 2c]
Seat 1: Gilberto2332 (small blind) folded before Flop
Seat 2: Roark,John (big blind) showed [Ad Ks] and lost with high card Ace
Seat 3: CA Sanchez folded before Flop (didn't bet)
Seat 4: ComandantePapi showed [2h 8c] and won ($0.14) with a pair of Deuces
Seat 5: Dimkar101 folded before Flop (didn't bet)
Seat 6: Dorex2007 folded before Flop (didn't bet)
Seat 7: BillyElliotNZ folded before Flop (didn't bet)
Seat 8: Luis Fern430 (button) folded before Flop (didn't bet)



PokerStars Hand #237169284599:  Hold'em No Limit ($0.01/$0.02 USD) - 2022/07/04 21:27:17 PT [2022/07/05 0:27:17 ET]
Table 'Semele II' 9-max Seat #1 is the button
Seat 1: Gilberto2332 ($1.35 in chips) 
Seat 2: Roark,John ($2.01 in chips) 
Seat 3: CA Sanchez ($1.89 in chips) 
Seat 4: ComandantePapi ($1.27 in chips) 
Seat 5: Dimkar101 ($4.06 in chips) 
Seat 6: Dorex2007 ($6.37 in chips) 
Seat 7: BillyElliotNZ ($1.94 in chips) 
Seat 8: Luis Fern430 ($1.30 in chips) 
Roark,John: posts small blind $0.01
CA Sanchez: posts big blind $0.02
votanic: sits out 
*** HOLE CARDS ***
Dealt to Dorex2007 [Qc Tc]
ComandantePapi: raises $0.02 to $0.04
Dimkar101: calls $0.04
Dorex2007: raises $0.02 to $0.06
BillyElliotNZ: folds 
Luis Fern430: folds 
Gilberto2332: folds 
Roark,John: folds 
CA Sanchez: folds 
ComandantePapi: calls $0.02
Dimkar101: calls $0.02
*** FLOP *** [6h 5d Jh]
ComandantePapi: checks 
Dimkar101: checks 
Dorex2007: checks 
*** TURN *** [6h 5d Jh] [Ks]
ComandantePapi: bets $0.20
Dimkar101: calls $0.20
Dorex2007: folds 
*** RIVER *** [6h 5d Jh Ks] [Js]
ComandantePapi: checks 
Dimkar101: bets $0.29
ComandantePapi: calls $0.29
*** SHOW DOWN ***
Dimkar101: shows [Jc 4c] (three of a kind, Jacks)
ComandantePapi: mucks hand 
Dimkar101 collected $1.15 from pot
*** SUMMARY ***
Total pot $1.19 | Rake $0.04 
Board [6h 5d Jh Ks Js]
Seat 1: Gilberto2332 (button) folded before Flop (didn't bet)
Seat 2: Roark,John (small blind) folded before Flop
Seat 3: CA Sanchez (big blind) folded before Flop
Seat 4: ComandantePapi mucked [Ad Kh]
Seat 5: Dimkar101 showed [Jc 4c] and won ($1.15) with three of a kind, Jacks
Seat 6: Dorex2007 folded on the Turn
Seat 7: BillyElliotNZ folded before Flop (didn't bet)
Seat 8: Luis Fern430 folded before Flop (didn't bet)



PokerStars Hand #237169292592:  Hold'em No Limit ($0.01/$0.02 USD) - 2022/07/04 21:28:26 PT [2022/07/05 0:28:26 ET]
Table 'Semele II' 9-max Seat #2 is the button
Seat 1: Gilberto2332 ($1.35 in chips) 
Seat 2: Roark,John ($2 in chips) 
Seat 3: CA Sanchez ($1.87 in chips) 
Seat 4: ComandantePapi ($0.72 in chips) 
Seat 5: Dimkar101 ($4.66 in chips) 
Seat 6: Dorex2007 ($6.31 in chips) 
Seat 7: BillyElliotNZ ($1.94 in chips) 
Seat 8: Luis Fern430 ($1.30 in chips) 
CA Sanchez: posts small blind $0.01
ComandantePapi: posts big blind $0.02
votanic: sits out 
*** HOLE CARDS ***
Dealt to Dorex2007 [6s 3d]
Dimkar101: folds 
Dorex2007: folds 
BillyElliotNZ: raises $0.06 to $0.08
Luis Fern430: folds 
Gilberto2332: folds 
Roark,John: folds 
CA Sanchez: folds 
ComandantePapi: calls $0.06
*** FLOP *** [8s Kc Ts]
ComandantePapi: bets $0.64 and is all-in
BillyElliotNZ: calls $0.64
*** TURN *** [8s Kc Ts] [2h]
*** RIVER *** [8s Kc Ts 2h] [7c]
*** SHOW DOWN ***
ComandantePapi: shows [6c 8c] (a pair of Eights)
BillyElliotNZ: shows [9h 9s] (a pair of Nines)
BillyElliotNZ collected $1.40 from pot
*** SUMMARY ***
Total pot $1.45 | Rake $0.05 
Board [8s Kc Ts 2h 7c]
Seat 1: Gilberto2332 folded before Flop (didn't bet)
Seat 2: Roark,John (button) folded before Flop (didn't bet)
Seat 3: CA Sanchez (small blind) folded before Flop
Seat 4: ComandantePapi (big blind) showed [6c 8c] and lost with a pair of Eights
Seat 5: Dimkar101 folded before Flop (didn't bet)
Seat 6: Dorex2007 folded before Flop (didn't bet)
Seat 7: BillyElliotNZ showed [9h 9s] and won ($1.40) with a pair of Nines
Seat 8: Luis Fern430 folded before Flop (didn't bet)



PokerStars Hand #237169298831:  Hold'em No Limit ($0.01/$0.02 USD) - 2022/07/04 21:29:19 PT [2022/07/05 0:29:19 ET]
Table 'Semele II' 9-max Seat #3 is the button
Seat 1: Gilberto2332 ($1.35 in chips) 
Seat 2: Roark,John ($2 in chips) 
Seat 3: CA Sanchez ($1.86 in chips) 
Seat 5: Dimkar101 ($4.66 in chips) 
Seat 6: Dorex2007 ($6.31 in chips) 
Seat 7: BillyElliotNZ ($2.62 in chips) 
Seat 8: Luis Fern430 ($1.30 in chips) 
Dimkar101: posts small blind $0.01
Dorex2007: posts big blind $0.02
votanic: sits out 
*** HOLE CARDS ***
Dealt to Dorex2007 [Tc 6c]
ComandantePapi leaves the table
BillyElliotNZ: folds 
Luis Fern430: folds 
Gilberto2332: folds 
Roark,John: folds 
CA Sanchez: folds 
Dimkar101: raises $0.04 to $0.06
Dorex2007: folds 
Uncalled bet ($0.04) returned to Dimkar101
Dimkar101 collected $0.04 from pot
*** SUMMARY ***
Total pot $0.04 | Rake $0 
Seat 1: Gilberto2332 folded before Flop (didn't bet)
Seat 2: Roark,John folded before Flop (didn't bet)
Seat 3: CA Sanchez (button) folded before Flop (didn't bet)
Seat 5: Dimkar101 (small blind) collected ($0.04)
Seat 6: Dorex2007 (big blind) folded before Flop
Seat 7: BillyElliotNZ folded before Flop (didn't bet)
Seat 8: Luis Fern430 folded before Flop (didn't bet)



PokerStars Hand #237169301064:  Hold'em No Limit ($0.01/$0.02 USD) - 2022/07/04 21:29:38 PT [2022/07/05 0:29:38 ET]
Table 'Semele II' 9-max Seat #5 is the button
Seat 1: Gilberto2332 ($1.35 in chips) 
Seat 2: Roark,John ($2 in chips) 
Seat 3: CA Sanchez ($1.86 in chips) 
Seat 5: Dimkar101 ($4.68 in chips) 
Seat 6: Dorex2007 ($6.29 in chips) 
Seat 7: BillyElliotNZ ($2.62 in chips) 
Seat 8: Luis Fern430 ($1.30 in chips) 
Dorex2007: posts small blind $0.01
BillyElliotNZ: posts big blind $0.02
votanic: sits out 
*** HOLE CARDS ***
Dealt to Dorex2007 [5s Kh]
Luis Fern430: calls $0.02
Gilberto2332: raises $0.04 to $0.06
Roark,John: folds 
CA Sanchez: folds 
Dimkar101: calls $0.06
Dorex2007: folds 
BillyElliotNZ: folds 
Luis Fern430: calls $0.04
*** FLOP *** [2h Jh 2d]
Luis Fern430: checks 
Gilberto2332: checks 
Dimkar101: checks 
*** TURN *** [2h Jh 2d] [9c]
Luis Fern430: bets $0.10
Gilberto2332: calls $0.10
Dimkar101: calls $0.10
*** RIVER *** [2h Jh 2d 9c] [Jd]
Luis Fern430: checks 
Gilberto2332: checks 
Dimkar101: checks 
*** SHOW DOWN ***
Luis Fern430: shows [Ts Td] (two pair, Jacks and Tens)
Gilberto2332: mucks hand 
Dimkar101: mucks hand 
Luis Fern430 collected $0.49 from pot
*** SUMMARY ***
Total pot $0.51 | Rake $0.02 
Board [2h Jh 2d 9c Jd]
Seat 1: Gilberto2332 mucked [Ac Kc]
Seat 2: Roark,John folded before Flop (didn't bet)
Seat 3: CA Sanchez folded before Flop (didn't bet)
Seat 5: Dimkar101 (button) mucked [Qd 9d]
Seat 6: Dorex2007 (small blind) folded before Flop
Seat 7: BillyElliotNZ (big blind) folded before Flop
Seat 8: Luis Fern430 showed [Ts Td] and won ($0.49) with two pair, Jacks and Tens



PokerStars Hand #237169308992:  Hold'em No Limit ($0.01/$0.02 USD) - 2022/07/04 21:30:46 PT [2022/07/05 0:30:46 ET]
Table 'Semele II' 9-max Seat #6 is the button
Seat 1: Gilberto2332 ($1.19 in chips) 
Seat 2: Roark,John ($2 in chips) 
Seat 3: CA Sanchez ($1.86 in chips) 
Seat 5: Dimkar101 ($4.52 in chips) 
Seat 6: Dorex2007 ($6.28 in chips) 
Seat 7: BillyElliotNZ ($2.60 in chips) 
Seat 8: Luis Fern430 ($1.63 in chips) 
BillyElliotNZ: posts small blind $0.01
Luis Fern430: posts big blind $0.02
votanic: sits out 
*** HOLE CARDS ***
Dealt to Dorex2007 [Th 2h]
Gilberto2332: folds 
Roark,John: folds 
CA Sanchez: folds 
Dimkar101: calls $0.02
Dorex2007: folds 
BillyElliotNZ: folds 
10 blueberry 10 joins the table at seat #4 
Luis Fern430: checks 
*** FLOP *** [9s 5d 4c]
Luis Fern430: checks 
Dimkar101: checks 
*** TURN *** [9s 5d 4c] [6d]
Luis Fern430: checks 
Dimkar101: bets $0.02
Luis Fern430: calls $0.02
*** RIVER *** [9s 5d 4c 6d] [4h]
Luis Fern430: bets $0.10
Dimkar101: raises $0.10 to $0.20
Luis Fern430: folds 
Uncalled bet ($0.10) returned to Dimkar101
Dimkar101 collected $0.28 from pot
*** SUMMARY ***
Total pot $0.29 | Rake $0.01 
Board [9s 5d 4c 6d 4h]
Seat 1: Gilberto2332 folded before Flop (didn't bet)
Seat 2: Roark,John folded before Flop (didn't bet)
Seat 3: CA Sanchez folded before Flop (didn't bet)
Seat 5: Dimkar101 collected ($0.28)
Seat 6: Dorex2007 (button) folded before Flop (didn't bet)
Seat 7: BillyElliotNZ (small blind) folded before Flop
Seat 8: Luis Fern430 (big blind) folded on the River



PokerStars Hand #237169324352:  Hold'em No Limit ($0.01/$0.02 USD) - 2022/07/04 21:32:05 PT [2022/07/05 0:32:05 ET]
Table 'Semele II' 9-max Seat #7 is the button
Seat 1: Gilberto2332 ($1.19 in chips) 
Seat 2: Roark,John ($2 in chips) 
Seat 3: CA Sanchez ($1.86 in chips) 
Seat 5: Dimkar101 ($4.66 in chips) 
Seat 6: Dorex2007 ($6.28 in chips) 
Seat 7: BillyElliotNZ ($2.59 in chips) 
Seat 8: Luis Fern430 ($1.49 in chips) 
Seat 9: votanic ($1.80 in chips) 
Luis Fern430: posts small blind $0.01
votanic: posts big blind $0.02
10 blueberry 10: sits out 
*** HOLE CARDS ***
Dealt to Dorex2007 [Ad 4d]
Gilberto2332: raises $0.02 to $0.04
Roark,John: folds 
CA Sanchez: folds 
Dimkar101: folds 
Dorex2007: calls $0.04
BillyElliotNZ: folds 
Luis Fern430: folds 
votanic: calls $0.02
*** FLOP *** [8s Qh 3d]
votanic: checks 
Gilberto2332: checks 
Dorex2007: checks 
*** TURN *** [8s Qh 3d] [3h]
votanic: checks 
Gilberto2332: bets $0.06
Dorex2007: folds 
votanic: folds 
Uncalled bet ($0.06) returned to Gilberto2332
Gilberto2332 collected $0.13 from pot
*** SUMMARY ***
Total pot $0.13 | Rake $0 
Board [8s Qh 3d 3h]
Seat 1: Gilberto2332 collected ($0.13)
Seat 2: Roark,John folded before Flop (didn't bet)
Seat 3: CA Sanchez folded before Flop (didn't bet)
Seat 5: Dimkar101 folded before Flop (didn't bet)
Seat 6: Dorex2007 folded on the Turn
Seat 7: BillyElliotNZ (button) folded before Flop (didn't bet)
Seat 8: Luis Fern430 (small blind) folded before Flop
Seat 9: votanic (big blind) folded on the Turn



PokerStars Hand #237169331679:  Hold'em No Limit ($0.01/$0.02 USD) - 2022/07/04 21:33:09 PT [2022/07/05 0:33:09 ET]
Table 'Semele II' 9-max Seat #8 is the button
Seat 1: Gilberto2332 ($1.28 in chips) 
Seat 2: Roark,John ($2 in chips) 
Seat 3: CA Sanchez ($1.86 in chips) 
Seat 5: Dimkar101 ($4.66 in chips) 
Seat 6: Dorex2007 ($6.24 in chips) 
Seat 7: BillyElliotNZ ($2.59 in chips) 
Seat 8: Luis Fern430 ($1.48 in chips) 
Seat 9: votanic ($1.76 in chips) 
votanic: posts small blind $0.01
Gilberto2332: posts big blind $0.02
10 blueberry 10: sits out 
*** HOLE CARDS ***
Dealt to Dorex2007 [4s 5d]
Roark,John: folds 
CA Sanchez: folds 
Dimkar101: calls $0.02
Dorex2007: folds 
BillyElliotNZ: raises $0.06 to $0.08
Luis Fern430: folds 
votanic: folds 
Gilberto2332: folds 
Dimkar101: calls $0.06
*** FLOP *** [8c 8h Tc]
Dimkar101: checks 
BillyElliotNZ: bets $0.18
Dimkar101: calls $0.18
*** TURN *** [8c 8h Tc] [Qh]
Dimkar101: checks 
BillyElliotNZ: bets $0.40
Dimkar101: raises $0.40 to $0.80
BillyElliotNZ: folds 
Uncalled bet ($0.40) returned to Dimkar101
Dimkar101 collected $1.30 from pot
*** SUMMARY ***
Total pot $1.35 | Rake $0.05 
Board [8c 8h Tc Qh]
Seat 1: Gilberto2332 (big blind) folded before Flop
Seat 2: Roark,John folded before Flop (didn't bet)
Seat 3: CA Sanchez folded before Flop (didn't bet)
Seat 5: Dimkar101 collected ($1.30)
Seat 6: Dorex2007 folded before Flop (didn't bet)
Seat 7: BillyElliotNZ folded on the Turn
Seat 8: Luis Fern430 (button) folded before Flop (didn't bet)
Seat 9: votanic (small blind) folded before Flop



PokerStars Hand #237169340084:  Hold'em No Limit ($0.01/$0.02 USD) - 2022/07/04 21:34:22 PT [2022/07/05 0:34:22 ET]
Table 'Semele II' 9-max Seat #9 is the button
Seat 1: Gilberto2332 ($1.26 in chips) 
Seat 2: Roark,John ($2 in chips) 
Seat 3: CA Sanchez ($1.86 in chips) 
Seat 5: Dimkar101 ($5.30 in chips) 
Seat 6: Dorex2007 ($6.24 in chips) 
Seat 7: BillyElliotNZ ($1.93 in chips) 
Seat 8: Luis Fern430 ($1.48 in chips) 
Seat 9: votanic ($1.75 in chips) 
Gilberto2332: posts small blind $0.01
Roark,John: posts big blind $0.02
10 blueberry 10: sits out 
*** HOLE CARDS ***
Dealt to Dorex2007 [Jh 6h]
CA Sanchez: folds 
Dimkar101: folds 
Dorex2007: folds 
BillyElliotNZ: folds 
Luis Fern430: calls $0.02
votanic: calls $0.02
Gilberto2332: folds 
Roark,John: checks 
*** FLOP *** [Th Js Ac]
Roark,John: checks 
Luis Fern430: checks 
votanic: checks 
*** TURN *** [Th Js Ac] [Ks]
Roark,John: checks 
Dimkar101 leaves the table
Luis Fern430: checks 
votanic: bets $0.16
Roark,John: folds 
Luis Fern430: raises $1.30 to $1.46 and is all-in
votanic: calls $1.30
Fergtoons joins the table at seat #5 
*** RIVER *** [Th Js Ac Ks] [6c]
*** SHOW DOWN ***
Luis Fern430: shows [8d Qs] (a straight, Ten to Ace)
votanic: shows [Qc 8c] (a straight, Ten to Ace)
Luis Fern430 collected $1.45 from pot
votanic collected $1.44 from pot
*** SUMMARY ***
Total pot $2.99 | Rake $0.10 
Board [Th Js Ac Ks 6c]
Seat 1: Gilberto2332 (small blind) folded before Flop
Seat 2: Roark,John (big blind) folded on the Turn
Seat 3: CA Sanchez folded before Flop (didn't bet)
Seat 5: Dimkar101 folded before Flop (didn't bet)
Seat 6: Dorex2007 folded before Flop (didn't bet)
Seat 7: BillyElliotNZ folded before Flop (didn't bet)
Seat 8: Luis Fern430 showed [8d Qs] and won ($1.45) with a straight, Ten to Ace
Seat 9: votanic (button) showed [Qc 8c] and won ($1.44) with a straight, Ten to Ace



PokerStars Hand #237169347699:  Hold'em No Limit ($0.01/$0.02 USD) - 2022/07/04 21:35:28 PT [2022/07/05 0:35:28 ET]
Table 'Semele II' 9-max Seat #1 is the button
Seat 1: Gilberto2332 ($1.25 in chips) 
Seat 2: Roark,John ($2 in chips) 
Seat 3: CA Sanchez ($1.86 in chips) 
Seat 6: Dorex2007 ($6.24 in chips) 
Seat 7: BillyElliotNZ ($1.93 in chips) 
Seat 8: Luis Fern430 ($1.45 in chips) 
Seat 9: votanic ($1.71 in chips) 
Roark,John: posts small blind $0.01
CA Sanchez: posts big blind $0.02
10 blueberry 10: sits out 
Fergtoons: sits out 
*** HOLE CARDS ***
Dealt to Dorex2007 [5d Ah]
Dorex2007: folds 
BillyElliotNZ: folds 
Luis Fern430: folds 
votanic: calls $0.02
Gilberto2332: folds 
Roark,John: folds 
CA Sanchez: checks 
*** FLOP *** [6s 7h 4d]
CA Sanchez: checks 
votanic: bets $0.05
CA Sanchez: calls $0.05
*** TURN *** [6s 7h 4d] [4h]
CA Sanchez: checks 
votanic: bets $0.07
CA Sanchez: folds 
Uncalled bet ($0.07) returned to votanic
votanic collected $0.14 from pot
*** SUMMARY ***
Total pot $0.15 | Rake $0.01 
Board [6s 7h 4d 4h]
Seat 1: Gilberto2332 (button) folded before Flop (didn't bet)
Seat 2: Roark,John (small blind) folded before Flop
Seat 3: CA Sanchez (big blind) folded on the Turn
Seat 6: Dorex2007 folded before Flop (didn't bet)
Seat 7: BillyElliotNZ folded before Flop (didn't bet)
Seat 8: Luis Fern430 folded before Flop (didn't bet)
Seat 9: votanic collected ($0.14)



PokerStars Hand #237169355140:  Hold'em No Limit ($0.01/$0.02 USD) - 2022/07/04 21:36:18 PT [2022/07/05 0:36:18 ET]
Table 'Semele II' 9-max Seat #2 is the button
Seat 1: Gilberto2332 ($1.25 in chips) 
Seat 2: Roark,John ($2 in chips) 
Seat 3: CA Sanchez ($1.79 in chips) 
Seat 4: 10 blueberry 10 ($1.60 in chips) 
Seat 5: Fergtoons ($2 in chips) 
Seat 6: Dorex2007 ($6.24 in chips) 
Seat 7: BillyElliotNZ ($1.93 in chips) 
Seat 8: Luis Fern430 ($1.45 in chips) 
Seat 9: votanic ($1.78 in chips) 
CA Sanchez: posts small blind $0.01
10 blueberry 10: posts big blind $0.02
Fergtoons: posts big blind $0.02
*** HOLE CARDS ***
Dealt to Dorex2007 [9s Jc]
Fergtoons: checks 
Dorex2007: folds 
BillyElliotNZ: raises $0.06 to $0.08
Luis Fern430: folds 
votanic: folds 
Gilberto2332: calls $0.08
Roark,John: folds 
CA Sanchez: folds 
10 blueberry 10: folds 
Fergtoons: folds 
*** FLOP *** [Qc Ad 6d]
BillyElliotNZ: bets $0.12
Gilberto2332: calls $0.12
*** TURN *** [Qc Ad 6d] [8h]
BillyElliotNZ: checks 
Gilberto2332: bets $0.21
BillyElliotNZ: folds 
Uncalled bet ($0.21) returned to Gilberto2332
Gilberto2332 collected $0.43 from pot
*** SUMMARY ***
Total pot $0.45 | Rake $0.02 
Board [Qc Ad 6d 8h]
Seat 1: Gilberto2332 collected ($0.43)
Seat 2: Roark,John (button) folded before Flop (didn't bet)
Seat 3: CA Sanchez (small blind) folded before Flop
Seat 4: 10 blueberry 10 (big blind) folded before Flop
Seat 5: Fergtoons folded before Flop (didn't bet)
Seat 6: Dorex2007 folded before Flop (didn't bet)
Seat 7: BillyElliotNZ folded on the Turn
Seat 8: Luis Fern430 folded before Flop (didn't bet)
Seat 9: votanic folded before Flop (didn't bet)



PokerStars Hand #237169361839:  Hold'em No Limit ($0.01/$0.02 USD) - 2022/07/04 21:37:16 PT [2022/07/05 0:37:16 ET]
Table 'Semele II' 9-max Seat #3 is the button
Seat 1: Gilberto2332 ($1.48 in chips) 
Seat 2: Roark,John ($2 in chips) 
Seat 3: CA Sanchez ($1.78 in chips) 
Seat 4: 10 blueberry 10 ($1.58 in chips) 
Seat 5: Fergtoons ($1.98 in chips) 
Seat 6: Dorex2007 ($6.24 in chips) 
Seat 7: BillyElliotNZ ($2 in chips) 
Seat 8: Luis Fern430 ($1.45 in chips) 
Seat 9: votanic ($1.78 in chips) 
10 blueberry 10: posts small blind $0.01
Fergtoons: posts big blind $0.02
*** HOLE CARDS ***
Dealt to Dorex2007 [6h 7h]
Dorex2007: folds 
BillyElliotNZ: folds 
Luis Fern430: folds 
votanic: folds 
Gilberto2332: folds 
Roark,John: folds 
CA Sanchez: folds 
10 blueberry 10: folds 
Uncalled bet ($0.01) returned to Fergtoons
Fergtoons collected $0.02 from pot
*** SUMMARY ***
Total pot $0.02 | Rake $0 
Seat 1: Gilberto2332 folded before Flop (didn't bet)
Seat 2: Roark,John folded before Flop (didn't bet)
Seat 3: CA Sanchez (button) folded before Flop (didn't bet)
Seat 4: 10 blueberry 10 (small blind) folded before Flop
Seat 5: Fergtoons (big blind) collected ($0.02)
Seat 6: Dorex2007 folded before Flop (didn't bet)
Seat 7: BillyElliotNZ folded before Flop (didn't bet)
Seat 8: Luis Fern430 folded before Flop (didn't bet)
Seat 9: votanic folded before Flop (didn't bet)



PokerStars Hand #237169364619:  Hold'em No Limit ($0.01/$0.02 USD) - 2022/07/04 21:37:40 PT [2022/07/05 0:37:40 ET]
Table 'Semele II' 9-max Seat #4 is the button
Seat 1: Gilberto2332 ($1.48 in chips) 
Seat 2: Roark,John ($2 in chips) 
Seat 3: CA Sanchez ($1.78 in chips) 
Seat 4: 10 blueberry 10 ($1.57 in chips) 
Seat 5: Fergtoons ($1.99 in chips) 
Seat 6: Dorex2007 ($6.24 in chips) 
Seat 7: BillyElliotNZ ($2 in chips) 
Seat 8: Luis Fern430 ($1.45 in chips) 
Seat 9: votanic ($1.78 in chips) 
Fergtoons: posts small blind $0.01
Dorex2007: posts big blind $0.02
*** HOLE CARDS ***
Dealt to Dorex2007 [Qc 7c]
BillyElliotNZ: folds 
Luis Fern430: folds 
votanic: folds 
Gilberto2332: folds 
Roark,John: raises $0.04 to $0.06
CA Sanchez: folds 
10 blueberry 10: folds 
Fergtoons: folds 
Dorex2007: folds 
Uncalled bet ($0.04) returned to Roark,John
Roark,John collected $0.05 from pot
*** SUMMARY ***
Total pot $0.05 | Rake $0 
Seat 1: Gilberto2332 folded before Flop (didn't bet)
Seat 2: Roark,John collected ($0.05)
Seat 3: CA Sanchez folded before Flop (didn't bet)
Seat 4: 10 blueberry 10 (button) folded before Flop (didn't bet)
Seat 5: Fergtoons (small blind) folded before Flop
Seat 6: Dorex2007 (big blind) folded before Flop
Seat 7: BillyElliotNZ folded before Flop (didn't bet)
Seat 8: Luis Fern430 folded before Flop (didn't bet)
Seat 9: votanic folded before Flop (didn't bet)



PokerStars Hand #237169367270:  Hold'em No Limit ($0.01/$0.02 USD) - 2022/07/04 21:38:03 PT [2022/07/05 0:38:03 ET]
Table 'Semele II' 9-max Seat #5 is the button
Seat 1: Gilberto2332 ($1.48 in chips) 
Seat 2: Roark,John ($2.03 in chips) 
Seat 3: CA Sanchez ($1.78 in chips) 
Seat 4: 10 blueberry 10 ($1.57 in chips) 
Seat 5: Fergtoons ($1.98 in chips) 
Seat 6: Dorex2007 ($6.22 in chips) 
Seat 7: BillyElliotNZ ($2 in chips) 
Seat 8: Luis Fern430 ($1.45 in chips) 
Seat 9: votanic ($1.78 in chips) 
Dorex2007: posts small blind $0.01
BillyElliotNZ: posts big blind $0.02
*** HOLE CARDS ***
Dealt to Dorex2007 [Ks 9s]
Luis Fern430: calls $0.02
votanic: folds 
Gilberto2332: folds 
Roark,John: folds 
CA Sanchez: folds 
10 blueberry 10: folds 
Fergtoons: calls $0.02
Dorex2007: calls $0.01
BillyElliotNZ: checks 
*** FLOP *** [2s Qs Jd]
Dorex2007: checks 
BillyElliotNZ: checks 
Luis Fern430: checks 
Fergtoons: checks 
*** TURN *** [2s Qs Jd] [7d]
Dorex2007: checks 
BillyElliotNZ: checks 
Luis Fern430: checks 
Fergtoons: bets $0.04
Dorex2007: calls $0.04
BillyElliotNZ: folds 
Luis Fern430: calls $0.04
*** RIVER *** [2s Qs Jd 7d] [9d]
Dorex2007: checks 
Luis Fern430: bets $0.10
Fergtoons: folds 
Dorex2007: folds 
Uncalled bet ($0.10) returned to Luis Fern430
Luis Fern430 collected $0.19 from pot
*** SUMMARY ***
Total pot $0.20 | Rake $0.01 
Board [2s Qs Jd 7d 9d]
Seat 1: Gilberto2332 folded before Flop (didn't bet)
Seat 2: Roark,John folded before Flop (didn't bet)
Seat 3: CA Sanchez folded before Flop (didn't bet)
Seat 4: 10 blueberry 10 folded before Flop (didn't bet)
Seat 5: Fergtoons (button) folded on the River
Seat 6: Dorex2007 (small blind) folded on the River
Seat 7: BillyElliotNZ (big blind) folded on the Turn
Seat 8: Luis Fern430 collected ($0.19)
Seat 9: votanic folded before Flop (didn't bet)



PokerStars Hand #237169377296:  Hold'em No Limit ($0.01/$0.02 USD) - 2022/07/04 21:39:31 PT [2022/07/05 0:39:31 ET]
Table 'Semele II' 9-max Seat #6 is the button
Seat 1: Gilberto2332 ($1.48 in chips) 
Seat 2: Roark,John ($2.03 in chips) 
Seat 3: CA Sanchez ($1.78 in chips) 
Seat 4: 10 blueberry 10 ($1.57 in chips) 
Seat 5: Fergtoons ($1.92 in chips) 
Seat 6: Dorex2007 ($6.16 in chips) 
Seat 7: BillyElliotNZ ($1.98 in chips) 
Seat 8: Luis Fern430 ($1.58 in chips) 
Seat 9: votanic ($1.78 in chips) 
BillyElliotNZ: posts small blind $0.01
Luis Fern430: posts big blind $0.02
*** HOLE CARDS ***
Dealt to Dorex2007 [7s 3d]
votanic: raises $0.05 to $0.07
Gilberto2332: calls $0.07
Roark,John: folds 
CA Sanchez: folds 
10 blueberry 10: folds 
Fergtoons: folds 
Dorex2007: folds 
BillyElliotNZ: calls $0.06
Luis Fern430: folds 
*** FLOP *** [3c 8s 5s]
BillyElliotNZ: checks 
votanic: bets $1.71 and is all-in
Gilberto2332: folds 
BillyElliotNZ: folds 
Uncalled bet ($1.71) returned to votanic
votanic collected $0.22 from pot
*** SUMMARY ***
Total pot $0.23 | Rake $0.01 
Board [3c 8s 5s]
Seat 1: Gilberto2332 folded on the Flop
Seat 2: Roark,John folded before Flop (didn't bet)
Seat 3: CA Sanchez folded before Flop (didn't bet)
Seat 4: 10 blueberry 10 folded before Flop (didn't bet)
Seat 5: Fergtoons folded before Flop (didn't bet)
Seat 6: Dorex2007 (button) folded before Flop (didn't bet)
Seat 7: BillyElliotNZ (small blind) folded on the Flop
Seat 8: Luis Fern430 (big blind) folded before Flop
Seat 9: votanic collected ($0.22)



PokerStars Hand #237169382970:  Hold'em No Limit ($0.01/$0.02 USD) - 2022/07/04 21:40:20 PT [2022/07/05 0:40:20 ET]
Table 'Semele II' 9-max Seat #7 is the button
Seat 1: Gilberto2332 ($1.41 in chips) 
Seat 2: Roark,John ($2.03 in chips) 
Seat 3: CA Sanchez ($1.78 in chips) 
Seat 4: 10 blueberry 10 ($1.57 in chips) 
Seat 5: Fergtoons ($1.92 in chips) 
Seat 6: Dorex2007 ($6.16 in chips) 
Seat 7: BillyElliotNZ ($1.91 in chips) 
Seat 8: Luis Fern430 ($1.56 in chips) 
Seat 9: votanic ($1.93 in chips) 
Luis Fern430: posts small blind $0.01
votanic: posts big blind $0.02
*** HOLE CARDS ***
Dealt to Dorex2007 [Kd 3c]
Gilberto2332: folds 
Roark,John: folds 
CA Sanchez: calls $0.02
10 blueberry 10: folds 
Fergtoons: calls $0.02
Dorex2007: folds 
BillyElliotNZ: folds 
Luis Fern430: folds 
votanic: checks 
*** FLOP *** [6h 4h Ts]
votanic: checks 
CA Sanchez: checks 
Fergtoons: checks 
*** TURN *** [6h 4h Ts] [8c]
votanic: bets $0.07
CA Sanchez: calls $0.07
Fergtoons: folds 
*** RIVER *** [6h 4h Ts 8c] [Tc]
votanic: bets $0.02
CA Sanchez: calls $0.02
*** SHOW DOWN ***
votanic: shows [8s Ah] (two pair, Tens and Eights)
CA Sanchez: shows [Js Jh] (two pair, Jacks and Tens)
CA Sanchez collected $0.24 from pot
*** SUMMARY ***
Total pot $0.25 | Rake $0.01 
Board [6h 4h Ts 8c Tc]
Seat 1: Gilberto2332 folded before Flop (didn't bet)
Seat 2: Roark,John folded before Flop (didn't bet)
Seat 3: CA Sanchez showed [Js Jh] and won ($0.24) with two pair, Jacks and Tens
Seat 4: 10 blueberry 10 folded before Flop (didn't bet)
Seat 5: Fergtoons folded on the Turn
Seat 6: Dorex2007 folded before Flop (didn't bet)
Seat 7: BillyElliotNZ (button) folded before Flop (didn't bet)
Seat 8: Luis Fern430 (small blind) folded before Flop
Seat 9: votanic (big blind) showed [8s Ah] and lost with two pair, Tens and Eights



PokerStars Hand #237169388343:  Hold'em No Limit ($0.01/$0.02 USD) - 2022/07/04 21:41:08 PT [2022/07/05 0:41:08 ET]
Table 'Semele II' 9-max Seat #8 is the button
Seat 1: Gilberto2332 ($1.41 in chips) 
Seat 2: Roark,John ($2.03 in chips) 
Seat 3: CA Sanchez ($1.91 in chips) 
Seat 4: 10 blueberry 10 ($1.57 in chips) 
Seat 5: Fergtoons ($1.90 in chips) 
Seat 6: Dorex2007 ($6.16 in chips) 
Seat 7: BillyElliotNZ ($1.91 in chips) 
Seat 8: Luis Fern430 ($1.55 in chips) 
Seat 9: votanic ($1.82 in chips) 
votanic: posts small blind $0.01
Gilberto2332: posts big blind $0.02
*** HOLE CARDS ***
Dealt to Dorex2007 [Jd Ac]
Roark,John: folds 
CA Sanchez: calls $0.02
10 blueberry 10: calls $0.02
Fergtoons: folds 
Dorex2007: raises $0.06 to $0.08
BillyElliotNZ: folds 
Luis Fern430: raises $1.47 to $1.55 and is all-in
votanic has timed out
votanic: folds 
Gilberto2332: folds 
CA Sanchez: folds 
10 blueberry 10: folds 
Dorex2007: folds 
Uncalled bet ($1.47) returned to Luis Fern430
Luis Fern430 collected $0.23 from pot
*** SUMMARY ***
Total pot $0.23 | Rake $0 
Seat 1: Gilberto2332 (big blind) folded before Flop
Seat 2: Roark,John folded before Flop (didn't bet)
Seat 3: CA Sanchez folded before Flop
Seat 4: 10 blueberry 10 folded before Flop
Seat 5: Fergtoons folded before Flop (didn't bet)
Seat 6: Dorex2007 folded before Flop
Seat 7: BillyElliotNZ folded before Flop (didn't bet)
Seat 8: Luis Fern430 (button) collected ($0.23)
Seat 9: votanic (small blind) folded before Flop



PokerStars Hand #237169394211:  Hold'em No Limit ($0.01/$0.02 USD) - 2022/07/04 21:41:59 PT [2022/07/05 0:41:59 ET]
Table 'Semele II' 9-max Seat #1 is the button
Seat 1: Gilberto2332 ($1.39 in chips) 
Seat 2: Roark,John ($2.03 in chips) 
Seat 3: CA Sanchez ($1.89 in chips) 
Seat 4: 10 blueberry 10 ($1.55 in chips) 
Seat 5: Fergtoons ($1.90 in chips) 
Seat 6: Dorex2007 ($6.08 in chips) 
Seat 7: BillyElliotNZ ($1.91 in chips) 
Seat 8: Luis Fern430 ($1.70 in chips) 
Roark,John: posts small blind $0.01
CA Sanchez: posts big blind $0.02
*** HOLE CARDS ***
Dealt to Dorex2007 [4c Qh]
10 blueberry 10: folds 
Fergtoons: folds 
Dorex2007: folds 
BillyElliotNZ: folds 
Luis Fern430: calls $0.02
Gilberto2332: folds 
Roark,John: folds 
CA Sanchez: checks 
*** FLOP *** [Th 7c Kh]
CA Sanchez: checks 
Luis Fern430: bets $0.10
CA Sanchez: folds 
Uncalled bet ($0.10) returned to Luis Fern430
Luis Fern430 collected $0.05 from pot
*** SUMMARY ***
Total pot $0.05 | Rake $0 
Board [Th 7c Kh]
Seat 1: Gilberto2332 (button) folded before Flop (didn't bet)
Seat 2: Roark,John (small blind) folded before Flop
Seat 3: CA Sanchez (big blind) folded on the Flop
Seat 4: 10 blueberry 10 folded before Flop (didn't bet)
Seat 5: Fergtoons folded before Flop (didn't bet)
Seat 6: Dorex2007 folded before Flop (didn't bet)
Seat 7: BillyElliotNZ folded before Flop (didn't bet)
Seat 8: Luis Fern430 collected ($0.05)



PokerStars Hand #237169401711:  Hold'em No Limit ($0.01/$0.02 USD) - 2022/07/04 21:43:06 PT [2022/07/05 0:43:06 ET]
Table 'Semele II' 9-max Seat #2 is the button
Seat 1: Gilberto2332 ($1.39 in chips) 
Seat 2: Roark,John ($2.02 in chips) 
Seat 3: CA Sanchez ($1.87 in chips) 
Seat 4: 10 blueberry 10 ($1.55 in chips) 
Seat 5: Fergtoons ($1.90 in chips) 
Seat 6: Dorex2007 ($6.08 in chips) 
Seat 7: BillyElliotNZ ($1.91 in chips) 
Seat 8: Luis Fern430 ($1.73 in chips) 
CA Sanchez: posts small blind $0.01
10 blueberry 10: posts big blind $0.02
*** HOLE CARDS ***
Dealt to Dorex2007 [8s 6c]
Fergtoons: folds 
Dorex2007: folds 
BillyElliotNZ: folds 
Luis Fern430: folds 
Gilberto2332: folds 
Roark,John: raises $0.04 to $0.06
CA Sanchez: folds 
10 blueberry 10: calls $0.04
*** FLOP *** [8d 4d 5h]
10 blueberry 10: checks 
Roark,John: checks 
*** TURN *** [8d 4d 5h] [2d]
10 blueberry 10: checks 
Roark,John: checks 
*** RIVER *** [8d 4d 5h 2d] [4s]
10 blueberry 10: checks 
Roark,John: checks 
*** SHOW DOWN ***
10 blueberry 10: shows [Th Qs] (a pair of Fours)
Roark,John: shows [Kh Qd] (a pair of Fours - King kicker)
Roark,John collected $0.13 from pot
*** SUMMARY ***
Total pot $0.13 | Rake $0 
Board [8d 4d 5h 2d 4s]
Seat 1: Gilberto2332 folded before Flop (didn't bet)
Seat 2: Roark,John (button) showed [Kh Qd] and won ($0.13) with a pair of Fours
Seat 3: CA Sanchez (small blind) folded before Flop
Seat 4: 10 blueberry 10 (big blind) showed [Th Qs] and lost with a pair of Fours
Seat 5: Fergtoons folded before Flop (didn't bet)
Seat 6: Dorex2007 folded before Flop (didn't bet)
Seat 7: BillyElliotNZ folded before Flop (didn't bet)
Seat 8: Luis Fern430 folded before Flop (didn't bet)



PokerStars Hand #237169406990:  Hold'em No Limit ($0.01/$0.02 USD) - 2022/07/04 21:43:53 PT [2022/07/05 0:43:53 ET]
Table 'Semele II' 9-max Seat #3 is the button
Seat 1: Gilberto2332 ($1.39 in chips) 
Seat 2: Roark,John ($2.09 in chips) 
Seat 3: CA Sanchez ($1.86 in chips) 
Seat 4: 10 blueberry 10 ($1.49 in chips) 
Seat 5: Fergtoons ($1.90 in chips) 
Seat 6: Dorex2007 ($6.08 in chips) 
Seat 7: BillyElliotNZ ($1.91 in chips) 
Seat 8: Luis Fern430 ($1.73 in chips) 
10 blueberry 10: posts small blind $0.01
Fergtoons: posts big blind $0.02
*** HOLE CARDS ***
Dealt to Dorex2007 [Qs Qc]
Dorex2007: raises $0.04 to $0.06
BillyElliotNZ: folds 
BillyElliotNZ leaves the table
Luis Fern430: folds 
Gilberto2332: folds 
Roark,John: folds 
CA Sanchez: folds 
10 blueberry 10: folds 
Fergtoons: folds 
Uncalled bet ($0.04) returned to Dorex2007
Dorex2007 collected $0.05 from pot
*** SUMMARY ***
Total pot $0.05 | Rake $0 
Seat 1: Gilberto2332 folded before Flop (didn't bet)
Seat 2: Roark,John folded before Flop (didn't bet)
Seat 3: CA Sanchez (button) folded before Flop (didn't bet)
Seat 4: 10 blueberry 10 (small blind) folded before Flop
Seat 5: Fergtoons (big blind) folded before Flop
Seat 6: Dorex2007 collected ($0.05)
Seat 7: BillyElliotNZ folded before Flop (didn't bet)
Seat 8: Luis Fern430 folded before Flop (didn't bet)



PokerStars Hand #237169410594:  Hold'em No Limit ($0.01/$0.02 USD) - 2022/07/04 21:44:25 PT [2022/07/05 0:44:25 ET]
Table 'Semele II' 9-max Seat #4 is the button
Seat 1: Gilberto2332 ($1.39 in chips) 
Seat 2: Roark,John ($2.09 in chips) 
Seat 3: CA Sanchez ($1.86 in chips) 
Seat 4: 10 blueberry 10 ($1.48 in chips) 
Seat 5: Fergtoons ($1.88 in chips) 
Seat 6: Dorex2007 ($6.11 in chips) 
Seat 8: Luis Fern430 ($1.73 in chips) 
Fergtoons: posts small blind $0.01
Dorex2007: posts big blind $0.02
*** HOLE CARDS ***
Dealt to Dorex2007 [9h 9s]
Luis Fern430: folds 
chabal2022 joins the table at seat #7 
Gilberto2332: folds 
Roark,John: folds 
CA Sanchez: folds 
10 blueberry 10: folds 
Fergtoons: calls $0.01
Dorex2007: checks 
*** FLOP *** [5d 7c 7d]
Fergtoons: checks 
Dorex2007: bets $0.04
Fergtoons: calls $0.04
*** TURN *** [5d 7c 7d] [Qd]
Fergtoons: checks 
Dorex2007: checks 
*** RIVER *** [5d 7c 7d Qd] [Kh]
Fergtoons: checks 
Dorex2007: checks 
*** SHOW DOWN ***
Fergtoons: shows [Jd As] (a pair of Sevens)
Dorex2007: shows [9h 9s] (two pair, Nines and Sevens)
Dorex2007 collected $0.12 from pot
*** SUMMARY ***
Total pot $0.12 | Rake $0 
Board [5d 7c 7d Qd Kh]
Seat 1: Gilberto2332 folded before Flop (didn't bet)
Seat 2: Roark,John folded before Flop (didn't bet)
Seat 3: CA Sanchez folded before Flop (didn't bet)
Seat 4: 10 blueberry 10 (button) folded before Flop (didn't bet)
Seat 5: Fergtoons (small blind) showed [Jd As] and lost with a pair of Sevens
Seat 6: Dorex2007 (big blind) showed [9h 9s] and won ($0.12) with two pair, Nines and Sevens
Seat 8: Luis Fern430 folded before Flop (didn't bet)



PokerStars Hand #237169415710:  Hold'em No Limit ($0.01/$0.02 USD) - 2022/07/04 21:45:10 PT [2022/07/05 0:45:10 ET]
Table 'Semele II' 9-max Seat #5 is the button
Seat 1: Gilberto2332 ($1.39 in chips) 
Seat 2: Roark,John ($2.09 in chips) 
Seat 3: CA Sanchez ($1.86 in chips) 
Seat 4: 10 blueberry 10 ($1.48 in chips) 
Seat 5: Fergtoons ($1.82 in chips) 
Seat 6: Dorex2007 ($6.17 in chips) 
Seat 7: chabal2022 ($1.50 in chips) 
Seat 8: Luis Fern430 ($1.73 in chips) 
Dorex2007: posts small blind $0.01
chabal2022: posts big blind $0.02
*** HOLE CARDS ***
Dealt to Dorex2007 [7h 6c]
Luis Fern430: folds 
Gilberto2332: folds 
Roark,John: folds 
CA Sanchez: folds 
10 blueberry 10: folds 
Fergtoons: folds 
Dorex2007: folds 
Uncalled bet ($0.01) returned to chabal2022
chabal2022 collected $0.02 from pot
*** SUMMARY ***
Total pot $0.02 | Rake $0 
Seat 1: Gilberto2332 folded before Flop (didn't bet)
Seat 2: Roark,John folded before Flop (didn't bet)
Seat 3: CA Sanchez folded before Flop (didn't bet)
Seat 4: 10 blueberry 10 folded before Flop (didn't bet)
Seat 5: Fergtoons (button) folded before Flop (didn't bet)
Seat 6: Dorex2007 (small blind) folded before Flop
Seat 7: chabal2022 (big blind) collected ($0.02)
Seat 8: Luis Fern430 folded before Flop (didn't bet)



PokerStars Hand #237169417958:  Hold'em No Limit ($0.01/$0.02 USD) - 2022/07/04 21:45:30 PT [2022/07/05 0:45:30 ET]
Table 'Semele II' 9-max Seat #6 is the button
Seat 1: Gilberto2332 ($1.39 in chips) 
Seat 2: Roark,John ($2.09 in chips) 
Seat 3: CA Sanchez ($1.86 in chips) 
Seat 4: 10 blueberry 10 ($1.48 in chips) 
Seat 5: Fergtoons ($1.82 in chips) 
Seat 6: Dorex2007 ($6.16 in chips) 
Seat 7: chabal2022 ($1.51 in chips) 
Seat 8: Luis Fern430 ($1.73 in chips) 
chabal2022: posts small blind $0.01
Luis Fern430: posts big blind $0.02
*** HOLE CARDS ***
Dealt to Dorex2007 [2s Js]
Gilberto2332: calls $0.02
Roark,John: folds 
CA Sanchez: folds 
10 blueberry 10: folds 
Fergtoons: folds 
Dorex2007: folds 
chabal2022: calls $0.01
Luis Fern430: checks 
*** FLOP *** [Qd Kd Tc]
chabal2022: checks 
Luis Fern430: bets $0.10
Gilberto2332: calls $0.10
chabal2022: folds 
*** TURN *** [Qd Kd Tc] [3c]
Luis Fern430: checks 
Gilberto2332: checks 
*** RIVER *** [Qd Kd Tc 3c] [5c]
Luis Fern430: bets $0.20
Gilberto2332: folds 
Uncalled bet ($0.20) returned to Luis Fern430
Luis Fern430 collected $0.25 from pot
*** SUMMARY ***
Total pot $0.26 | Rake $0.01 
Board [Qd Kd Tc 3c 5c]
Seat 1: Gilberto2332 folded on the River
Seat 2: Roark,John folded before Flop (didn't bet)
Seat 3: CA Sanchez folded before Flop (didn't bet)
Seat 4: 10 blueberry 10 folded before Flop (didn't bet)
Seat 5: Fergtoons folded before Flop (didn't bet)
Seat 6: Dorex2007 (button) folded before Flop (didn't bet)
Seat 7: chabal2022 (small blind) folded on the Flop
Seat 8: Luis Fern430 (big blind) collected ($0.25)



PokerStars Hand #237169428804:  Hold'em No Limit ($0.01/$0.02 USD) - 2022/07/04 21:46:51 PT [2022/07/05 0:46:51 ET]
Table 'Semele II' 9-max Seat #7 is the button
Seat 1: Gilberto2332 ($1.27 in chips) 
Seat 2: Roark,John ($2.09 in chips) 
Seat 3: CA Sanchez ($1.86 in chips) 
Seat 4: 10 blueberry 10 ($1.48 in chips) 
Seat 5: Fergtoons ($1.82 in chips) 
Seat 6: Dorex2007 ($6.16 in chips) 
Seat 7: chabal2022 ($1.49 in chips) 
Seat 8: Luis Fern430 ($1.86 in chips) 
Luis Fern430: posts small blind $0.01
Gilberto2332: posts big blind $0.02
*** HOLE CARDS ***
Dealt to Dorex2007 [9d 4c]
Roark,John: folds 
CA Sanchez: calls $0.02
10 blueberry 10: calls $0.02
Fergtoons: folds 
Dorex2007: folds 
chabal2022: folds 
Luis Fern430: calls $0.01
Gilberto2332: checks 
*** FLOP *** [9h 6d Td]
Luis Fern430: checks 
Gilberto2332: checks 
CA Sanchez: checks 
10 blueberry 10: bets $0.08
Luis Fern430: calls $0.08
Gilberto2332: folds 
CA Sanchez: folds 
*** TURN *** [9h 6d Td] [Kh]
Luis Fern430: bets $0.10
10 blueberry 10: raises $0.22 to $0.32
Luis Fern430: folds 
Uncalled bet ($0.22) returned to 10 blueberry 10
10 blueberry 10 collected $0.42 from pot
*** SUMMARY ***
Total pot $0.44 | Rake $0.02 
Board [9h 6d Td Kh]
Seat 1: Gilberto2332 (big blind) folded on the Flop
Seat 2: Roark,John folded before Flop (didn't bet)
Seat 3: CA Sanchez folded on the Flop
Seat 4: 10 blueberry 10 collected ($0.42)
Seat 5: Fergtoons folded before Flop (didn't bet)
Seat 6: Dorex2007 folded before Flop (didn't bet)
Seat 7: chabal2022 (button) folded before Flop (didn't bet)
Seat 8: Luis Fern430 (small blind) folded on the Turn



PokerStars Hand #237169436782:  Hold'em No Limit ($0.01/$0.02 USD) - 2022/07/04 21:48:03 PT [2022/07/05 0:48:03 ET]
Table 'Semele II' 9-max Seat #8 is the button
Seat 1: Gilberto2332 ($1.25 in chips) 
Seat 3: CA Sanchez ($1.84 in chips) 
Seat 4: 10 blueberry 10 ($1.70 in chips) 
Seat 5: Fergtoons ($1.82 in chips) 
Seat 6: Dorex2007 ($6.16 in chips) 
Seat 7: chabal2022 ($1.49 in chips) 
Seat 8: Luis Fern430 ($1.66 in chips) 
Gilberto2332: posts small blind $0.01
Roark,John: is sitting out 
CA Sanchez: posts big blind $0.02
*** HOLE CARDS ***
Dealt to Dorex2007 [8h Ks]
10 blueberry 10: raises $0.05 to $0.07
Fergtoons: folds 
Roark,John leaves the table
Dorex2007: folds 
chabal2022 has timed out
chabal2022: folds 
Luis Fern430: folds 
Gilberto2332: calls $0.06
CA Sanchez: folds 
*** FLOP *** [Ac 9h 8d]
Gilberto2332: bets $0.15
10 blueberry 10: folds 
Uncalled bet ($0.15) returned to Gilberto2332
Gilberto2332 collected $0.15 from pot
*** SUMMARY ***
Total pot $0.16 | Rake $0.01 
Board [Ac 9h 8d]
Seat 1: Gilberto2332 (small blind) collected ($0.15)
Seat 3: CA Sanchez (big blind) folded before Flop
Seat 4: 10 blueberry 10 folded on the Flop
Seat 5: Fergtoons folded before Flop (didn't bet)
Seat 6: Dorex2007 folded before Flop (didn't bet)
Seat 7: chabal2022 folded before Flop (didn't bet)
Seat 8: Luis Fern430 (button) folded before Flop (didn't bet)



PokerStars Hand #237169441069:  Hold'em No Limit ($0.01/$0.02 USD) - 2022/07/04 21:48:39 PT [2022/07/05 0:48:39 ET]
Table 'Semele II' 9-max Seat #1 is the button
Seat 1: Gilberto2332 ($1.33 in chips) 
Seat 3: CA Sanchez ($1.82 in chips) 
Seat 4: 10 blueberry 10 ($1.63 in chips) 
Seat 5: Fergtoons ($1.82 in chips) 
Seat 6: Dorex2007 ($6.16 in chips) 
Seat 7: chabal2022 ($1.49 in chips) 
Seat 8: Luis Fern430 ($1.66 in chips) 
CA Sanchez: posts small blind $0.01
10 blueberry 10: posts big blind $0.02
votanic: sits out 
*** HOLE CARDS ***
Dealt to Dorex2007 [Ac Ts]
Fergtoons: folds 
Dorex2007: calls $0.02
chabal2022: calls $0.02
Luis Fern430: folds 
Gilberto2332: folds 
CA Sanchez: folds 
10 blueberry 10: checks 
*** FLOP *** [5h 2c Th]
10 blueberry 10: checks 
Dorex2007: bets $0.07
chabal2022: folds 
10 blueberry 10: folds 
Uncalled bet ($0.07) returned to Dorex2007
Dorex2007 collected $0.07 from pot
*** SUMMARY ***
Total pot $0.07 | Rake $0 
Board [5h 2c Th]
Seat 1: Gilberto2332 (button) folded before Flop (didn't bet)
Seat 3: CA Sanchez (small blind) folded before Flop
Seat 4: 10 blueberry 10 (big blind) folded on the Flop
Seat 5: Fergtoons folded before Flop (didn't bet)
Seat 6: Dorex2007 collected ($0.07)
Seat 7: chabal2022 folded on the Flop
Seat 8: Luis Fern430 folded before Flop (didn't bet)



PokerStars Hand #237169446781:  Hold'em No Limit ($0.01/$0.02 USD) - 2022/07/04 21:49:28 PT [2022/07/05 0:49:28 ET]
Table 'Semele II' 9-max Seat #3 is the button
Seat 1: Gilberto2332 ($1.33 in chips) 
Seat 3: CA Sanchez ($1.81 in chips) 
Seat 4: 10 blueberry 10 ($1.61 in chips) 
Seat 5: Fergtoons ($1.82 in chips) 
Seat 6: Dorex2007 ($6.21 in chips) 
Seat 7: chabal2022 ($1.47 in chips) 
Seat 8: Luis Fern430 ($1.66 in chips) 
10 blueberry 10: posts small blind $0.01
Fergtoons: posts big blind $0.02
votanic: sits out 
*** HOLE CARDS ***
Dealt to Dorex2007 [6h Qs]
Dorex2007: folds 
chabal2022: folds 
Luis Fern430: folds 
Gilberto2332: folds 
CA Sanchez: calls $0.02
10 blueberry 10: folds 
Fergtoons: checks 
*** FLOP *** [2h Kd 4c]
Fergtoons: checks 
CA Sanchez: bets $0.02
Fergtoons: folds 
Uncalled bet ($0.02) returned to CA Sanchez
CA Sanchez collected $0.05 from pot
*** SUMMARY ***
Total pot $0.05 | Rake $0 
Board [2h Kd 4c]
Seat 1: Gilberto2332 folded before Flop (didn't bet)
Seat 3: CA Sanchez (button) collected ($0.05)
Seat 4: 10 blueberry 10 (small blind) folded before Flop
Seat 5: Fergtoons (big blind) folded on the Flop
Seat 6: Dorex2007 folded before Flop (didn't bet)
Seat 7: chabal2022 folded before Flop (didn't bet)
Seat 8: Luis Fern430 folded before Flop (didn't bet)



PokerStars Hand #237169450549:  Hold'em No Limit ($0.01/$0.02 USD) - 2022/07/04 21:50:01 PT [2022/07/05 0:50:01 ET]
Table 'Semele II' 9-max Seat #4 is the button
Seat 1: Gilberto2332 ($1.33 in chips) 
Seat 3: CA Sanchez ($1.84 in chips) 
Seat 4: 10 blueberry 10 ($1.60 in chips) 
Seat 5: Fergtoons ($1.80 in chips) 
Seat 6: Dorex2007 ($6.21 in chips) 
Seat 7: chabal2022 ($1.47 in chips) 
Seat 8: Luis Fern430 ($1.66 in chips) 
Fergtoons: posts small blind $0.01
Dorex2007: posts big blind $0.02
votanic: sits out 
*** HOLE CARDS ***
Dealt to Dorex2007 [8d Kc]
chabal2022 has timed out
chabal2022: folds 
Luis Fern430: folds 
Gilberto2332: folds 
CA Sanchez: folds 
10 blueberry 10: folds 
Fergtoons: calls $0.01
Dorex2007: checks 
*** FLOP *** [9d 9c 9h]
Aristócrates cl joins the table at seat #2 
Fergtoons: checks 
Dorex2007: checks 
*** TURN *** [9d 9c 9h] [Ts]
Fergtoons: checks 
Dorex2007: bets $0.03
Fergtoons: calls $0.03
*** RIVER *** [9d 9c 9h Ts] [Qh]
Fergtoons: bets $0.10
Dorex2007: folds 
Uncalled bet ($0.10) returned to Fergtoons
Fergtoons collected $0.10 from pot
*** SUMMARY ***
Total pot $0.10 | Rake $0 
Board [9d 9c 9h Ts Qh]
Seat 1: Gilberto2332 folded before Flop (didn't bet)
Seat 3: CA Sanchez folded before Flop (didn't bet)
Seat 4: 10 blueberry 10 (button) folded before Flop (didn't bet)
Seat 5: Fergtoons (small blind) collected ($0.10)
Seat 6: Dorex2007 (big blind) folded on the River
Seat 7: chabal2022 folded before Flop (didn't bet)
Seat 8: Luis Fern430 folded before Flop (didn't bet)



PokerStars Hand #237169456541:  Hold'em No Limit ($0.01/$0.02 USD) - 2022/07/04 21:50:53 PT [2022/07/05 0:50:53 ET]
Table 'Semele II' 9-max Seat #5 is the button
Seat 1: Gilberto2332 ($1.33 in chips) 
Seat 2: Aristócrates cl ($2 in chips) 
Seat 3: CA Sanchez ($1.84 in chips) 
Seat 4: 10 blueberry 10 ($1.60 in chips) 
Seat 5: Fergtoons ($1.85 in chips) 
Seat 6: Dorex2007 ($6.16 in chips) 
Seat 7: chabal2022 ($1.47 in chips) 
Seat 8: Luis Fern430 ($1.66 in chips) 
Dorex2007: posts small blind $0.01
chabal2022: posts big blind $0.02
votanic: sits out 
Aristócrates cl: posts big blind $0.02
*** HOLE CARDS ***
Dealt to Dorex2007 [8h 5c]
Luis Fern430: folds 
Gilberto2332: folds 
Aristócrates cl: checks 
CA Sanchez: folds 
10 blueberry 10: folds 
Fergtoons: calls $0.02
Dorex2007: folds 
chabal2022: checks 
*** FLOP *** [Kc Qc 9c]
chabal2022: checks 
Aristócrates cl: checks 
Fergtoons: checks 
*** TURN *** [Kc Qc 9c] [Ad]
chabal2022: bets $0.06
Aristócrates cl: folds 
Fergtoons: folds 
Uncalled bet ($0.06) returned to chabal2022
chabal2022 collected $0.07 from pot
*** SUMMARY ***
Total pot $0.07 | Rake $0 
Board [Kc Qc 9c Ad]
Seat 1: Gilberto2332 folded before Flop (didn't bet)
Seat 2: Aristócrates cl folded on the Turn (didn't bet)
Seat 3: CA Sanchez folded before Flop (didn't bet)
Seat 4: 10 blueberry 10 folded before Flop (didn't bet)
Seat 5: Fergtoons (button) folded on the Turn
Seat 6: Dorex2007 (small blind) folded before Flop
Seat 7: chabal2022 (big blind) collected ($0.07)
Seat 8: Luis Fern430 folded before Flop (didn't bet)



PokerStars Hand #237169461550:  Hold'em No Limit ($0.01/$0.02 USD) - 2022/07/04 21:51:37 PT [2022/07/05 0:51:37 ET]
Table 'Semele II' 9-max Seat #6 is the button
Seat 1: Gilberto2332 ($1.33 in chips) 
Seat 2: Aristócrates cl ($1.98 in chips) 
Seat 3: CA Sanchez ($1.84 in chips) 
Seat 4: 10 blueberry 10 ($1.60 in chips) 
Seat 5: Fergtoons ($1.83 in chips) 
Seat 6: Dorex2007 ($6.15 in chips) 
Seat 7: chabal2022 ($1.52 in chips) 
Seat 8: Luis Fern430 ($1.66 in chips) 
chabal2022: posts small blind $0.01
Luis Fern430: posts big blind $0.02
votanic: sits out 
*** HOLE CARDS ***
Dealt to Dorex2007 [3s 6h]
Gilberto2332: folds 
Aristócrates cl: calls $0.02
CA Sanchez: folds 
10 blueberry 10: folds 
Fergtoons: folds 
Dorex2007: folds 
chabal2022: calls $0.01
Luis Fern430: checks 
*** FLOP *** [3h 9h Jd]
chabal2022: checks 
Luis Fern430: checks 
Aristócrates cl: bets $0.03
chabal2022: folds 
Luis Fern430: calls $0.03
*** TURN *** [3h 9h Jd] [5s]
Luis Fern430: checks 
Aristócrates cl: checks 
*** RIVER *** [3h 9h Jd 5s] [Ah]
Luis Fern430: bets $0.10
Aristócrates cl: folds 
Uncalled bet ($0.10) returned to Luis Fern430
Luis Fern430 collected $0.12 from pot
*** SUMMARY ***
Total pot $0.12 | Rake $0 
Board [3h 9h Jd 5s Ah]
Seat 1: Gilberto2332 folded before Flop (didn't bet)
Seat 2: Aristócrates cl folded on the River
Seat 3: CA Sanchez folded before Flop (didn't bet)
Seat 4: 10 blueberry 10 folded before Flop (didn't bet)
Seat 5: Fergtoons folded before Flop (didn't bet)
Seat 6: Dorex2007 (button) folded before Flop (didn't bet)
Seat 7: chabal2022 (small blind) folded on the Flop
Seat 8: Luis Fern430 (big blind) collected ($0.12)



