PokerStars Hand #233960624151:  Hold'em No Limit ($0.01/$0.02 USD) - 2022/02/10 16:15:09 PT [2022/02/10 19:15:09 ET]
Table 'Nauplius V' 9-max Seat #8 is the button
Seat 1: noborin ($0.98 in chips) 
Seat 2: zvieira33 ($2.53 in chips) 
Seat 3: grey30594 ($2.90 in chips) 
Seat 4: tylerdurden21x ($1.94 in chips) 
Seat 5: 0PTI-MEN ($3.84 in chips) 
Seat 6: Dorex2007 ($2 in chips) 
Seat 7: NiamNiamm ($2.30 in chips) 
Seat 8: PandaRhyan ($1.99 in chips) 
Seat 9: matt blakk ($2.25 in chips) 
matt blakk: posts small blind $0.01
noborin: posts big blind $0.02
Dorex2007: posts big blind $0.02
*** HOLE CARDS ***
Dealt to Dorex2007 [Th Qc]
zvieira33: raises $0.02 to $0.04
grey30594: folds 
tylerdurden21x: calls $0.04
0PTI-MEN: folds 
Dorex2007: folds 
NiamNiamm: folds 
PandaRhyan: folds 
matt blakk: calls $0.03
noborin: calls $0.02
*** FLOP *** [Ad Ks 2h]
matt blakk: checks 
noborin: checks 
zvieira33: checks 
tylerdurden21x: checks 
*** TURN *** [Ad Ks 2h] [4s]
matt blakk: checks 
noborin: bets $0.06
zvieira33: calls $0.06
tylerdurden21x: folds 
matt blakk: folds 
*** RIVER *** [Ad Ks 2h 4s] [3c]
noborin: bets $0.06
zvieira33: folds 
Uncalled bet ($0.06) returned to noborin
noborin collected $0.29 from pot
noborin: doesn't show hand 
*** SUMMARY ***
Total pot $0.30 | Rake $0.01 
Board [Ad Ks 2h 4s 3c]
Seat 1: noborin (big blind) collected ($0.29)
Seat 2: zvieira33 folded on the River
Seat 3: grey30594 folded before Flop (didn't bet)
Seat 4: tylerdurden21x folded on the Turn
Seat 5: 0PTI-MEN folded before Flop (didn't bet)
Seat 6: Dorex2007 folded before Flop (didn't bet)
Seat 7: NiamNiamm folded before Flop (didn't bet)
Seat 8: PandaRhyan (button) folded before Flop (didn't bet)
Seat 9: matt blakk (small blind) folded on the Turn



PokerStars Hand #233960656234:  Hold'em No Limit ($0.01/$0.02 USD) - 2022/02/10 16:16:41 PT [2022/02/10 19:16:41 ET]
Table 'Nauplius V' 9-max Seat #9 is the button
Seat 1: noborin ($1.17 in chips) 
Seat 2: zvieira33 ($2.43 in chips) 
Seat 3: grey30594 ($2.90 in chips) 
Seat 4: tylerdurden21x ($1.90 in chips) 
Seat 5: 0PTI-MEN ($3.84 in chips) 
Seat 6: Dorex2007 ($2 in chips) 
Seat 7: NiamNiamm ($2.30 in chips) 
Seat 8: PandaRhyan ($1.99 in chips) 
Seat 9: matt blakk ($2.21 in chips) 
noborin: posts small blind $0.01
zvieira33: posts big blind $0.02
*** HOLE CARDS ***
Dealt to Dorex2007 [5d Qd]
grey30594: folds 
tylerdurden21x: folds 
0PTI-MEN: folds 
Dorex2007: folds 
NiamNiamm: folds 
PandaRhyan: calls $0.02
matt blakk: raises $0.06 to $0.08
noborin: folds 
zvieira33: calls $0.06
PandaRhyan: folds 
*** FLOP *** [Kc 9h Qh]
zvieira33: checks 
matt blakk: checks 
*** TURN *** [Kc 9h Qh] [7c]
zvieira33: bets $0.20
matt blakk: folds 
Uncalled bet ($0.20) returned to zvieira33
zvieira33 collected $0.18 from pot
zvieira33: doesn't show hand 
*** SUMMARY ***
Total pot $0.19 | Rake $0.01 
Board [Kc 9h Qh 7c]
Seat 1: noborin (small blind) folded before Flop
Seat 2: zvieira33 (big blind) collected ($0.18)
Seat 3: grey30594 folded before Flop (didn't bet)
Seat 4: tylerdurden21x folded before Flop (didn't bet)
Seat 5: 0PTI-MEN folded before Flop (didn't bet)
Seat 6: Dorex2007 folded before Flop (didn't bet)
Seat 7: NiamNiamm folded before Flop (didn't bet)
Seat 8: PandaRhyan folded before Flop
Seat 9: matt blakk (button) folded on the Turn



PokerStars Hand #233960677417:  Hold'em No Limit ($0.01/$0.02 USD) - 2022/02/10 16:17:42 PT [2022/02/10 19:17:42 ET]
Table 'Nauplius V' 9-max Seat #1 is the button
Seat 1: noborin ($1.16 in chips) 
Seat 2: zvieira33 ($2.53 in chips) 
Seat 3: grey30594 ($2.90 in chips) 
Seat 4: tylerdurden21x ($1.90 in chips) 
Seat 5: 0PTI-MEN ($3.84 in chips) 
Seat 6: Dorex2007 ($2 in chips) 
Seat 7: NiamNiamm ($2.30 in chips) 
Seat 8: PandaRhyan ($1.97 in chips) 
Seat 9: matt blakk ($2.13 in chips) 
zvieira33: posts small blind $0.01
grey30594: posts big blind $0.02
*** HOLE CARDS ***
Dealt to Dorex2007 [4h 5d]
tylerdurden21x: folds 
0PTI-MEN: folds 
Dorex2007: folds 
NiamNiamm: folds 
PandaRhyan: folds 
matt blakk: raises $0.04 to $0.06
noborin: folds 
zvieira33: folds 
grey30594: folds 
Uncalled bet ($0.04) returned to matt blakk
matt blakk collected $0.05 from pot
*** SUMMARY ***
Total pot $0.05 | Rake $0 
Seat 1: noborin (button) folded before Flop (didn't bet)
Seat 2: zvieira33 (small blind) folded before Flop
Seat 3: grey30594 (big blind) folded before Flop
Seat 4: tylerdurden21x folded before Flop (didn't bet)
Seat 5: 0PTI-MEN folded before Flop (didn't bet)
Seat 6: Dorex2007 folded before Flop (didn't bet)
Seat 7: NiamNiamm folded before Flop (didn't bet)
Seat 8: PandaRhyan folded before Flop (didn't bet)
Seat 9: matt blakk collected ($0.05)



PokerStars Hand #233960687289:  Hold'em No Limit ($0.01/$0.02 USD) - 2022/02/10 16:18:10 PT [2022/02/10 19:18:10 ET]
Table 'Nauplius V' 9-max Seat #2 is the button
Seat 1: noborin ($1.16 in chips) 
Seat 2: zvieira33 ($2.52 in chips) 
Seat 3: grey30594 ($2.88 in chips) 
Seat 4: tylerdurden21x ($1.90 in chips) 
Seat 5: 0PTI-MEN ($3.84 in chips) 
Seat 6: Dorex2007 ($2 in chips) 
Seat 7: NiamNiamm ($2.30 in chips) 
Seat 8: PandaRhyan ($1.97 in chips) 
Seat 9: matt blakk ($2.16 in chips) 
grey30594: posts small blind $0.01
tylerdurden21x: posts big blind $0.02
*** HOLE CARDS ***
Dealt to Dorex2007 [Ah 3c]
0PTI-MEN: folds 
Dorex2007: folds 
NiamNiamm: folds 
PandaRhyan has timed out
PandaRhyan: folds 
matt blakk: calls $0.02
noborin: calls $0.02
zvieira33: folds 
grey30594: folds 
tylerdurden21x: checks 
*** FLOP *** [Jh 8c 5h]
tylerdurden21x: checks 
matt blakk: checks 
noborin: checks 
*** TURN *** [Jh 8c 5h] [9d]
tylerdurden21x: checks 
matt blakk: checks 
noborin: bets $0.06
tylerdurden21x: folds 
matt blakk: calls $0.06
*** RIVER *** [Jh 8c 5h 9d] [5c]
matt blakk: checks 
noborin: bets $0.10
matt blakk: folds 
Uncalled bet ($0.10) returned to noborin
noborin collected $0.18 from pot
noborin: doesn't show hand 
*** SUMMARY ***
Total pot $0.19 | Rake $0.01 
Board [Jh 8c 5h 9d 5c]
Seat 1: noborin collected ($0.18)
Seat 2: zvieira33 (button) folded before Flop (didn't bet)
Seat 3: grey30594 (small blind) folded before Flop
Seat 4: tylerdurden21x (big blind) folded on the Turn
Seat 5: 0PTI-MEN folded before Flop (didn't bet)
Seat 6: Dorex2007 folded before Flop (didn't bet)
Seat 7: NiamNiamm folded before Flop (didn't bet)
Seat 8: PandaRhyan folded before Flop (didn't bet)
Seat 9: matt blakk folded on the River



PokerStars Hand #233960712341:  Hold'em No Limit ($0.01/$0.02 USD) - 2022/02/10 16:19:23 PT [2022/02/10 19:19:23 ET]
Table 'Nauplius V' 9-max Seat #3 is the button
Seat 1: noborin ($1.26 in chips) 
Seat 2: zvieira33 ($2.52 in chips) 
Seat 3: grey30594 ($2.87 in chips) 
Seat 4: tylerdurden21x ($1.88 in chips) 
Seat 5: 0PTI-MEN ($3.84 in chips) 
Seat 6: Dorex2007 ($2 in chips) 
Seat 7: NiamNiamm ($2.30 in chips) 
Seat 9: matt blakk ($2.08 in chips) 
tylerdurden21x: posts small blind $0.01
0PTI-MEN: posts big blind $0.02
*** HOLE CARDS ***
Dealt to Dorex2007 [2c 2s]
Dorex2007: folds 
NiamNiamm: raises $0.04 to $0.06
matt blakk: folds 
noborin: calls $0.06
zvieira33: folds 
grey30594: folds 
tylerdurden21x: folds 
0PTI-MEN: calls $0.04
*** FLOP *** [3c Jh 3d]
0PTI-MEN: checks 
NiamNiamm: bets $0.09
noborin: calls $0.09
0PTI-MEN: folds 
*** TURN *** [3c Jh 3d] [9d]
NiamNiamm: checks 
noborin: checks 
*** RIVER *** [3c Jh 3d 9d] [Jc]
NiamNiamm: checks 
noborin: checks 
*** SHOW DOWN ***
NiamNiamm: shows [Tc Th] (two pair, Jacks and Tens)
noborin: mucks hand 
NiamNiamm collected $0.36 from pot
*** SUMMARY ***
Total pot $0.37 | Rake $0.01 
Board [3c Jh 3d 9d Jc]
Seat 1: noborin mucked [7s 7c]
Seat 2: zvieira33 folded before Flop (didn't bet)
Seat 3: grey30594 (button) folded before Flop (didn't bet)
Seat 4: tylerdurden21x (small blind) folded before Flop
Seat 5: 0PTI-MEN (big blind) folded on the Flop
Seat 6: Dorex2007 folded before Flop (didn't bet)
Seat 7: NiamNiamm showed [Tc Th] and won ($0.36) with two pair, Jacks and Tens
Seat 9: matt blakk folded before Flop (didn't bet)



PokerStars Hand #233960729809:  Hold'em No Limit ($0.01/$0.02 USD) - 2022/02/10 16:20:13 PT [2022/02/10 19:20:13 ET]
Table 'Nauplius V' 9-max Seat #4 is the button
Seat 1: noborin ($1.11 in chips) 
Seat 2: zvieira33 ($2.52 in chips) 
Seat 3: grey30594 ($2.87 in chips) 
Seat 4: tylerdurden21x ($1.87 in chips) 
Seat 5: 0PTI-MEN ($3.78 in chips) 
Seat 6: Dorex2007 ($2 in chips) 
Seat 7: NiamNiamm ($2.51 in chips) 
Seat 9: matt blakk ($2.08 in chips) 
0PTI-MEN: posts small blind $0.01
Dorex2007: posts big blind $0.02
*** HOLE CARDS ***
Dealt to Dorex2007 [4c 6c]
NiamNiamm: folds 
matt blakk: folds 
noborin: folds 
zvieira33: folds 
grey30594: folds 
tylerdurden21x: raises $0.02 to $0.04
0PTI-MEN: folds 
Dorex2007: folds 
Uncalled bet ($0.02) returned to tylerdurden21x
tylerdurden21x collected $0.05 from pot
*** SUMMARY ***
Total pot $0.05 | Rake $0 
Seat 1: noborin folded before Flop (didn't bet)
Seat 2: zvieira33 folded before Flop (didn't bet)
Seat 3: grey30594 folded before Flop (didn't bet)
Seat 4: tylerdurden21x (button) collected ($0.05)
Seat 5: 0PTI-MEN (small blind) folded before Flop
Seat 6: Dorex2007 (big blind) folded before Flop
Seat 7: NiamNiamm folded before Flop (didn't bet)
Seat 9: matt blakk folded before Flop (didn't bet)



PokerStars Hand #233960745421:  Hold'em No Limit ($0.01/$0.02 USD) - 2022/02/10 16:20:35 PT [2022/02/10 19:20:35 ET]
Table 'Nauplius V' 9-max Seat #5 is the button
Seat 1: noborin ($1.11 in chips) 
Seat 2: zvieira33 ($2.52 in chips) 
Seat 3: grey30594 ($2.87 in chips) 
Seat 4: tylerdurden21x ($1.90 in chips) 
Seat 5: 0PTI-MEN ($3.77 in chips) 
Seat 6: Dorex2007 ($2 in chips) 
Seat 7: NiamNiamm ($2.51 in chips) 
Seat 9: matt blakk ($2.08 in chips) 
Dorex2007: posts small blind $0.01
NiamNiamm: posts big blind $0.02
*** HOLE CARDS ***
Dealt to Dorex2007 [7s 3d]
matt blakk: raises $0.04 to $0.06
noborin: folds 
zvieira33: folds 
grey30594: folds 
tylerdurden21x: folds 
0PTI-MEN: folds 
Dorex2007: folds 
NiamNiamm: folds 
Uncalled bet ($0.04) returned to matt blakk
matt blakk collected $0.05 from pot
*** SUMMARY ***
Total pot $0.05 | Rake $0 
Seat 1: noborin folded before Flop (didn't bet)
Seat 2: zvieira33 folded before Flop (didn't bet)
Seat 3: grey30594 folded before Flop (didn't bet)
Seat 4: tylerdurden21x folded before Flop (didn't bet)
Seat 5: 0PTI-MEN (button) folded before Flop (didn't bet)
Seat 6: Dorex2007 (small blind) folded before Flop
Seat 7: NiamNiamm (big blind) folded before Flop
Seat 9: matt blakk collected ($0.05)



PokerStars Hand #233960752348:  Hold'em No Limit ($0.01/$0.02 USD) - 2022/02/10 16:20:55 PT [2022/02/10 19:20:55 ET]
Table 'Nauplius V' 9-max Seat #6 is the button
Seat 1: noborin ($1.11 in chips) 
Seat 2: zvieira33 ($2.52 in chips) 
Seat 3: grey30594 ($2.87 in chips) 
Seat 4: tylerdurden21x ($1.90 in chips) 
Seat 5: 0PTI-MEN ($3.77 in chips) 
Seat 6: Dorex2007 ($2 in chips) 
Seat 7: NiamNiamm ($2.49 in chips) 
Seat 9: matt blakk ($2.11 in chips) 
NiamNiamm: posts small blind $0.01
matt blakk: posts big blind $0.02
*** HOLE CARDS ***
Dealt to Dorex2007 [3h 8c]
noborin: calls $0.02
zvieira33: raises $0.04 to $0.06
grey30594: folds 
tylerdurden21x: folds 
0PTI-MEN: calls $0.06
Dorex2007: folds 
NiamNiamm: calls $0.05
matt blakk: raises $0.24 to $0.30
noborin: folds 
zvieira33: folds 
0PTI-MEN: calls $0.24
NiamNiamm: folds 
*** FLOP *** [Ks 7c 5c]
matt blakk: checks 
0PTI-MEN: bets $0.40
matt blakk: calls $0.40
*** TURN *** [Ks 7c 5c] [5d]
matt blakk: checks 
0PTI-MEN: checks 
*** RIVER *** [Ks 7c 5c 5d] [9d]
matt blakk: bets $1.41 and is all-in
0PTI-MEN: calls $1.41
*** SHOW DOWN ***
matt blakk: shows [Kc As] (two pair, Kings and Fives)
0PTI-MEN: shows [Jh Jd] (two pair, Jacks and Fives)
matt blakk collected $4.21 from pot
*** SUMMARY ***
Total pot $4.36 | Rake $0.15 
Board [Ks 7c 5c 5d 9d]
Seat 1: noborin folded before Flop
Seat 2: zvieira33 folded before Flop
Seat 3: grey30594 folded before Flop (didn't bet)
Seat 4: tylerdurden21x folded before Flop (didn't bet)
Seat 5: 0PTI-MEN showed [Jh Jd] and lost with two pair, Jacks and Fives
Seat 6: Dorex2007 (button) folded before Flop (didn't bet)
Seat 7: NiamNiamm (small blind) folded before Flop
Seat 9: matt blakk (big blind) showed [Kc As] and won ($4.21) with two pair, Kings and Fives



PokerStars Hand #233960782609:  Hold'em No Limit ($0.01/$0.02 USD) - 2022/02/10 16:22:24 PT [2022/02/10 19:22:24 ET]
Table 'Nauplius V' 9-max Seat #7 is the button
Seat 1: noborin ($1.09 in chips) 
Seat 2: zvieira33 ($2.46 in chips) 
Seat 3: grey30594 ($2.87 in chips) 
Seat 4: tylerdurden21x ($1.90 in chips) 
Seat 5: 0PTI-MEN ($1.66 in chips) 
Seat 6: Dorex2007 ($2 in chips) 
Seat 7: NiamNiamm ($2.43 in chips) 
Seat 9: matt blakk ($4.21 in chips) 
matt blakk: posts small blind $0.01
noborin: posts big blind $0.02
*** HOLE CARDS ***
Dealt to Dorex2007 [5s Ts]
zvieira33: folds 
grey30594: folds 
tylerdurden21x: raises $0.04 to $0.06
0PTI-MEN: folds 
Dorex2007: folds 
NiamNiamm: folds 
matt blakk: folds 
noborin: calls $0.04
*** FLOP *** [4h 8c 9s]
noborin: checks 
tylerdurden21x: checks 
*** TURN *** [4h 8c 9s] [5d]
noborin: bets $0.13
tylerdurden21x: calls $0.13
*** RIVER *** [4h 8c 9s 5d] [2c]
noborin: bets $0.19
tylerdurden21x: raises $1.52 to $1.71 and is all-in
noborin: folds 
Uncalled bet ($1.52) returned to tylerdurden21x
tylerdurden21x collected $0.74 from pot
*** SUMMARY ***
Total pot $0.77 | Rake $0.03 
Board [4h 8c 9s 5d 2c]
Seat 1: noborin (big blind) folded on the River
Seat 2: zvieira33 folded before Flop (didn't bet)
Seat 3: grey30594 folded before Flop (didn't bet)
Seat 4: tylerdurden21x collected ($0.74)
Seat 5: 0PTI-MEN folded before Flop (didn't bet)
Seat 6: Dorex2007 folded before Flop (didn't bet)
Seat 7: NiamNiamm (button) folded before Flop (didn't bet)
Seat 9: matt blakk (small blind) folded before Flop



PokerStars Hand #233960807491:  Hold'em No Limit ($0.01/$0.02 USD) - 2022/02/10 16:23:38 PT [2022/02/10 19:23:38 ET]
Table 'Nauplius V' 9-max Seat #9 is the button
Seat 1: noborin ($0.71 in chips) 
Seat 2: zvieira33 ($2.46 in chips) 
Seat 3: grey30594 ($2.87 in chips) 
Seat 4: tylerdurden21x ($2.26 in chips) 
Seat 5: 0PTI-MEN ($1.66 in chips) 
Seat 6: Dorex2007 ($2 in chips) 
Seat 7: NiamNiamm ($2.43 in chips) 
Seat 9: matt blakk ($4.20 in chips) 
noborin: posts small blind $0.01
zvieira33: posts big blind $0.02
*** HOLE CARDS ***
Dealt to Dorex2007 [Tc Ts]
grey30594: folds 
tylerdurden21x: folds 
0PTI-MEN: folds 
Dorex2007: raises $0.02 to $0.04
NiamNiamm: folds 
matt blakk: folds 
noborin: folds 
zvieira33 has timed out
zvieira33: folds 
Uncalled bet ($0.02) returned to Dorex2007
Dorex2007 collected $0.05 from pot
Dorex2007: doesn't show hand 
*** SUMMARY ***
Total pot $0.05 | Rake $0 
Seat 1: noborin (small blind) folded before Flop
Seat 2: zvieira33 (big blind) folded before Flop
Seat 3: grey30594 folded before Flop (didn't bet)
Seat 4: tylerdurden21x folded before Flop (didn't bet)
Seat 5: 0PTI-MEN folded before Flop (didn't bet)
Seat 6: Dorex2007 collected ($0.05)
Seat 7: NiamNiamm folded before Flop (didn't bet)
Seat 9: matt blakk (button) folded before Flop (didn't bet)



PokerStars Hand #233960828586:  Hold'em No Limit ($0.01/$0.02 USD) - 2022/02/10 16:24:41 PT [2022/02/10 19:24:41 ET]
Table 'Nauplius V' 9-max Seat #1 is the button
Seat 1: noborin ($0.70 in chips) 
Seat 3: grey30594 ($2.87 in chips) 
Seat 4: tylerdurden21x ($2.26 in chips) 
Seat 5: 0PTI-MEN ($1.66 in chips) 
Seat 6: Dorex2007 ($2.03 in chips) 
Seat 7: NiamNiamm ($2.43 in chips) 
Seat 9: matt blakk ($4.20 in chips) 
grey30594: posts small blind $0.01
tylerdurden21x: posts big blind $0.02
*** HOLE CARDS ***
Dealt to Dorex2007 [9d 2d]
0PTI-MEN: folds 
Dorex2007: folds 
NiamNiamm: folds 
matt blakk: folds 
noborin: raises $0.02 to $0.04
grey30594: folds 
tylerdurden21x: folds 
Uncalled bet ($0.02) returned to noborin
noborin collected $0.05 from pot
noborin: doesn't show hand 
*** SUMMARY ***
Total pot $0.05 | Rake $0 
Seat 1: noborin (button) collected ($0.05)
Seat 3: grey30594 (small blind) folded before Flop
Seat 4: tylerdurden21x (big blind) folded before Flop
Seat 5: 0PTI-MEN folded before Flop (didn't bet)
Seat 6: Dorex2007 folded before Flop (didn't bet)
Seat 7: NiamNiamm folded before Flop (didn't bet)
Seat 9: matt blakk folded before Flop (didn't bet)



PokerStars Hand #233960836284:  Hold'em No Limit ($0.01/$0.02 USD) - 2022/02/10 16:25:03 PT [2022/02/10 19:25:03 ET]
Table 'Nauplius V' 9-max Seat #3 is the button
Seat 1: noborin ($0.73 in chips) 
Seat 3: grey30594 ($2.86 in chips) 
Seat 4: tylerdurden21x ($2.24 in chips) 
Seat 5: 0PTI-MEN ($1.66 in chips) 
Seat 6: Dorex2007 ($2.03 in chips) 
Seat 7: NiamNiamm ($2.43 in chips) 
Seat 9: matt blakk ($4.20 in chips) 
tylerdurden21x: posts small blind $0.01
0PTI-MEN: posts big blind $0.02
*** HOLE CARDS ***
Dealt to Dorex2007 [8s 9c]
Dorex2007: folds 
NiamNiamm: raises $0.04 to $0.06
matt blakk: folds 
noborin: folds 
grey30594: folds 
tylerdurden21x: raises $0.20 to $0.26
0PTI-MEN: folds 
NiamNiamm: folds 
Uncalled bet ($0.20) returned to tylerdurden21x
tylerdurden21x collected $0.14 from pot
*** SUMMARY ***
Total pot $0.14 | Rake $0 
Seat 1: noborin folded before Flop (didn't bet)
Seat 3: grey30594 (button) folded before Flop (didn't bet)
Seat 4: tylerdurden21x (small blind) collected ($0.14)
Seat 5: 0PTI-MEN (big blind) folded before Flop
Seat 6: Dorex2007 folded before Flop (didn't bet)
Seat 7: NiamNiamm folded before Flop
Seat 9: matt blakk folded before Flop (didn't bet)



PokerStars Hand #233960844871:  Hold'em No Limit ($0.01/$0.02 USD) - 2022/02/10 16:25:29 PT [2022/02/10 19:25:29 ET]
Table 'Nauplius V' 9-max Seat #4 is the button
Seat 1: noborin ($0.73 in chips) 
Seat 3: grey30594 ($2.86 in chips) 
Seat 4: tylerdurden21x ($2.32 in chips) 
Seat 5: 0PTI-MEN ($1.64 in chips) 
Seat 6: Dorex2007 ($2.03 in chips) 
Seat 7: NiamNiamm ($2.37 in chips) 
Seat 9: matt blakk ($4.20 in chips) 
0PTI-MEN: posts small blind $0.01
Dorex2007: posts big blind $0.02
zvieira33: sits out 
*** HOLE CARDS ***
Dealt to Dorex2007 [6d 2h]
NiamNiamm: folds 
matt blakk: folds 
noborin: calls $0.02
grey30594: raises $0.06 to $0.08
tylerdurden21x: folds 
0PTI-MEN: folds 
Dorex2007: folds 
noborin: calls $0.06
*** FLOP *** [8s 4s Ts]
noborin: bets $0.06
grey30594: calls $0.06
*** TURN *** [8s 4s Ts] [8d]
noborin: bets $0.20
grey30594: calls $0.20
*** RIVER *** [8s 4s Ts 8d] [Ah]
noborin: bets $0.39 and is all-in
grey30594: calls $0.39
*** SHOW DOWN ***
noborin: shows [5s 3s] (a flush, Ten high)
grey30594: shows [As Jh] (two pair, Aces and Eights)
noborin collected $1.44 from pot
*** SUMMARY ***
Total pot $1.49 | Rake $0.05 
Board [8s 4s Ts 8d Ah]
Seat 1: noborin showed [5s 3s] and won ($1.44) with a flush, Ten high
Seat 3: grey30594 showed [As Jh] and lost with two pair, Aces and Eights
Seat 4: tylerdurden21x (button) folded before Flop (didn't bet)
Seat 5: 0PTI-MEN (small blind) folded before Flop
Seat 6: Dorex2007 (big blind) folded before Flop
Seat 7: NiamNiamm folded before Flop (didn't bet)
Seat 9: matt blakk folded before Flop (didn't bet)



PokerStars Hand #233960869354:  Hold'em No Limit ($0.01/$0.02 USD) - 2022/02/10 16:26:42 PT [2022/02/10 19:26:42 ET]
Table 'Nauplius V' 9-max Seat #5 is the button
Seat 1: noborin ($1.44 in chips) 
Seat 2: zvieira33 ($2.44 in chips) 
Seat 3: grey30594 ($2.13 in chips) 
Seat 4: tylerdurden21x ($2.32 in chips) 
Seat 5: 0PTI-MEN ($1.63 in chips) 
Seat 6: Dorex2007 ($2.01 in chips) 
Seat 7: NiamNiamm ($2.37 in chips) 
Seat 9: matt blakk ($4.20 in chips) 
Dorex2007: posts small blind $0.01
NiamNiamm: posts big blind $0.02
zvieira33: posts small blind $0.01
*** HOLE CARDS ***
Dealt to Dorex2007 [Ts 5s]
matt blakk: raises $0.04 to $0.06
noborin: folds 
zvieira33: folds 
grey30594: folds 
tylerdurden21x: folds 
0PTI-MEN: folds 
Dorex2007: folds 
NiamNiamm: folds 
Uncalled bet ($0.04) returned to matt blakk
matt blakk collected $0.06 from pot
*** SUMMARY ***
Total pot $0.06 | Rake $0 
Seat 1: noborin folded before Flop (didn't bet)
Seat 2: zvieira33 folded before Flop (didn't bet)
Seat 3: grey30594 folded before Flop (didn't bet)
Seat 4: tylerdurden21x folded before Flop (didn't bet)
Seat 5: 0PTI-MEN (button) folded before Flop (didn't bet)
Seat 6: Dorex2007 (small blind) folded before Flop
Seat 7: NiamNiamm (big blind) folded before Flop
Seat 9: matt blakk collected ($0.06)



PokerStars Hand #233960878034:  Hold'em No Limit ($0.01/$0.02 USD) - 2022/02/10 16:27:07 PT [2022/02/10 19:27:07 ET]
Table 'Nauplius V' 9-max Seat #6 is the button
Seat 1: noborin ($1.44 in chips) 
Seat 2: zvieira33 ($2.43 in chips) 
Seat 3: grey30594 ($2.13 in chips) 
Seat 4: tylerdurden21x ($2.32 in chips) 
Seat 5: 0PTI-MEN ($1.63 in chips) 
Seat 6: Dorex2007 ($2 in chips) 
Seat 7: NiamNiamm ($2.35 in chips) 
Seat 8: PandaRhyan ($1.97 in chips) 
Seat 9: matt blakk ($4.24 in chips) 
NiamNiamm: posts small blind $0.01
PandaRhyan: posts big blind $0.02
*** HOLE CARDS ***
Dealt to Dorex2007 [Qs 3d]
matt blakk: raises $0.04 to $0.06
noborin: folds 
zvieira33: folds 
grey30594: folds 
tylerdurden21x: folds 
0PTI-MEN: folds 
Dorex2007: folds 
NiamNiamm: folds 
PandaRhyan: folds 
Uncalled bet ($0.04) returned to matt blakk
matt blakk collected $0.05 from pot
*** SUMMARY ***
Total pot $0.05 | Rake $0 
Seat 1: noborin folded before Flop (didn't bet)
Seat 2: zvieira33 folded before Flop (didn't bet)
Seat 3: grey30594 folded before Flop (didn't bet)
Seat 4: tylerdurden21x folded before Flop (didn't bet)
Seat 5: 0PTI-MEN folded before Flop (didn't bet)
Seat 6: Dorex2007 (button) folded before Flop (didn't bet)
Seat 7: NiamNiamm (small blind) folded before Flop
Seat 8: PandaRhyan (big blind) folded before Flop
Seat 9: matt blakk collected ($0.05)



PokerStars Hand #233960887625:  Hold'em No Limit ($0.01/$0.02 USD) - 2022/02/10 16:27:36 PT [2022/02/10 19:27:36 ET]
Table 'Nauplius V' 9-max Seat #7 is the button
Seat 1: noborin ($1.44 in chips) 
Seat 2: zvieira33 ($2.43 in chips) 
Seat 3: grey30594 ($2.13 in chips) 
Seat 4: tylerdurden21x ($2.32 in chips) 
Seat 5: 0PTI-MEN ($1.63 in chips) 
Seat 6: Dorex2007 ($2 in chips) 
Seat 7: NiamNiamm ($2.34 in chips) 
Seat 8: PandaRhyan ($1.95 in chips) 
Seat 9: matt blakk ($4.27 in chips) 
PandaRhyan: posts small blind $0.01
matt blakk: posts big blind $0.02
*** HOLE CARDS ***
Dealt to Dorex2007 [Qd 8s]
noborin: folds 
zvieira33 has timed out
zvieira33: folds 
grey30594: folds 
tylerdurden21x: raises $0.04 to $0.06
0PTI-MEN: folds 
Dorex2007: folds 
NiamNiamm is disconnected 
NiamNiamm has timed out while disconnected
NiamNiamm: folds 
PandaRhyan: folds 
matt blakk: calls $0.04
*** FLOP *** [6s 8h 2c]
matt blakk: checks 
tylerdurden21x: checks 
*** TURN *** [6s 8h 2c] [6h]
matt blakk: bets $0.06
tylerdurden21x: calls $0.06
*** RIVER *** [6s 8h 2c 6h] [Td]
matt blakk: bets $0.15
tylerdurden21x: calls $0.15
*** SHOW DOWN ***
matt blakk: shows [Tc 9c] (two pair, Tens and Sixes)
tylerdurden21x: shows [As Ah] (two pair, Aces and Sixes)
tylerdurden21x collected $0.53 from pot
*** SUMMARY ***
Total pot $0.55 | Rake $0.02 
Board [6s 8h 2c 6h Td]
Seat 1: noborin folded before Flop (didn't bet)
Seat 2: zvieira33 folded before Flop (didn't bet)
Seat 3: grey30594 folded before Flop (didn't bet)
Seat 4: tylerdurden21x showed [As Ah] and won ($0.53) with two pair, Aces and Sixes
Seat 5: 0PTI-MEN folded before Flop (didn't bet)
Seat 6: Dorex2007 folded before Flop (didn't bet)
Seat 7: NiamNiamm (button) folded before Flop (didn't bet)
Seat 8: PandaRhyan (small blind) folded before Flop
Seat 9: matt blakk (big blind) showed [Tc 9c] and lost with two pair, Tens and Sixes



PokerStars Hand #233960921962:  Hold'em No Limit ($0.01/$0.02 USD) - 2022/02/10 16:29:10 PT [2022/02/10 19:29:10 ET]
Table 'Nauplius V' 9-max Seat #8 is the button
Seat 1: noborin ($1.44 in chips) 
Seat 2: zvieira33 ($2.43 in chips) 
Seat 3: grey30594 ($2.13 in chips) 
Seat 4: tylerdurden21x ($2.58 in chips) 
Seat 5: 0PTI-MEN ($1.63 in chips) 
Seat 6: Dorex2007 ($2 in chips) 
Seat 8: PandaRhyan ($1.94 in chips) 
Seat 9: matt blakk ($4 in chips) 
matt blakk: posts small blind $0.01
noborin: posts big blind $0.02
*** HOLE CARDS ***
Dealt to Dorex2007 [2s Qc]
zvieira33: folds 
grey30594: folds 
tylerdurden21x: folds 
0PTI-MEN: folds 
Dorex2007: folds 
PandaRhyan: calls $0.02
matt blakk: raises $0.04 to $0.06
noborin: folds 
PandaRhyan: calls $0.04
*** FLOP *** [Kd 7d Td]
matt blakk: bets $0.07
PandaRhyan: folds 
Uncalled bet ($0.07) returned to matt blakk
matt blakk collected $0.14 from pot
*** SUMMARY ***
Total pot $0.14 | Rake $0 
Board [Kd 7d Td]
Seat 1: noborin (big blind) folded before Flop
Seat 2: zvieira33 folded before Flop (didn't bet)
Seat 3: grey30594 folded before Flop (didn't bet)
Seat 4: tylerdurden21x folded before Flop (didn't bet)
Seat 5: 0PTI-MEN folded before Flop (didn't bet)
Seat 6: Dorex2007 folded before Flop (didn't bet)
Seat 8: PandaRhyan (button) folded on the Flop
Seat 9: matt blakk (small blind) collected ($0.14)



