PokerStars Hand #237168214222:  Hold'em No Limit ($0.01/$0.02 USD) - 2022/07/04 19:26:55 PT [2022/07/04 22:26:55 ET]
Table 'Tristan' 9-max Seat #2 is the button
Seat 2: victordyfox ($1.67 in chips) 
Seat 3: perffect16 ($4.08 in chips) 
Seat 4: VanillaSky17 ($1.73 in chips) 
Seat 5: sociologix ($0.86 in chips) 
Seat 6: Gabi migu533 ($0.90 in chips) 
Seat 7: MoWarr ($1.35 in chips) 
Seat 8: w3sby ($2.07 in chips) 
Seat 9: Dorex2007 ($2 in chips) 
perffect16: posts small blind $0.01
VanillaSky17: posts big blind $0.02
Dorex2007: posts big blind $0.02
*** HOLE CARDS ***
Dealt to Dorex2007 [Jc 8c]
sociologix: folds 
Gabi migu533: calls $0.02
MoWarr: raises $0.04 to $0.06
w3sby: folds 
Dorex2007: folds 
victordyfox: folds 
perffect16: calls $0.05
VanillaSky17: folds 
Gabi migu533: calls $0.04
*** FLOP *** [8s Qs Qd]
perffect16: checks 
Gabi migu533: bets $0.08
MoWarr: calls $0.08
perffect16: calls $0.08
*** TURN *** [8s Qs Qd] [4d]
perffect16: checks 
Gabi migu533: bets $0.20
MoWarr: calls $0.20
perffect16: raises $0.20 to $0.40
Gabi migu533: folds 
MoWarr: calls $0.20
*** RIVER *** [8s Qs Qd 4d] [2h]
perffect16: bets $1.41
MoWarr: folds 
Uncalled bet ($1.41) returned to perffect16
perffect16 collected $1.41 from pot
*** SUMMARY ***
Total pot $1.46 | Rake $0.05 
Board [8s Qs Qd 4d 2h]
Seat 2: victordyfox (button) folded before Flop (didn't bet)
Seat 3: perffect16 (small blind) collected ($1.41)
Seat 4: VanillaSky17 (big blind) folded before Flop
Seat 5: sociologix folded before Flop (didn't bet)
Seat 6: Gabi migu533 folded on the Turn
Seat 7: MoWarr folded on the River
Seat 8: w3sby folded before Flop (didn't bet)
Seat 9: Dorex2007 folded before Flop (didn't bet)



PokerStars Hand #237168231123:  Hold'em No Limit ($0.01/$0.02 USD) - 2022/07/04 19:28:33 PT [2022/07/04 22:28:33 ET]
Table 'Tristan' 9-max Seat #3 is the button
Seat 2: victordyfox ($1.67 in chips) 
Seat 3: perffect16 ($4.95 in chips) 
Seat 4: VanillaSky17 ($1.71 in chips) 
Seat 5: sociologix ($0.86 in chips) 
Seat 6: Gabi migu533 ($0.56 in chips) 
Seat 7: MoWarr ($0.81 in chips) 
Seat 8: w3sby ($2.07 in chips) 
Seat 9: Dorex2007 ($2 in chips) 
VanillaSky17: posts small blind $0.01
sociologix: posts big blind $0.02
*** HOLE CARDS ***
Dealt to Dorex2007 [2s As]
Gabi migu533: folds 
MoWarr: raises $0.04 to $0.06
w3sby: folds 
Dorex2007: folds 
victordyfox: calls $0.06
perffect16: folds 
VanillaSky17: folds 
sociologix: folds 
*** FLOP *** [3c 6d 8d]
MoWarr: bets $0.07
victordyfox: folds 
Uncalled bet ($0.07) returned to MoWarr
MoWarr collected $0.14 from pot
*** SUMMARY ***
Total pot $0.15 | Rake $0.01 
Board [3c 6d 8d]
Seat 2: victordyfox folded on the Flop
Seat 3: perffect16 (button) folded before Flop (didn't bet)
Seat 4: VanillaSky17 (small blind) folded before Flop
Seat 5: sociologix (big blind) folded before Flop
Seat 6: Gabi migu533 folded before Flop (didn't bet)
Seat 7: MoWarr collected ($0.14)
Seat 8: w3sby folded before Flop (didn't bet)
Seat 9: Dorex2007 folded before Flop (didn't bet)



PokerStars Hand #237168238807:  Hold'em No Limit ($0.01/$0.02 USD) - 2022/07/04 19:29:18 PT [2022/07/04 22:29:18 ET]
Table 'Tristan' 9-max Seat #4 is the button
Seat 2: victordyfox ($1.61 in chips) 
Seat 3: perffect16 ($4.95 in chips) 
Seat 4: VanillaSky17 ($1.70 in chips) 
Seat 5: sociologix ($0.84 in chips) 
Seat 7: MoWarr ($0.89 in chips) 
Seat 8: w3sby ($2.07 in chips) 
Seat 9: Dorex2007 ($2 in chips) 
sociologix: posts small blind $0.01
Gabi migu533 has timed out
Gabi migu533: is sitting out 
MoWarr: posts big blind $0.02
*** HOLE CARDS ***
Dealt to Dorex2007 [Ts 9c]
w3sby: raises $0.04 to $0.06
Dorex2007: folds 
victordyfox: folds 
perffect16: folds 
VanillaSky17: folds 
sociologix: calls $0.05
MoWarr: folds 
*** FLOP *** [Qh Qc 9h]
sociologix: checks 
w3sby: bets $0.07
sociologix: calls $0.07
*** TURN *** [Qh Qc 9h] [8d]
sociologix: bets $0.18
w3sby: folds 
Uncalled bet ($0.18) returned to sociologix
sociologix collected $0.27 from pot
*** SUMMARY ***
Total pot $0.28 | Rake $0.01 
Board [Qh Qc 9h 8d]
Seat 2: victordyfox folded before Flop (didn't bet)
Seat 3: perffect16 folded before Flop (didn't bet)
Seat 4: VanillaSky17 (button) folded before Flop (didn't bet)
Seat 5: sociologix (small blind) collected ($0.27)
Seat 7: MoWarr (big blind) folded before Flop
Seat 8: w3sby folded on the Turn
Seat 9: Dorex2007 folded before Flop (didn't bet)



PokerStars Hand #237168247206:  Hold'em No Limit ($0.01/$0.02 USD) - 2022/07/04 19:30:06 PT [2022/07/04 22:30:06 ET]
Table 'Tristan' 9-max Seat #5 is the button
Seat 2: victordyfox ($1.61 in chips) 
Seat 3: perffect16 ($4.95 in chips) 
Seat 4: VanillaSky17 ($1.70 in chips) 
Seat 5: sociologix ($0.98 in chips) 
Seat 7: MoWarr ($0.87 in chips) 
Seat 8: w3sby ($2 in chips) 
Seat 9: Dorex2007 ($2 in chips) 
MoWarr: posts small blind $0.01
w3sby: posts big blind $0.02
*** HOLE CARDS ***
Dealt to Dorex2007 [7h Js]
Dorex2007: folds 
victordyfox: folds 
perffect16: folds 
VanillaSky17: folds 
sociologix: folds 
MoWarr: calls $0.01
w3sby: raises $0.04 to $0.06
MoWarr: calls $0.04
*** FLOP *** [5d 9s Kd]
MoWarr: checks 
w3sby: bets $0.06
MoWarr: calls $0.06
*** TURN *** [5d 9s Kd] [2c]
MoWarr: checks 
w3sby: checks 
*** RIVER *** [5d 9s Kd 2c] [3d]
MoWarr: bets $0.75 and is all-in
w3sby: folds 
Uncalled bet ($0.75) returned to MoWarr
MoWarr collected $0.23 from pot
*** SUMMARY ***
Total pot $0.24 | Rake $0.01 
Board [5d 9s Kd 2c 3d]
Seat 2: victordyfox folded before Flop (didn't bet)
Seat 3: perffect16 folded before Flop (didn't bet)
Seat 4: VanillaSky17 folded before Flop (didn't bet)
Seat 5: sociologix (button) folded before Flop (didn't bet)
Seat 7: MoWarr (small blind) collected ($0.23)
Seat 8: w3sby (big blind) folded on the River
Seat 9: Dorex2007 folded before Flop (didn't bet)



PokerStars Hand #237168256540:  Hold'em No Limit ($0.01/$0.02 USD) - 2022/07/04 19:31:01 PT [2022/07/04 22:31:01 ET]
Table 'Tristan' 9-max Seat #7 is the button
Seat 3: perffect16 ($4.95 in chips) 
Seat 4: VanillaSky17 ($1.70 in chips) 
Seat 5: sociologix ($0.98 in chips) 
Seat 6: Gabi migu533 ($0.56 in chips) 
Seat 7: MoWarr ($0.98 in chips) 
Seat 8: w3sby ($2 in chips) 
Seat 9: Dorex2007 ($2 in chips) 
w3sby: posts small blind $0.01
Dorex2007: posts big blind $0.02
Gabi migu533: posts small & big blinds $0.03
*** HOLE CARDS ***
Dealt to Dorex2007 [Th 7c]
victordyfox leaves the table
perffect16: raises $0.08 to $0.10
VanillaSky17: folds 
sociologix: calls $0.10
Gabi migu533: folds 
MoWarr: folds 
w3sby: folds 
Dorex2007: folds 
*** FLOP *** [5h 7s Ks]
perffect16: bets $0.12
sociologix: folds 
Uncalled bet ($0.12) returned to perffect16
perffect16 collected $0.25 from pot
*** SUMMARY ***
Total pot $0.26 | Rake $0.01 
Board [5h 7s Ks]
Seat 3: perffect16 collected ($0.25)
Seat 4: VanillaSky17 folded before Flop (didn't bet)
Seat 5: sociologix folded on the Flop
Seat 6: Gabi migu533 folded before Flop (didn't bet)
Seat 7: MoWarr (button) folded before Flop (didn't bet)
Seat 8: w3sby (small blind) folded before Flop
Seat 9: Dorex2007 (big blind) folded before Flop



PokerStars Hand #237168262629:  Hold'em No Limit ($0.01/$0.02 USD) - 2022/07/04 19:31:37 PT [2022/07/04 22:31:37 ET]
Table 'Tristan' 9-max Seat #8 is the button
Seat 1: veronica1290 ($0.32 in chips) 
Seat 3: perffect16 ($5.10 in chips) 
Seat 4: VanillaSky17 ($1.70 in chips) 
Seat 5: sociologix ($0.88 in chips) 
Seat 6: Gabi migu533 ($0.53 in chips) 
Seat 7: MoWarr ($0.98 in chips) 
Seat 8: w3sby ($2 in chips) 
Seat 9: Dorex2007 ($2 in chips) 
Dorex2007: posts small blind $0.01
veronica1290: posts big blind $0.02
*** HOLE CARDS ***
Dealt to Dorex2007 [5s Kh]
perffect16: folds 
VanillaSky17: folds 
sociologix: calls $0.02
Gabi migu533: folds 
MoWarr: folds 
w3sby: folds 
Dorex2007: folds 
veronica1290: checks 
*** FLOP *** [4d 9s 9d]
veronica1290: checks 
sociologix: checks 
*** TURN *** [4d 9s 9d] [Ah]
veronica1290: checks 
sociologix: checks 
*** RIVER *** [4d 9s 9d Ah] [9c]
veronica1290: checks 
sociologix: checks 
*** SHOW DOWN ***
veronica1290: shows [2c Tc] (three of a kind, Nines)
sociologix: shows [2h As] (a full house, Nines full of Aces)
sociologix collected $0.05 from pot
*** SUMMARY ***
Total pot $0.05 | Rake $0 
Board [4d 9s 9d Ah 9c]
Seat 1: veronica1290 (big blind) showed [2c Tc] and lost with three of a kind, Nines
Seat 3: perffect16 folded before Flop (didn't bet)
Seat 4: VanillaSky17 folded before Flop (didn't bet)
Seat 5: sociologix showed [2h As] and won ($0.05) with a full house, Nines full of Aces
Seat 6: Gabi migu533 folded before Flop (didn't bet)
Seat 7: MoWarr folded before Flop (didn't bet)
Seat 8: w3sby (button) folded before Flop (didn't bet)
Seat 9: Dorex2007 (small blind) folded before Flop



PokerStars Hand #237168272683:  Hold'em No Limit ($0.01/$0.02 USD) - 2022/07/04 19:32:36 PT [2022/07/04 22:32:36 ET]
Table 'Tristan' 9-max Seat #9 is the button
Seat 1: veronica1290 ($0.30 in chips) 
Seat 3: perffect16 ($5.10 in chips) 
Seat 4: VanillaSky17 ($1.70 in chips) 
Seat 5: sociologix ($0.91 in chips) 
Seat 6: Gabi migu533 ($0.53 in chips) 
Seat 7: MoWarr ($0.98 in chips) 
Seat 8: w3sby ($2 in chips) 
Seat 9: Dorex2007 ($2 in chips) 
veronica1290: posts small blind $0.01
perffect16: posts big blind $0.02
*** HOLE CARDS ***
Dealt to Dorex2007 [8d 4h]
Luigiams joins the table at seat #2 
VanillaSky17: folds 
sociologix: folds 
Gabi migu533: folds 
MoWarr: raises $0.02 to $0.04
w3sby: folds 
Dorex2007: folds 
veronica1290: folds 
perffect16: folds 
Uncalled bet ($0.02) returned to MoWarr
MoWarr collected $0.05 from pot
*** SUMMARY ***
Total pot $0.05 | Rake $0 
Seat 1: veronica1290 (small blind) folded before Flop
Seat 3: perffect16 (big blind) folded before Flop
Seat 4: VanillaSky17 folded before Flop (didn't bet)
Seat 5: sociologix folded before Flop (didn't bet)
Seat 6: Gabi migu533 folded before Flop (didn't bet)
Seat 7: MoWarr collected ($0.05)
Seat 8: w3sby folded before Flop (didn't bet)
Seat 9: Dorex2007 (button) folded before Flop (didn't bet)



PokerStars Hand #237168277287:  Hold'em No Limit ($0.01/$0.02 USD) - 2022/07/04 19:33:03 PT [2022/07/04 22:33:03 ET]
Table 'Tristan' 9-max Seat #1 is the button
Seat 1: veronica1290 ($0.29 in chips) 
Seat 3: perffect16 ($5.08 in chips) 
Seat 4: VanillaSky17 ($1.70 in chips) 
Seat 5: sociologix ($0.91 in chips) 
Seat 6: Gabi migu533 ($0.53 in chips) 
Seat 7: MoWarr ($1.01 in chips) 
Seat 8: w3sby ($2 in chips) 
Seat 9: Dorex2007 ($2 in chips) 
perffect16: posts small blind $0.01
VanillaSky17: posts big blind $0.02
*** HOLE CARDS ***
Dealt to Dorex2007 [7c 9s]
sociologix: calls $0.02
Gabi migu533: folds 
MoWarr: calls $0.02
w3sby: folds 
Dorex2007: folds 
veronica1290: folds 
perffect16: calls $0.01
VanillaSky17: checks 
*** FLOP *** [3d 5s Ac]
perffect16: checks 
VanillaSky17: bets $0.04
sociologix: calls $0.04
MoWarr: folds 
perffect16: folds 
*** TURN *** [3d 5s Ac] [As]
VanillaSky17: checks 
sociologix: checks 
*** RIVER *** [3d 5s Ac As] [2s]
VanillaSky17: checks 
sociologix: bets $0.14
VanillaSky17: folds 
Uncalled bet ($0.14) returned to sociologix
sociologix collected $0.15 from pot
*** SUMMARY ***
Total pot $0.16 | Rake $0.01 
Board [3d 5s Ac As 2s]
Seat 1: veronica1290 (button) folded before Flop (didn't bet)
Seat 3: perffect16 (small blind) folded on the Flop
Seat 4: VanillaSky17 (big blind) folded on the River
Seat 5: sociologix collected ($0.15)
Seat 6: Gabi migu533 folded before Flop (didn't bet)
Seat 7: MoWarr folded on the Flop
Seat 8: w3sby folded before Flop (didn't bet)
Seat 9: Dorex2007 folded before Flop (didn't bet)



PokerStars Hand #237168291862:  Hold'em No Limit ($0.01/$0.02 USD) - 2022/07/04 19:34:30 PT [2022/07/04 22:34:30 ET]
Table 'Tristan' 9-max Seat #3 is the button
Seat 1: veronica1290 ($0.29 in chips) 
Seat 3: perffect16 ($5.06 in chips) 
Seat 4: VanillaSky17 ($1.64 in chips) 
Seat 5: sociologix ($1 in chips) 
Seat 6: Gabi migu533 ($0.53 in chips) 
Seat 7: MoWarr ($0.99 in chips) 
Seat 8: w3sby ($2 in chips) 
Seat 9: Dorex2007 ($2 in chips) 
VanillaSky17: posts small blind $0.01
sociologix: posts big blind $0.02
Luigiams: sits out 
*** HOLE CARDS ***
Dealt to Dorex2007 [9c 6c]
Gabi migu533: folds 
MoWarr: raises $0.02 to $0.04
w3sby: folds 
Dorex2007: folds 
veronica1290: folds 
perffect16: raises $0.04 to $0.08
VanillaSky17: folds 
sociologix: folds 
MoWarr: calls $0.04
*** FLOP *** [Ts 3h Qd]
MoWarr: bets $0.09
perffect16: calls $0.09
*** TURN *** [Ts 3h Qd] [Qc]
MoWarr: bets $0.82 and is all-in
perffect16: folds 
Uncalled bet ($0.82) returned to MoWarr
MoWarr collected $0.36 from pot
*** SUMMARY ***
Total pot $0.37 | Rake $0.01 
Board [Ts 3h Qd Qc]
Seat 1: veronica1290 folded before Flop (didn't bet)
Seat 3: perffect16 (button) folded on the Turn
Seat 4: VanillaSky17 (small blind) folded before Flop
Seat 5: sociologix (big blind) folded before Flop
Seat 6: Gabi migu533 folded before Flop (didn't bet)
Seat 7: MoWarr collected ($0.36)
Seat 8: w3sby folded before Flop (didn't bet)
Seat 9: Dorex2007 folded before Flop (didn't bet)



PokerStars Hand #237168300391:  Hold'em No Limit ($0.01/$0.02 USD) - 2022/07/04 19:35:20 PT [2022/07/04 22:35:20 ET]
Table 'Tristan' 9-max Seat #4 is the button
Seat 1: veronica1290 ($0.29 in chips) 
Seat 3: perffect16 ($4.89 in chips) 
Seat 4: VanillaSky17 ($1.63 in chips) 
Seat 5: sociologix ($0.98 in chips) 
Seat 6: Gabi migu533 ($0.53 in chips) 
Seat 7: MoWarr ($1.18 in chips) 
Seat 8: w3sby ($2 in chips) 
Seat 9: Dorex2007 ($2 in chips) 
sociologix: posts small blind $0.01
Gabi migu533: posts big blind $0.02
Luigiams: sits out 
*** HOLE CARDS ***
Dealt to Dorex2007 [3h 5d]
MoWarr: folds 
w3sby: folds 
Dorex2007: folds 
veronica1290: calls $0.02
perffect16: calls $0.02
VanillaSky17: folds 
sociologix: folds 
Gabi migu533: checks 
*** FLOP *** [8s Qs Ks]
Gabi migu533: checks 
veronica1290: checks 
perffect16: checks 
*** TURN *** [8s Qs Ks] [8c]
Gabi migu533: checks 
veronica1290: checks 
perffect16: bets $0.07
Gabi migu533: calls $0.07
veronica1290: folds 
*** RIVER *** [8s Qs Ks 8c] [Qc]
Gabi migu533: checks 
perffect16: checks 
*** SHOW DOWN ***
Gabi migu533: shows [9d Tc] (two pair, Queens and Eights)
perffect16: shows [6s Ah] (two pair, Queens and Eights - Ace kicker)
perffect16 collected $0.20 from pot
*** SUMMARY ***
Total pot $0.21 | Rake $0.01 
Board [8s Qs Ks 8c Qc]
Seat 1: veronica1290 folded on the Turn
Seat 3: perffect16 showed [6s Ah] and won ($0.20) with two pair, Queens and Eights
Seat 4: VanillaSky17 (button) folded before Flop (didn't bet)
Seat 5: sociologix (small blind) folded before Flop
Seat 6: Gabi migu533 (big blind) showed [9d Tc] and lost with two pair, Queens and Eights
Seat 7: MoWarr folded before Flop (didn't bet)
Seat 8: w3sby folded before Flop (didn't bet)
Seat 9: Dorex2007 folded before Flop (didn't bet)



PokerStars Hand #237168312910:  Hold'em No Limit ($0.01/$0.02 USD) - 2022/07/04 19:36:35 PT [2022/07/04 22:36:35 ET]
Table 'Tristan' 9-max Seat #5 is the button
Seat 1: veronica1290 ($0.27 in chips) 
Seat 3: perffect16 ($5 in chips) 
Seat 4: VanillaSky17 ($1.63 in chips) 
Seat 5: sociologix ($0.97 in chips) 
Seat 6: Gabi migu533 ($0.44 in chips) 
Seat 7: MoWarr ($1.18 in chips) 
Seat 8: w3sby ($2 in chips) 
Seat 9: Dorex2007 ($2 in chips) 
Gabi migu533: posts small blind $0.01
MoWarr: posts big blind $0.02
Luigiams: sits out 
*** HOLE CARDS ***
Dealt to Dorex2007 [Jh 4s]
w3sby: folds 
Dorex2007: folds 
veronica1290: folds 
perffect16: calls $0.02
VanillaSky17: folds 
sociologix: calls $0.02
Gabi migu533: calls $0.01
MoWarr: checks 
*** FLOP *** [Ad 9c 7s]
Gabi migu533: checks 
MoWarr: checks 
perffect16: bets $0.02
sociologix: calls $0.02
Gabi migu533: calls $0.02
MoWarr: folds 
*** TURN *** [Ad 9c 7s] [8h]
Gabi migu533: checks 
perffect16: bets $0.07
sociologix: calls $0.07
Gabi migu533: calls $0.07
*** RIVER *** [Ad 9c 7s 8h] [As]
Gabi migu533: checks 
perffect16: bets $0.34
sociologix: calls $0.34
Gabi migu533: calls $0.33 and is all-in
*** SHOW DOWN ***
perffect16: shows [Ac 8d] (a full house, Aces full of Eights)
sociologix: mucks hand 
perffect16 collected $0.02 from side pot
Gabi migu533: mucks hand 
perffect16 collected $1.29 from main pot
*** SUMMARY ***
Total pot $1.36 Main pot $1.29. Side pot $0.02. | Rake $0.05 
Board [Ad 9c 7s 8h As]
Seat 1: veronica1290 folded before Flop (didn't bet)
Seat 3: perffect16 showed [Ac 8d] and won ($1.31) with a full house, Aces full of Eights
Seat 4: VanillaSky17 folded before Flop (didn't bet)
Seat 5: sociologix (button) mucked [Jd Js]
Seat 6: Gabi migu533 (small blind) mucked [Ks 9s]
Seat 7: MoWarr (big blind) folded on the Flop
Seat 8: w3sby folded before Flop (didn't bet)
Seat 9: Dorex2007 folded before Flop (didn't bet)



PokerStars Hand #237168328383:  Hold'em No Limit ($0.01/$0.02 USD) - 2022/07/04 19:38:07 PT [2022/07/04 22:38:07 ET]
Table 'Tristan' 9-max Seat #7 is the button
Seat 1: veronica1290 ($0.27 in chips) 
Seat 3: perffect16 ($5.86 in chips) 
Seat 4: VanillaSky17 ($1.63 in chips) 
Seat 5: sociologix ($0.52 in chips) 
Seat 7: MoWarr ($1.16 in chips) 
Seat 8: w3sby ($2 in chips) 
Seat 9: Dorex2007 ($2 in chips) 
w3sby: posts small blind $0.01
Dorex2007: posts big blind $0.02
Luigiams: sits out 
*** HOLE CARDS ***
Dealt to Dorex2007 [6c Qh]
veronica1290 has timed out
veronica1290: folds 
perffect16: folds 
VanillaSky17: raises $0.03 to $0.05
sociologix: folds 
MoWarr has timed out
MoWarr: folds 
w3sby: folds 
Dorex2007: folds 
Uncalled bet ($0.03) returned to VanillaSky17
VanillaSky17 collected $0.05 from pot
*** SUMMARY ***
Total pot $0.05 | Rake $0 
Seat 1: veronica1290 folded before Flop (didn't bet)
Seat 3: perffect16 folded before Flop (didn't bet)
Seat 4: VanillaSky17 collected ($0.05)
Seat 5: sociologix folded before Flop (didn't bet)
Seat 7: MoWarr (button) folded before Flop (didn't bet)
Seat 8: w3sby (small blind) folded before Flop
Seat 9: Dorex2007 (big blind) folded before Flop



PokerStars Hand #237168335271:  Hold'em No Limit ($0.01/$0.02 USD) - 2022/07/04 19:38:49 PT [2022/07/04 22:38:49 ET]
Table 'Tristan' 9-max Seat #8 is the button
Seat 1: veronica1290 ($0.27 in chips) 
Seat 3: perffect16 ($5.86 in chips) 
Seat 4: VanillaSky17 ($1.66 in chips) 
Seat 5: sociologix ($0.52 in chips) 
Seat 6: Gabi migu533 ($0.80 in chips) 
Seat 8: w3sby ($2 in chips) 
Seat 9: Dorex2007 ($2 in chips) 
Dorex2007: posts small blind $0.01
veronica1290: posts big blind $0.02
Luigiams: sits out 
*** HOLE CARDS ***
Dealt to Dorex2007 [4h 9d]
perffect16: raises $0.05 to $0.07
VanillaSky17: folds 
sociologix: calls $0.07
Gabi migu533: calls $0.07
w3sby: folds 
Dorex2007: folds 
veronica1290: folds 
*** FLOP *** [Ts As 8s]
perffect16: checks 
sociologix: checks 
Gabi migu533: checks 
*** TURN *** [Ts As 8s] [7s]
perffect16: checks 
sociologix: checks 
Gabi migu533: checks 
*** RIVER *** [Ts As 8s 7s] [6s]
perffect16: checks 
sociologix: checks 
Gabi migu533: checks 
*** SHOW DOWN ***
perffect16: shows [Ah Qh] (a flush, Ace high)
sociologix: shows [Th Qc] (a flush, Ace high)
Gabi migu533: shows [9h 8h] (a flush, Ace high)
perffect16 collected $0.08 from pot
sociologix collected $0.08 from pot
Gabi migu533 collected $0.07 from pot
*** SUMMARY ***
Total pot $0.24 | Rake $0.01 
Board [Ts As 8s 7s 6s]
Seat 1: veronica1290 (big blind) folded before Flop
Seat 3: perffect16 showed [Ah Qh] and won ($0.08) with a flush, Ace high
Seat 4: VanillaSky17 folded before Flop (didn't bet)
Seat 5: sociologix showed [Th Qc] and won ($0.08) with a flush, Ace high
Seat 6: Gabi migu533 showed [9h 8h] and won ($0.07) with a flush, Ace high
Seat 8: w3sby (button) folded before Flop (didn't bet)
Seat 9: Dorex2007 (small blind) folded before Flop



PokerStars Hand #237168343933:  Hold'em No Limit ($0.01/$0.02 USD) - 2022/07/04 19:39:42 PT [2022/07/04 22:39:42 ET]
Table 'Tristan' 9-max Seat #9 is the button
Seat 1: veronica1290 ($0.25 in chips) 
Seat 2: Luigiams ($2 in chips) 
Seat 3: perffect16 ($5.87 in chips) 
Seat 4: VanillaSky17 ($1.66 in chips) 
Seat 5: sociologix ($0.53 in chips) 
Seat 6: Gabi migu533 ($0.80 in chips) 
Seat 7: MoWarr ($1.16 in chips) 
Seat 8: w3sby ($2 in chips) 
Seat 9: Dorex2007 ($2 in chips) 
veronica1290: posts small blind $0.01
Luigiams: posts big blind $0.02
*** HOLE CARDS ***
Dealt to Dorex2007 [9h 6c]
perffect16: calls $0.02
VanillaSky17: folds 
sociologix: calls $0.02
Gabi migu533: folds 
MoWarr: raises $0.04 to $0.06
w3sby: folds 
Dorex2007: folds 
veronica1290: folds 
Luigiams: calls $0.04
perffect16: folds 
sociologix: calls $0.04
*** FLOP *** [Jh Qc Kd]
Luigiams: checks 
sociologix: checks 
MoWarr: checks 
*** TURN *** [Jh Qc Kd] [7d]
Luigiams: bets $0.02
sociologix: calls $0.02
MoWarr: calls $0.02
*** RIVER *** [Jh Qc Kd 7d] [9c]
Luigiams: bets $0.04
sociologix: calls $0.04
MoWarr: raises $0.19 to $0.23
Luigiams: calls $0.19
sociologix: folds 
*** SHOW DOWN ***
MoWarr: shows [Qh Kh] (two pair, Kings and Queens)
Luigiams: shows [Ts Jc] (a straight, Nine to King)
Luigiams collected $0.74 from pot
*** SUMMARY ***
Total pot $0.77 | Rake $0.03 
Board [Jh Qc Kd 7d 9c]
Seat 1: veronica1290 (small blind) folded before Flop
Seat 2: Luigiams (big blind) showed [Ts Jc] and won ($0.74) with a straight, Nine to King
Seat 3: perffect16 folded before Flop
Seat 4: VanillaSky17 folded before Flop (didn't bet)
Seat 5: sociologix folded on the River
Seat 6: Gabi migu533 folded before Flop (didn't bet)
Seat 7: MoWarr showed [Qh Kh] and lost with two pair, Kings and Queens
Seat 8: w3sby folded before Flop (didn't bet)
Seat 9: Dorex2007 (button) folded before Flop (didn't bet)



PokerStars Hand #237168357704:  Hold'em No Limit ($0.01/$0.02 USD) - 2022/07/04 19:41:06 PT [2022/07/04 22:41:06 ET]
Table 'Tristan' 9-max Seat #1 is the button
Seat 1: veronica1290 ($0.24 in chips) 
Seat 2: Luigiams ($2.43 in chips) 
Seat 3: perffect16 ($5.85 in chips) 
Seat 4: VanillaSky17 ($1.66 in chips) 
Seat 5: sociologix ($0.41 in chips) 
Seat 6: Gabi migu533 ($0.80 in chips) 
Seat 7: MoWarr ($0.85 in chips) 
Seat 8: w3sby ($2 in chips) 
Seat 9: Dorex2007 ($2 in chips) 
Luigiams: posts small blind $0.01
perffect16: posts big blind $0.02
*** HOLE CARDS ***
Dealt to Dorex2007 [3d 7s]
VanillaSky17: folds 
sociologix: folds 
Gabi migu533: calls $0.02
MoWarr: folds 
w3sby: folds 
Dorex2007: folds 
veronica1290: folds 
Luigiams: calls $0.01
perffect16: checks 
*** FLOP *** [7c Tc Qs]
Luigiams: checks 
perffect16: checks 
Gabi migu533: checks 
*** TURN *** [7c Tc Qs] [2c]
Luigiams: checks 
perffect16: checks 
Gabi migu533: bets $0.06
Luigiams: folds 
perffect16: folds 
Uncalled bet ($0.06) returned to Gabi migu533
Gabi migu533 collected $0.06 from pot
*** SUMMARY ***
Total pot $0.06 | Rake $0 
Board [7c Tc Qs 2c]
Seat 1: veronica1290 (button) folded before Flop (didn't bet)
Seat 2: Luigiams (small blind) folded on the Turn
Seat 3: perffect16 (big blind) folded on the Turn
Seat 4: VanillaSky17 folded before Flop (didn't bet)
Seat 5: sociologix folded before Flop (didn't bet)
Seat 6: Gabi migu533 collected ($0.06)
Seat 7: MoWarr folded before Flop (didn't bet)
Seat 8: w3sby folded before Flop (didn't bet)
Seat 9: Dorex2007 folded before Flop (didn't bet)



PokerStars Hand #237168370108:  Hold'em No Limit ($0.01/$0.02 USD) - 2022/07/04 19:42:00 PT [2022/07/04 22:42:00 ET]
Table 'Tristan' 9-max Seat #2 is the button
Seat 1: veronica1290 ($0.24 in chips) 
Seat 2: Luigiams ($2.41 in chips) 
Seat 3: perffect16 ($5.83 in chips) 
Seat 4: VanillaSky17 ($1.66 in chips) 
Seat 5: sociologix ($1.41 in chips) 
Seat 6: Gabi migu533 ($0.84 in chips) 
Seat 7: MoWarr ($0.85 in chips) 
Seat 8: w3sby ($2 in chips) 
Seat 9: Dorex2007 ($2 in chips) 
perffect16: posts small blind $0.01
VanillaSky17: posts big blind $0.02
*** HOLE CARDS ***
Dealt to Dorex2007 [3h 9s]
sociologix: folds 
Gabi migu533 has timed out
Gabi migu533: folds 
MoWarr: folds 
w3sby: folds 
Dorex2007: folds 
veronica1290: folds 
Luigiams: folds 
perffect16: calls $0.01
VanillaSky17: checks 
*** FLOP *** [3d 2c 5h]
perffect16: checks 
VanillaSky17: checks 
*** TURN *** [3d 2c 5h] [6d]
perffect16: checks 
VanillaSky17: bets $0.02
perffect16: folds 
Uncalled bet ($0.02) returned to VanillaSky17
VanillaSky17 collected $0.04 from pot
*** SUMMARY ***
Total pot $0.04 | Rake $0 
Board [3d 2c 5h 6d]
Seat 1: veronica1290 folded before Flop (didn't bet)
Seat 2: Luigiams (button) folded before Flop (didn't bet)
Seat 3: perffect16 (small blind) folded on the Turn
Seat 4: VanillaSky17 (big blind) collected ($0.04)
Seat 5: sociologix folded before Flop (didn't bet)
Seat 6: Gabi migu533 folded before Flop (didn't bet)
Seat 7: MoWarr folded before Flop (didn't bet)
Seat 8: w3sby folded before Flop (didn't bet)
Seat 9: Dorex2007 folded before Flop (didn't bet)



PokerStars Hand #237168378549:  Hold'em No Limit ($0.01/$0.02 USD) - 2022/07/04 19:42:51 PT [2022/07/04 22:42:51 ET]
Table 'Tristan' 9-max Seat #3 is the button
Seat 1: veronica1290 ($0.24 in chips) 
Seat 2: Luigiams ($2.41 in chips) 
Seat 3: perffect16 ($5.81 in chips) 
Seat 4: VanillaSky17 ($1.68 in chips) 
Seat 5: sociologix ($1.41 in chips) 
Seat 6: Gabi migu533 ($0.84 in chips) 
Seat 7: MoWarr ($0.85 in chips) 
Seat 8: w3sby ($2 in chips) 
Seat 9: Dorex2007 ($2 in chips) 
VanillaSky17: posts small blind $0.01
sociologix: posts big blind $0.02
*** HOLE CARDS ***
Dealt to Dorex2007 [Qc 8c]
Gabi migu533: folds 
MoWarr: folds 
w3sby: folds 
Dorex2007: folds 
veronica1290: folds 
Luigiams: raises $0.02 to $0.04
perffect16: folds 
VanillaSky17: calls $0.03
sociologix: folds 
*** FLOP *** [Jh Qh 9d]
VanillaSky17: checks 
Luigiams: checks 
*** TURN *** [Jh Qh 9d] [4h]
VanillaSky17: checks 
Luigiams: checks 
*** RIVER *** [Jh Qh 9d 4h] [6c]
VanillaSky17: checks 
Luigiams: checks 
*** SHOW DOWN ***
VanillaSky17: shows [Kc 2c] (high card King)
Luigiams: shows [2s Ks] (high card King)
VanillaSky17 collected $0.05 from pot
Luigiams collected $0.05 from pot
*** SUMMARY ***
Total pot $0.10 | Rake $0 
Board [Jh Qh 9d 4h 6c]
Seat 1: veronica1290 folded before Flop (didn't bet)
Seat 2: Luigiams showed [2s Ks] and won ($0.05) with high card King
Seat 3: perffect16 (button) folded before Flop (didn't bet)
Seat 4: VanillaSky17 (small blind) showed [Kc 2c] and won ($0.05) with high card King
Seat 5: sociologix (big blind) folded before Flop
Seat 6: Gabi migu533 folded before Flop (didn't bet)
Seat 7: MoWarr folded before Flop (didn't bet)
Seat 8: w3sby folded before Flop (didn't bet)
Seat 9: Dorex2007 folded before Flop (didn't bet)



PokerStars Hand #237168387686:  Hold'em No Limit ($0.01/$0.02 USD) - 2022/07/04 19:43:47 PT [2022/07/04 22:43:47 ET]
Table 'Tristan' 9-max Seat #4 is the button
Seat 1: veronica1290 ($0.24 in chips) 
Seat 2: Luigiams ($2.42 in chips) 
Seat 3: perffect16 ($5.81 in chips) 
Seat 4: VanillaSky17 ($1.69 in chips) 
Seat 5: sociologix ($1.39 in chips) 
Seat 6: Gabi migu533 ($0.84 in chips) 
Seat 7: MoWarr ($0.85 in chips) 
Seat 8: w3sby ($2 in chips) 
Seat 9: Dorex2007 ($2 in chips) 
sociologix: posts small blind $0.01
Gabi migu533: posts big blind $0.02
*** HOLE CARDS ***
Dealt to Dorex2007 [7h Jh]
MoWarr: folds 
w3sby: folds 
Dorex2007: folds 
veronica1290: folds 
Luigiams: raises $0.08 to $0.10
perffect16: folds 
VanillaSky17: folds 
sociologix: folds 
Gabi migu533: folds 
Uncalled bet ($0.08) returned to Luigiams
Luigiams collected $0.05 from pot
*** SUMMARY ***
Total pot $0.05 | Rake $0 
Seat 1: veronica1290 folded before Flop (didn't bet)
Seat 2: Luigiams collected ($0.05)
Seat 3: perffect16 folded before Flop (didn't bet)
Seat 4: VanillaSky17 (button) folded before Flop (didn't bet)
Seat 5: sociologix (small blind) folded before Flop
Seat 6: Gabi migu533 (big blind) folded before Flop
Seat 7: MoWarr folded before Flop (didn't bet)
Seat 8: w3sby folded before Flop (didn't bet)
Seat 9: Dorex2007 folded before Flop (didn't bet)



PokerStars Hand #237168392814:  Hold'em No Limit ($0.01/$0.02 USD) - 2022/07/04 19:44:18 PT [2022/07/04 22:44:18 ET]
Table 'Tristan' 9-max Seat #5 is the button
Seat 1: veronica1290 ($0.24 in chips) 
Seat 2: Luigiams ($2.45 in chips) 
Seat 3: perffect16 ($5.81 in chips) 
Seat 4: VanillaSky17 ($1.69 in chips) 
Seat 5: sociologix ($1.38 in chips) 
Seat 6: Gabi migu533 ($0.82 in chips) 
Seat 7: MoWarr ($0.85 in chips) 
Seat 8: w3sby ($2 in chips) 
Seat 9: Dorex2007 ($2 in chips) 
Gabi migu533: posts small blind $0.01
MoWarr: posts big blind $0.02
*** HOLE CARDS ***
Dealt to Dorex2007 [6d 8c]
w3sby: folds 
Dorex2007: folds 
veronica1290: folds 
Luigiams: calls $0.02
perffect16: raises $0.04 to $0.06
VanillaSky17: folds 
sociologix: calls $0.06
Gabi migu533: folds 
MoWarr: folds 
Luigiams: calls $0.04
*** FLOP *** [Kd Td 3c]
Luigiams: bets $0.08
perffect16: calls $0.08
sociologix: calls $0.08
*** TURN *** [Kd Td 3c] [2d]
Luigiams: bets $0.08
perffect16: calls $0.08
sociologix: calls $0.08
*** RIVER *** [Kd Td 3c 2d] [2s]
Luigiams: checks 
perffect16: bets $5.59 and is all-in
sociologix: calls $1.16 and is all-in
Luigiams: folds 
Uncalled bet ($4.43) returned to perffect16
*** SHOW DOWN ***
perffect16: shows [Ts Th] (a full house, Tens full of Deuces)
sociologix: shows [5d Ad] (a flush, Ace high)
perffect16 collected $2.90 from pot
*** SUMMARY ***
Total pot $3.01 | Rake $0.11 
Board [Kd Td 3c 2d 2s]
Seat 1: veronica1290 folded before Flop (didn't bet)
Seat 2: Luigiams folded on the River
Seat 3: perffect16 showed [Ts Th] and won ($2.90) with a full house, Tens full of Deuces
Seat 4: VanillaSky17 folded before Flop (didn't bet)
Seat 5: sociologix (button) showed [5d Ad] and lost with a flush, Ace high
Seat 6: Gabi migu533 (small blind) folded before Flop
Seat 7: MoWarr (big blind) folded before Flop
Seat 8: w3sby folded before Flop (didn't bet)
Seat 9: Dorex2007 folded before Flop (didn't bet)



PokerStars Hand #237168406405:  Hold'em No Limit ($0.01/$0.02 USD) - 2022/07/04 19:45:42 PT [2022/07/04 22:45:42 ET]
Table 'Tristan' 9-max Seat #6 is the button
Seat 1: veronica1290 ($0.24 in chips) 
Seat 2: Luigiams ($2.23 in chips) 
Seat 3: perffect16 ($7.33 in chips) 
Seat 4: VanillaSky17 ($1.69 in chips) 
Seat 6: Gabi migu533 ($0.81 in chips) 
Seat 7: MoWarr ($0.83 in chips) 
Seat 8: w3sby ($2 in chips) 
Seat 9: Dorex2007 ($2 in chips) 
MoWarr: posts small blind $0.01
w3sby: posts big blind $0.02
*** HOLE CARDS ***
Dealt to Dorex2007 [Qc 4s]
Dorex2007 has timed out
Dorex2007: folds 
veronica1290: folds 
Luigiams: folds 
perffect16: folds 
VanillaSky17: folds 
Gabi migu533 has timed out
Gabi migu533: folds 
MoWarr: calls $0.01
w3sby: checks 
*** FLOP *** [Jh 6s Ah]
MoWarr: checks 
w3sby: checks 
*** TURN *** [Jh 6s Ah] [7s]
MoWarr: bets $0.02
w3sby: folds 
Uncalled bet ($0.02) returned to MoWarr
MoWarr collected $0.04 from pot
*** SUMMARY ***
Total pot $0.04 | Rake $0 
Board [Jh 6s Ah 7s]
Seat 1: veronica1290 folded before Flop (didn't bet)
Seat 2: Luigiams folded before Flop (didn't bet)
Seat 3: perffect16 folded before Flop (didn't bet)
Seat 4: VanillaSky17 folded before Flop (didn't bet)
Seat 6: Gabi migu533 (button) folded before Flop (didn't bet)
Seat 7: MoWarr (small blind) collected ($0.04)
Seat 8: w3sby (big blind) folded on the Turn
Seat 9: Dorex2007 folded before Flop (didn't bet)



PokerStars Hand #237168415116:  Hold'em No Limit ($0.01/$0.02 USD) - 2022/07/04 19:46:35 PT [2022/07/04 22:46:35 ET]
Table 'Tristan' 9-max Seat #7 is the button
Seat 1: veronica1290 ($0.24 in chips) 
Seat 2: Luigiams ($2.23 in chips) 
Seat 3: perffect16 ($7.33 in chips) 
Seat 4: VanillaSky17 ($1.69 in chips) 
Seat 5: sociologix ($1.60 in chips) 
Seat 6: Gabi migu533 ($0.81 in chips) 
Seat 7: MoWarr ($0.85 in chips) 
Seat 8: w3sby ($2 in chips) 
Seat 9: Dorex2007 ($2 in chips) 
w3sby: posts small blind $0.01
Dorex2007: posts big blind $0.02
*** HOLE CARDS ***
Dealt to Dorex2007 [Tc Qs]
veronica1290: folds 
Luigiams: folds 
perffect16: folds 
VanillaSky17: folds 
sociologix: folds 
Gabi migu533: calls $0.02
MoWarr: raises $0.02 to $0.04
w3sby: folds 
Dorex2007: calls $0.02
Gabi migu533: calls $0.02
*** FLOP *** [2d Ac Ad]
Dorex2007: checks 
Gabi migu533: checks 
MoWarr: bets $0.13
Dorex2007: folds 
Gabi migu533: raises $0.15 to $0.28
MoWarr: folds 
Uncalled bet ($0.15) returned to Gabi migu533
Gabi migu533 collected $0.38 from pot
*** SUMMARY ***
Total pot $0.39 | Rake $0.01 
Board [2d Ac Ad]
Seat 1: veronica1290 folded before Flop (didn't bet)
Seat 2: Luigiams folded before Flop (didn't bet)
Seat 3: perffect16 folded before Flop (didn't bet)
Seat 4: VanillaSky17 folded before Flop (didn't bet)
Seat 5: sociologix folded before Flop (didn't bet)
Seat 6: Gabi migu533 collected ($0.38)
Seat 7: MoWarr (button) folded on the Flop
Seat 8: w3sby (small blind) folded before Flop
Seat 9: Dorex2007 (big blind) folded on the Flop



PokerStars Hand #237168425809:  Hold'em No Limit ($0.01/$0.02 USD) - 2022/07/04 19:47:41 PT [2022/07/04 22:47:41 ET]
Table 'Tristan' 9-max Seat #8 is the button
Seat 1: veronica1290 ($0.24 in chips) 
Seat 2: Luigiams ($2.23 in chips) 
Seat 3: perffect16 ($7.33 in chips) 
Seat 4: VanillaSky17 ($1.69 in chips) 
Seat 5: sociologix ($1.60 in chips) 
Seat 6: Gabi migu533 ($1.02 in chips) 
Seat 7: MoWarr ($0.68 in chips) 
Seat 8: w3sby ($2 in chips) 
Seat 9: Dorex2007 ($2 in chips) 
Dorex2007: posts small blind $0.01
veronica1290: posts big blind $0.02
*** HOLE CARDS ***
Dealt to Dorex2007 [8c 7h]
Luigiams: folds 
perffect16: raises $0.06 to $0.08
VanillaSky17: folds 
sociologix: folds 
Gabi migu533: folds 
MoWarr: folds 
w3sby: folds 
Dorex2007: folds 
veronica1290: folds 
Uncalled bet ($0.06) returned to perffect16
perffect16 collected $0.05 from pot
*** SUMMARY ***
Total pot $0.05 | Rake $0 
Seat 1: veronica1290 (big blind) folded before Flop
Seat 2: Luigiams folded before Flop (didn't bet)
Seat 3: perffect16 collected ($0.05)
Seat 4: VanillaSky17 folded before Flop (didn't bet)
Seat 5: sociologix folded before Flop (didn't bet)
Seat 6: Gabi migu533 folded before Flop (didn't bet)
Seat 7: MoWarr folded before Flop (didn't bet)
Seat 8: w3sby (button) folded before Flop (didn't bet)
Seat 9: Dorex2007 (small blind) folded before Flop



PokerStars Hand #237168429427:  Hold'em No Limit ($0.01/$0.02 USD) - 2022/07/04 19:48:04 PT [2022/07/04 22:48:04 ET]
Table 'Tristan' 9-max Seat #9 is the button
Seat 1: veronica1290 ($0.22 in chips) 
Seat 2: Luigiams ($2.23 in chips) 
Seat 3: perffect16 ($7.36 in chips) 
Seat 4: VanillaSky17 ($1.69 in chips) 
Seat 5: sociologix ($1.60 in chips) 
Seat 6: Gabi migu533 ($1.02 in chips) 
Seat 7: MoWarr ($0.68 in chips) 
Seat 8: w3sby ($2 in chips) 
Seat 9: Dorex2007 ($2 in chips) 
veronica1290: posts small blind $0.01
Luigiams: posts big blind $0.02
*** HOLE CARDS ***
Dealt to Dorex2007 [6d 7s]
perffect16: folds 
VanillaSky17: folds 
sociologix: folds 
Gabi migu533: folds 
MoWarr: folds 
w3sby: folds 
Dorex2007: folds 
veronica1290: folds 
Uncalled bet ($0.01) returned to Luigiams
Luigiams collected $0.02 from pot
*** SUMMARY ***
Total pot $0.02 | Rake $0 
Seat 1: veronica1290 (small blind) folded before Flop
Seat 2: Luigiams (big blind) collected ($0.02)
Seat 3: perffect16 folded before Flop (didn't bet)
Seat 4: VanillaSky17 folded before Flop (didn't bet)
Seat 5: sociologix folded before Flop (didn't bet)
Seat 6: Gabi migu533 folded before Flop (didn't bet)
Seat 7: MoWarr folded before Flop (didn't bet)
Seat 8: w3sby folded before Flop (didn't bet)
Seat 9: Dorex2007 (button) folded before Flop (didn't bet)



PokerStars Hand #237168432543:  Hold'em No Limit ($0.01/$0.02 USD) - 2022/07/04 19:48:23 PT [2022/07/04 22:48:23 ET]
Table 'Tristan' 9-max Seat #1 is the button
Seat 1: veronica1290 ($0.21 in chips) 
Seat 2: Luigiams ($2.24 in chips) 
Seat 3: perffect16 ($7.36 in chips) 
Seat 4: VanillaSky17 ($1.69 in chips) 
Seat 5: sociologix ($1.60 in chips) 
Seat 6: Gabi migu533 ($1.02 in chips) 
Seat 7: MoWarr ($0.68 in chips) 
Seat 8: w3sby ($2 in chips) 
Seat 9: Dorex2007 ($2 in chips) 
Luigiams: posts small blind $0.01
perffect16: posts big blind $0.02
*** HOLE CARDS ***
Dealt to Dorex2007 [2h 9d]
VanillaSky17: calls $0.02
sociologix: calls $0.02
Gabi migu533: calls $0.02
MoWarr: folds 
w3sby: raises $0.10 to $0.12
Dorex2007: folds 
veronica1290: folds 
Luigiams: calls $0.11
perffect16: calls $0.10
VanillaSky17: calls $0.10
sociologix: folds 
Gabi migu533: calls $0.10
*** FLOP *** [7c As Th]
Luigiams: checks 
perffect16: checks 
VanillaSky17: checks 
Gabi migu533: checks 
w3sby: checks 
*** TURN *** [7c As Th] [9h]
Luigiams: checks 
perffect16: bets $0.60
VanillaSky17: calls $0.60
Gabi migu533: folds 
w3sby: folds 
Luigiams: folds 
*** RIVER *** [7c As Th 9h] [Qh]
perffect16: checks 
VanillaSky17: bets $0.97 and is all-in
perffect16: calls $0.97
*** SHOW DOWN ***
VanillaSky17: shows [7h 7s] (three of a kind, Sevens)
perffect16: shows [9s 9c] (three of a kind, Nines)
perffect16 collected $3.63 from pot
*** SUMMARY ***
Total pot $3.76 | Rake $0.13 
Board [7c As Th 9h Qh]
Seat 1: veronica1290 (button) folded before Flop (didn't bet)
Seat 2: Luigiams (small blind) folded on the Turn
Seat 3: perffect16 (big blind) showed [9s 9c] and won ($3.63) with three of a kind, Nines
Seat 4: VanillaSky17 showed [7h 7s] and lost with three of a kind, Sevens
Seat 5: sociologix folded before Flop
Seat 6: Gabi migu533 folded on the Turn
Seat 7: MoWarr folded before Flop (didn't bet)
Seat 8: w3sby folded on the Turn
Seat 9: Dorex2007 folded before Flop (didn't bet)



PokerStars Hand #237168447138:  Hold'em No Limit ($0.01/$0.02 USD) - 2022/07/04 19:49:54 PT [2022/07/04 22:49:54 ET]
Table 'Tristan' 9-max Seat #2 is the button
Seat 1: veronica1290 ($0.21 in chips) 
Seat 2: Luigiams ($2.12 in chips) 
Seat 3: perffect16 ($9.30 in chips) 
Seat 6: Gabi migu533 ($0.90 in chips) 
Seat 7: MoWarr ($0.68 in chips) 
Seat 8: w3sby ($2 in chips) 
Seat 9: Dorex2007 ($2 in chips) 
perffect16: posts small blind $0.01
sociologix: is sitting out 
Gabi migu533: posts big blind $0.02
*** HOLE CARDS ***
Dealt to Dorex2007 [5h Ad]
MoWarr: folds 
w3sby: folds 
Dorex2007: folds 
veronica1290: calls $0.02
Luigiams: raises $0.06 to $0.08
VanillaSky17 leaves the table
perffect16: folds 
Gabi migu533: calls $0.06
veronica1290: calls $0.06
*** FLOP *** [3h Js 2c]
Gabi migu533: checks 
veronica1290: checks 
Luigiams: bets $0.12
Gabi migu533: calls $0.12
veronica1290: calls $0.12
*** TURN *** [3h Js 2c] [7c]
Gabi migu533: bets $0.06
veronica1290: calls $0.01 and is all-in
Luigiams: calls $0.06
*** RIVER *** [3h Js 2c 7c] [5c]
Gabi migu533: bets $0.10
Luigiams: calls $0.10
*** SHOW DOWN ***
Gabi migu533: shows [Jc Kh] (a pair of Jacks)
Luigiams: mucks hand 
Gabi migu533 collected $0.29 from side pot
veronica1290: mucks hand 
Gabi migu533 collected $0.62 from main pot
*** SUMMARY ***
Total pot $0.94 Main pot $0.62. Side pot $0.29. | Rake $0.03 
Board [3h Js 2c 7c 5c]
Seat 1: veronica1290 mucked [9c 9d]
Seat 2: Luigiams (button) mucked [Ts Tc]
Seat 3: perffect16 (small blind) folded before Flop
Seat 6: Gabi migu533 (big blind) showed [Jc Kh] and won ($0.91) with a pair of Jacks
Seat 7: MoWarr folded before Flop (didn't bet)
Seat 8: w3sby folded before Flop (didn't bet)
Seat 9: Dorex2007 folded before Flop (didn't bet)



PokerStars Hand #237168458983:  Hold'em No Limit ($0.01/$0.02 USD) - 2022/07/04 19:51:08 PT [2022/07/04 22:51:08 ET]
Table 'Tristan' 9-max Seat #3 is the button
Seat 2: Luigiams ($2 in chips) 
Seat 3: perffect16 ($9.29 in chips) 
Seat 6: Gabi migu533 ($1.45 in chips) 
Seat 7: MoWarr ($0.68 in chips) 
Seat 8: w3sby ($2 in chips) 
Seat 9: Dorex2007 ($2 in chips) 
Gabi migu533: posts small blind $0.01
MoWarr: posts big blind $0.02
*** HOLE CARDS ***
Dealt to Dorex2007 [2s Ac]
w3sby: folds 
Dorex2007: folds 
Luigiams: folds 
perffect16: folds 
Gabi migu533: raises $0.06 to $0.08
MoWarr: raises $0.06 to $0.14
Gabi migu533: calls $0.06
*** FLOP *** [2h 2c 9s]
Gabi migu533: bets $0.27
MoWarr: raises $0.27 to $0.54 and is all-in
Gabi migu533: calls $0.27
*** TURN *** [2h 2c 9s] [4c]
*** RIVER *** [2h 2c 9s 4c] [7c]
*** SHOW DOWN ***
Gabi migu533: shows [Tc Ts] (two pair, Tens and Deuces)
MoWarr: shows [5h 5s] (two pair, Fives and Deuces)
Gabi migu533 collected $1.31 from pot
MoWarr cashed out the hand for $0.10
*** SUMMARY ***
Total pot $1.36 | Rake $0.05 
Board [2h 2c 9s 4c 7c]
Seat 2: Luigiams folded before Flop (didn't bet)
Seat 3: perffect16 (button) folded before Flop (didn't bet)
Seat 6: Gabi migu533 (small blind) showed [Tc Ts] and won ($1.31) with two pair, Tens and Deuces
Seat 7: MoWarr (big blind) showed [5h 5s] and lost with two pair, Fives and Deuces (cashed out).
Seat 8: w3sby folded before Flop (didn't bet)
Seat 9: Dorex2007 folded before Flop (didn't bet)



PokerStars Hand #237168472527:  Hold'em No Limit ($0.01/$0.02 USD) - 2022/07/04 19:51:42 PT [2022/07/04 22:51:42 ET]
Table 'Tristan' 9-max Seat #6 is the button
Seat 2: Luigiams ($2 in chips) 
Seat 3: perffect16 ($9.29 in chips) 
Seat 6: Gabi migu533 ($2.08 in chips) 
Seat 7: MoWarr ($0.10 in chips) 
Seat 8: w3sby ($2 in chips) 
Seat 9: Dorex2007 ($2 in chips) 
MoWarr: posts small blind $0.01
w3sby: posts big blind $0.02
*** HOLE CARDS ***
Dealt to Dorex2007 [Qs Kc]
Dorex2007: raises $0.04 to $0.06
Luigiams: calls $0.06
perffect16: folds 
Gabi migu533: folds 
MoWarr: folds 
w3sby: folds 
*** FLOP *** [3s Ac Qd]
Dorex2007: checks 
veronica1290 leaves the table
Luigiams: bets $0.06
Dorex2007: calls $0.06
*** TURN *** [3s Ac Qd] [Ad]
Dorex2007: bets $0.13
Luigiams: folds 
Uncalled bet ($0.13) returned to Dorex2007
Dorex2007 collected $0.26 from pot
*** SUMMARY ***
Total pot $0.27 | Rake $0.01 
Board [3s Ac Qd Ad]
Seat 2: Luigiams folded on the Turn
Seat 3: perffect16 folded before Flop (didn't bet)
Seat 6: Gabi migu533 (button) folded before Flop (didn't bet)
Seat 7: MoWarr (small blind) folded before Flop
Seat 8: w3sby (big blind) folded before Flop
Seat 9: Dorex2007 collected ($0.26)



PokerStars Hand #237168482363:  Hold'em No Limit ($0.01/$0.02 USD) - 2022/07/04 19:52:45 PT [2022/07/04 22:52:45 ET]
Table 'Tristan' 9-max Seat #7 is the button
Seat 2: Luigiams ($1.88 in chips) 
Seat 3: perffect16 ($9.29 in chips) 
Seat 6: Gabi migu533 ($2.08 in chips) 
Seat 7: MoWarr ($0.09 in chips) 
Seat 8: w3sby ($2 in chips) 
Seat 9: Dorex2007 ($2.14 in chips) 
w3sby: posts small blind $0.01
Dorex2007: posts big blind $0.02
*** HOLE CARDS ***
Dealt to Dorex2007 [4h 2c]
Luigiams: folds 
perffect16: calls $0.02
Gabi migu533: calls $0.02
MoWarr: raises $0.02 to $0.04
w3sby: folds 
Dorex2007: folds 
perffect16: calls $0.02
Gabi migu533: calls $0.02
*** FLOP *** [5c 6s Ad]
perffect16: checks 
Gabi migu533: checks 
MoWarr: checks 
*** TURN *** [5c 6s Ad] [2s]
perffect16: checks 
oreniDiM joins the table at seat #1 
Gabi migu533 has timed out
Gabi migu533: checks 
MoWarr: checks 
*** RIVER *** [5c 6s Ad 2s] [Qc]
perffect16: checks 
Gabi migu533 has timed out
Gabi migu533: checks 
MoWarr: bets $0.05 and is all-in
perffect16: folds 
Gabi migu533 has timed out
Gabi migu533: folds 
Uncalled bet ($0.05) returned to MoWarr
MoWarr collected $0.14 from pot
*** SUMMARY ***
Total pot $0.15 | Rake $0.01 
Board [5c 6s Ad 2s Qc]
Seat 2: Luigiams folded before Flop (didn't bet)
Seat 3: perffect16 folded on the River
Seat 6: Gabi migu533 folded on the River
Seat 7: MoWarr (button) collected ($0.14)
Seat 8: w3sby (small blind) folded before Flop
Seat 9: Dorex2007 (big blind) folded before Flop



PokerStars Hand #237168510240:  Hold'em No Limit ($0.01/$0.02 USD) - 2022/07/04 19:55:48 PT [2022/07/04 22:55:48 ET]
Table 'Tristan' 9-max Seat #8 is the button
Seat 1: oreniDiM ($0.80 in chips) 
Seat 2: Luigiams ($1.88 in chips) 
Seat 3: perffect16 ($9.25 in chips) 
Seat 7: MoWarr ($0.19 in chips) 
Seat 8: w3sby ($2 in chips) 
Seat 9: Dorex2007 ($2.12 in chips) 
Dorex2007: posts small blind $0.01
oreniDiM: posts big blind $0.02
*** HOLE CARDS ***
Dealt to Dorex2007 [7s 9c]
Luigiams: folds 
perffect16: calls $0.02
MoWarr: folds 
w3sby: folds 
Solivi2589 joins the table at seat #4 
Dorex2007: folds 
oreniDiM: checks 
*** FLOP *** [4c As Jd]
oreniDiM: checks 
perffect16: bets $0.02
oreniDiM: folds 
Uncalled bet ($0.02) returned to perffect16
perffect16 collected $0.05 from pot
*** SUMMARY ***
Total pot $0.05 | Rake $0 
Board [4c As Jd]
Seat 1: oreniDiM (big blind) folded on the Flop
Seat 2: Luigiams folded before Flop (didn't bet)
Seat 3: perffect16 collected ($0.05)
Seat 7: MoWarr folded before Flop (didn't bet)
Seat 8: w3sby (button) folded before Flop (didn't bet)
Seat 9: Dorex2007 (small blind) folded before Flop



PokerStars Hand #237168514007:  Hold'em No Limit ($0.01/$0.02 USD) - 2022/07/04 19:56:16 PT [2022/07/04 22:56:16 ET]
Table 'Tristan' 9-max Seat #9 is the button
Seat 1: oreniDiM ($0.78 in chips) 
Seat 2: Luigiams ($1.88 in chips) 
Seat 3: perffect16 ($9.28 in chips) 
Seat 7: MoWarr ($0.19 in chips) 
Seat 8: w3sby ($2 in chips) 
Seat 9: Dorex2007 ($2.11 in chips) 
oreniDiM: posts small blind $0.01
Luigiams: posts big blind $0.02
Solivi2589: sits out 
*** HOLE CARDS ***
Dealt to Dorex2007 [Qh 2h]
perffect16: folds 
MoWarr: folds 
w3sby: folds 
Dorex2007: folds 
oreniDiM: folds 
Uncalled bet ($0.01) returned to Luigiams
Luigiams collected $0.02 from pot
*** SUMMARY ***
Total pot $0.02 | Rake $0 
Seat 1: oreniDiM (small blind) folded before Flop
Seat 2: Luigiams (big blind) collected ($0.02)
Seat 3: perffect16 folded before Flop (didn't bet)
Seat 7: MoWarr folded before Flop (didn't bet)
Seat 8: w3sby folded before Flop (didn't bet)
Seat 9: Dorex2007 (button) folded before Flop (didn't bet)



PokerStars Hand #237168518789:  Hold'em No Limit ($0.01/$0.02 USD) - 2022/07/04 19:56:52 PT [2022/07/04 22:56:52 ET]
Table 'Tristan' 9-max Seat #1 is the button
Seat 1: oreniDiM ($0.77 in chips) 
Seat 2: Luigiams ($1.89 in chips) 
Seat 3: perffect16 ($9.28 in chips) 
Seat 6: Gabi migu533 ($2.04 in chips) 
Seat 7: MoWarr ($0.19 in chips) 
Seat 8: w3sby ($2 in chips) 
Seat 9: Dorex2007 ($2.11 in chips) 
Luigiams: posts small blind $0.01
perffect16: posts big blind $0.02
Solivi2589: sits out 
*** HOLE CARDS ***
Dealt to Dorex2007 [Td Jh]
Gabi migu533: folds 
MoWarr: folds 
w3sby: folds 
Dorex2007: folds 
oreniDiM: raises $0.02 to $0.04
Luigiams: folds 
perffect16: folds 
Uncalled bet ($0.02) returned to oreniDiM
oreniDiM collected $0.05 from pot
*** SUMMARY ***
Total pot $0.05 | Rake $0 
Seat 1: oreniDiM (button) collected ($0.05)
Seat 2: Luigiams (small blind) folded before Flop
Seat 3: perffect16 (big blind) folded before Flop
Seat 6: Gabi migu533 folded before Flop (didn't bet)
Seat 7: MoWarr folded before Flop (didn't bet)
Seat 8: w3sby folded before Flop (didn't bet)
Seat 9: Dorex2007 folded before Flop (didn't bet)



PokerStars Hand #237168522974:  Hold'em No Limit ($0.01/$0.02 USD) - 2022/07/04 19:57:24 PT [2022/07/04 22:57:24 ET]
Table 'Tristan' 9-max Seat #2 is the button
Seat 1: oreniDiM ($0.80 in chips) 
Seat 2: Luigiams ($1.88 in chips) 
Seat 3: perffect16 ($9.26 in chips) 
Seat 4: Solivi2589 ($0.80 in chips) 
Seat 6: Gabi migu533 ($2.04 in chips) 
Seat 7: MoWarr ($0.19 in chips) 
Seat 8: w3sby ($2 in chips) 
Seat 9: Dorex2007 ($2.11 in chips) 
perffect16: posts small blind $0.01
Solivi2589: posts big blind $0.02
*** HOLE CARDS ***
Dealt to Dorex2007 [9h 3c]
Gabi migu533: folds 
MoWarr: calls $0.02
w3sby: folds 
Dorex2007: folds 
oreniDiM: folds 
Luigiams: folds 
perffect16: calls $0.01
Solivi2589: checks 
*** FLOP *** [Qc 7d Js]
perffect16: checks 
Solivi2589: checks 
MoWarr: checks 
*** TURN *** [Qc 7d Js] [8c]
perffect16: checks 
Solivi2589: checks 
MoWarr: bets $0.03
perffect16: folds 
Solivi2589: folds 
Uncalled bet ($0.03) returned to MoWarr
MoWarr collected $0.06 from pot
*** SUMMARY ***
Total pot $0.06 | Rake $0 
Board [Qc 7d Js 8c]
Seat 1: oreniDiM folded before Flop (didn't bet)
Seat 2: Luigiams (button) folded before Flop (didn't bet)
Seat 3: perffect16 (small blind) folded on the Turn
Seat 4: Solivi2589 (big blind) folded on the Turn
Seat 6: Gabi migu533 folded before Flop (didn't bet)
Seat 7: MoWarr collected ($0.06)
Seat 8: w3sby folded before Flop (didn't bet)
Seat 9: Dorex2007 folded before Flop (didn't bet)



PokerStars Hand #237168531636:  Hold'em No Limit ($0.01/$0.02 USD) - 2022/07/04 19:58:30 PT [2022/07/04 22:58:30 ET]
Table 'Tristan' 9-max Seat #3 is the button
Seat 1: oreniDiM ($0.80 in chips) 
Seat 2: Luigiams ($1.88 in chips) 
Seat 3: perffect16 ($9.24 in chips) 
Seat 4: Solivi2589 ($0.78 in chips) 
Seat 6: Gabi migu533 ($2.04 in chips) 
Seat 7: MoWarr ($0.23 in chips) 
Seat 8: w3sby ($2 in chips) 
Seat 9: Dorex2007 ($2.11 in chips) 
Solivi2589: posts small blind $0.01
Gabi migu533: posts big blind $0.02
*** HOLE CARDS ***
Dealt to Dorex2007 [4c Js]
MoWarr: folds 
w3sby: folds 
Dorex2007: folds 
oreniDiM: folds 
Luigiams: raises $0.08 to $0.10
perffect16: folds 
Solivi2589: folds 
Gabi migu533: calls $0.08
*** FLOP *** [Tc 2c Jh]
Gabi migu533: checks 
Luigiams: bets $0.20
Gabi migu533: folds 
Uncalled bet ($0.20) returned to Luigiams
Luigiams collected $0.20 from pot
*** SUMMARY ***
Total pot $0.21 | Rake $0.01 
Board [Tc 2c Jh]
Seat 1: oreniDiM folded before Flop (didn't bet)
Seat 2: Luigiams collected ($0.20)
Seat 3: perffect16 (button) folded before Flop (didn't bet)
Seat 4: Solivi2589 (small blind) folded before Flop
Seat 6: Gabi migu533 (big blind) folded on the Flop
Seat 7: MoWarr folded before Flop (didn't bet)
Seat 8: w3sby folded before Flop (didn't bet)
Seat 9: Dorex2007 folded before Flop (didn't bet)



PokerStars Hand #237168535804:  Hold'em No Limit ($0.01/$0.02 USD) - 2022/07/04 19:59:02 PT [2022/07/04 22:59:02 ET]
Table 'Tristan' 9-max Seat #4 is the button
Seat 1: oreniDiM ($0.80 in chips) 
Seat 2: Luigiams ($1.98 in chips) 
Seat 3: perffect16 ($9.24 in chips) 
Seat 4: Solivi2589 ($0.77 in chips) 
Seat 6: Gabi migu533 ($1.94 in chips) 
Seat 7: MoWarr ($0.23 in chips) 
Seat 8: w3sby ($2 in chips) 
Seat 9: Dorex2007 ($2.11 in chips) 
Gabi migu533: posts small blind $0.01
MoWarr: posts big blind $0.02
*** HOLE CARDS ***
Dealt to Dorex2007 [7d 3c]
w3sby: folds 
Dorex2007: folds 
oreniDiM: folds 
sociologix leaves the table
Luigiams: folds 
perffect16: folds 
Solivi2589: folds 
Gabi migu533: calls $0.01
matheus01305 joins the table at seat #5 
MoWarr: raises $0.02 to $0.04
Gabi migu533: calls $0.02
*** FLOP *** [Tc 2s Qh]
Gabi migu533: checks 
MoWarr: bets $0.04
Gabi migu533: folds 
Uncalled bet ($0.04) returned to MoWarr
MoWarr collected $0.08 from pot
*** SUMMARY ***
Total pot $0.08 | Rake $0 
Board [Tc 2s Qh]
Seat 1: oreniDiM folded before Flop (didn't bet)
Seat 2: Luigiams folded before Flop (didn't bet)
Seat 3: perffect16 folded before Flop (didn't bet)
Seat 4: Solivi2589 (button) folded before Flop (didn't bet)
Seat 6: Gabi migu533 (small blind) folded on the Flop
Seat 7: MoWarr (big blind) collected ($0.08)
Seat 8: w3sby folded before Flop (didn't bet)
Seat 9: Dorex2007 folded before Flop (didn't bet)



PokerStars Hand #237168542226:  Hold'em No Limit ($0.01/$0.02 USD) - 2022/07/04 19:59:51 PT [2022/07/04 22:59:51 ET]
Table 'Tristan' 9-max Seat #6 is the button
Seat 1: oreniDiM ($0.80 in chips) 
Seat 2: Luigiams ($1.98 in chips) 
Seat 3: perffect16 ($9.24 in chips) 
Seat 4: Solivi2589 ($0.77 in chips) 
Seat 6: Gabi migu533 ($1.90 in chips) 
Seat 7: MoWarr ($0.27 in chips) 
Seat 8: w3sby ($2 in chips) 
Seat 9: Dorex2007 ($2.11 in chips) 
MoWarr: posts small blind $0.01
w3sby: posts big blind $0.02
matheus01305: sits out 
*** HOLE CARDS ***
Dealt to Dorex2007 [6s Tc]
Dorex2007: folds 
oreniDiM: folds 
Luigiams: folds 
perffect16: calls $0.02
Solivi2589: folds 
Gabi migu533: raises $0.08 to $0.10
MoWarr: folds 
w3sby: folds 
perffect16: calls $0.08
*** FLOP *** [Ad Jc 8d]
perffect16: bets $0.22
Gabi migu533: calls $0.22
*** TURN *** [Ad Jc 8d] [Qc]
perffect16: bets $0.65
Gabi migu533: calls $0.65
*** RIVER *** [Ad Jc 8d Qc] [Jh]
perffect16: bets $1.90
Gabi migu533: calls $0.93 and is all-in
Uncalled bet ($0.97) returned to perffect16
*** SHOW DOWN ***
perffect16: shows [8h 8s] (a full house, Eights full of Jacks)
Gabi migu533: shows [Ah Kd] (two pair, Aces and Jacks)
perffect16 collected $3.70 from pot
*** SUMMARY ***
Total pot $3.83 | Rake $0.13 
Board [Ad Jc 8d Qc Jh]
Seat 1: oreniDiM folded before Flop (didn't bet)
Seat 2: Luigiams folded before Flop (didn't bet)
Seat 3: perffect16 showed [8h 8s] and won ($3.70) with a full house, Eights full of Jacks
Seat 4: Solivi2589 folded before Flop (didn't bet)
Seat 6: Gabi migu533 (button) showed [Ah Kd] and lost with two pair, Aces and Jacks
Seat 7: MoWarr (small blind) folded before Flop
Seat 8: w3sby (big blind) folded before Flop
Seat 9: Dorex2007 folded before Flop (didn't bet)



PokerStars Hand #237168552815:  Hold'em No Limit ($0.01/$0.02 USD) - 2022/07/04 20:01:06 PT [2022/07/04 23:01:06 ET]
Table 'Tristan' 9-max Seat #7 is the button
Seat 1: oreniDiM ($0.80 in chips) 
Seat 2: Luigiams ($1.98 in chips) 
Seat 3: perffect16 ($11.04 in chips) 
Seat 4: Solivi2589 ($0.77 in chips) 
Seat 5: matheus01305 ($0.81 in chips) 
Seat 7: MoWarr ($0.26 in chips) 
Seat 8: w3sby ($2 in chips) 
Seat 9: Dorex2007 ($2.11 in chips) 
w3sby: posts small blind $0.01
Dorex2007: posts big blind $0.02
matheus01305: posts big blind $0.02
*** HOLE CARDS ***
Dealt to Dorex2007 [3h Ts]
oreniDiM: folds 
Luigiams: calls $0.02
perffect16: folds 
Solivi2589: folds 
matheus01305: checks 
MoWarr has timed out
MoWarr: folds 
w3sby: folds 
Dorex2007: checks 
*** FLOP *** [9h 3s 2h]
Dorex2007: checks 
Luigiams: checks 
matheus01305: checks 
*** TURN *** [9h 3s 2h] [7c]
Dorex2007: checks 
Luigiams: checks 
matheus01305: checks 
*** RIVER *** [9h 3s 2h 7c] [Kc]
Dorex2007: checks 
Luigiams: checks 
matheus01305: checks 
*** SHOW DOWN ***
Dorex2007: shows [3h Ts] (a pair of Threes)
Luigiams: mucks hand 
matheus01305: mucks hand 
Dorex2007 collected $0.07 from pot
*** SUMMARY ***
Total pot $0.07 | Rake $0 
Board [9h 3s 2h 7c Kc]
Seat 1: oreniDiM folded before Flop (didn't bet)
Seat 2: Luigiams mucked [As 4c]
Seat 3: perffect16 folded before Flop (didn't bet)
Seat 4: Solivi2589 folded before Flop (didn't bet)
Seat 5: matheus01305 mucked [6s 4s]
Seat 7: MoWarr (button) folded before Flop (didn't bet)
Seat 8: w3sby (small blind) folded before Flop
Seat 9: Dorex2007 (big blind) showed [3h Ts] and won ($0.07) with a pair of Threes



PokerStars Hand #237168570342:  Hold'em No Limit ($0.01/$0.02 USD) - 2022/07/04 20:02:02 PT [2022/07/04 23:02:02 ET]
Table 'Tristan' 9-max Seat #8 is the button
Seat 1: oreniDiM ($0.80 in chips) 
Seat 2: Luigiams ($1.96 in chips) 
Seat 3: perffect16 ($11.04 in chips) 
Seat 4: Solivi2589 ($0.77 in chips) 
Seat 5: matheus01305 ($0.79 in chips) 
Seat 7: MoWarr ($0.26 in chips) 
Seat 8: w3sby ($2 in chips) 
Seat 9: Dorex2007 ($2.16 in chips) 
Dorex2007: posts small blind $0.01
oreniDiM: posts big blind $0.02
*** HOLE CARDS ***
Dealt to Dorex2007 [Ad 9s]
Luigiams: folds 
perffect16: folds 
Solivi2589: calls $0.02
matheus01305: calls $0.02
MoWarr: raises $0.02 to $0.04
w3sby: folds 
Dorex2007: calls $0.03
oreniDiM: calls $0.02
Solivi2589: calls $0.02
matheus01305: calls $0.02
*** FLOP *** [Ks Qd 3h]
Dorex2007: checks 
oreniDiM: checks 
Solivi2589: checks 
matheus01305: checks 
MoWarr: bets $0.09
Dorex2007: folds 
oreniDiM: folds 
Solivi2589: folds 
matheus01305: calls $0.09
*** TURN *** [Ks Qd 3h] [8c]
matheus01305: checks 
MoWarr: bets $0.13 and is all-in
matheus01305: calls $0.13
*** RIVER *** [Ks Qd 3h 8c] [Kd]
*** SHOW DOWN ***
matheus01305: shows [Ah 9d] (a pair of Kings)
MoWarr: shows [Qc Tc] (two pair, Kings and Queens)
MoWarr collected $0.62 from pot
*** SUMMARY ***
Total pot $0.64 | Rake $0.02 
Board [Ks Qd 3h 8c Kd]
Seat 1: oreniDiM (big blind) folded on the Flop
Seat 2: Luigiams folded before Flop (didn't bet)
Seat 3: perffect16 folded before Flop (didn't bet)
Seat 4: Solivi2589 folded on the Flop
Seat 5: matheus01305 showed [Ah 9d] and lost with a pair of Kings
Seat 7: MoWarr showed [Qc Tc] and won ($0.62) with two pair, Kings and Queens
Seat 8: w3sby (button) folded before Flop (didn't bet)
Seat 9: Dorex2007 (small blind) folded on the Flop



PokerStars Hand #237168582267:  Hold'em No Limit ($0.01/$0.02 USD) - 2022/07/04 20:03:22 PT [2022/07/04 23:03:22 ET]
Table 'Tristan' 9-max Seat #9 is the button
Seat 1: oreniDiM ($0.76 in chips) 
Seat 2: Luigiams ($1.96 in chips) 
Seat 3: perffect16 ($11.04 in chips) 
Seat 4: Solivi2589 ($0.73 in chips) 
Seat 5: matheus01305 ($0.53 in chips) 
Seat 7: MoWarr ($0.62 in chips) 
Seat 8: w3sby ($2 in chips) 
Seat 9: Dorex2007 ($2.12 in chips) 
oreniDiM: posts small blind $0.01
Luigiams: posts big blind $0.02
*** HOLE CARDS ***
Dealt to Dorex2007 [Qc As]
perffect16: folds 
Solivi2589: folds 
matheus01305: calls $0.02
MoWarr: folds 
w3sby: folds 
Dorex2007: raises $0.04 to $0.06
oreniDiM: folds 
Luigiams: folds 
matheus01305: calls $0.04
*** FLOP *** [Ks 7h Th]
matheus01305: checks 
Dorex2007: checks 
*** TURN *** [Ks 7h Th] [2h]
matheus01305: checks 
Dorex2007: checks 
*** RIVER *** [Ks 7h Th 2h] [9s]
matheus01305: checks 
Dorex2007: checks 
*** SHOW DOWN ***
matheus01305: shows [9d 4s] (a pair of Nines)
Dorex2007: mucks hand 
matheus01305 collected $0.14 from pot
*** SUMMARY ***
Total pot $0.15 | Rake $0.01 
Board [Ks 7h Th 2h 9s]
Seat 1: oreniDiM (small blind) folded before Flop
Seat 2: Luigiams (big blind) folded before Flop
Seat 3: perffect16 folded before Flop (didn't bet)
Seat 4: Solivi2589 folded before Flop (didn't bet)
Seat 5: matheus01305 showed [9d 4s] and won ($0.14) with a pair of Nines
Seat 7: MoWarr folded before Flop (didn't bet)
Seat 8: w3sby folded before Flop (didn't bet)
Seat 9: Dorex2007 (button) mucked [Qc As]



PokerStars Hand #237168590502:  Hold'em No Limit ($0.01/$0.02 USD) - 2022/07/04 20:04:17 PT [2022/07/04 23:04:17 ET]
Table 'Tristan' 9-max Seat #1 is the button
Seat 1: oreniDiM ($0.75 in chips) 
Seat 2: Luigiams ($1.94 in chips) 
Seat 3: perffect16 ($11.04 in chips) 
Seat 4: Solivi2589 ($0.73 in chips) 
Seat 5: matheus01305 ($0.61 in chips) 
Seat 7: MoWarr ($0.62 in chips) 
Seat 8: w3sby ($2 in chips) 
Seat 9: Dorex2007 ($2.06 in chips) 
Luigiams: posts small blind $0.01
perffect16: posts big blind $0.02
*** HOLE CARDS ***
Dealt to Dorex2007 [9s Ks]
Solivi2589: folds 
matheus01305: calls $0.02
Gabi migu533 leaves the table
MoWarr: folds 
w3sby: folds 
Dorex2007: calls $0.02
vero2610 joins the table at seat #6 
oreniDiM: folds 
Luigiams: calls $0.01
perffect16: checks 
*** FLOP *** [7h 3s Qs]
Luigiams: checks 
perffect16: checks 
matheus01305: bets $0.02
Dorex2007: calls $0.02
Luigiams: folds 
perffect16: folds 
*** TURN *** [7h 3s Qs] [3c]
matheus01305: bets $0.02
Dorex2007: calls $0.02
*** RIVER *** [7h 3s Qs 3c] [2h]
matheus01305: checks 
Dorex2007: checks 
*** SHOW DOWN ***
matheus01305: shows [Kh Ad] (a pair of Threes)
Dorex2007: mucks hand 
matheus01305 collected $0.15 from pot
*** SUMMARY ***
Total pot $0.16 | Rake $0.01 
Board [7h 3s Qs 3c 2h]
Seat 1: oreniDiM (button) folded before Flop (didn't bet)
Seat 2: Luigiams (small blind) folded on the Flop
Seat 3: perffect16 (big blind) folded on the Flop
Seat 4: Solivi2589 folded before Flop (didn't bet)
Seat 5: matheus01305 showed [Kh Ad] and won ($0.15) with a pair of Threes
Seat 7: MoWarr folded before Flop (didn't bet)
Seat 8: w3sby folded before Flop (didn't bet)
Seat 9: Dorex2007 mucked [9s Ks]



PokerStars Hand #237168601581:  Hold'em No Limit ($0.01/$0.02 USD) - 2022/07/04 20:05:31 PT [2022/07/04 23:05:31 ET]
Table 'Tristan' 9-max Seat #2 is the button
Seat 1: oreniDiM ($0.75 in chips) 
Seat 2: Luigiams ($1.92 in chips) 
Seat 3: perffect16 ($11.02 in chips) 
Seat 4: Solivi2589 ($0.73 in chips) 
Seat 5: matheus01305 ($0.70 in chips) 
Seat 7: MoWarr ($0.62 in chips) 
Seat 8: w3sby ($2 in chips) 
Seat 9: Dorex2007 ($2 in chips) 
perffect16: posts small blind $0.01
Solivi2589: posts big blind $0.02
vero2610: sits out 
*** HOLE CARDS ***
Dealt to Dorex2007 [Tc 9h]
matheus01305: folds 
MoWarr has timed out
MoWarr: folds 
w3sby: folds 
Dorex2007: folds 
oreniDiM: folds 
Luigiams: folds 
perffect16: folds 
Uncalled bet ($0.01) returned to Solivi2589
Solivi2589 collected $0.02 from pot
*** SUMMARY ***
Total pot $0.02 | Rake $0 
Seat 1: oreniDiM folded before Flop (didn't bet)
Seat 2: Luigiams (button) folded before Flop (didn't bet)
Seat 3: perffect16 (small blind) folded before Flop
Seat 4: Solivi2589 (big blind) collected ($0.02)
Seat 5: matheus01305 folded before Flop (didn't bet)
Seat 7: MoWarr folded before Flop (didn't bet)
Seat 8: w3sby folded before Flop (didn't bet)
Seat 9: Dorex2007 folded before Flop (didn't bet)



PokerStars Hand #237168605114:  Hold'em No Limit ($0.01/$0.02 USD) - 2022/07/04 20:05:54 PT [2022/07/04 23:05:54 ET]
Table 'Tristan' 9-max Seat #3 is the button
Seat 1: oreniDiM ($0.75 in chips) 
Seat 2: Luigiams ($1.92 in chips) 
Seat 3: perffect16 ($11.01 in chips) 
Seat 4: Solivi2589 ($0.74 in chips) 
Seat 5: matheus01305 ($0.70 in chips) 
Seat 7: MoWarr ($0.62 in chips) 
Seat 8: w3sby ($2 in chips) 
Seat 9: Dorex2007 ($2 in chips) 
Solivi2589: posts small blind $0.01
matheus01305: posts big blind $0.02
vero2610: sits out 
*** HOLE CARDS ***
Dealt to Dorex2007 [2c 3d]
MoWarr: raises $0.02 to $0.04
w3sby: folds 
Dorex2007: folds 
oreniDiM: folds 
Luigiams: folds 
perffect16: raises $0.02 to $0.06
Solivi2589: folds 
matheus01305: raises $0.02 to $0.08
MoWarr: calls $0.04
perffect16: calls $0.02
*** FLOP *** [4h 6c 5c]
matheus01305: checks 
MoWarr: checks 
perffect16: checks 
*** TURN *** [4h 6c 5c] [8d]
matheus01305: checks 
MoWarr: checks 
perffect16: bets $0.12
matheus01305: folds 
MoWarr: folds 
Uncalled bet ($0.12) returned to perffect16
perffect16 collected $0.24 from pot
*** SUMMARY ***
Total pot $0.25 | Rake $0.01 
Board [4h 6c 5c 8d]
Seat 1: oreniDiM folded before Flop (didn't bet)
Seat 2: Luigiams folded before Flop (didn't bet)
Seat 3: perffect16 (button) collected ($0.24)
Seat 4: Solivi2589 (small blind) folded before Flop
Seat 5: matheus01305 (big blind) folded on the Turn
Seat 7: MoWarr folded on the Turn
Seat 8: w3sby folded before Flop (didn't bet)
Seat 9: Dorex2007 folded before Flop (didn't bet)



PokerStars Hand #237168624281:  Hold'em No Limit ($0.01/$0.02 USD) - 2022/07/04 20:07:01 PT [2022/07/04 23:07:01 ET]
Table 'Tristan' 9-max Seat #4 is the button
Seat 1: oreniDiM ($0.75 in chips) 
Seat 2: Luigiams ($1.92 in chips) 
Seat 3: perffect16 ($11.17 in chips) 
Seat 4: Solivi2589 ($0.73 in chips) 
Seat 5: matheus01305 ($0.62 in chips) 
Seat 6: vero2610 ($2 in chips) 
Seat 7: MoWarr ($0.54 in chips) 
Seat 8: w3sby ($2 in chips) 
Seat 9: Dorex2007 ($2 in chips) 
matheus01305: posts small blind $0.01
vero2610: posts big blind $0.02
*** HOLE CARDS ***
Dealt to Dorex2007 [3s Qd]
MoWarr: folds 
w3sby: folds 
Dorex2007: folds 
oreniDiM: folds 
Luigiams: folds 
perffect16: folds 
Solivi2589: folds 
matheus01305: raises $0.04 to $0.06
vero2610: folds 
Uncalled bet ($0.04) returned to matheus01305
matheus01305 collected $0.04 from pot
*** SUMMARY ***
Total pot $0.04 | Rake $0 
Seat 1: oreniDiM folded before Flop (didn't bet)
Seat 2: Luigiams folded before Flop (didn't bet)
Seat 3: perffect16 folded before Flop (didn't bet)
Seat 4: Solivi2589 (button) folded before Flop (didn't bet)
Seat 5: matheus01305 (small blind) collected ($0.04)
Seat 6: vero2610 (big blind) folded before Flop
Seat 7: MoWarr folded before Flop (didn't bet)
Seat 8: w3sby folded before Flop (didn't bet)
Seat 9: Dorex2007 folded before Flop (didn't bet)



PokerStars Hand #237168626835:  Hold'em No Limit ($0.01/$0.02 USD) - 2022/07/04 20:07:18 PT [2022/07/04 23:07:18 ET]
Table 'Tristan' 9-max Seat #5 is the button
Seat 1: oreniDiM ($0.75 in chips) 
Seat 2: Luigiams ($1.92 in chips) 
Seat 3: perffect16 ($11.17 in chips) 
Seat 4: Solivi2589 ($0.73 in chips) 
Seat 5: matheus01305 ($0.64 in chips) 
Seat 6: vero2610 ($1.98 in chips) 
Seat 7: MoWarr ($0.54 in chips) 
Seat 8: w3sby ($2 in chips) 
Seat 9: Dorex2007 ($2 in chips) 
vero2610: posts small blind $0.01
MoWarr: posts big blind $0.02
*** HOLE CARDS ***
Dealt to Dorex2007 [7h 4d]
w3sby: folds 
Dorex2007: folds 
oreniDiM: folds 
Luigiams: folds 
perffect16: folds 
Solivi2589: folds 
matheus01305: raises $0.02 to $0.04
vero2610: folds 
MoWarr: calls $0.02
*** FLOP *** [Kd Ks Js]
MoWarr: checks 
matheus01305: bets $0.02
MoWarr: calls $0.02
*** TURN *** [Kd Ks Js] [2h]
MoWarr: checks 
matheus01305: bets $0.02
MoWarr: calls $0.02
*** RIVER *** [Kd Ks Js 2h] [3c]
MoWarr: checks 
matheus01305: bets $0.08
MoWarr: raises $0.32 to $0.40
matheus01305: calls $0.32
*** SHOW DOWN ***
MoWarr: shows [Kc Td] (three of a kind, Kings)
matheus01305: mucks hand 
MoWarr collected $0.94 from pot
*** SUMMARY ***
Total pot $0.97 | Rake $0.03 
Board [Kd Ks Js 2h 3c]
Seat 1: oreniDiM folded before Flop (didn't bet)
Seat 2: Luigiams folded before Flop (didn't bet)
Seat 3: perffect16 folded before Flop (didn't bet)
Seat 4: Solivi2589 folded before Flop (didn't bet)
Seat 5: matheus01305 (button) mucked [8s 8d]
Seat 6: vero2610 (small blind) folded before Flop
Seat 7: MoWarr (big blind) showed [Kc Td] and won ($0.94) with three of a kind, Kings
Seat 8: w3sby folded before Flop (didn't bet)
Seat 9: Dorex2007 folded before Flop (didn't bet)



PokerStars Hand #237168636087:  Hold'em No Limit ($0.01/$0.02 USD) - 2022/07/04 20:08:21 PT [2022/07/04 23:08:21 ET]
Table 'Tristan' 9-max Seat #6 is the button
Seat 1: oreniDiM ($0.75 in chips) 
Seat 2: Luigiams ($1.92 in chips) 
Seat 3: perffect16 ($11.17 in chips) 
Seat 4: Solivi2589 ($0.73 in chips) 
Seat 5: matheus01305 ($0.16 in chips) 
Seat 6: vero2610 ($1.97 in chips) 
Seat 7: MoWarr ($1 in chips) 
Seat 9: Dorex2007 ($2 in chips) 
MoWarr: posts small blind $0.01
w3sby: is sitting out 
w3sby leaves the table
Dorex2007: posts big blind $0.02
*** HOLE CARDS ***
Dealt to Dorex2007 [Jh 2s]
oreniDiM: folds 
Luigiams: raises $0.02 to $0.04
perffect16: folds 
Solivi2589: folds 
matheus01305: calls $0.04
vero2610: calls $0.04
MoWarr: folds 
Dorex2007: folds 
*** FLOP *** [7c 7h 5c]
Luigiams: checks 
matheus01305: bets $0.12 and is all-in
vero2610: folds 
Luigiams: folds 
Uncalled bet ($0.12) returned to matheus01305
matheus01305 collected $0.14 from pot
*** SUMMARY ***
Total pot $0.15 | Rake $0.01 
Board [7c 7h 5c]
Seat 1: oreniDiM folded before Flop (didn't bet)
Seat 2: Luigiams folded on the Flop
Seat 3: perffect16 folded before Flop (didn't bet)
Seat 4: Solivi2589 folded before Flop (didn't bet)
Seat 5: matheus01305 collected ($0.14)
Seat 6: vero2610 (button) folded on the Flop
Seat 7: MoWarr (small blind) folded before Flop
Seat 9: Dorex2007 (big blind) folded before Flop



PokerStars Hand #237168641136:  Hold'em No Limit ($0.01/$0.02 USD) - 2022/07/04 20:08:54 PT [2022/07/04 23:08:54 ET]
Table 'Tristan' 9-max Seat #7 is the button
Seat 1: oreniDiM ($0.75 in chips) 
Seat 2: Luigiams ($1.88 in chips) 
Seat 3: perffect16 ($11.17 in chips) 
Seat 4: Solivi2589 ($0.73 in chips) 
Seat 5: matheus01305 ($0.26 in chips) 
Seat 6: vero2610 ($1.93 in chips) 
Seat 7: MoWarr ($0.99 in chips) 
Seat 9: Dorex2007 ($2 in chips) 
Dorex2007: posts small blind $0.01
oreniDiM: posts big blind $0.02
*** HOLE CARDS ***
Dealt to Dorex2007 [8c 4h]
Luigiams: calls $0.02
perffect16: folds 
Solivi2589: folds 
matheus01305: calls $0.02
vero2610: folds 
MoWarr: folds 
Dorex2007: folds 
oreniDiM: checks 
*** FLOP *** [Kh Tc 2c]
oreniDiM: checks 
Luigiams: checks 
matheus01305: bets $0.24 and is all-in
oreniDiM: folds 
Luigiams: folds 
Uncalled bet ($0.24) returned to matheus01305
matheus01305 collected $0.07 from pot
*** SUMMARY ***
Total pot $0.07 | Rake $0 
Board [Kh Tc 2c]
Seat 1: oreniDiM (big blind) folded on the Flop
Seat 2: Luigiams folded on the Flop
Seat 3: perffect16 folded before Flop (didn't bet)
Seat 4: Solivi2589 folded before Flop (didn't bet)
Seat 5: matheus01305 collected ($0.07)
Seat 6: vero2610 folded before Flop (didn't bet)
Seat 7: MoWarr (button) folded before Flop (didn't bet)
Seat 9: Dorex2007 (small blind) folded before Flop



PokerStars Hand #237168648694:  Hold'em No Limit ($0.01/$0.02 USD) - 2022/07/04 20:09:45 PT [2022/07/04 23:09:45 ET]
Table 'Tristan' 9-max Seat #9 is the button
Seat 1: oreniDiM ($0.73 in chips) 
Seat 2: Luigiams ($1.86 in chips) 
Seat 3: perffect16 ($11.17 in chips) 
Seat 4: Solivi2589 ($0.73 in chips) 
Seat 5: matheus01305 ($0.31 in chips) 
Seat 6: vero2610 ($1.93 in chips) 
Seat 7: MoWarr ($0.99 in chips) 
Seat 9: Dorex2007 ($2 in chips) 
oreniDiM: posts small blind $0.01
Luigiams: posts big blind $0.02
*** HOLE CARDS ***
Dealt to Dorex2007 [Td As]
perffect16: folds 
Solivi2589: calls $0.02
matheus01305: calls $0.02
vero2610: calls $0.02
MoWarr: folds 
Dorex2007: raises $0.06 to $0.08
conan230871 joins the table at seat #8 
oreniDiM: folds 
Luigiams: folds 
Solivi2589: folds 
matheus01305: calls $0.06
vero2610: calls $0.06
*** FLOP *** [Ah 6d 2c]
matheus01305: checks 
vero2610: checks 
Dorex2007: bets $0.28
matheus01305: folds 
vero2610: folds 
Uncalled bet ($0.28) returned to Dorex2007
Dorex2007 collected $0.28 from pot
*** SUMMARY ***
Total pot $0.29 | Rake $0.01 
Board [Ah 6d 2c]
Seat 1: oreniDiM (small blind) folded before Flop
Seat 2: Luigiams (big blind) folded before Flop
Seat 3: perffect16 folded before Flop (didn't bet)
Seat 4: Solivi2589 folded before Flop
Seat 5: matheus01305 folded on the Flop
Seat 6: vero2610 folded on the Flop
Seat 7: MoWarr folded before Flop (didn't bet)
Seat 9: Dorex2007 (button) collected ($0.28)



PokerStars Hand #237168654981:  Hold'em No Limit ($0.01/$0.02 USD) - 2022/07/04 20:10:28 PT [2022/07/04 23:10:28 ET]
Table 'Tristan' 9-max Seat #1 is the button
Seat 1: oreniDiM ($0.72 in chips) 
Seat 2: Luigiams ($1.84 in chips) 
Seat 3: perffect16 ($11.17 in chips) 
Seat 4: Solivi2589 ($0.71 in chips) 
Seat 5: matheus01305 ($0.23 in chips) 
Seat 6: vero2610 ($1.92 in chips) 
Seat 7: MoWarr ($0.99 in chips) 
Seat 9: Dorex2007 ($2.20 in chips) 
Luigiams: posts small blind $0.01
perffect16: posts big blind $0.02
conan230871 is disconnected 
conan230871 has timed out while disconnected
conan230871: is sitting out 
*** HOLE CARDS ***
Dealt to Dorex2007 [9s Jc]
Solivi2589: folds 
matheus01305: raises $0.21 to $0.23 and is all-in
vero2610: folds 
MoWarr: calls $0.23
Dorex2007: folds 
oreniDiM: folds 
Luigiams: folds 
perffect16: folds 
*** FLOP *** [Jd 9c 6h]
*** TURN *** [Jd 9c 6h] [5h]
*** RIVER *** [Jd 9c 6h 5h] [8c]
*** SHOW DOWN ***
matheus01305: shows [As Kh] (high card Ace)
MoWarr: shows [Qc Js] (a pair of Jacks)
MoWarr collected $0.47 from pot
*** SUMMARY ***
Total pot $0.49 | Rake $0.02 
Board [Jd 9c 6h 5h 8c]
Seat 1: oreniDiM (button) folded before Flop (didn't bet)
Seat 2: Luigiams (small blind) folded before Flop
Seat 3: perffect16 (big blind) folded before Flop
Seat 4: Solivi2589 folded before Flop (didn't bet)
Seat 5: matheus01305 showed [As Kh] and lost with high card Ace
Seat 6: vero2610 folded before Flop (didn't bet)
Seat 7: MoWarr showed [Qc Js] and won ($0.47) with a pair of Jacks
Seat 9: Dorex2007 folded before Flop (didn't bet)



PokerStars Hand #237168660955:  Hold'em No Limit ($0.01/$0.02 USD) - 2022/07/04 20:11:09 PT [2022/07/04 23:11:09 ET]
Table 'Tristan' 9-max Seat #2 is the button
Seat 1: oreniDiM ($0.72 in chips) 
Seat 2: Luigiams ($1.83 in chips) 
Seat 3: perffect16 ($11.15 in chips) 
Seat 4: Solivi2589 ($0.71 in chips) 
Seat 6: vero2610 ($1.92 in chips) 
Seat 7: MoWarr ($1.23 in chips) 
Seat 9: Dorex2007 ($2.20 in chips) 
perffect16: posts small blind $0.01
Solivi2589: posts big blind $0.02
*** HOLE CARDS ***
Dealt to Dorex2007 [Th Js]
vero2610: folds 
MoWarr: folds 
Dorex2007: folds 
oreniDiM: folds 
Luigiams: raises $0.04 to $0.06
perffect16: folds 
Solivi2589: folds 
Uncalled bet ($0.04) returned to Luigiams
Luigiams collected $0.05 from pot
*** SUMMARY ***
Total pot $0.05 | Rake $0 
Seat 1: oreniDiM folded before Flop (didn't bet)
Seat 2: Luigiams (button) collected ($0.05)
Seat 3: perffect16 (small blind) folded before Flop
Seat 4: Solivi2589 (big blind) folded before Flop
Seat 6: vero2610 folded before Flop (didn't bet)
Seat 7: MoWarr folded before Flop (didn't bet)
Seat 9: Dorex2007 folded before Flop (didn't bet)



PokerStars Hand #237168662811:  Hold'em No Limit ($0.01/$0.02 USD) - 2022/07/04 20:11:21 PT [2022/07/04 23:11:21 ET]
Table 'Tristan' 9-max Seat #3 is the button
Seat 1: oreniDiM ($0.72 in chips) 
Seat 2: Luigiams ($1.86 in chips) 
Seat 3: perffect16 ($11.14 in chips) 
Seat 4: Solivi2589 ($0.69 in chips) 
Seat 6: vero2610 ($1.92 in chips) 
Seat 7: MoWarr ($1.23 in chips) 
Seat 9: Dorex2007 ($2.20 in chips) 
Solivi2589: posts small blind $0.01
vero2610: posts big blind $0.02
*** HOLE CARDS ***
Dealt to Dorex2007 [4h 7s]
matheus01305 is disconnected 
MoWarr: calls $0.02
Dorex2007: folds 
oreniDiM: folds 
Luigiams: folds 
perffect16: calls $0.02
Solivi2589: folds 
vero2610: checks 
*** FLOP *** [3s 7h 3d]
vero2610: checks 
MoWarr: checks 
perffect16: checks 
*** TURN *** [3s 7h 3d] [Js]
vero2610: checks 
MoWarr: checks 
perffect16: checks 
*** RIVER *** [3s 7h 3d Js] [5d]
vero2610: checks 
MoWarr: bets $0.07
perffect16: folds 
vero2610: folds 
Uncalled bet ($0.07) returned to MoWarr
MoWarr collected $0.07 from pot
*** SUMMARY ***
Total pot $0.07 | Rake $0 
Board [3s 7h 3d Js 5d]
Seat 1: oreniDiM folded before Flop (didn't bet)
Seat 2: Luigiams folded before Flop (didn't bet)
Seat 3: perffect16 (button) folded on the River
Seat 4: Solivi2589 (small blind) folded before Flop
Seat 6: vero2610 (big blind) folded on the River
Seat 7: MoWarr collected ($0.07)
Seat 9: Dorex2007 folded before Flop (didn't bet)



PokerStars Hand #237168670855:  Hold'em No Limit ($0.01/$0.02 USD) - 2022/07/04 20:12:16 PT [2022/07/04 23:12:16 ET]
Table 'Tristan' 9-max Seat #4 is the button
Seat 1: oreniDiM ($0.72 in chips) 
Seat 2: Luigiams ($1.86 in chips) 
Seat 3: perffect16 ($11.12 in chips) 
Seat 4: Solivi2589 ($0.68 in chips) 
Seat 6: vero2610 ($1.90 in chips) 
Seat 7: MoWarr ($1.28 in chips) 
Seat 8: conan230871 ($2.01 in chips) 
Seat 9: Dorex2007 ($2.20 in chips) 
vero2610: posts small blind $0.01
MoWarr: posts big blind $0.02
conan230871: posts big blind $0.02
*** HOLE CARDS ***
Dealt to Dorex2007 [9h 2d]
conan230871: checks 
Dorex2007: folds 
oreniDiM: folds 
Luigiams: raises $0.02 to $0.04
perffect16: calls $0.04
Solivi2589: folds 
vero2610: folds 
MoWarr: calls $0.02
conan230871: calls $0.02
*** FLOP *** [Th Jd Kc]
MoWarr: checks 
conan230871: checks 
Luigiams: checks 
perffect16: bets $0.08
MoWarr: folds 
conan230871: raises $1.89 to $1.97 and is all-in
Luigiams: folds 
perffect16: calls $1.89
*** TURN *** [Th Jd Kc] [9c]
*** RIVER *** [Th Jd Kc 9c] [Ah]
*** SHOW DOWN ***
conan230871: shows [Js Qc] (a straight, Ten to Ace)
perffect16: shows [Tc Ks] (two pair, Kings and Tens)
conan230871 collected $3.97 from pot
*** SUMMARY ***
Total pot $4.11 | Rake $0.14 
Board [Th Jd Kc 9c Ah]
Seat 1: oreniDiM folded before Flop (didn't bet)
Seat 2: Luigiams folded on the Flop
Seat 3: perffect16 showed [Tc Ks] and lost with two pair, Kings and Tens
Seat 4: Solivi2589 (button) folded before Flop (didn't bet)
Seat 6: vero2610 (small blind) folded before Flop
Seat 7: MoWarr (big blind) folded on the Flop
Seat 8: conan230871 showed [Js Qc] and won ($3.97) with a straight, Ten to Ace
Seat 9: Dorex2007 folded before Flop (didn't bet)



PokerStars Hand #237168687014:  Hold'em No Limit ($0.01/$0.02 USD) - 2022/07/04 20:13:16 PT [2022/07/04 23:13:16 ET]
Table 'Tristan' 9-max Seat #6 is the button
Seat 1: oreniDiM ($0.72 in chips) 
Seat 2: Luigiams ($1.82 in chips) 
Seat 3: perffect16 ($9.11 in chips) 
Seat 4: Solivi2589 ($0.68 in chips) 
Seat 6: vero2610 ($1.89 in chips) 
Seat 7: MoWarr ($1.24 in chips) 
Seat 8: conan230871 ($3.97 in chips) 
Seat 9: Dorex2007 ($2.20 in chips) 
MoWarr: posts small blind $0.01
conan230871: posts big blind $0.02
*** HOLE CARDS ***
Dealt to Dorex2007 [6h Ad]
Dorex2007: folds 
oreniDiM: folds 
Luigiams: calls $0.02
perffect16: folds 
Solivi2589: folds 
vero2610: folds 
MoWarr: folds 
conan230871: checks 
*** FLOP *** [8c 8d Qs]
conan230871: checks 
Luigiams: bets $0.02
conan230871: folds 
Uncalled bet ($0.02) returned to Luigiams
Luigiams collected $0.05 from pot
*** SUMMARY ***
Total pot $0.05 | Rake $0 
Board [8c 8d Qs]
Seat 1: oreniDiM folded before Flop (didn't bet)
Seat 2: Luigiams collected ($0.05)
Seat 3: perffect16 folded before Flop (didn't bet)
Seat 4: Solivi2589 folded before Flop (didn't bet)
Seat 6: vero2610 (button) folded before Flop (didn't bet)
Seat 7: MoWarr (small blind) folded before Flop
Seat 8: conan230871 (big blind) folded on the Flop
Seat 9: Dorex2007 folded before Flop (didn't bet)



PokerStars Hand #237168692412:  Hold'em No Limit ($0.01/$0.02 USD) - 2022/07/04 20:13:53 PT [2022/07/04 23:13:53 ET]
Table 'Tristan' 9-max Seat #7 is the button
Seat 1: oreniDiM ($0.72 in chips) 
Seat 2: Luigiams ($1.85 in chips) 
Seat 3: perffect16 ($9.11 in chips) 
Seat 4: Solivi2589 ($0.68 in chips) 
Seat 6: vero2610 ($1.89 in chips) 
Seat 7: MoWarr ($1.23 in chips) 
Seat 8: conan230871 ($3.95 in chips) 
Seat 9: Dorex2007 ($2.20 in chips) 
conan230871: posts small blind $0.01
Dorex2007: posts big blind $0.02
*** HOLE CARDS ***
Dealt to Dorex2007 [Kd Td]
oreniDiM: folds 
Luigiams: raises $0.02 to $0.04
perffect16: raises $0.02 to $0.06
Solivi2589: folds 
vero2610: folds 
MoWarr has timed out
MoWarr: folds 
conan230871: calls $0.05
Dorex2007: calls $0.04
Luigiams: calls $0.02
*** FLOP *** [2h 3h 8d]
conan230871: checks 
Dorex2007: checks 
Luigiams: checks 
perffect16: checks 
*** TURN *** [2h 3h 8d] [7s]
conan230871: checks 
Dorex2007: bets $0.06
Luigiams: folds 
perffect16: folds 
conan230871: folds 
Uncalled bet ($0.06) returned to Dorex2007
Dorex2007 collected $0.23 from pot
*** SUMMARY ***
Total pot $0.24 | Rake $0.01 
Board [2h 3h 8d 7s]
Seat 1: oreniDiM folded before Flop (didn't bet)
Seat 2: Luigiams folded on the Turn
Seat 3: perffect16 folded on the Turn
Seat 4: Solivi2589 folded before Flop (didn't bet)
Seat 6: vero2610 folded before Flop (didn't bet)
Seat 7: MoWarr (button) folded before Flop (didn't bet)
Seat 8: conan230871 (small blind) folded on the Turn
Seat 9: Dorex2007 (big blind) collected ($0.23)



PokerStars Hand #237168704468:  Hold'em No Limit ($0.01/$0.02 USD) - 2022/07/04 20:15:16 PT [2022/07/04 23:15:16 ET]
Table 'Tristan' 9-max Seat #8 is the button
Seat 1: oreniDiM ($0.72 in chips) 
Seat 2: Luigiams ($2 in chips) 
Seat 3: perffect16 ($9.05 in chips) 
Seat 4: Solivi2589 ($0.68 in chips) 
Seat 6: vero2610 ($1.89 in chips) 
Seat 7: MoWarr ($1.23 in chips) 
Seat 8: conan230871 ($3.89 in chips) 
Seat 9: Dorex2007 ($2.37 in chips) 
Dorex2007: posts small blind $0.01
oreniDiM: posts big blind $0.02
*** HOLE CARDS ***
Dealt to Dorex2007 [Th 8s]
Luigiams: folds 
perffect16: folds 
Luigiams leaves the table
Solivi2589: folds 
vero2610: folds 
MoWarr: folds 
conan230871: folds 
Dorex2007: folds 
Uncalled bet ($0.01) returned to oreniDiM
oreniDiM collected $0.02 from pot
*** SUMMARY ***
Total pot $0.02 | Rake $0 
Seat 1: oreniDiM (big blind) collected ($0.02)
Seat 2: Luigiams folded before Flop (didn't bet)
Seat 3: perffect16 folded before Flop (didn't bet)
Seat 4: Solivi2589 folded before Flop (didn't bet)
Seat 6: vero2610 folded before Flop (didn't bet)
Seat 7: MoWarr folded before Flop (didn't bet)
Seat 8: conan230871 (button) folded before Flop (didn't bet)
Seat 9: Dorex2007 (small blind) folded before Flop



PokerStars Hand #237168707268:  Hold'em No Limit ($0.01/$0.02 USD) - 2022/07/04 20:15:36 PT [2022/07/04 23:15:36 ET]
Table 'Tristan' 9-max Seat #9 is the button
Seat 1: oreniDiM ($0.73 in chips) 
Seat 3: perffect16 ($9.05 in chips) 
Seat 4: Solivi2589 ($0.68 in chips) 
Seat 6: vero2610 ($1.89 in chips) 
Seat 7: MoWarr ($1.23 in chips) 
Seat 8: conan230871 ($3.89 in chips) 
Seat 9: Dorex2007 ($2.36 in chips) 
oreniDiM: posts small blind $0.01
perffect16: posts big blind $0.02
*** HOLE CARDS ***
Dealt to Dorex2007 [Tc 4d]
BUNNYLove2U joins the table at seat #2 
Solivi2589: folds 
vero2610: raises $0.04 to $0.06
MoWarr: folds 
conan230871: folds 
conan230871 leaves the table
Dorex2007: folds 
oreniDiM: folds 
perffect16: folds 
Uncalled bet ($0.04) returned to vero2610
vero2610 collected $0.05 from pot
*** SUMMARY ***
Total pot $0.05 | Rake $0 
Seat 1: oreniDiM (small blind) folded before Flop
Seat 3: perffect16 (big blind) folded before Flop
Seat 4: Solivi2589 folded before Flop (didn't bet)
Seat 6: vero2610 collected ($0.05)
Seat 7: MoWarr folded before Flop (didn't bet)
Seat 8: conan230871 folded before Flop (didn't bet)
Seat 9: Dorex2007 (button) folded before Flop (didn't bet)



PokerStars Hand #237168710630:  Hold'em No Limit ($0.01/$0.02 USD) - 2022/07/04 20:16:00 PT [2022/07/04 23:16:00 ET]
Table 'Tristan' 9-max Seat #1 is the button
Seat 1: oreniDiM ($0.72 in chips) 
Seat 3: perffect16 ($9.03 in chips) 
Seat 4: Solivi2589 ($0.68 in chips) 
Seat 6: vero2610 ($1.92 in chips) 
Seat 7: MoWarr ($1.23 in chips) 
Seat 9: Dorex2007 ($2.36 in chips) 
perffect16: posts small blind $0.01
Solivi2589: posts big blind $0.02
*** HOLE CARDS ***
Dealt to Dorex2007 [8s 9c]
frosa9397 joins the table at seat #8 
vero2610: folds 
MoWarr: folds 
Dorex2007: folds 
oreniDiM: folds 
perffect16: calls $0.01
Solivi2589: checks 
*** FLOP *** [Jd Qh 7h]
perffect16: checks 
Solivi2589: checks 
*** TURN *** [Jd Qh 7h] [2s]
perffect16: checks 
Solivi2589: checks 
*** RIVER *** [Jd Qh 7h 2s] [4d]
perffect16: checks 
Solivi2589: checks 
*** SHOW DOWN ***
perffect16: shows [8c Ks] (high card King)
Solivi2589: shows [Ac 9s] (high card Ace)
Solivi2589 collected $0.04 from pot
*** SUMMARY ***
Total pot $0.04 | Rake $0 
Board [Jd Qh 7h 2s 4d]
Seat 1: oreniDiM (button) folded before Flop (didn't bet)
Seat 3: perffect16 (small blind) showed [8c Ks] and lost with high card King
Seat 4: Solivi2589 (big blind) showed [Ac 9s] and won ($0.04) with high card Ace
Seat 6: vero2610 folded before Flop (didn't bet)
Seat 7: MoWarr folded before Flop (didn't bet)
Seat 9: Dorex2007 folded before Flop (didn't bet)



PokerStars Hand #237168717502:  Hold'em No Limit ($0.01/$0.02 USD) - 2022/07/04 20:16:47 PT [2022/07/04 23:16:47 ET]
Table 'Tristan' 9-max Seat #3 is the button
Seat 1: oreniDiM ($0.72 in chips) 
Seat 3: perffect16 ($9.01 in chips) 
Seat 4: Solivi2589 ($0.70 in chips) 
Seat 6: vero2610 ($1.92 in chips) 
Seat 7: MoWarr ($1.23 in chips) 
Seat 9: Dorex2007 ($2.36 in chips) 
Solivi2589: posts small blind $0.01
vero2610: posts big blind $0.02
frosa9397: sits out 
BUNNYLove2U: sits out 
*** HOLE CARDS ***
Dealt to Dorex2007 [Tc 6s]
MoWarr: folds 
Dorex2007: folds 
oreniDiM: folds 
perffect16: calls $0.02
Solivi2589: folds 
vero2610: checks 
*** FLOP *** [Ks 7h Qc]
vero2610: checks 
perffect16: checks 
*** TURN *** [Ks 7h Qc] [Th]
vero2610: checks 
perffect16: bets $0.02
vero2610: folds 
Uncalled bet ($0.02) returned to perffect16
perffect16 collected $0.05 from pot
*** SUMMARY ***
Total pot $0.05 | Rake $0 
Board [Ks 7h Qc Th]
Seat 1: oreniDiM folded before Flop (didn't bet)
Seat 3: perffect16 (button) collected ($0.05)
Seat 4: Solivi2589 (small blind) folded before Flop
Seat 6: vero2610 (big blind) folded on the Turn
Seat 7: MoWarr folded before Flop (didn't bet)
Seat 9: Dorex2007 folded before Flop (didn't bet)



PokerStars Hand #237168722430:  Hold'em No Limit ($0.01/$0.02 USD) - 2022/07/04 20:17:21 PT [2022/07/04 23:17:21 ET]
Table 'Tristan' 9-max Seat #4 is the button
Seat 1: oreniDiM ($0.72 in chips) 
Seat 3: perffect16 ($9.04 in chips) 
Seat 4: Solivi2589 ($0.69 in chips) 
Seat 6: vero2610 ($1.90 in chips) 
Seat 7: MoWarr ($1.23 in chips) 
Seat 9: Dorex2007 ($2.36 in chips) 
vero2610: posts small blind $0.01
MoWarr: posts big blind $0.02
frosa9397: sits out 
BUNNYLove2U: sits out 
*** HOLE CARDS ***
Dealt to Dorex2007 [6c 2s]
Dorex2007: folds 
oreniDiM: folds 
perffect16: folds 
Solivi2589: raises $0.02 to $0.04
vero2610: folds 
MoWarr: calls $0.02
*** FLOP *** [7d 3s 8c]
MoWarr: checks 
Solivi2589: bets $0.06
MoWarr: calls $0.06
*** TURN *** [7d 3s 8c] [5s]
MoWarr: checks 
Solivi2589: bets $0.06
MoWarr: raises $0.47 to $0.53
Solivi2589: calls $0.47
*** RIVER *** [7d 3s 8c 5s] [5h]
MoWarr: bets $0.11
Solivi2589: calls $0.06 and is all-in
Uncalled bet ($0.05) returned to MoWarr
*** SHOW DOWN ***
MoWarr: shows [7s 7h] (a full house, Sevens full of Fives)
Solivi2589: shows [Kh Kd] (two pair, Kings and Fives)
MoWarr collected $1.34 from pot
*** SUMMARY ***
Total pot $1.39 | Rake $0.05 
Board [7d 3s 8c 5s 5h]
Seat 1: oreniDiM folded before Flop (didn't bet)
Seat 3: perffect16 folded before Flop (didn't bet)
Seat 4: Solivi2589 (button) showed [Kh Kd] and lost with two pair, Kings and Fives
Seat 6: vero2610 (small blind) folded before Flop
Seat 7: MoWarr (big blind) showed [7s 7h] and won ($1.34) with a full house, Sevens full of Fives
Seat 9: Dorex2007 folded before Flop (didn't bet)



PokerStars Hand #237168732082:  Hold'em No Limit ($0.01/$0.02 USD) - 2022/07/04 20:18:27 PT [2022/07/04 23:18:27 ET]
Table 'Tristan' 9-max Seat #6 is the button
Seat 1: oreniDiM ($0.72 in chips) 
Seat 3: perffect16 ($9.04 in chips) 
Seat 6: vero2610 ($1.89 in chips) 
Seat 7: MoWarr ($1.88 in chips) 
Seat 8: frosa9397 ($2 in chips) 
Seat 9: Dorex2007 ($2.36 in chips) 
MoWarr: posts small blind $0.01
frosa9397: posts big blind $0.02
BUNNYLove2U: sits out 
*** HOLE CARDS ***
Dealt to Dorex2007 [9c Jh]
Dorex2007: folds 
Solivi2589 leaves the table
oreniDiM: folds 
perffect16: raises $0.05 to $0.07
vero2610: calls $0.07
MoWarr: folds 
matt blakk joins the table at seat #4 
frosa9397: folds 
*** FLOP *** [7h 5h 6h]
perffect16: bets $0.08
vero2610: calls $0.08
*** TURN *** [7h 5h 6h] [9d]
perffect16: checks 
vero2610: checks 
*** RIVER *** [7h 5h 6h 9d] [2h]
perffect16: checks 
vero2610: checks 
*** SHOW DOWN ***
perffect16: shows [Ad Jc] (high card Ace)
vero2610: shows [6c 6d] (three of a kind, Sixes)
vero2610 collected $0.32 from pot
*** SUMMARY ***
Total pot $0.33 | Rake $0.01 
Board [7h 5h 6h 9d 2h]
Seat 1: oreniDiM folded before Flop (didn't bet)
Seat 3: perffect16 showed [Ad Jc] and lost with high card Ace
Seat 6: vero2610 (button) showed [6c 6d] and won ($0.32) with three of a kind, Sixes
Seat 7: MoWarr (small blind) folded before Flop
Seat 8: frosa9397 (big blind) folded before Flop
Seat 9: Dorex2007 folded before Flop (didn't bet)



PokerStars Hand #237168739051:  Hold'em No Limit ($0.01/$0.02 USD) - 2022/07/04 20:19:16 PT [2022/07/04 23:19:16 ET]
Table 'Tristan' 9-max Seat #7 is the button
Seat 1: oreniDiM ($0.72 in chips) 
Seat 3: perffect16 ($8.89 in chips) 
Seat 6: vero2610 ($2.06 in chips) 
Seat 7: MoWarr ($1.87 in chips) 
Seat 8: frosa9397 ($1.98 in chips) 
Seat 9: Dorex2007 ($2.36 in chips) 
frosa9397: posts small blind $0.01
Dorex2007: posts big blind $0.02
BUNNYLove2U: sits out 
matt blakk: sits out 
*** HOLE CARDS ***
Dealt to Dorex2007 [9h Jh]
oreniDiM: folds 
perffect16: folds 
vero2610: calls $0.02
MoWarr: calls $0.02
frosa9397: folds 
Dorex2007: checks 
*** FLOP *** [9c Ks Th]
Dorex2007: checks 
vero2610: checks 
MoWarr: checks 
*** TURN *** [9c Ks Th] [Jc]
Dorex2007: bets $0.07
vero2610: calls $0.07
MoWarr: folds 
*** RIVER *** [9c Ks Th Jc] [Kd]
Dorex2007: checks 
vero2610: bets $0.06
Dorex2007: folds 
Uncalled bet ($0.06) returned to vero2610
vero2610 collected $0.20 from pot
*** SUMMARY ***
Total pot $0.21 | Rake $0.01 
Board [9c Ks Th Jc Kd]
Seat 1: oreniDiM folded before Flop (didn't bet)
Seat 3: perffect16 folded before Flop (didn't bet)
Seat 6: vero2610 collected ($0.20)
Seat 7: MoWarr (button) folded on the Turn
Seat 8: frosa9397 (small blind) folded before Flop
Seat 9: Dorex2007 (big blind) folded on the River



PokerStars Hand #237168751112:  Hold'em No Limit ($0.01/$0.02 USD) - 2022/07/04 20:20:41 PT [2022/07/04 23:20:41 ET]
Table 'Tristan' 9-max Seat #8 is the button
Seat 1: oreniDiM ($0.72 in chips) 
Seat 3: perffect16 ($8.89 in chips) 
Seat 6: vero2610 ($2.17 in chips) 
Seat 7: MoWarr ($1.85 in chips) 
Seat 8: frosa9397 ($1.97 in chips) 
Seat 9: Dorex2007 ($2.27 in chips) 
Dorex2007: posts small blind $0.01
oreniDiM: posts big blind $0.02
BUNNYLove2U: sits out 
matt blakk: sits out 
*** HOLE CARDS ***
Dealt to Dorex2007 [Js 5s]
perffect16: raises $0.10 to $0.12
vero2610: folds 
MoWarr: folds 
frosa9397: folds 
Dorex2007: folds 
oreniDiM: folds 
Uncalled bet ($0.10) returned to perffect16
perffect16 collected $0.05 from pot
*** SUMMARY ***
Total pot $0.05 | Rake $0 
Seat 1: oreniDiM (big blind) folded before Flop
Seat 3: perffect16 collected ($0.05)
Seat 6: vero2610 folded before Flop (didn't bet)
Seat 7: MoWarr folded before Flop (didn't bet)
Seat 8: frosa9397 (button) folded before Flop (didn't bet)
Seat 9: Dorex2007 (small blind) folded before Flop



PokerStars Hand #237168753672:  Hold'em No Limit ($0.01/$0.02 USD) - 2022/07/04 20:20:59 PT [2022/07/04 23:20:59 ET]
Table 'Tristan' 9-max Seat #9 is the button
Seat 1: oreniDiM ($0.70 in chips) 
Seat 2: BUNNYLove2U ($2 in chips) 
Seat 3: perffect16 ($8.92 in chips) 
Seat 6: vero2610 ($2.17 in chips) 
Seat 7: MoWarr ($1.85 in chips) 
Seat 8: frosa9397 ($1.97 in chips) 
Seat 9: Dorex2007 ($2.26 in chips) 
oreniDiM: posts small blind $0.01
BUNNYLove2U: posts big blind $0.02
matt blakk: sits out 
*** HOLE CARDS ***
Dealt to Dorex2007 [4d Kh]
perffect16: folds 
vero2610: folds 
MoWarr: folds 
frosa9397: folds 
Dorex2007: folds 
oreniDiM: calls $0.01
BUNNYLove2U: checks 
*** FLOP *** [8c 7d 6c]
oreniDiM: checks 
matheus01305 leaves the table
BUNNYLove2U: bets $0.03
oreniDiM: calls $0.03
*** TURN *** [8c 7d 6c] [Ks]
oreniDiM: checks 
BUNNYLove2U: bets $0.05
oreniDiM: calls $0.05
*** RIVER *** [8c 7d 6c Ks] [Kd]
oreniDiM: checks 
BUNNYLove2U: bets $0.10
oreniDiM: calls $0.10
*** SHOW DOWN ***
BUNNYLove2U: shows [Tc 4c] (a pair of Kings)
oreniDiM: shows [8d Td] (two pair, Kings and Eights)
oreniDiM collected $0.39 from pot
*** SUMMARY ***
Total pot $0.40 | Rake $0.01 
Board [8c 7d 6c Ks Kd]
Seat 1: oreniDiM (small blind) showed [8d Td] and won ($0.39) with two pair, Kings and Eights
Seat 2: BUNNYLove2U (big blind) showed [Tc 4c] and lost with a pair of Kings
Seat 3: perffect16 folded before Flop (didn't bet)
Seat 6: vero2610 folded before Flop (didn't bet)
Seat 7: MoWarr folded before Flop (didn't bet)
Seat 8: frosa9397 folded before Flop (didn't bet)
Seat 9: Dorex2007 (button) folded before Flop (didn't bet)



PokerStars Hand #237168761397:  Hold'em No Limit ($0.01/$0.02 USD) - 2022/07/04 20:21:53 PT [2022/07/04 23:21:53 ET]
Table 'Tristan' 9-max Seat #1 is the button
Seat 1: oreniDiM ($0.89 in chips) 
Seat 2: BUNNYLove2U ($1.80 in chips) 
Seat 3: perffect16 ($8.92 in chips) 
Seat 6: vero2610 ($2.17 in chips) 
Seat 7: MoWarr ($1.85 in chips) 
Seat 8: frosa9397 ($1.97 in chips) 
Seat 9: Dorex2007 ($2.26 in chips) 
BUNNYLove2U: posts small blind $0.01
perffect16: posts big blind $0.02
matt blakk: sits out 
*** HOLE CARDS ***
Dealt to Dorex2007 [Kd Ac]
vero2610: folds 
MoWarr: raises $0.02 to $0.04
frosa9397: folds 
Dorex2007: raises $0.02 to $0.06
oreniDiM: calls $0.06
BUNNYLove2U: folds 
dlolo30 joins the table at seat #5 
perffect16: folds 
MoWarr: calls $0.02
*** FLOP *** [7c Jc 2h]
MoWarr: checks 
Dorex2007: checks 
oreniDiM: checks 
*** TURN *** [7c Jc 2h] [2s]
MoWarr: bets $0.10
Dorex2007: folds 
oreniDiM: folds 
Uncalled bet ($0.10) returned to MoWarr
MoWarr collected $0.20 from pot
*** SUMMARY ***
Total pot $0.21 | Rake $0.01 
Board [7c Jc 2h 2s]
Seat 1: oreniDiM (button) folded on the Turn
Seat 2: BUNNYLove2U (small blind) folded before Flop
Seat 3: perffect16 (big blind) folded before Flop
Seat 6: vero2610 folded before Flop (didn't bet)
Seat 7: MoWarr collected ($0.20)
Seat 8: frosa9397 folded before Flop (didn't bet)
Seat 9: Dorex2007 folded on the Turn



PokerStars Hand #237168768317:  Hold'em No Limit ($0.01/$0.02 USD) - 2022/07/04 20:22:42 PT [2022/07/04 23:22:42 ET]
Table 'Tristan' 9-max Seat #2 is the button
Seat 1: oreniDiM ($0.83 in chips) 
Seat 2: BUNNYLove2U ($2 in chips) 
Seat 3: perffect16 ($8.90 in chips) 
Seat 4: matt blakk ($2 in chips) 
Seat 6: vero2610 ($2.17 in chips) 
Seat 7: MoWarr ($1.99 in chips) 
Seat 8: frosa9397 ($1.97 in chips) 
Seat 9: Dorex2007 ($2.20 in chips) 
perffect16: posts small blind $0.01
matt blakk: posts big blind $0.02
dlolo30: sits out 
*** HOLE CARDS ***
Dealt to Dorex2007 [8h 6c]
vero2610: raises $0.04 to $0.06
MoWarr: folds 
frosa9397: folds 
Dorex2007: folds 
oreniDiM: calls $0.06
BUNNYLove2U: folds 
perffect16: folds 
matt blakk: folds 
*** FLOP *** [Tc 8c 7s]
vero2610: bets $0.07
oreniDiM: folds 
Uncalled bet ($0.07) returned to vero2610
vero2610 collected $0.14 from pot
*** SUMMARY ***
Total pot $0.15 | Rake $0.01 
Board [Tc 8c 7s]
Seat 1: oreniDiM folded on the Flop
Seat 2: BUNNYLove2U (button) folded before Flop (didn't bet)
Seat 3: perffect16 (small blind) folded before Flop
Seat 4: matt blakk (big blind) folded before Flop
Seat 6: vero2610 collected ($0.14)
Seat 7: MoWarr folded before Flop (didn't bet)
Seat 8: frosa9397 folded before Flop (didn't bet)
Seat 9: Dorex2007 folded before Flop (didn't bet)



PokerStars Hand #237168775330:  Hold'em No Limit ($0.01/$0.02 USD) - 2022/07/04 20:23:31 PT [2022/07/04 23:23:31 ET]
Table 'Tristan' 9-max Seat #3 is the button
Seat 1: oreniDiM ($0.77 in chips) 
Seat 2: BUNNYLove2U ($2 in chips) 
Seat 3: perffect16 ($8.89 in chips) 
Seat 4: matt blakk ($1.98 in chips) 
Seat 5: dlolo30 ($2 in chips) 
Seat 6: vero2610 ($2.25 in chips) 
Seat 7: MoWarr ($1.99 in chips) 
Seat 8: frosa9397 ($1.97 in chips) 
Seat 9: Dorex2007 ($2.20 in chips) 
matt blakk: posts small blind $0.01
dlolo30: posts big blind $0.02
*** HOLE CARDS ***
Dealt to Dorex2007 [6c Jc]
vero2610: folds 
MoWarr: folds 
frosa9397: folds 
Dorex2007: folds 
oreniDiM: raises $0.02 to $0.04
BUNNYLove2U: folds 
perffect16: folds 
matt blakk: folds 
dlolo30: folds 
Uncalled bet ($0.02) returned to oreniDiM
oreniDiM collected $0.05 from pot
*** SUMMARY ***
Total pot $0.05 | Rake $0 
Seat 1: oreniDiM collected ($0.05)
Seat 2: BUNNYLove2U folded before Flop (didn't bet)
Seat 3: perffect16 (button) folded before Flop (didn't bet)
Seat 4: matt blakk (small blind) folded before Flop
Seat 5: dlolo30 (big blind) folded before Flop
Seat 6: vero2610 folded before Flop (didn't bet)
Seat 7: MoWarr folded before Flop (didn't bet)
Seat 8: frosa9397 folded before Flop (didn't bet)
Seat 9: Dorex2007 folded before Flop (didn't bet)



PokerStars Hand #237168779926:  Hold'em No Limit ($0.01/$0.02 USD) - 2022/07/04 20:24:03 PT [2022/07/04 23:24:03 ET]
Table 'Tristan' 9-max Seat #4 is the button
Seat 1: oreniDiM ($0.80 in chips) 
Seat 2: BUNNYLove2U ($2 in chips) 
Seat 3: perffect16 ($8.89 in chips) 
Seat 4: matt blakk ($1.97 in chips) 
Seat 5: dlolo30 ($1.98 in chips) 
Seat 6: vero2610 ($2.25 in chips) 
Seat 7: MoWarr ($1.99 in chips) 
Seat 8: frosa9397 ($1.97 in chips) 
Seat 9: Dorex2007 ($2.20 in chips) 
dlolo30: posts small blind $0.01
vero2610: posts big blind $0.02
*** HOLE CARDS ***
Dealt to Dorex2007 [6h 5d]
MoWarr has timed out
MoWarr: folds 
frosa9397: calls $0.02
Dorex2007: folds 
oreniDiM: folds 
BUNNYLove2U: raises $0.07 to $0.09
perffect16: folds 
matt blakk: folds 
dlolo30: calls $0.08
vero2610: folds 
frosa9397: folds 
*** FLOP *** [Tc 3h 7d]
dlolo30: checks 
BUNNYLove2U: bets $0.09
dlolo30: folds 
Uncalled bet ($0.09) returned to BUNNYLove2U
BUNNYLove2U collected $0.21 from pot
*** SUMMARY ***
Total pot $0.22 | Rake $0.01 
Board [Tc 3h 7d]
Seat 1: oreniDiM folded before Flop (didn't bet)
Seat 2: BUNNYLove2U collected ($0.21)
Seat 3: perffect16 folded before Flop (didn't bet)
Seat 4: matt blakk (button) folded before Flop (didn't bet)
Seat 5: dlolo30 (small blind) folded on the Flop
Seat 6: vero2610 (big blind) folded before Flop
Seat 7: MoWarr folded before Flop (didn't bet)
Seat 8: frosa9397 folded before Flop
Seat 9: Dorex2007 folded before Flop (didn't bet)



PokerStars Hand #237168789081:  Hold'em No Limit ($0.01/$0.02 USD) - 2022/07/04 20:25:08 PT [2022/07/04 23:25:08 ET]
Table 'Tristan' 9-max Seat #5 is the button
Seat 1: oreniDiM ($0.80 in chips) 
Seat 2: BUNNYLove2U ($2.12 in chips) 
Seat 3: perffect16 ($8.89 in chips) 
Seat 4: matt blakk ($1.97 in chips) 
Seat 5: dlolo30 ($1.89 in chips) 
Seat 6: vero2610 ($2.23 in chips) 
Seat 7: MoWarr ($1.99 in chips) 
Seat 8: frosa9397 ($1.95 in chips) 
Seat 9: Dorex2007 ($2.20 in chips) 
vero2610: posts small blind $0.01
MoWarr: posts big blind $0.02
*** HOLE CARDS ***
Dealt to Dorex2007 [7c 6c]
frosa9397: folds 
Dorex2007: folds 
oreniDiM: folds 
BUNNYLove2U: folds 
perffect16: folds 
matt blakk: raises $0.04 to $0.06
dlolo30: folds 
vero2610: folds 
MoWarr: folds 
Uncalled bet ($0.04) returned to matt blakk
matt blakk collected $0.05 from pot
*** SUMMARY ***
Total pot $0.05 | Rake $0 
Seat 1: oreniDiM folded before Flop (didn't bet)
Seat 2: BUNNYLove2U folded before Flop (didn't bet)
Seat 3: perffect16 folded before Flop (didn't bet)
Seat 4: matt blakk collected ($0.05)
Seat 5: dlolo30 (button) folded before Flop (didn't bet)
Seat 6: vero2610 (small blind) folded before Flop
Seat 7: MoWarr (big blind) folded before Flop
Seat 8: frosa9397 folded before Flop (didn't bet)
Seat 9: Dorex2007 folded before Flop (didn't bet)



PokerStars Hand #237168792134:  Hold'em No Limit ($0.01/$0.02 USD) - 2022/07/04 20:25:29 PT [2022/07/04 23:25:29 ET]
Table 'Tristan' 9-max Seat #6 is the button
Seat 1: oreniDiM ($0.80 in chips) 
Seat 2: BUNNYLove2U ($2.12 in chips) 
Seat 3: perffect16 ($8.89 in chips) 
Seat 4: matt blakk ($2 in chips) 
Seat 5: dlolo30 ($1.89 in chips) 
Seat 6: vero2610 ($2.22 in chips) 
Seat 7: MoWarr ($1.97 in chips) 
Seat 8: frosa9397 ($1.95 in chips) 
Seat 9: Dorex2007 ($2.20 in chips) 
MoWarr: posts small blind $0.01
frosa9397: posts big blind $0.02
*** HOLE CARDS ***
Dealt to Dorex2007 [6h Td]
Dorex2007: folds 
oreniDiM: folds 
BUNNYLove2U: folds 
perffect16: folds 
matt blakk: folds 
dlolo30: calls $0.02
vero2610: folds 
MoWarr: raises $0.04 to $0.06
frosa9397: folds 
dlolo30: calls $0.04
*** FLOP *** [3d 8c 7s]
MoWarr: bets $0.07
dlolo30: folds 
Uncalled bet ($0.07) returned to MoWarr
oreniDiM leaves the table
MoWarr collected $0.14 from pot
*** SUMMARY ***
Total pot $0.14 | Rake $0 
Board [3d 8c 7s]
Seat 1: oreniDiM folded before Flop (didn't bet)
Seat 2: BUNNYLove2U folded before Flop (didn't bet)
Seat 3: perffect16 folded before Flop (didn't bet)
Seat 4: matt blakk folded before Flop (didn't bet)
Seat 5: dlolo30 folded on the Flop
Seat 6: vero2610 (button) folded before Flop (didn't bet)
Seat 7: MoWarr (small blind) collected ($0.14)
Seat 8: frosa9397 (big blind) folded before Flop
Seat 9: Dorex2007 folded before Flop (didn't bet)



PokerStars Hand #237168797819:  Hold'em No Limit ($0.01/$0.02 USD) - 2022/07/04 20:26:09 PT [2022/07/04 23:26:09 ET]
Table 'Tristan' 9-max Seat #7 is the button
Seat 2: BUNNYLove2U ($2.12 in chips) 
Seat 3: perffect16 ($8.89 in chips) 
Seat 4: matt blakk ($2 in chips) 
Seat 5: dlolo30 ($1.83 in chips) 
Seat 6: vero2610 ($2.22 in chips) 
Seat 7: MoWarr ($2.05 in chips) 
Seat 8: frosa9397 ($1.93 in chips) 
Seat 9: Dorex2007 ($2.20 in chips) 
frosa9397: posts small blind $0.01
Dorex2007: posts big blind $0.02
*** HOLE CARDS ***
Dealt to Dorex2007 [9s 5d]
BUNNYLove2U: folds 
perffect16: folds 
matt blakk: folds 
dlolo30: folds 
vero2610: folds 
MoWarr: raises $0.04 to $0.06
frosa9397: folds 
Dorex2007: folds 
Uncalled bet ($0.04) returned to MoWarr
MoWarr collected $0.05 from pot
*** SUMMARY ***
Total pot $0.05 | Rake $0 
Seat 2: BUNNYLove2U folded before Flop (didn't bet)
Seat 3: perffect16 folded before Flop (didn't bet)
Seat 4: matt blakk folded before Flop (didn't bet)
Seat 5: dlolo30 folded before Flop (didn't bet)
Seat 6: vero2610 folded before Flop (didn't bet)
Seat 7: MoWarr (button) collected ($0.05)
Seat 8: frosa9397 (small blind) folded before Flop
Seat 9: Dorex2007 (big blind) folded before Flop



PokerStars Hand #237168801852:  Hold'em No Limit ($0.01/$0.02 USD) - 2022/07/04 20:26:38 PT [2022/07/04 23:26:38 ET]
Table 'Tristan' 9-max Seat #8 is the button
Seat 2: BUNNYLove2U ($2.12 in chips) 
Seat 3: perffect16 ($8.89 in chips) 
Seat 4: matt blakk ($2 in chips) 
Seat 5: dlolo30 ($1.83 in chips) 
Seat 6: vero2610 ($2.22 in chips) 
Seat 7: MoWarr ($2.08 in chips) 
Seat 8: frosa9397 ($1.92 in chips) 
Seat 9: Dorex2007 ($2.18 in chips) 
Dorex2007: posts small blind $0.01
BUNNYLove2U: posts big blind $0.02
*** HOLE CARDS ***
Dealt to Dorex2007 [2h 7s]
perffect16: folds 
matt blakk: folds 
dlolo30: folds 
vero2610: calls $0.02
MoWarr: raises $0.04 to $0.06
frosa9397: folds 
Dorex2007: folds 
BUNNYLove2U: calls $0.04
vero2610: calls $0.04
*** FLOP *** [Kh 4d As]
BUNNYLove2U: checks 
vero2610: checks 
MoWarr: checks 
*** TURN *** [Kh 4d As] [2c]
BUNNYLove2U: checks 
vero2610: checks 
MoWarr: bets $0.09
BUNNYLove2U: calls $0.09
vero2610: folds 
*** RIVER *** [Kh 4d As 2c] [4h]
BUNNYLove2U: checks 
MoWarr: bets $0.18
0RB BR0 joins the table at seat #1 
BUNNYLove2U: calls $0.18
*** SHOW DOWN ***
MoWarr: shows [Ks 8h] (two pair, Kings and Fours)
BUNNYLove2U: shows [Kc Jd] (two pair, Kings and Fours)
BUNNYLove2U collected $0.35 from pot
MoWarr collected $0.35 from pot
*** SUMMARY ***
Total pot $0.73 | Rake $0.03 
Board [Kh 4d As 2c 4h]
Seat 2: BUNNYLove2U (big blind) showed [Kc Jd] and won ($0.35) with two pair, Kings and Fours
Seat 3: perffect16 folded before Flop (didn't bet)
Seat 4: matt blakk folded before Flop (didn't bet)
Seat 5: dlolo30 folded before Flop (didn't bet)
Seat 6: vero2610 folded on the Turn
Seat 7: MoWarr showed [Ks 8h] and won ($0.35) with two pair, Kings and Fours
Seat 8: frosa9397 (button) folded before Flop (didn't bet)
Seat 9: Dorex2007 (small blind) folded before Flop



PokerStars Hand #237168809697:  Hold'em No Limit ($0.01/$0.02 USD) - 2022/07/04 20:27:34 PT [2022/07/04 23:27:34 ET]
Table 'Tristan' 9-max Seat #9 is the button
Seat 2: BUNNYLove2U ($2.14 in chips) 
Seat 3: perffect16 ($8.89 in chips) 
Seat 4: matt blakk ($2 in chips) 
Seat 5: dlolo30 ($1.83 in chips) 
Seat 6: vero2610 ($2.16 in chips) 
Seat 7: MoWarr ($2.10 in chips) 
Seat 8: frosa9397 ($1.92 in chips) 
Seat 9: Dorex2007 ($2.17 in chips) 
BUNNYLove2U: posts small blind $0.01
perffect16: posts big blind $0.02
*** HOLE CARDS ***
Dealt to Dorex2007 [6h Jd]
matt blakk: raises $0.04 to $0.06
dlolo30: folds 
vero2610: folds 
MoWarr: folds 
frosa9397: calls $0.06
Dorex2007: folds 
BUNNYLove2U: calls $0.05
perffect16: calls $0.04
*** FLOP *** [Ts Kc 5d]
BUNNYLove2U: checks 
perffect16: checks 
matt blakk: checks 
frosa9397: checks 
*** TURN *** [Ts Kc 5d] [Qc]
BUNNYLove2U: checks 
perffect16: bets $0.23
matt blakk: calls $0.23
frosa9397: folds 
BUNNYLove2U: folds 
*** RIVER *** [Ts Kc 5d Qc] [7d]
perffect16: bets $0.68
matt blakk: folds [Ac 6c]
Uncalled bet ($0.68) returned to perffect16
perffect16 collected $0.68 from pot
*** SUMMARY ***
Total pot $0.70 | Rake $0.02 
Board [Ts Kc 5d Qc 7d]
Seat 2: BUNNYLove2U (small blind) folded on the Turn
Seat 3: perffect16 (big blind) collected ($0.68)
Seat 4: matt blakk folded on the River
Seat 5: dlolo30 folded before Flop (didn't bet)
Seat 6: vero2610 folded before Flop (didn't bet)
Seat 7: MoWarr folded before Flop (didn't bet)
Seat 8: frosa9397 folded on the Turn
Seat 9: Dorex2007 (button) folded before Flop (didn't bet)



PokerStars Hand #237168817327:  Hold'em No Limit ($0.01/$0.02 USD) - 2022/07/04 20:28:28 PT [2022/07/04 23:28:28 ET]
Table 'Tristan' 9-max Seat #2 is the button
Seat 1: 0RB BR0 ($0.80 in chips) 
Seat 2: BUNNYLove2U ($2.08 in chips) 
Seat 3: perffect16 ($9.28 in chips) 
Seat 4: matt blakk ($1.71 in chips) 
Seat 5: dlolo30 ($1.83 in chips) 
Seat 6: vero2610 ($2.16 in chips) 
Seat 7: MoWarr ($2.10 in chips) 
Seat 8: frosa9397 ($1.86 in chips) 
Seat 9: Dorex2007 ($2.17 in chips) 
perffect16: posts small blind $0.01
matt blakk: posts big blind $0.02
0RB BR0: posts big blind $0.02
*** HOLE CARDS ***
Dealt to Dorex2007 [Th Ks]
dlolo30: folds 
vero2610: folds 
MoWarr: calls $0.02
frosa9397: folds 
Dorex2007: raises $0.02 to $0.04
0RB BR0: calls $0.02
BUNNYLove2U: calls $0.04
perffect16: folds 
matt blakk: calls $0.02
MoWarr: calls $0.02
*** FLOP *** [4d 2c Kc]
matt blakk: checks 
MoWarr: checks 
Dorex2007: bets $0.20
0RB BR0: folds 
BUNNYLove2U: folds 
matt blakk: folds 
MoWarr: folds 
Uncalled bet ($0.20) returned to Dorex2007
Dorex2007 collected $0.20 from pot
*** SUMMARY ***
Total pot $0.21 | Rake $0.01 
Board [4d 2c Kc]
Seat 1: 0RB BR0 folded on the Flop
Seat 2: BUNNYLove2U (button) folded on the Flop
Seat 3: perffect16 (small blind) folded before Flop
Seat 4: matt blakk (big blind) folded on the Flop
Seat 5: dlolo30 folded before Flop (didn't bet)
Seat 6: vero2610 folded before Flop (didn't bet)
Seat 7: MoWarr folded on the Flop
Seat 8: frosa9397 folded before Flop (didn't bet)
Seat 9: Dorex2007 collected ($0.20)



PokerStars Hand #237168824767:  Hold'em No Limit ($0.01/$0.02 USD) - 2022/07/04 20:29:22 PT [2022/07/04 23:29:22 ET]
Table 'Tristan' 9-max Seat #3 is the button
Seat 1: 0RB BR0 ($0.76 in chips) 
Seat 2: BUNNYLove2U ($2.04 in chips) 
Seat 3: perffect16 ($9.27 in chips) 
Seat 4: matt blakk ($1.67 in chips) 
Seat 5: dlolo30 ($1.83 in chips) 
Seat 6: vero2610 ($2.16 in chips) 
Seat 7: MoWarr ($2.06 in chips) 
Seat 8: frosa9397 ($1.86 in chips) 
Seat 9: Dorex2007 ($2.33 in chips) 
matt blakk: posts small blind $0.01
dlolo30: posts big blind $0.02
*** HOLE CARDS ***
Dealt to Dorex2007 [4c 9h]
vero2610: folds 
MoWarr: folds 
frosa9397: raises $0.05 to $0.07
Dorex2007: folds 
0RB BR0: calls $0.07
BUNNYLove2U: folds 
perffect16: folds 
matt blakk: folds 
dlolo30: folds 
*** FLOP *** [Th Jd 2c]
frosa9397: bets $0.08
0RB BR0: folds 
Uncalled bet ($0.08) returned to frosa9397
frosa9397 collected $0.16 from pot
*** SUMMARY ***
Total pot $0.17 | Rake $0.01 
Board [Th Jd 2c]
Seat 1: 0RB BR0 folded on the Flop
Seat 2: BUNNYLove2U folded before Flop (didn't bet)
Seat 3: perffect16 (button) folded before Flop (didn't bet)
Seat 4: matt blakk (small blind) folded before Flop
Seat 5: dlolo30 (big blind) folded before Flop
Seat 6: vero2610 folded before Flop (didn't bet)
Seat 7: MoWarr folded before Flop (didn't bet)
Seat 8: frosa9397 collected ($0.16)
Seat 9: Dorex2007 folded before Flop (didn't bet)



PokerStars Hand #237168829440:  Hold'em No Limit ($0.01/$0.02 USD) - 2022/07/04 20:29:56 PT [2022/07/04 23:29:56 ET]
Table 'Tristan' 9-max Seat #4 is the button
Seat 1: 0RB BR0 ($0.69 in chips) 
Seat 2: BUNNYLove2U ($2.04 in chips) 
Seat 3: perffect16 ($9.27 in chips) 
Seat 4: matt blakk ($1.66 in chips) 
Seat 5: dlolo30 ($1.81 in chips) 
Seat 6: vero2610 ($2.16 in chips) 
Seat 7: MoWarr ($2.06 in chips) 
Seat 8: frosa9397 ($1.95 in chips) 
Seat 9: Dorex2007 ($2.33 in chips) 
dlolo30: posts small blind $0.01
vero2610: posts big blind $0.02
*** HOLE CARDS ***
Dealt to Dorex2007 [7d 3d]
MoWarr has timed out
MoWarr: folds 
frosa9397: folds 
Dorex2007: folds 
0RB BR0: folds 
BUNNYLove2U: folds 
perffect16: raises $0.04 to $0.06
matt blakk: folds 
dlolo30: folds 
vero2610: folds 
Uncalled bet ($0.04) returned to perffect16
perffect16 collected $0.05 from pot
*** SUMMARY ***
Total pot $0.05 | Rake $0 
Seat 1: 0RB BR0 folded before Flop (didn't bet)
Seat 2: BUNNYLove2U folded before Flop (didn't bet)
Seat 3: perffect16 collected ($0.05)
Seat 4: matt blakk (button) folded before Flop (didn't bet)
Seat 5: dlolo30 (small blind) folded before Flop
Seat 6: vero2610 (big blind) folded before Flop
Seat 7: MoWarr folded before Flop (didn't bet)
Seat 8: frosa9397 folded before Flop (didn't bet)
Seat 9: Dorex2007 folded before Flop (didn't bet)



PokerStars Hand #237168833123:  Hold'em No Limit ($0.01/$0.02 USD) - 2022/07/04 20:30:23 PT [2022/07/04 23:30:23 ET]
Table 'Tristan' 9-max Seat #5 is the button
Seat 1: 0RB BR0 ($2 in chips) 
Seat 2: BUNNYLove2U ($2.04 in chips) 
Seat 3: perffect16 ($9.30 in chips) 
Seat 4: matt blakk ($1.66 in chips) 
Seat 5: dlolo30 ($1.80 in chips) 
Seat 6: vero2610 ($2.14 in chips) 
Seat 7: MoWarr ($2.06 in chips) 
Seat 8: frosa9397 ($1.95 in chips) 
Seat 9: Dorex2007 ($2.33 in chips) 
vero2610: posts small blind $0.01
MoWarr: posts big blind $0.02
*** HOLE CARDS ***
Dealt to Dorex2007 [Kh Jh]
frosa9397: folds 
Dorex2007: raises $0.08 to $0.10
0RB BR0: folds 
BUNNYLove2U: folds 
perffect16: folds 
matt blakk: folds 
dlolo30: folds 
vero2610: folds 
MoWarr: folds 
Uncalled bet ($0.08) returned to Dorex2007
Dorex2007 collected $0.05 from pot
*** SUMMARY ***
Total pot $0.05 | Rake $0 
Seat 1: 0RB BR0 folded before Flop (didn't bet)
Seat 2: BUNNYLove2U folded before Flop (didn't bet)
Seat 3: perffect16 folded before Flop (didn't bet)
Seat 4: matt blakk folded before Flop (didn't bet)
Seat 5: dlolo30 (button) folded before Flop (didn't bet)
Seat 6: vero2610 (small blind) folded before Flop
Seat 7: MoWarr (big blind) folded before Flop
Seat 8: frosa9397 folded before Flop (didn't bet)
Seat 9: Dorex2007 collected ($0.05)



PokerStars Hand #237168837676:  Hold'em No Limit ($0.01/$0.02 USD) - 2022/07/04 20:30:57 PT [2022/07/04 23:30:57 ET]
Table 'Tristan' 9-max Seat #6 is the button
Seat 1: 0RB BR0 ($2 in chips) 
Seat 2: BUNNYLove2U ($2.04 in chips) 
Seat 3: perffect16 ($9.30 in chips) 
Seat 4: matt blakk ($1.66 in chips) 
Seat 5: dlolo30 ($1.80 in chips) 
Seat 6: vero2610 ($2.13 in chips) 
Seat 7: MoWarr ($2.04 in chips) 
Seat 8: frosa9397 ($1.95 in chips) 
Seat 9: Dorex2007 ($2.36 in chips) 
MoWarr: posts small blind $0.01
frosa9397: posts big blind $0.02
*** HOLE CARDS ***
Dealt to Dorex2007 [7d 5s]
Dorex2007: folds 
0RB BR0: folds 
BUNNYLove2U: raises $0.03 to $0.05
perffect16: folds 
matt blakk: folds 
dlolo30: folds 
vero2610: folds 
MoWarr: calls $0.04
frosa9397: folds 
*** FLOP *** [Qc 8c 6s]
MoWarr: checks 
BUNNYLove2U: bets $0.05
MoWarr: folds 
Uncalled bet ($0.05) returned to BUNNYLove2U
BUNNYLove2U collected $0.12 from pot
*** SUMMARY ***
Total pot $0.12 | Rake $0 
Board [Qc 8c 6s]
Seat 1: 0RB BR0 folded before Flop (didn't bet)
Seat 2: BUNNYLove2U collected ($0.12)
Seat 3: perffect16 folded before Flop (didn't bet)
Seat 4: matt blakk folded before Flop (didn't bet)
Seat 5: dlolo30 folded before Flop (didn't bet)
Seat 6: vero2610 (button) folded before Flop (didn't bet)
Seat 7: MoWarr (small blind) folded on the Flop
Seat 8: frosa9397 (big blind) folded before Flop
Seat 9: Dorex2007 folded before Flop (didn't bet)



PokerStars Hand #237168843026:  Hold'em No Limit ($0.01/$0.02 USD) - 2022/07/04 20:31:35 PT [2022/07/04 23:31:35 ET]
Table 'Tristan' 9-max Seat #7 is the button
Seat 1: 0RB BR0 ($2 in chips) 
Seat 2: BUNNYLove2U ($2.11 in chips) 
Seat 3: perffect16 ($9.30 in chips) 
Seat 4: matt blakk ($1.66 in chips) 
Seat 5: dlolo30 ($1.80 in chips) 
Seat 6: vero2610 ($2.13 in chips) 
Seat 7: MoWarr ($1.99 in chips) 
Seat 8: frosa9397 ($1.93 in chips) 
Seat 9: Dorex2007 ($2.36 in chips) 
frosa9397: posts small blind $0.01
Dorex2007: posts big blind $0.02
*** HOLE CARDS ***
Dealt to Dorex2007 [Ah 4d]
0RB BR0: folds 
BUNNYLove2U: folds 
perffect16: folds 
matt blakk: folds 
dlolo30: folds 
vero2610: raises $0.04 to $0.06
MoWarr: folds 
frosa9397: folds 
Dorex2007: folds 
Uncalled bet ($0.04) returned to vero2610
vero2610 collected $0.05 from pot
*** SUMMARY ***
Total pot $0.05 | Rake $0 
Seat 1: 0RB BR0 folded before Flop (didn't bet)
Seat 2: BUNNYLove2U folded before Flop (didn't bet)
Seat 3: perffect16 folded before Flop (didn't bet)
Seat 4: matt blakk folded before Flop (didn't bet)
Seat 5: dlolo30 folded before Flop (didn't bet)
Seat 6: vero2610 collected ($0.05)
Seat 7: MoWarr (button) folded before Flop (didn't bet)
Seat 8: frosa9397 (small blind) folded before Flop
Seat 9: Dorex2007 (big blind) folded before Flop



PokerStars Hand #237168846532:  Hold'em No Limit ($0.01/$0.02 USD) - 2022/07/04 20:32:01 PT [2022/07/04 23:32:01 ET]
Table 'Tristan' 9-max Seat #8 is the button
Seat 1: 0RB BR0 ($2 in chips) 
Seat 2: BUNNYLove2U ($2.11 in chips) 
Seat 3: perffect16 ($9.30 in chips) 
Seat 4: matt blakk ($1.66 in chips) 
Seat 5: dlolo30 ($1.80 in chips) 
Seat 6: vero2610 ($2.16 in chips) 
Seat 7: MoWarr ($1.99 in chips) 
Seat 8: frosa9397 ($1.92 in chips) 
Seat 9: Dorex2007 ($2.34 in chips) 
Dorex2007: posts small blind $0.01
0RB BR0: posts big blind $0.02
*** HOLE CARDS ***
Dealt to Dorex2007 [3d As]
BUNNYLove2U: folds 
perffect16: folds 
matt blakk: folds 
dlolo30: folds 
vero2610: calls $0.02
MoWarr: folds 
frosa9397: calls $0.02
Dorex2007: calls $0.01
0RB BR0: checks 
*** FLOP *** [2h 9d Th]
Dorex2007: checks 
0RB BR0: checks 
vero2610: checks 
frosa9397: checks 
*** TURN *** [2h 9d Th] [Ah]
Dorex2007: bets $0.04
0RB BR0: folds 
vero2610: folds 
frosa9397: folds 
Uncalled bet ($0.04) returned to Dorex2007
Dorex2007 collected $0.08 from pot
*** SUMMARY ***
Total pot $0.08 | Rake $0 
Board [2h 9d Th Ah]
Seat 1: 0RB BR0 (big blind) folded on the Turn
Seat 2: BUNNYLove2U folded before Flop (didn't bet)
Seat 3: perffect16 folded before Flop (didn't bet)
Seat 4: matt blakk folded before Flop (didn't bet)
Seat 5: dlolo30 folded before Flop (didn't bet)
Seat 6: vero2610 folded on the Turn
Seat 7: MoWarr folded before Flop (didn't bet)
Seat 8: frosa9397 (button) folded on the Turn
Seat 9: Dorex2007 (small blind) collected ($0.08)



PokerStars Hand #237168861635:  Hold'em No Limit ($0.01/$0.02 USD) - 2022/07/04 20:32:51 PT [2022/07/04 23:32:51 ET]
Table 'Tristan' 9-max Seat #9 is the button
Seat 1: 0RB BR0 ($1.98 in chips) 
Seat 2: BUNNYLove2U ($2.11 in chips) 
Seat 3: perffect16 ($9.30 in chips) 
Seat 4: matt blakk ($1.66 in chips) 
Seat 5: dlolo30 ($1.80 in chips) 
Seat 6: vero2610 ($2.14 in chips) 
Seat 7: MoWarr ($1.99 in chips) 
Seat 8: frosa9397 ($1.90 in chips) 
Seat 9: Dorex2007 ($2.40 in chips) 
0RB BR0: posts small blind $0.01
BUNNYLove2U: posts big blind $0.02
*** HOLE CARDS ***
Dealt to Dorex2007 [5d 5c]
perffect16: folds 
matt blakk: folds 
dlolo30: folds 
vero2610: raises $0.04 to $0.06
MoWarr: folds 
frosa9397: folds 
Dorex2007: calls $0.06
0RB BR0: folds 
BUNNYLove2U: calls $0.04
*** FLOP *** [Ts 9h Jc]
BUNNYLove2U: checks 
vero2610: bets $0.18
Dorex2007: folds 
BUNNYLove2U: folds 
Uncalled bet ($0.18) returned to vero2610
vero2610 collected $0.18 from pot
*** SUMMARY ***
Total pot $0.19 | Rake $0.01 
Board [Ts 9h Jc]
Seat 1: 0RB BR0 (small blind) folded before Flop
Seat 2: BUNNYLove2U (big blind) folded on the Flop
Seat 3: perffect16 folded before Flop (didn't bet)
Seat 4: matt blakk folded before Flop (didn't bet)
Seat 5: dlolo30 folded before Flop (didn't bet)
Seat 6: vero2610 collected ($0.18)
Seat 7: MoWarr folded before Flop (didn't bet)
Seat 8: frosa9397 folded before Flop (didn't bet)
Seat 9: Dorex2007 (button) folded on the Flop



PokerStars Hand #237168867158:  Hold'em No Limit ($0.01/$0.02 USD) - 2022/07/04 20:33:32 PT [2022/07/04 23:33:32 ET]
Table 'Tristan' 9-max Seat #1 is the button
Seat 1: 0RB BR0 ($1.97 in chips) 
Seat 2: BUNNYLove2U ($2.05 in chips) 
Seat 3: perffect16 ($9.30 in chips) 
Seat 4: matt blakk ($1.66 in chips) 
Seat 5: dlolo30 ($1.80 in chips) 
Seat 6: vero2610 ($2.26 in chips) 
Seat 7: MoWarr ($1.99 in chips) 
Seat 8: frosa9397 ($1.90 in chips) 
Seat 9: Dorex2007 ($2.34 in chips) 
BUNNYLove2U: posts small blind $0.01
perffect16: posts big blind $0.02
*** HOLE CARDS ***
Dealt to Dorex2007 [3d 6s]
matt blakk: folds 
dlolo30: folds 
vero2610: folds 
MoWarr: folds 
frosa9397: folds 
Dorex2007: folds 
0RB BR0: raises $0.04 to $0.06
BUNNYLove2U: folds 
perffect16: calls $0.04
*** FLOP *** [8h 8c 8s]
perffect16: checks 
0RB BR0: checks 
*** TURN *** [8h 8c 8s] [9h]
perffect16: checks 
0RB BR0: checks 
*** RIVER *** [8h 8c 8s 9h] [2h]
perffect16: checks 
0RB BR0: checks 
*** SHOW DOWN ***
perffect16: shows [Kd Js] (three of a kind, Eights)
0RB BR0: mucks hand 
perffect16 collected $0.13 from pot
*** SUMMARY ***
Total pot $0.13 | Rake $0 
Board [8h 8c 8s 9h 2h]
Seat 1: 0RB BR0 (button) mucked [Tc Jh]
Seat 2: BUNNYLove2U (small blind) folded before Flop
Seat 3: perffect16 (big blind) showed [Kd Js] and won ($0.13) with three of a kind, Eights
Seat 4: matt blakk folded before Flop (didn't bet)
Seat 5: dlolo30 folded before Flop (didn't bet)
Seat 6: vero2610 folded before Flop (didn't bet)
Seat 7: MoWarr folded before Flop (didn't bet)
Seat 8: frosa9397 folded before Flop (didn't bet)
Seat 9: Dorex2007 folded before Flop (didn't bet)



PokerStars Hand #237168873871:  Hold'em No Limit ($0.01/$0.02 USD) - 2022/07/04 20:34:22 PT [2022/07/04 23:34:22 ET]
Table 'Tristan' 9-max Seat #2 is the button
Seat 1: 0RB BR0 ($1.91 in chips) 
Seat 2: BUNNYLove2U ($2.04 in chips) 
Seat 3: perffect16 ($9.37 in chips) 
Seat 4: matt blakk ($1.66 in chips) 
Seat 5: dlolo30 ($1.80 in chips) 
Seat 6: vero2610 ($2.26 in chips) 
Seat 7: MoWarr ($1.99 in chips) 
Seat 8: frosa9397 ($1.90 in chips) 
Seat 9: Dorex2007 ($2.34 in chips) 
perffect16: posts small blind $0.01
matt blakk: posts big blind $0.02
*** HOLE CARDS ***
Dealt to Dorex2007 [7h Th]
dlolo30: folds 
vero2610: folds 
MoWarr: folds 
frosa9397: folds 
Dorex2007: folds 
0RB BR0: raises $0.04 to $0.06
BUNNYLove2U: folds 
perffect16: folds 
matt blakk: calls $0.04
*** FLOP *** [Kh 6s Ts]
matt blakk: checks 
0RB BR0: bets $0.06
matt blakk: calls $0.06
*** TURN *** [Kh 6s Ts] [9d]
matt blakk: checks 
0RB BR0: bets $0.10
matt blakk: raises $0.24 to $0.34
0RB BR0: folds 
Uncalled bet ($0.24) returned to matt blakk
matt blakk collected $0.43 from pot
*** SUMMARY ***
Total pot $0.45 | Rake $0.02 
Board [Kh 6s Ts 9d]
Seat 1: 0RB BR0 folded on the Turn
Seat 2: BUNNYLove2U (button) folded before Flop (didn't bet)
Seat 3: perffect16 (small blind) folded before Flop
Seat 4: matt blakk (big blind) collected ($0.43)
Seat 5: dlolo30 folded before Flop (didn't bet)
Seat 6: vero2610 folded before Flop (didn't bet)
Seat 7: MoWarr folded before Flop (didn't bet)
Seat 8: frosa9397 folded before Flop (didn't bet)
Seat 9: Dorex2007 folded before Flop (didn't bet)



PokerStars Hand #237168883588:  Hold'em No Limit ($0.01/$0.02 USD) - 2022/07/04 20:35:34 PT [2022/07/04 23:35:34 ET]
Table 'Tristan' 9-max Seat #3 is the button
Seat 1: 0RB BR0 ($1.69 in chips) 
Seat 2: BUNNYLove2U ($2.04 in chips) 
Seat 3: perffect16 ($9.36 in chips) 
Seat 4: matt blakk ($1.87 in chips) 
Seat 5: dlolo30 ($1.80 in chips) 
Seat 6: vero2610 ($2.26 in chips) 
Seat 7: MoWarr ($1.99 in chips) 
Seat 8: frosa9397 ($1.90 in chips) 
Seat 9: Dorex2007 ($2.34 in chips) 
matt blakk: posts small blind $0.01
dlolo30: posts big blind $0.02
*** HOLE CARDS ***
Dealt to Dorex2007 [6h 5c]
vero2610: folds 
MoWarr: folds 
frosa9397: raises $0.05 to $0.07
Dorex2007: folds 
0RB BR0: folds 
BUNNYLove2U: folds 
perffect16: folds 
matt blakk: raises $0.20 to $0.27
dlolo30: folds 
frosa9397: calls $0.20
*** FLOP *** [7c Kd 9h]
matt blakk: checks 
frosa9397: checks 
*** TURN *** [7c Kd 9h] [Ks]
matt blakk: checks 
frosa9397: checks 
*** RIVER *** [7c Kd 9h Ks] [5h]
matt blakk: bets $0.60
frosa9397: folds 
Uncalled bet ($0.60) returned to matt blakk
matt blakk collected $0.54 from pot
*** SUMMARY ***
Total pot $0.56 | Rake $0.02 
Board [7c Kd 9h Ks 5h]
Seat 1: 0RB BR0 folded before Flop (didn't bet)
Seat 2: BUNNYLove2U folded before Flop (didn't bet)
Seat 3: perffect16 (button) folded before Flop (didn't bet)
Seat 4: matt blakk (small blind) collected ($0.54)
Seat 5: dlolo30 (big blind) folded before Flop
Seat 6: vero2610 folded before Flop (didn't bet)
Seat 7: MoWarr folded before Flop (didn't bet)
Seat 8: frosa9397 folded on the River
Seat 9: Dorex2007 folded before Flop (didn't bet)



PokerStars Hand #237168896347:  Hold'em No Limit ($0.01/$0.02 USD) - 2022/07/04 20:37:10 PT [2022/07/04 23:37:10 ET]
Table 'Tristan' 9-max Seat #4 is the button
Seat 1: 0RB BR0 ($1.69 in chips) 
Seat 2: BUNNYLove2U ($2.04 in chips) 
Seat 3: perffect16 ($9.36 in chips) 
Seat 4: matt blakk ($2.14 in chips) 
Seat 5: dlolo30 ($1.78 in chips) 
Seat 6: vero2610 ($2.26 in chips) 
Seat 7: MoWarr ($1.99 in chips) 
Seat 8: frosa9397 ($1.63 in chips) 
Seat 9: Dorex2007 ($2.34 in chips) 
dlolo30: posts small blind $0.01
vero2610: posts big blind $0.02
*** HOLE CARDS ***
Dealt to Dorex2007 [Jd 9c]
MoWarr: folds 
frosa9397: folds 
Dorex2007: folds 
0RB BR0: calls $0.02
BUNNYLove2U: calls $0.02
perffect16: folds 
matt blakk: folds 
dlolo30: folds 
vero2610: checks 
*** FLOP *** [As 6s 5c]
vero2610: checks 
0RB BR0: checks 
BUNNYLove2U: bets $0.03
vero2610: calls $0.03
0RB BR0: calls $0.03
*** TURN *** [As 6s 5c] [4d]
vero2610: checks 
0RB BR0: checks 
BUNNYLove2U: bets $0.07
vero2610: calls $0.07
0RB BR0: raises $0.07 to $0.14
BUNNYLove2U: calls $0.07
vero2610: folds 
*** RIVER *** [As 6s 5c 4d] [9s]
0RB BR0: bets $0.08
BUNNYLove2U: calls $0.08
*** SHOW DOWN ***
0RB BR0: shows [6d Ad] (two pair, Aces and Sixes)
BUNNYLove2U: mucks hand 
0RB BR0 collected $0.65 from pot
*** SUMMARY ***
Total pot $0.67 | Rake $0.02 
Board [As 6s 5c 4d 9s]
Seat 1: 0RB BR0 showed [6d Ad] and won ($0.65) with two pair, Aces and Sixes
Seat 2: BUNNYLove2U mucked [4c Ac]
Seat 3: perffect16 folded before Flop (didn't bet)
Seat 4: matt blakk (button) folded before Flop (didn't bet)
Seat 5: dlolo30 (small blind) folded before Flop
Seat 6: vero2610 (big blind) folded on the Turn
Seat 7: MoWarr folded before Flop (didn't bet)
Seat 8: frosa9397 folded before Flop (didn't bet)
Seat 9: Dorex2007 folded before Flop (didn't bet)



PokerStars Hand #237168903670:  Hold'em No Limit ($0.01/$0.02 USD) - 2022/07/04 20:38:06 PT [2022/07/04 23:38:06 ET]
Table 'Tristan' 9-max Seat #5 is the button
Seat 1: 0RB BR0 ($2.07 in chips) 
Seat 2: BUNNYLove2U ($2 in chips) 
Seat 3: perffect16 ($9.36 in chips) 
Seat 4: matt blakk ($2.14 in chips) 
Seat 5: dlolo30 ($1.77 in chips) 
Seat 6: vero2610 ($2.14 in chips) 
Seat 7: MoWarr ($1.99 in chips) 
Seat 8: frosa9397 ($1.63 in chips) 
Seat 9: Dorex2007 ($2.34 in chips) 
vero2610: posts small blind $0.01
MoWarr: posts big blind $0.02
*** HOLE CARDS ***
Dealt to Dorex2007 [5s 2c]
frosa9397: folds 
Dorex2007: folds 
0RB BR0: folds 
BUNNYLove2U: folds 
perffect16: folds 
matt blakk: raises $0.04 to $0.06
dlolo30: folds 
vero2610: folds 
MoWarr: folds 
Uncalled bet ($0.04) returned to matt blakk
matt blakk collected $0.05 from pot
*** SUMMARY ***
Total pot $0.05 | Rake $0 
Seat 1: 0RB BR0 folded before Flop (didn't bet)
Seat 2: BUNNYLove2U folded before Flop (didn't bet)
Seat 3: perffect16 folded before Flop (didn't bet)
Seat 4: matt blakk collected ($0.05)
Seat 5: dlolo30 (button) folded before Flop (didn't bet)
Seat 6: vero2610 (small blind) folded before Flop
Seat 7: MoWarr (big blind) folded before Flop
Seat 8: frosa9397 folded before Flop (didn't bet)
Seat 9: Dorex2007 folded before Flop (didn't bet)



PokerStars Hand #237168907540:  Hold'em No Limit ($0.01/$0.02 USD) - 2022/07/04 20:38:35 PT [2022/07/04 23:38:35 ET]
Table 'Tristan' 9-max Seat #6 is the button
Seat 1: 0RB BR0 ($2.07 in chips) 
Seat 2: BUNNYLove2U ($2 in chips) 
Seat 3: perffect16 ($9.36 in chips) 
Seat 4: matt blakk ($2.17 in chips) 
Seat 5: dlolo30 ($1.77 in chips) 
Seat 6: vero2610 ($2.13 in chips) 
Seat 7: MoWarr ($1.97 in chips) 
Seat 8: frosa9397 ($1.63 in chips) 
Seat 9: Dorex2007 ($2.34 in chips) 
MoWarr: posts small blind $0.01
frosa9397: posts big blind $0.02
*** HOLE CARDS ***
Dealt to Dorex2007 [8s Ks]
Dorex2007: calls $0.02
0RB BR0: folds 
BUNNYLove2U: folds 
perffect16: calls $0.02
matt blakk: folds 
dlolo30: folds 
vero2610: folds 
MoWarr: calls $0.01
frosa9397: checks 
*** FLOP *** [7s 5h 6s]
MoWarr: checks 
frosa9397: bets $0.06
Dorex2007: calls $0.06
perffect16: folds 
MoWarr: folds 
*** TURN *** [7s 5h 6s] [6c]
frosa9397: checks 
Dorex2007: checks 
*** RIVER *** [7s 5h 6s 6c] [Qs]
frosa9397: bets $0.09
Dorex2007: raises $0.11 to $0.20
frosa9397: calls $0.11
*** SHOW DOWN ***
Dorex2007: shows [8s Ks] (a flush, King high)
frosa9397: mucks hand 
Dorex2007 collected $0.58 from pot
*** SUMMARY ***
Total pot $0.60 | Rake $0.02 
Board [7s 5h 6s 6c Qs]
Seat 1: 0RB BR0 folded before Flop (didn't bet)
Seat 2: BUNNYLove2U folded before Flop (didn't bet)
Seat 3: perffect16 folded on the Flop
Seat 4: matt blakk folded before Flop (didn't bet)
Seat 5: dlolo30 folded before Flop (didn't bet)
Seat 6: vero2610 (button) folded before Flop (didn't bet)
Seat 7: MoWarr (small blind) folded on the Flop
Seat 8: frosa9397 (big blind) mucked [Ts 9s]
Seat 9: Dorex2007 showed [8s Ks] and won ($0.58) with a flush, King high



PokerStars Hand #237168917887:  Hold'em No Limit ($0.01/$0.02 USD) - 2022/07/04 20:39:53 PT [2022/07/04 23:39:53 ET]
Table 'Tristan' 9-max Seat #7 is the button
Seat 1: 0RB BR0 ($2.07 in chips) 
Seat 2: BUNNYLove2U ($2 in chips) 
Seat 3: perffect16 ($9.34 in chips) 
Seat 4: matt blakk ($2.17 in chips) 
Seat 5: dlolo30 ($1.77 in chips) 
Seat 6: vero2610 ($2.13 in chips) 
Seat 7: MoWarr ($1.95 in chips) 
Seat 8: frosa9397 ($1.35 in chips) 
Seat 9: Dorex2007 ($2.64 in chips) 
frosa9397: posts small blind $0.01
Dorex2007: posts big blind $0.02
*** HOLE CARDS ***
Dealt to Dorex2007 [8d Qh]
0RB BR0: folds 
BUNNYLove2U: raises $0.03 to $0.05
perffect16: folds 
matt blakk: raises $0.22 to $0.27
dlolo30: folds 
vero2610: folds 
MoWarr: folds 
frosa9397: folds 
Dorex2007: folds 
BUNNYLove2U: folds 
Uncalled bet ($0.22) returned to matt blakk
matt blakk collected $0.13 from pot
*** SUMMARY ***
Total pot $0.13 | Rake $0 
Seat 1: 0RB BR0 folded before Flop (didn't bet)
Seat 2: BUNNYLove2U folded before Flop
Seat 3: perffect16 folded before Flop (didn't bet)
Seat 4: matt blakk collected ($0.13)
Seat 5: dlolo30 folded before Flop (didn't bet)
Seat 6: vero2610 folded before Flop (didn't bet)
Seat 7: MoWarr (button) folded before Flop (didn't bet)
Seat 8: frosa9397 (small blind) folded before Flop
Seat 9: Dorex2007 (big blind) folded before Flop



PokerStars Hand #237168923708:  Hold'em No Limit ($0.01/$0.02 USD) - 2022/07/04 20:40:37 PT [2022/07/04 23:40:37 ET]
Table 'Tristan' 9-max Seat #8 is the button
Seat 1: 0RB BR0 ($2.07 in chips) 
Seat 2: BUNNYLove2U ($2 in chips) 
Seat 3: perffect16 ($9.34 in chips) 
Seat 4: matt blakk ($2.25 in chips) 
Seat 5: dlolo30 ($1.77 in chips) 
Seat 6: vero2610 ($2.13 in chips) 
Seat 7: MoWarr ($1.95 in chips) 
Seat 8: frosa9397 ($1.34 in chips) 
Seat 9: Dorex2007 ($2.62 in chips) 
Dorex2007: posts small blind $0.01
0RB BR0: posts big blind $0.02
*** HOLE CARDS ***
Dealt to Dorex2007 [Th 9h]
BUNNYLove2U: folds 
perffect16: folds 
matt blakk: raises $0.04 to $0.06
dlolo30: folds 
vero2610: folds 
MoWarr: folds 
frosa9397: folds 
Dorex2007: calls $0.05
0RB BR0: folds 
*** FLOP *** [4s Kh 6c]
Dorex2007: checks 
matt blakk: bets $0.09
Dorex2007: folds 
Uncalled bet ($0.09) returned to matt blakk
matt blakk collected $0.14 from pot
*** SUMMARY ***
Total pot $0.14 | Rake $0 
Board [4s Kh 6c]
Seat 1: 0RB BR0 (big blind) folded before Flop
Seat 2: BUNNYLove2U folded before Flop (didn't bet)
Seat 3: perffect16 folded before Flop (didn't bet)
Seat 4: matt blakk collected ($0.14)
Seat 5: dlolo30 folded before Flop (didn't bet)
Seat 6: vero2610 folded before Flop (didn't bet)
Seat 7: MoWarr folded before Flop (didn't bet)
Seat 8: frosa9397 (button) folded before Flop (didn't bet)
Seat 9: Dorex2007 (small blind) folded on the Flop



PokerStars Hand #237168928833:  Hold'em No Limit ($0.01/$0.02 USD) - 2022/07/04 20:41:15 PT [2022/07/04 23:41:15 ET]
Table 'Tristan' 9-max Seat #9 is the button
Seat 1: 0RB BR0 ($2.05 in chips) 
Seat 2: BUNNYLove2U ($2 in chips) 
Seat 3: perffect16 ($9.34 in chips) 
Seat 4: matt blakk ($2.33 in chips) 
Seat 5: dlolo30 ($1.77 in chips) 
Seat 6: vero2610 ($2.13 in chips) 
Seat 7: MoWarr ($1.95 in chips) 
Seat 8: frosa9397 ($1.34 in chips) 
Seat 9: Dorex2007 ($2.56 in chips) 
0RB BR0: posts small blind $0.01
BUNNYLove2U: posts big blind $0.02
*** HOLE CARDS ***
Dealt to Dorex2007 [Qd Ac]
perffect16: folds 
matt blakk: folds 
dlolo30: folds 
vero2610: folds 
MoWarr: calls $0.02
frosa9397: folds 
Dorex2007: raises $0.06 to $0.08
0RB BR0: folds 
BUNNYLove2U: folds 
MoWarr: calls $0.06
*** FLOP *** [8h Jd 9c]
MoWarr: checks 
Dorex2007: bets $0.09
MoWarr: raises $1.78 to $1.87 and is all-in
Dorex2007: folds 
Uncalled bet ($1.78) returned to MoWarr
MoWarr collected $0.36 from pot
*** SUMMARY ***
Total pot $0.37 | Rake $0.01 
Board [8h Jd 9c]
Seat 1: 0RB BR0 (small blind) folded before Flop
Seat 2: BUNNYLove2U (big blind) folded before Flop
Seat 3: perffect16 folded before Flop (didn't bet)
Seat 4: matt blakk folded before Flop (didn't bet)
Seat 5: dlolo30 folded before Flop (didn't bet)
Seat 6: vero2610 folded before Flop (didn't bet)
Seat 7: MoWarr collected ($0.36)
Seat 8: frosa9397 folded before Flop (didn't bet)
Seat 9: Dorex2007 (button) folded on the Flop



PokerStars Hand #237168937245:  Hold'em No Limit ($0.01/$0.02 USD) - 2022/07/04 20:42:18 PT [2022/07/04 23:42:18 ET]
Table 'Tristan' 9-max Seat #1 is the button
Seat 1: 0RB BR0 ($2.04 in chips) 
Seat 2: BUNNYLove2U ($2 in chips) 
Seat 3: perffect16 ($9.34 in chips) 
Seat 4: matt blakk ($2.33 in chips) 
Seat 5: dlolo30 ($1.77 in chips) 
Seat 6: vero2610 ($2.13 in chips) 
Seat 7: MoWarr ($2.14 in chips) 
Seat 8: frosa9397 ($1.34 in chips) 
Seat 9: Dorex2007 ($2.39 in chips) 
BUNNYLove2U: posts small blind $0.01
perffect16: posts big blind $0.02
*** HOLE CARDS ***
Dealt to Dorex2007 [Kd Jh]
matt blakk: folds 
dlolo30 has timed out
dlolo30: folds 
vero2610: folds 
MoWarr: folds 
frosa9397: folds 
Dorex2007: raises $0.04 to $0.06
0RB BR0: folds 
BUNNYLove2U: calls $0.05
perffect16: folds 
*** FLOP *** [6d 7c 4c]
BUNNYLove2U: checks 
Dorex2007: checks 
*** TURN *** [6d 7c 4c] [Qh]
BUNNYLove2U: checks 
Dorex2007: checks 
*** RIVER *** [6d 7c 4c Qh] [5d]
BUNNYLove2U: bets $0.13
Dorex2007: folds 
Uncalled bet ($0.13) returned to BUNNYLove2U
BUNNYLove2U collected $0.14 from pot
*** SUMMARY ***
Total pot $0.14 | Rake $0 
Board [6d 7c 4c Qh 5d]
Seat 1: 0RB BR0 (button) folded before Flop (didn't bet)
Seat 2: BUNNYLove2U (small blind) collected ($0.14)
Seat 3: perffect16 (big blind) folded before Flop
Seat 4: matt blakk folded before Flop (didn't bet)
Seat 5: dlolo30 folded before Flop (didn't bet)
Seat 6: vero2610 folded before Flop (didn't bet)
Seat 7: MoWarr folded before Flop (didn't bet)
Seat 8: frosa9397 folded before Flop (didn't bet)
Seat 9: Dorex2007 folded on the River



PokerStars Hand #237168945163:  Hold'em No Limit ($0.01/$0.02 USD) - 2022/07/04 20:43:17 PT [2022/07/04 23:43:17 ET]
Table 'Tristan' 9-max Seat #2 is the button
Seat 1: 0RB BR0 ($2.04 in chips) 
Seat 2: BUNNYLove2U ($2.08 in chips) 
Seat 3: perffect16 ($9.32 in chips) 
Seat 4: matt blakk ($2.33 in chips) 
Seat 5: dlolo30 ($1.77 in chips) 
Seat 6: vero2610 ($2.13 in chips) 
Seat 7: MoWarr ($2.14 in chips) 
Seat 8: frosa9397 ($1.34 in chips) 
Seat 9: Dorex2007 ($2.33 in chips) 
perffect16: posts small blind $0.01
matt blakk: posts big blind $0.02
*** HOLE CARDS ***
Dealt to Dorex2007 [2h Qh]
dlolo30: folds 
vero2610: calls $0.02
MoWarr: calls $0.02
frosa9397: folds 
Dorex2007: folds 
0RB BR0: folds 
BUNNYLove2U: folds 
perffect16: calls $0.01
matt blakk: checks 
*** FLOP *** [5h Ah Qd]
perffect16: checks 
matt blakk: bets $0.04
vero2610: folds 
MoWarr: calls $0.04
perffect16: folds 
*** TURN *** [5h Ah Qd] [5c]
matt blakk: checks 
MoWarr: checks 
*** RIVER *** [5h Ah Qd 5c] [Js]
matt blakk: checks 
MoWarr: bets $0.15
matt blakk: calls $0.15
*** SHOW DOWN ***
MoWarr: shows [4s Qs] (two pair, Queens and Fives)
matt blakk: shows [7h As] (two pair, Aces and Fives)
matt blakk collected $0.44 from pot
*** SUMMARY ***
Total pot $0.46 | Rake $0.02 
Board [5h Ah Qd 5c Js]
Seat 1: 0RB BR0 folded before Flop (didn't bet)
Seat 2: BUNNYLove2U (button) folded before Flop (didn't bet)
Seat 3: perffect16 (small blind) folded on the Flop
Seat 4: matt blakk (big blind) showed [7h As] and won ($0.44) with two pair, Aces and Fives
Seat 5: dlolo30 folded before Flop (didn't bet)
Seat 6: vero2610 folded on the Flop
Seat 7: MoWarr showed [4s Qs] and lost with two pair, Queens and Fives
Seat 8: frosa9397 folded before Flop (didn't bet)
Seat 9: Dorex2007 folded before Flop (didn't bet)



PokerStars Hand #237168956700:  Hold'em No Limit ($0.01/$0.02 USD) - 2022/07/04 20:44:45 PT [2022/07/04 23:44:45 ET]
Table 'Tristan' 9-max Seat #3 is the button
Seat 1: 0RB BR0 ($2.04 in chips) 
Seat 2: BUNNYLove2U ($2.08 in chips) 
Seat 3: perffect16 ($9.30 in chips) 
Seat 4: matt blakk ($2.56 in chips) 
Seat 5: dlolo30 ($1.77 in chips) 
Seat 6: vero2610 ($2.11 in chips) 
Seat 7: MoWarr ($1.93 in chips) 
Seat 8: frosa9397 ($1.34 in chips) 
Seat 9: Dorex2007 ($2.33 in chips) 
matt blakk: posts small blind $0.01
dlolo30: posts big blind $0.02
*** HOLE CARDS ***
Dealt to Dorex2007 [9c Ah]
vero2610: folds 
MoWarr: folds 
frosa9397: folds 
Dorex2007: folds 
0RB BR0: raises $0.02 to $0.04
BUNNYLove2U: calls $0.04
perffect16: folds 
matt blakk: raises $0.14 to $0.18
dlolo30: folds 
0RB BR0: folds 
BUNNYLove2U: calls $0.14
*** FLOP *** [Kh 6h 4h]
matt blakk: bets $0.19
BUNNYLove2U: folds 
Uncalled bet ($0.19) returned to matt blakk
matt blakk collected $0.41 from pot
*** SUMMARY ***
Total pot $0.42 | Rake $0.01 
Board [Kh 6h 4h]
Seat 1: 0RB BR0 folded before Flop
Seat 2: BUNNYLove2U folded on the Flop
Seat 3: perffect16 (button) folded before Flop (didn't bet)
Seat 4: matt blakk (small blind) collected ($0.41)
Seat 5: dlolo30 (big blind) folded before Flop
Seat 6: vero2610 folded before Flop (didn't bet)
Seat 7: MoWarr folded before Flop (didn't bet)
Seat 8: frosa9397 folded before Flop (didn't bet)
Seat 9: Dorex2007 folded before Flop (didn't bet)



PokerStars Hand #237168970857:  Hold'em No Limit ($0.01/$0.02 USD) - 2022/07/04 20:45:27 PT [2022/07/04 23:45:27 ET]
Table 'Tristan' 9-max Seat #4 is the button
Seat 1: 0RB BR0 ($2 in chips) 
Seat 2: BUNNYLove2U ($2 in chips) 
Seat 3: perffect16 ($9.30 in chips) 
Seat 4: matt blakk ($2.79 in chips) 
Seat 5: dlolo30 ($1.75 in chips) 
Seat 6: vero2610 ($2.11 in chips) 
Seat 7: MoWarr ($1.93 in chips) 
Seat 8: frosa9397 ($1.34 in chips) 
Seat 9: Dorex2007 ($2.33 in chips) 
dlolo30: posts small blind $0.01
vero2610: posts big blind $0.02
*** HOLE CARDS ***
Dealt to Dorex2007 [3c 3h]
MoWarr: folds 
frosa9397: folds 
Dorex2007: calls $0.02
0RB BR0: folds 
BUNNYLove2U: folds 
perffect16: folds 
matt blakk: folds 
dlolo30: folds 
vero2610: raises $0.05 to $0.07
Dorex2007: calls $0.05
*** FLOP *** [Td 4d 3s]
vero2610: checks 
Dorex2007: bets $0.07
vero2610: calls $0.07
*** TURN *** [Td 4d 3s] [8c]
vero2610: checks 
Dorex2007: bets $2.19 and is all-in
vero2610: folds 
Uncalled bet ($2.19) returned to Dorex2007
Dorex2007 collected $0.28 from pot
*** SUMMARY ***
Total pot $0.29 | Rake $0.01 
Board [Td 4d 3s 8c]
Seat 1: 0RB BR0 folded before Flop (didn't bet)
Seat 2: BUNNYLove2U folded before Flop (didn't bet)
Seat 3: perffect16 folded before Flop (didn't bet)
Seat 4: matt blakk (button) folded before Flop (didn't bet)
Seat 5: dlolo30 (small blind) folded before Flop
Seat 6: vero2610 (big blind) folded on the Turn
Seat 7: MoWarr folded before Flop (didn't bet)
Seat 8: frosa9397 folded before Flop (didn't bet)
Seat 9: Dorex2007 collected ($0.28)



PokerStars Hand #237168978821:  Hold'em No Limit ($0.01/$0.02 USD) - 2022/07/04 20:46:28 PT [2022/07/04 23:46:28 ET]
Table 'Tristan' 9-max Seat #5 is the button
Seat 1: 0RB BR0 ($2 in chips) 
Seat 2: BUNNYLove2U ($2 in chips) 
Seat 3: perffect16 ($9.30 in chips) 
Seat 4: matt blakk ($2.79 in chips) 
Seat 5: dlolo30 ($1.74 in chips) 
Seat 6: vero2610 ($1.97 in chips) 
Seat 7: MoWarr ($1.93 in chips) 
Seat 8: frosa9397 ($1.34 in chips) 
Seat 9: Dorex2007 ($2.47 in chips) 
vero2610: posts small blind $0.01
MoWarr: posts big blind $0.02
*** HOLE CARDS ***
Dealt to Dorex2007 [Jd Kc]
frosa9397: folds 
Dorex2007: raises $0.02 to $0.04
0RB BR0: folds 
BUNNYLove2U: folds 
perffect16: folds 
matt blakk: folds 
dlolo30: folds 
vero2610: folds 
MoWarr: folds 
Uncalled bet ($0.02) returned to Dorex2007
Dorex2007 collected $0.05 from pot
*** SUMMARY ***
Total pot $0.05 | Rake $0 
Seat 1: 0RB BR0 folded before Flop (didn't bet)
Seat 2: BUNNYLove2U folded before Flop (didn't bet)
Seat 3: perffect16 folded before Flop (didn't bet)
Seat 4: matt blakk folded before Flop (didn't bet)
Seat 5: dlolo30 (button) folded before Flop (didn't bet)
Seat 6: vero2610 (small blind) folded before Flop
Seat 7: MoWarr (big blind) folded before Flop
Seat 8: frosa9397 folded before Flop (didn't bet)
Seat 9: Dorex2007 collected ($0.05)



PokerStars Hand #237168982894:  Hold'em No Limit ($0.01/$0.02 USD) - 2022/07/04 20:46:59 PT [2022/07/04 23:46:59 ET]
Table 'Tristan' 9-max Seat #6 is the button
Seat 1: 0RB BR0 ($2 in chips) 
Seat 2: BUNNYLove2U ($2 in chips) 
Seat 3: perffect16 ($9.30 in chips) 
Seat 4: matt blakk ($2.79 in chips) 
Seat 5: dlolo30 ($1.74 in chips) 
Seat 6: vero2610 ($1.96 in chips) 
Seat 7: MoWarr ($1.91 in chips) 
Seat 8: frosa9397 ($1.34 in chips) 
Seat 9: Dorex2007 ($2.50 in chips) 
MoWarr: posts small blind $0.01
frosa9397: posts big blind $0.02
*** HOLE CARDS ***
Dealt to Dorex2007 [Qc 3c]
Dorex2007: folds 
0RB BR0: folds 
BUNNYLove2U: folds 
perffect16: folds 
matt blakk: folds 
dlolo30: folds 
vero2610: folds 
MoWarr: calls $0.01
frosa9397: checks 
*** FLOP *** [Qs 9d 8s]
MoWarr: checks 
frosa9397: checks 
*** TURN *** [Qs 9d 8s] [3h]
MoWarr: checks 
frosa9397: checks 
*** RIVER *** [Qs 9d 8s 3h] [Ks]
MoWarr: bets $0.02
frosa9397: folds 
Uncalled bet ($0.02) returned to MoWarr
MoWarr collected $0.04 from pot
*** SUMMARY ***
Total pot $0.04 | Rake $0 
Board [Qs 9d 8s 3h Ks]
Seat 1: 0RB BR0 folded before Flop (didn't bet)
Seat 2: BUNNYLove2U folded before Flop (didn't bet)
Seat 3: perffect16 folded before Flop (didn't bet)
Seat 4: matt blakk folded before Flop (didn't bet)
Seat 5: dlolo30 folded before Flop (didn't bet)
Seat 6: vero2610 (button) folded before Flop (didn't bet)
Seat 7: MoWarr (small blind) collected ($0.04)
Seat 8: frosa9397 (big blind) folded on the River
Seat 9: Dorex2007 folded before Flop (didn't bet)



PokerStars Hand #237168989935:  Hold'em No Limit ($0.01/$0.02 USD) - 2022/07/04 20:47:52 PT [2022/07/04 23:47:52 ET]
Table 'Tristan' 9-max Seat #7 is the button
Seat 1: 0RB BR0 ($2 in chips) 
Seat 2: BUNNYLove2U ($2 in chips) 
Seat 3: perffect16 ($9.30 in chips) 
Seat 4: matt blakk ($2.79 in chips) 
Seat 5: dlolo30 ($1.74 in chips) 
Seat 6: vero2610 ($1.96 in chips) 
Seat 7: MoWarr ($1.93 in chips) 
Seat 8: frosa9397 ($1.32 in chips) 
Seat 9: Dorex2007 ($2.50 in chips) 
frosa9397: posts small blind $0.01
Dorex2007: posts big blind $0.02
*** HOLE CARDS ***
Dealt to Dorex2007 [9s Qc]
0RB BR0: calls $0.02
BUNNYLove2U: folds 
perffect16: folds 
matt blakk: folds 
dlolo30: folds 
vero2610: folds 
MoWarr: calls $0.02
frosa9397: calls $0.01
Dorex2007: checks 
*** FLOP *** [Js Kd 7h]
frosa9397: checks 
Dorex2007: checks 
0RB BR0: checks 
MoWarr: checks 
*** TURN *** [Js Kd 7h] [Tc]
frosa9397: bets $0.04
Dorex2007: raises $0.07 to $0.11
0RB BR0: folds 
MoWarr: folds 
frosa9397: calls $0.07
*** RIVER *** [Js Kd 7h Tc] [Qh]
frosa9397: checks 
matt blakk leaves the table
Roark,John joins the table at seat #4 
Dorex2007: checks 
*** SHOW DOWN ***
frosa9397: shows [Jh Th] (two pair, Jacks and Tens)
Dorex2007: shows [9s Qc] (a straight, Nine to King)
Dorex2007 collected $0.29 from pot
*** SUMMARY ***
Total pot $0.30 | Rake $0.01 
Board [Js Kd 7h Tc Qh]
Seat 1: 0RB BR0 folded on the Turn
Seat 2: BUNNYLove2U folded before Flop (didn't bet)
Seat 3: perffect16 folded before Flop (didn't bet)
Seat 4: matt blakk folded before Flop (didn't bet)
Seat 5: dlolo30 folded before Flop (didn't bet)
Seat 6: vero2610 folded before Flop (didn't bet)
Seat 7: MoWarr (button) folded on the Turn
Seat 8: frosa9397 (small blind) showed [Jh Th] and lost with two pair, Jacks and Tens
Seat 9: Dorex2007 (big blind) showed [9s Qc] and won ($0.29) with a straight, Nine to King



PokerStars Hand #237169002092:  Hold'em No Limit ($0.01/$0.02 USD) - 2022/07/04 20:49:25 PT [2022/07/04 23:49:25 ET]
Table 'Tristan' 9-max Seat #8 is the button
Seat 1: 0RB BR0 ($1.98 in chips) 
Seat 2: BUNNYLove2U ($2 in chips) 
Seat 3: perffect16 ($9.30 in chips) 
Seat 5: dlolo30 ($1.74 in chips) 
Seat 6: vero2610 ($1.96 in chips) 
Seat 7: MoWarr ($1.91 in chips) 
Seat 8: frosa9397 ($1.19 in chips) 
Seat 9: Dorex2007 ($2.66 in chips) 
Dorex2007: posts small blind $0.01
0RB BR0: posts big blind $0.02
Roark,John: sits out 
*** HOLE CARDS ***
Dealt to Dorex2007 [Ah Kh]
BUNNYLove2U: raises $0.03 to $0.05
perffect16: folds 
dlolo30: folds 
vero2610: folds 
MoWarr: raises $0.03 to $0.08
frosa9397: folds 
Dorex2007: calls $0.07
0RB BR0: folds 
BUNNYLove2U: calls $0.03
*** FLOP *** [Ac 8d 2h]
Dorex2007: checks 
BUNNYLove2U: checks 
MoWarr: checks 
*** TURN *** [Ac 8d 2h] [3s]
Dorex2007: bets $0.12
BUNNYLove2U: folds 
MoWarr: calls $0.12
*** RIVER *** [Ac 8d 2h 3s] [2c]
Dorex2007: bets $0.24
MoWarr: raises $0.24 to $0.48
Dorex2007: calls $0.24
*** SHOW DOWN ***
MoWarr: shows [8h 8s] (a full house, Eights full of Deuces)
Dorex2007: mucks hand 
MoWarr collected $1.41 from pot
*** SUMMARY ***
Total pot $1.46 | Rake $0.05 
Board [Ac 8d 2h 3s 2c]
Seat 1: 0RB BR0 (big blind) folded before Flop
Seat 2: BUNNYLove2U folded on the Turn
Seat 3: perffect16 folded before Flop (didn't bet)
Seat 5: dlolo30 folded before Flop (didn't bet)
Seat 6: vero2610 folded before Flop (didn't bet)
Seat 7: MoWarr showed [8h 8s] and won ($1.41) with a full house, Eights full of Deuces
Seat 8: frosa9397 (button) folded before Flop (didn't bet)
Seat 9: Dorex2007 (small blind) mucked [Ah Kh]



PokerStars Hand #237169011091:  Hold'em No Limit ($0.01/$0.02 USD) - 2022/07/04 20:50:36 PT [2022/07/04 23:50:36 ET]
Table 'Tristan' 9-max Seat #9 is the button
Seat 1: 0RB BR0 ($1.96 in chips) 
Seat 2: BUNNYLove2U ($2 in chips) 
Seat 3: perffect16 ($9.30 in chips) 
Seat 5: dlolo30 ($1.74 in chips) 
Seat 6: vero2610 ($1.96 in chips) 
Seat 7: MoWarr ($2.64 in chips) 
Seat 8: frosa9397 ($1.19 in chips) 
Seat 9: Dorex2007 ($2 in chips) 
0RB BR0: posts small blind $0.01
BUNNYLove2U: posts big blind $0.02
Roark,John: sits out 
*** HOLE CARDS ***
Dealt to Dorex2007 [3s Jc]
perffect16: folds 
dlolo30: folds 
vero2610: calls $0.02
MoWarr: calls $0.02
frosa9397: folds 
Dorex2007: folds 
0RB BR0: calls $0.01
BUNNYLove2U: checks 
*** FLOP *** [2d Qd 6d]
0RB BR0: bets $0.02
BUNNYLove2U: folds 
vero2610: folds 
MoWarr: folds 
Uncalled bet ($0.02) returned to 0RB BR0
0RB BR0 collected $0.08 from pot
*** SUMMARY ***
Total pot $0.08 | Rake $0 
Board [2d Qd 6d]
Seat 1: 0RB BR0 (small blind) collected ($0.08)
Seat 2: BUNNYLove2U (big blind) folded on the Flop
Seat 3: perffect16 folded before Flop (didn't bet)
Seat 5: dlolo30 folded before Flop (didn't bet)
Seat 6: vero2610 folded on the Flop
Seat 7: MoWarr folded on the Flop
Seat 8: frosa9397 folded before Flop (didn't bet)
Seat 9: Dorex2007 (button) folded before Flop (didn't bet)



PokerStars Hand #237169016791:  Hold'em No Limit ($0.01/$0.02 USD) - 2022/07/04 20:51:20 PT [2022/07/04 23:51:20 ET]
Table 'Tristan' 9-max Seat #1 is the button
Seat 1: 0RB BR0 ($2.02 in chips) 
Seat 2: BUNNYLove2U ($2 in chips) 
Seat 3: perffect16 ($9.30 in chips) 
Seat 5: dlolo30 ($1.74 in chips) 
Seat 6: vero2610 ($1.94 in chips) 
Seat 7: MoWarr ($2.62 in chips) 
Seat 8: frosa9397 ($1.19 in chips) 
Seat 9: Dorex2007 ($2 in chips) 
BUNNYLove2U: posts small blind $0.01
perffect16: posts big blind $0.02
Roark,John: sits out 
*** HOLE CARDS ***
Dealt to Dorex2007 [5d Kh]
dlolo30: calls $0.02
vero2610: folds 
MoWarr: folds 
frosa9397: folds 
Dorex2007: folds 
0RB BR0: folds 
BUNNYLove2U: folds 
perffect16: checks 
*** FLOP *** [Jd 2h 8d]
perffect16: checks 
dlolo30: checks 
*** TURN *** [Jd 2h 8d] [Js]
perffect16: checks 
dlolo30: checks 
*** RIVER *** [Jd 2h 8d Js] [7s]
perffect16: folds 
perffect16 leaves the table
dlolo30 collected $0.05 from pot
*** SUMMARY ***
Total pot $0.05 | Rake $0 
Board [Jd 2h 8d Js 7s]
Seat 1: 0RB BR0 (button) folded before Flop (didn't bet)
Seat 2: BUNNYLove2U (small blind) folded before Flop
Seat 3: perffect16 (big blind) folded on the River
Seat 5: dlolo30 collected ($0.05)
Seat 6: vero2610 folded before Flop (didn't bet)
Seat 7: MoWarr folded before Flop (didn't bet)
Seat 8: frosa9397 folded before Flop (didn't bet)
Seat 9: Dorex2007 folded before Flop (didn't bet)



PokerStars Hand #237169023376:  Hold'em No Limit ($0.01/$0.02 USD) - 2022/07/04 20:52:12 PT [2022/07/04 23:52:12 ET]
Table 'Tristan' 9-max Seat #2 is the button
Seat 1: 0RB BR0 ($2.02 in chips) 
Seat 2: BUNNYLove2U ($2 in chips) 
Seat 5: dlolo30 ($1.77 in chips) 
Seat 6: vero2610 ($1.94 in chips) 
Seat 7: MoWarr ($2.62 in chips) 
Seat 8: frosa9397 ($1.19 in chips) 
Seat 9: Dorex2007 ($2 in chips) 
dlolo30: posts small blind $0.01
vero2610: posts big blind $0.02
*** HOLE CARDS ***
Dealt to Dorex2007 [Th 8d]
MoWarr: folds 
frosa9397: folds 
Dorex2007: folds 
Char P-3 joins the table at seat #3 
0RB BR0: folds 
BUNNYLove2U: raises $0.03 to $0.05
dlolo30: folds 
vero2610: folds 
Uncalled bet ($0.03) returned to BUNNYLove2U
BUNNYLove2U collected $0.05 from pot
*** SUMMARY ***
Total pot $0.05 | Rake $0 
Seat 1: 0RB BR0 folded before Flop (didn't bet)
Seat 2: BUNNYLove2U (button) collected ($0.05)
Seat 5: dlolo30 (small blind) folded before Flop
Seat 6: vero2610 (big blind) folded before Flop
Seat 7: MoWarr folded before Flop (didn't bet)
Seat 8: frosa9397 folded before Flop (didn't bet)
Seat 9: Dorex2007 folded before Flop (didn't bet)



PokerStars Hand #237169026417:  Hold'em No Limit ($0.01/$0.02 USD) - 2022/07/04 20:52:35 PT [2022/07/04 23:52:35 ET]
Table 'Tristan' 9-max Seat #5 is the button
Seat 1: 0RB BR0 ($2.02 in chips) 
Seat 2: BUNNYLove2U ($2.03 in chips) 
Seat 5: dlolo30 ($1.76 in chips) 
Seat 6: vero2610 ($1.92 in chips) 
Seat 7: MoWarr ($2.62 in chips) 
Seat 8: frosa9397 ($1.19 in chips) 
Seat 9: Dorex2007 ($2 in chips) 
vero2610: posts small blind $0.01
MoWarr: posts big blind $0.02
Char P-3: sits out 
Roark,John: sits out 
*** HOLE CARDS ***
Dealt to Dorex2007 [3h 2d]
frosa9397: folds 
Dorex2007: folds 
0RB BR0: folds 
BUNNYLove2U: folds 
dlolo30: folds 
vero2610: folds 
Uncalled bet ($0.01) returned to MoWarr
MoWarr collected $0.02 from pot
*** SUMMARY ***
Total pot $0.02 | Rake $0 
Seat 1: 0RB BR0 folded before Flop (didn't bet)
Seat 2: BUNNYLove2U folded before Flop (didn't bet)
Seat 5: dlolo30 (button) folded before Flop (didn't bet)
Seat 6: vero2610 (small blind) folded before Flop
Seat 7: MoWarr (big blind) collected ($0.02)
Seat 8: frosa9397 folded before Flop (didn't bet)
Seat 9: Dorex2007 folded before Flop (didn't bet)



PokerStars Hand #237169027827:  Hold'em No Limit ($0.01/$0.02 USD) - 2022/07/04 20:52:46 PT [2022/07/04 23:52:46 ET]
Table 'Tristan' 9-max Seat #6 is the button
Seat 1: 0RB BR0 ($2.02 in chips) 
Seat 2: BUNNYLove2U ($2.03 in chips) 
Seat 5: dlolo30 ($1.76 in chips) 
Seat 6: vero2610 ($1.91 in chips) 
Seat 7: MoWarr ($2.63 in chips) 
Seat 8: frosa9397 ($1.19 in chips) 
Seat 9: Dorex2007 ($2 in chips) 
MoWarr: posts small blind $0.01
frosa9397: posts big blind $0.02
Char P-3: sits out 
Roark,John: sits out 
*** HOLE CARDS ***
Dealt to Dorex2007 [3s 3c]
Dorex2007: calls $0.02
0RB BR0: folds 
BUNNYLove2U: folds 
dlolo30 has timed out
dlolo30: folds 
vero2610: folds 
MoWarr: calls $0.01
frosa9397: checks 
*** FLOP *** [Kc Ts 7h]
MoWarr: checks 
frosa9397: checks 
Dorex2007: checks 
*** TURN *** [Kc Ts 7h] [6s]
MoWarr: checks 
frosa9397: checks 
Dorex2007: checks 
*** RIVER *** [Kc Ts 7h 6s] [8c]
MoWarr: bets $0.03
frosa9397: folds 
Dorex2007: folds 
Uncalled bet ($0.03) returned to MoWarr
MoWarr collected $0.06 from pot
*** SUMMARY ***
Total pot $0.06 | Rake $0 
Board [Kc Ts 7h 6s 8c]
Seat 1: 0RB BR0 folded before Flop (didn't bet)
Seat 2: BUNNYLove2U folded before Flop (didn't bet)
Seat 5: dlolo30 folded before Flop (didn't bet)
Seat 6: vero2610 (button) folded before Flop (didn't bet)
Seat 7: MoWarr (small blind) collected ($0.06)
Seat 8: frosa9397 (big blind) folded on the River
Seat 9: Dorex2007 folded on the River



PokerStars Hand #237169037100:  Hold'em No Limit ($0.01/$0.02 USD) - 2022/07/04 20:54:00 PT [2022/07/04 23:54:00 ET]
Table 'Tristan' 9-max Seat #7 is the button
Seat 1: 0RB BR0 ($2.02 in chips) 
Seat 2: BUNNYLove2U ($2.03 in chips) 
Seat 6: vero2610 ($1.91 in chips) 
Seat 7: MoWarr ($2.67 in chips) 
Seat 8: frosa9397 ($1.17 in chips) 
Seat 9: Dorex2007 ($2 in chips) 
frosa9397: posts small blind $0.01
Dorex2007: posts big blind $0.02
Char P-3: sits out 
Roark,John: sits out 
*** HOLE CARDS ***
Dealt to Dorex2007 [Ad Ac]
0RB BR0: folds 
BUNNYLove2U: raises $0.03 to $0.05
vero2610: calls $0.05
MoWarr: calls $0.05
frosa9397: folds 
Dorex2007: raises $0.11 to $0.16
BUNNYLove2U: raises $0.40 to $0.56
vero2610: folds 
MoWarr: folds 
Dorex2007: raises $1.44 to $2 and is all-in
BUNNYLove2U: calls $1.44
*** FLOP *** [As 8h 2s]
*** TURN *** [As 8h 2s] [2h]
*** RIVER *** [As 8h 2s 2h] [Ts]
*** SHOW DOWN ***
Dorex2007: shows [Ad Ac] (a full house, Aces full of Deuces)
BUNNYLove2U: shows [Kd Kc] (two pair, Kings and Deuces)
Dorex2007 cashed out the hand for $3.26 | Cash Out Fee $0.03
*** SUMMARY ***
Total pot $4.11 | Rake $0.14 
Board [As 8h 2s 2h Ts]
Seat 1: 0RB BR0 folded before Flop (didn't bet)
Seat 2: BUNNYLove2U showed [Kd Kc] and lost with two pair, Kings and Deuces
Seat 6: vero2610 folded before Flop
Seat 7: MoWarr (button) folded before Flop
Seat 8: frosa9397 (small blind) folded before Flop
Seat 9: Dorex2007 (big blind) showed [Ad Ac] and won ($3.97) with a full house, Aces full of Deuces (pot not awarded as player cashed out)



PokerStars Hand #237169043898:  Hold'em No Limit ($0.01/$0.02 USD) - 2022/07/04 20:54:53 PT [2022/07/04 23:54:53 ET]
Table 'Tristan' 9-max Seat #8 is the button
Seat 1: 0RB BR0 ($2.02 in chips) 
Seat 2: BUNNYLove2U ($2 in chips) 
Seat 6: vero2610 ($1.86 in chips) 
Seat 7: MoWarr ($2.62 in chips) 
Seat 8: frosa9397 ($1.16 in chips) 
Seat 9: Dorex2007 ($3.26 in chips) 
Dorex2007: posts small blind $0.01
0RB BR0: posts big blind $0.02
Char P-3: sits out 
Roark,John: sits out 
*** HOLE CARDS ***
Dealt to Dorex2007 [6s Kc]
BUNNYLove2U: folds 
vero2610: calls $0.02
MoWarr: raises $0.02 to $0.04
frosa9397: folds 
Dorex2007: folds 
0RB BR0: calls $0.02
vero2610: calls $0.02
*** FLOP *** [4d 5s Kh]
0RB BR0: checks 
vero2610: checks 
MoWarr: checks 
*** TURN *** [4d 5s Kh] [Th]
0RB BR0: bets $0.06
vero2610: folds 
MoWarr: folds 
Uncalled bet ($0.06) returned to 0RB BR0
0RB BR0 collected $0.13 from pot
*** SUMMARY ***
Total pot $0.13 | Rake $0 
Board [4d 5s Kh Th]
Seat 1: 0RB BR0 (big blind) collected ($0.13)
Seat 2: BUNNYLove2U folded before Flop (didn't bet)
Seat 6: vero2610 folded on the Turn
Seat 7: MoWarr folded on the Turn
Seat 8: frosa9397 (button) folded before Flop (didn't bet)
Seat 9: Dorex2007 (small blind) folded before Flop



PokerStars Hand #237169048376:  Hold'em No Limit ($0.01/$0.02 USD) - 2022/07/04 20:55:34 PT [2022/07/04 23:55:34 ET]
Table 'Tristan' 9-max Seat #9 is the button
Seat 1: 0RB BR0 ($2.11 in chips) 
Seat 2: BUNNYLove2U ($2 in chips) 
Seat 5: dlolo30 ($1.76 in chips) 
Seat 6: vero2610 ($1.82 in chips) 
Seat 7: MoWarr ($2.58 in chips) 
Seat 8: frosa9397 ($1.16 in chips) 
Seat 9: Dorex2007 ($3.25 in chips) 
0RB BR0: posts small blind $0.01
BUNNYLove2U: posts big blind $0.02
Char P-3: sits out 
Roark,John: sits out 
*** HOLE CARDS ***
Dealt to Dorex2007 [Qc 4h]
dlolo30: calls $0.02
vero2610: folds 
MoWarr: raises $0.02 to $0.04
frosa9397: folds 
Dorex2007: folds 
0RB BR0: calls $0.03
BUNNYLove2U: calls $0.02
dlolo30: calls $0.02
*** FLOP *** [Ad 4s Jh]
0RB BR0: bets $0.02
BUNNYLove2U: folds 
dlolo30: calls $0.02
MoWarr: calls $0.02
*** TURN *** [Ad 4s Jh] [Kd]
0RB BR0: bets $0.04
dlolo30: folds 
MoWarr: raises $0.08 to $0.12
0RB BR0: calls $0.08
*** RIVER *** [Ad 4s Jh Kd] [Qd]
0RB BR0: bets $0.02
MoWarr: calls $0.02
*** SHOW DOWN ***
0RB BR0: shows [Ah Jc] (two pair, Aces and Jacks)
MoWarr: mucks hand 
0RB BR0 collected $0.48 from pot
*** SUMMARY ***
Total pot $0.50 | Rake $0.02 
Board [Ad 4s Jh Kd Qd]
Seat 1: 0RB BR0 (small blind) showed [Ah Jc] and won ($0.48) with two pair, Aces and Jacks
Seat 2: BUNNYLove2U (big blind) folded on the Flop
Seat 5: dlolo30 folded on the Turn
Seat 6: vero2610 folded before Flop (didn't bet)
Seat 7: MoWarr mucked [7c Ac]
Seat 8: frosa9397 folded before Flop (didn't bet)
Seat 9: Dorex2007 (button) folded before Flop (didn't bet)



PokerStars Hand #237169059043:  Hold'em No Limit ($0.01/$0.02 USD) - 2022/07/04 20:57:14 PT [2022/07/04 23:57:14 ET]
Table 'Tristan' 9-max Seat #1 is the button
Seat 1: 0RB BR0 ($2.39 in chips) 
Seat 2: BUNNYLove2U ($2 in chips) 
Seat 3: Char P-3 ($1 in chips) 
Seat 5: dlolo30 ($1.70 in chips) 
Seat 6: vero2610 ($1.82 in chips) 
Seat 7: MoWarr ($2.38 in chips) 
Seat 8: frosa9397 ($1.16 in chips) 
Seat 9: Dorex2007 ($3.25 in chips) 
BUNNYLove2U: posts small blind $0.01
Char P-3: posts big blind $0.02
Roark,John: sits out 
*** HOLE CARDS ***
Dealt to Dorex2007 [7h 2s]
dlolo30: calls $0.02
vero2610: raises $0.04 to $0.06
MoWarr: folds 
frosa9397: folds 
Dorex2007: folds 
0RB BR0: folds 
BUNNYLove2U: folds 
Char P-3: calls $0.04
dlolo30: calls $0.04
*** FLOP *** [6h Qs 9h]
Char P-3: checks 
dlolo30: checks 
vero2610: bets $0.18
Char P-3: calls $0.18
dlolo30: folds 
*** TURN *** [6h Qs 9h] [Kd]
Char P-3: bets $0.08
vero2610: calls $0.08
*** RIVER *** [6h Qs 9h Kd] [8h]
Char P-3: bets $0.32
vero2610: calls $0.32
*** SHOW DOWN ***
Char P-3: shows [8d 9s] (two pair, Nines and Eights)
vero2610: mucks hand 
Char P-3 collected $1.30 from pot
*** SUMMARY ***
Total pot $1.35 | Rake $0.05 
Board [6h Qs 9h Kd 8h]
Seat 1: 0RB BR0 (button) folded before Flop (didn't bet)
Seat 2: BUNNYLove2U (small blind) folded before Flop
Seat 3: Char P-3 (big blind) showed [8d 9s] and won ($1.30) with two pair, Nines and Eights
Seat 5: dlolo30 folded on the Flop
Seat 6: vero2610 mucked [Ac Ah]
Seat 7: MoWarr folded before Flop (didn't bet)
Seat 8: frosa9397 folded before Flop (didn't bet)
Seat 9: Dorex2007 folded before Flop (didn't bet)



PokerStars Hand #237169069387:  Hold'em No Limit ($0.01/$0.02 USD) - 2022/07/04 20:58:52 PT [2022/07/04 23:58:52 ET]
Table 'Tristan' 9-max Seat #2 is the button
Seat 1: 0RB BR0 ($2.39 in chips) 
Seat 2: BUNNYLove2U ($2 in chips) 
Seat 3: Char P-3 ($1.66 in chips) 
Seat 4: Roark,John ($2 in chips) 
Seat 5: dlolo30 ($2 in chips) 
Seat 6: vero2610 ($1.18 in chips) 
Seat 7: MoWarr ($2.38 in chips) 
Seat 8: frosa9397 ($1.16 in chips) 
Seat 9: Dorex2007 ($3.25 in chips) 
Char P-3: posts small blind $0.01
Roark,John: posts big blind $0.02
*** HOLE CARDS ***
Dealt to Dorex2007 [Js 6c]
dlolo30: folds 
vero2610: folds 
vero2610 leaves the table
MoWarr: raises $0.04 to $0.06
frosa9397: folds 
Dorex2007: folds 
0RB BR0: folds 
BUNNYLove2U: folds 
Char P-3: folds 
Roark,John: folds 
Uncalled bet ($0.04) returned to MoWarr
MoWarr collected $0.05 from pot
*** SUMMARY ***
Total pot $0.05 | Rake $0 
Seat 1: 0RB BR0 folded before Flop (didn't bet)
Seat 2: BUNNYLove2U (button) folded before Flop (didn't bet)
Seat 3: Char P-3 (small blind) folded before Flop
Seat 4: Roark,John (big blind) folded before Flop
Seat 5: dlolo30 folded before Flop (didn't bet)
Seat 6: vero2610 folded before Flop (didn't bet)
Seat 7: MoWarr collected ($0.05)
Seat 8: frosa9397 folded before Flop (didn't bet)
Seat 9: Dorex2007 folded before Flop (didn't bet)



PokerStars Hand #237169073264:  Hold'em No Limit ($0.01/$0.02 USD) - 2022/07/04 20:59:28 PT [2022/07/04 23:59:28 ET]
Table 'Tristan' 9-max Seat #3 is the button
Seat 1: 0RB BR0 ($2.39 in chips) 
Seat 2: BUNNYLove2U ($2 in chips) 
Seat 3: Char P-3 ($1.65 in chips) 
Seat 4: Roark,John ($2 in chips) 
Seat 5: dlolo30 ($2 in chips) 
Seat 7: MoWarr ($2.41 in chips) 
Seat 8: frosa9397 ($1.16 in chips) 
Seat 9: Dorex2007 ($3.25 in chips) 
Roark,John: posts small blind $0.01
dlolo30: posts big blind $0.02
*** HOLE CARDS ***
Dealt to Dorex2007 [3d Kh]
MoWarr: folds 
frosa9397: folds 
Dorex2007: folds 
0RB BR0: folds 
BUNNYLove2U: folds 
Char P-3: calls $0.02
Roark,John: folds 
dlolo30: checks 
*** FLOP *** [6h Td 2h]
dlolo30: bets $0.04
Char P-3: calls $0.04
*** TURN *** [6h Td 2h] [2d]
dlolo30: bets $0.06
Char P-3: raises $0.14 to $0.20
dlolo30: calls $0.14
*** RIVER *** [6h Td 2h 2d] [8h]
dlolo30: checks 
Char P-3: bets $0.32
dlolo30: folds 
Uncalled bet ($0.32) returned to Char P-3
Char P-3 collected $0.51 from pot
*** SUMMARY ***
Total pot $0.53 | Rake $0.02 
Board [6h Td 2h 2d 8h]
Seat 1: 0RB BR0 folded before Flop (didn't bet)
Seat 2: BUNNYLove2U folded before Flop (didn't bet)
Seat 3: Char P-3 (button) collected ($0.51)
Seat 4: Roark,John (small blind) folded before Flop
Seat 5: dlolo30 (big blind) folded on the River
Seat 7: MoWarr folded before Flop (didn't bet)
Seat 8: frosa9397 folded before Flop (didn't bet)
Seat 9: Dorex2007 folded before Flop (didn't bet)



