PokerStars Hand #238467914325:  Hold'em No Limit ($0.02/$0.05 USD) - 2022/09/06 21:00:43 PT [2022/09/07 0:00:43 ET]
Table 'Margot II' 9-max Seat #9 is the button
Seat 1: apollo166 ($5 in chips) 
Seat 2: enixblr ($6.11 in chips) 
Seat 3: r4yjz248 ($6.59 in chips) 
Seat 4: Luigiams ($6.99 in chips) 
Seat 5: Megacad ($5.03 in chips) 
Seat 6: Dorex2007 ($18.07 in chips) 
Seat 7: LuMmX ($5.50 in chips) 
Seat 9: Helmuthstien ($8.06 in chips) 
apollo166: posts small blind $0.02
enixblr: posts big blind $0.05
*** HOLE CARDS ***
Dealt to Dorex2007 [7c 6d]
r4yjz248: folds 
Luigiams: folds 
Megacad: calls $0.05
Dorex2007: folds 
LuMmX: folds 
Helmuthstien: folds 
apollo166: folds 
enixblr: checks 
*** FLOP *** [Qh Td 8d]
enixblr: checks 
Megacad: bets $0.12
enixblr: folds 
Uncalled bet ($0.12) returned to Megacad
Megacad collected $0.12 from pot
*** SUMMARY ***
Total pot $0.12 | Rake $0 
Board [Qh Td 8d]
Seat 1: apollo166 (small blind) folded before Flop
Seat 2: enixblr (big blind) folded on the Flop
Seat 3: r4yjz248 folded before Flop (didn't bet)
Seat 4: Luigiams folded before Flop (didn't bet)
Seat 5: Megacad collected ($0.12)
Seat 6: Dorex2007 folded before Flop (didn't bet)
Seat 7: LuMmX folded before Flop (didn't bet)
Seat 9: Helmuthstien (button) folded before Flop (didn't bet)



PokerStars Hand #238467919708:  Hold'em No Limit ($0.02/$0.05 USD) - 2022/09/06 21:01:25 PT [2022/09/07 0:01:25 ET]
Table 'Margot II' 9-max Seat #1 is the button
Seat 1: apollo166 ($5 in chips) 
Seat 2: enixblr ($6.06 in chips) 
Seat 3: r4yjz248 ($6.59 in chips) 
Seat 4: Luigiams ($6.99 in chips) 
Seat 5: Megacad ($5.10 in chips) 
Seat 6: Dorex2007 ($18.07 in chips) 
Seat 7: LuMmX ($5.50 in chips) 
Seat 9: Helmuthstien ($8.06 in chips) 
enixblr: posts small blind $0.02
r4yjz248: posts big blind $0.05
*** HOLE CARDS ***
Dealt to Dorex2007 [9c 2s]
Luigiams: raises $0.15 to $0.20
Megacad: folds 
Dorex2007: folds 
LuMmX: raises $0.20 to $0.40
Helmuthstien has timed out
Helmuthstien: folds 
apollo166: folds 
enixblr: folds 
r4yjz248: folds 
Luigiams: calls $0.20
*** FLOP *** [6h 7c 5s]
Luigiams: checks 
LuMmX: bets $0.42
Luigiams: folds 
Uncalled bet ($0.42) returned to LuMmX
LuMmX collected $0.83 from pot
LuMmX: doesn't show hand 
*** SUMMARY ***
Total pot $0.87 | Rake $0.04 
Board [6h 7c 5s]
Seat 1: apollo166 (button) folded before Flop (didn't bet)
Seat 2: enixblr (small blind) folded before Flop
Seat 3: r4yjz248 (big blind) folded before Flop
Seat 4: Luigiams folded on the Flop
Seat 5: Megacad folded before Flop (didn't bet)
Seat 6: Dorex2007 folded before Flop (didn't bet)
Seat 7: LuMmX collected ($0.83)
Seat 9: Helmuthstien folded before Flop (didn't bet)



PokerStars Hand #238467926498:  Hold'em No Limit ($0.02/$0.05 USD) - 2022/09/06 21:02:18 PT [2022/09/07 0:02:18 ET]
Table 'Margot II' 9-max Seat #2 is the button
Seat 1: apollo166 ($5 in chips) 
Seat 2: enixblr ($6.04 in chips) 
Seat 3: r4yjz248 ($6.54 in chips) 
Seat 6: Dorex2007 ($18.07 in chips) 
Seat 7: LuMmX ($5.93 in chips) 
Seat 9: Helmuthstien ($8.06 in chips) 
r4yjz248: posts small blind $0.02
Luigiams: is sitting out 
Megacad has timed out
Megacad: is sitting out 
Dorex2007: posts big blind $0.05
*** HOLE CARDS ***
Dealt to Dorex2007 [3d Ah]
LuMmX: calls $0.05
Helmuthstien: folds 
apollo166: calls $0.05
enixblr: folds 
r4yjz248: folds 
Megacad is disconnected 
Dorex2007: checks 
*** FLOP *** [Jc Qd 7d]
Dorex2007: checks 
LuMmX: checks 
apollo166: checks 
*** TURN *** [Jc Qd 7d] [3c]
Dorex2007: checks 
LuMmX: bets $0.07
apollo166: folds 
Dorex2007: folds 
Uncalled bet ($0.07) returned to LuMmX
LuMmX collected $0.16 from pot
LuMmX: doesn't show hand 
*** SUMMARY ***
Total pot $0.17 | Rake $0.01 
Board [Jc Qd 7d 3c]
Seat 1: apollo166 folded on the Turn
Seat 2: enixblr (button) folded before Flop (didn't bet)
Seat 3: r4yjz248 (small blind) folded before Flop
Seat 6: Dorex2007 (big blind) folded on the Turn
Seat 7: LuMmX collected ($0.16)
Seat 9: Helmuthstien folded before Flop (didn't bet)



PokerStars Hand #238467935022:  Hold'em No Limit ($0.02/$0.05 USD) - 2022/09/06 21:03:24 PT [2022/09/07 0:03:24 ET]
Table 'Margot II' 9-max Seat #3 is the button
Seat 1: apollo166 ($5 in chips) 
Seat 2: enixblr ($6.04 in chips) 
Seat 3: r4yjz248 ($6.52 in chips) 
Seat 6: Dorex2007 ($18.02 in chips) 
Seat 7: LuMmX ($6.04 in chips) 
Seat 9: Helmuthstien ($8.06 in chips) 
Dorex2007: posts small blind $0.02
LuMmX: posts big blind $0.05
*** HOLE CARDS ***
Dealt to Dorex2007 [3s Js]
Helmuthstien: folds 
apollo166: folds 
enixblr: folds 
r4yjz248: folds 
Dorex2007: folds 
Uncalled bet ($0.03) returned to LuMmX
LuMmX collected $0.04 from pot
LuMmX: doesn't show hand 
*** SUMMARY ***
Total pot $0.04 | Rake $0 
Seat 1: apollo166 folded before Flop (didn't bet)
Seat 2: enixblr folded before Flop (didn't bet)
Seat 3: r4yjz248 (button) folded before Flop (didn't bet)
Seat 6: Dorex2007 (small blind) folded before Flop
Seat 7: LuMmX (big blind) collected ($0.04)
Seat 9: Helmuthstien folded before Flop (didn't bet)



PokerStars Hand #238467936528:  Hold'em No Limit ($0.02/$0.05 USD) - 2022/09/06 21:03:36 PT [2022/09/07 0:03:36 ET]
Table 'Margot II' 9-max Seat #6 is the button
Seat 1: apollo166 ($5 in chips) 
Seat 2: enixblr ($6.04 in chips) 
Seat 3: r4yjz248 ($6.52 in chips) 
Seat 6: Dorex2007 ($18 in chips) 
Seat 7: LuMmX ($6.06 in chips) 
Seat 9: Helmuthstien ($8.06 in chips) 
LuMmX: posts small blind $0.02
Helmuthstien: posts big blind $0.05
*** HOLE CARDS ***
Dealt to Dorex2007 [6d 9d]
apollo166: raises $0.12 to $0.17
Luigiams leaves the table
enixblr: folds 
r4yjz248: folds 
Dorex2007: folds 
LuMmX: folds 
Helmuthstien: folds 
Uncalled bet ($0.12) returned to apollo166
apollo166 collected $0.12 from pot
apollo166: doesn't show hand 
*** SUMMARY ***
Total pot $0.12 | Rake $0 
Seat 1: apollo166 collected ($0.12)
Seat 2: enixblr folded before Flop (didn't bet)
Seat 3: r4yjz248 folded before Flop (didn't bet)
Seat 6: Dorex2007 (button) folded before Flop (didn't bet)
Seat 7: LuMmX (small blind) folded before Flop
Seat 9: Helmuthstien (big blind) folded before Flop



PokerStars Hand #238467939993:  Hold'em No Limit ($0.02/$0.05 USD) - 2022/09/06 21:04:02 PT [2022/09/07 0:04:02 ET]
Table 'Margot II' 9-max Seat #7 is the button
Seat 1: apollo166 ($5.07 in chips) 
Seat 2: enixblr ($6.04 in chips) 
Seat 3: r4yjz248 ($6.52 in chips) 
Seat 6: Dorex2007 ($18 in chips) 
Seat 7: LuMmX ($6.04 in chips) 
Seat 9: Helmuthstien ($8.01 in chips) 
Helmuthstien: posts small blind $0.02
apollo166: posts big blind $0.05
*** HOLE CARDS ***
Dealt to Dorex2007 [Ad 8s]
enixblr: folds 
r4yjz248: folds 
Dorex2007: folds 
LuMmX: raises $0.05 to $0.10
Helmuthstien: calls $0.08
apollo166: folds 
*** FLOP *** [3d Kd 5d]
Helmuthstien: checks 
LuMmX: bets $0.10
Helmuthstien: calls $0.10
*** TURN *** [3d Kd 5d] [Kh]
Helmuthstien: checks 
LuMmX: bets $0.15
Helmuthstien: calls $0.15
*** RIVER *** [3d Kd 5d Kh] [4c]
Helmuthstien: checks 
LuMmX: checks 
*** SHOW DOWN ***
Helmuthstien: shows [Ks Tc] (three of a kind, Kings)
LuMmX: mucks hand 
Helmuthstien collected $0.72 from pot
*** SUMMARY ***
Total pot $0.75 | Rake $0.03 
Board [3d Kd 5d Kh 4c]
Seat 1: apollo166 (big blind) folded before Flop
Seat 2: enixblr folded before Flop (didn't bet)
Seat 3: r4yjz248 folded before Flop (didn't bet)
Seat 6: Dorex2007 folded before Flop (didn't bet)
Seat 7: LuMmX (button) mucked [Ac 3h]
Seat 9: Helmuthstien (small blind) showed [Ks Tc] and won ($0.72) with three of a kind, Kings



PokerStars Hand #238467947446:  Hold'em No Limit ($0.02/$0.05 USD) - 2022/09/06 21:05:00 PT [2022/09/07 0:05:00 ET]
Table 'Margot II' 9-max Seat #9 is the button
Seat 1: apollo166 ($5.02 in chips) 
Seat 2: enixblr ($6.04 in chips) 
Seat 3: r4yjz248 ($6.52 in chips) 
Seat 6: Dorex2007 ($18 in chips) 
Seat 7: LuMmX ($5.69 in chips) 
Seat 9: Helmuthstien ($8.38 in chips) 
apollo166: posts small blind $0.02
enixblr: posts big blind $0.05
*** HOLE CARDS ***
Dealt to Dorex2007 [4d 9d]
r4yjz248: folds 
Dorex2007: folds 
LuMmX: calls $0.05
Helmuthstien: folds 
apollo166: calls $0.03
enixblr: checks 
*** FLOP *** [4h Ac 3d]
apollo166: checks 
enixblr: checks 
LuMmX: bets $0.05
apollo166: folds 
enixblr: folds 
Uncalled bet ($0.05) returned to LuMmX
LuMmX collected $0.14 from pot
LuMmX: doesn't show hand 
*** SUMMARY ***
Total pot $0.15 | Rake $0.01 
Board [4h Ac 3d]
Seat 1: apollo166 (small blind) folded on the Flop
Seat 2: enixblr (big blind) folded on the Flop
Seat 3: r4yjz248 folded before Flop (didn't bet)
Seat 6: Dorex2007 folded before Flop (didn't bet)
Seat 7: LuMmX collected ($0.14)
Seat 9: Helmuthstien (button) folded before Flop (didn't bet)



PokerStars Hand #238467954739:  Hold'em No Limit ($0.02/$0.05 USD) - 2022/09/06 21:05:56 PT [2022/09/07 0:05:56 ET]
Table 'Margot II' 9-max Seat #1 is the button
Seat 1: apollo166 ($5 in chips) 
Seat 2: enixblr ($5.99 in chips) 
Seat 3: r4yjz248 ($6.52 in chips) 
Seat 6: Dorex2007 ($18 in chips) 
Seat 7: LuMmX ($5.78 in chips) 
Seat 9: Helmuthstien ($8.38 in chips) 
enixblr: posts small blind $0.02
r4yjz248: posts big blind $0.05
*** HOLE CARDS ***
Dealt to Dorex2007 [Js 7s]
Dorex2007: folds 
LuMmX: calls $0.05
Helmuthstien: folds 
apollo166: folds 
enixblr: folds 
r4yjz248: checks 
*** FLOP *** [Jc 4d Qh]
r4yjz248: bets $0.06
LuMmX: calls $0.06
*** TURN *** [Jc 4d Qh] [2h]
r4yjz248: checks 
LuMmX: checks 
*** RIVER *** [Jc 4d Qh 2h] [4h]
r4yjz248: bets $0.11
LuMmX: calls $0.11
*** SHOW DOWN ***
r4yjz248: shows [5c Jd] (two pair, Jacks and Fours)
LuMmX: mucks hand 
r4yjz248 collected $0.44 from pot
*** SUMMARY ***
Total pot $0.46 | Rake $0.02 
Board [Jc 4d Qh 2h 4h]
Seat 1: apollo166 (button) folded before Flop (didn't bet)
Seat 2: enixblr (small blind) folded before Flop
Seat 3: r4yjz248 (big blind) showed [5c Jd] and won ($0.44) with two pair, Jacks and Fours
Seat 6: Dorex2007 folded before Flop (didn't bet)
Seat 7: LuMmX mucked [Kh 3s]
Seat 9: Helmuthstien folded before Flop (didn't bet)



PokerStars Hand #238467962319:  Hold'em No Limit ($0.02/$0.05 USD) - 2022/09/06 21:06:54 PT [2022/09/07 0:06:54 ET]
Table 'Margot II' 9-max Seat #2 is the button
Seat 1: apollo166 ($5 in chips) 
Seat 2: enixblr ($5.97 in chips) 
Seat 3: r4yjz248 ($6.74 in chips) 
Seat 6: Dorex2007 ($18 in chips) 
Seat 7: LuMmX ($5.56 in chips) 
Seat 9: Helmuthstien ($8.38 in chips) 
r4yjz248: posts small blind $0.02
Dorex2007: posts big blind $0.05
*** HOLE CARDS ***
Dealt to Dorex2007 [As Ac]
LuMmX: folds 
Helmuthstien: folds 
apollo166: folds 
enixblr: raises $0.05 to $0.10
r4yjz248: folds 
Dorex2007: raises $0.15 to $0.25
enixblr: folds 
Uncalled bet ($0.15) returned to Dorex2007
Dorex2007 collected $0.22 from pot
Dorex2007: doesn't show hand 
*** SUMMARY ***
Total pot $0.22 | Rake $0 
Seat 1: apollo166 folded before Flop (didn't bet)
Seat 2: enixblr (button) folded before Flop
Seat 3: r4yjz248 (small blind) folded before Flop
Seat 6: Dorex2007 (big blind) collected ($0.22)
Seat 7: LuMmX folded before Flop (didn't bet)
Seat 9: Helmuthstien folded before Flop (didn't bet)



PokerStars Hand #238467966862:  Hold'em No Limit ($0.02/$0.05 USD) - 2022/09/06 21:07:29 PT [2022/09/07 0:07:29 ET]
Table 'Margot II' 9-max Seat #3 is the button
Seat 1: apollo166 ($5 in chips) 
Seat 2: enixblr ($5.87 in chips) 
Seat 3: r4yjz248 ($6.72 in chips) 
Seat 6: Dorex2007 ($18.12 in chips) 
Seat 7: LuMmX ($5.56 in chips) 
Seat 9: Helmuthstien ($8.38 in chips) 
Dorex2007: posts small blind $0.02
LuMmX: posts big blind $0.05
*** HOLE CARDS ***
Dealt to Dorex2007 [3s 4s]
BluffOnTable joins the table at seat #4 
Helmuthstien: calls $0.05
apollo166: folds 
enixblr: folds 
r4yjz248: folds 
Dorex2007: folds 
LuMmX: raises $0.10 to $0.15
Helmuthstien: calls $0.10
*** FLOP *** [4h 2h Ac]
LuMmX: bets $0.15
Helmuthstien: calls $0.15
*** TURN *** [4h 2h Ac] [8s]
LuMmX: bets $0.15
Helmuthstien: raises $0.15 to $0.30
LuMmX: calls $0.15
*** RIVER *** [4h 2h Ac 8s] [8h]
LuMmX: bets $0.25
Helmuthstien: raises $0.85 to $1.10
LuMmX: raises $3.86 to $4.96 and is all-in
Helmuthstien: calls $3.86
*** SHOW DOWN ***
LuMmX: shows [Qh 9h] (a flush, Queen high)
Helmuthstien: shows [Jh Th] (a flush, Jack high)
LuMmX collected $10.68 from pot
*** SUMMARY ***
Total pot $11.14 | Rake $0.46 
Board [4h 2h Ac 8s 8h]
Seat 1: apollo166 folded before Flop (didn't bet)
Seat 2: enixblr folded before Flop (didn't bet)
Seat 3: r4yjz248 (button) folded before Flop (didn't bet)
Seat 6: Dorex2007 (small blind) folded before Flop
Seat 7: LuMmX (big blind) showed [Qh 9h] and won ($10.68) with a flush, Queen high
Seat 9: Helmuthstien showed [Jh Th] and lost with a flush, Jack high



PokerStars Hand #238467975416:  Hold'em No Limit ($0.02/$0.05 USD) - 2022/09/06 21:08:36 PT [2022/09/07 0:08:36 ET]
Table 'Margot II' 9-max Seat #6 is the button
Seat 1: apollo166 ($5 in chips) 
Seat 2: enixblr ($5.87 in chips) 
Seat 3: r4yjz248 ($6.72 in chips) 
Seat 6: Dorex2007 ($18.10 in chips) 
Seat 7: LuMmX ($10.68 in chips) 
Seat 9: Helmuthstien ($2.82 in chips) 
LuMmX: posts small blind $0.02
Helmuthstien: posts big blind $0.05
BluffOnTable: sits out 
*** HOLE CARDS ***
Dealt to Dorex2007 [Ks 7h]
apollo166: folds 
enixblr: folds 
r4yjz248: raises $0.08 to $0.13
Dorex2007: folds 
LuMmX: folds 
Helmuthstien: folds 
Uncalled bet ($0.08) returned to r4yjz248
r4yjz248 collected $0.12 from pot
barracuda117 leaves the table
*** SUMMARY ***
Total pot $0.12 | Rake $0 
Seat 1: apollo166 folded before Flop (didn't bet)
Seat 2: enixblr folded before Flop (didn't bet)
Seat 3: r4yjz248 collected ($0.12)
Seat 6: Dorex2007 (button) folded before Flop (didn't bet)
Seat 7: LuMmX (small blind) folded before Flop
Seat 9: Helmuthstien (big blind) folded before Flop



PokerStars Hand #238467978097:  Hold'em No Limit ($0.02/$0.05 USD) - 2022/09/06 21:08:57 PT [2022/09/07 0:08:57 ET]
Table 'Margot II' 9-max Seat #7 is the button
Seat 1: apollo166 ($5 in chips) 
Seat 2: enixblr ($5.87 in chips) 
Seat 3: r4yjz248 ($6.79 in chips) 
Seat 6: Dorex2007 ($18.10 in chips) 
Seat 7: LuMmX ($10.66 in chips) 
Seat 9: Helmuthstien ($2.77 in chips) 
Helmuthstien: posts small blind $0.02
apollo166: posts big blind $0.05
BluffOnTable: sits out 
*** HOLE CARDS ***
Dealt to Dorex2007 [6c Ad]
enixblr has timed out
enixblr: folds 
r4yjz248: folds 
Dorex2007: folds 
LuMmX: calls $0.05
Helmuthstien: calls $0.03
apollo166: checks 
*** FLOP *** [3s 6h 4h]
Helmuthstien: bets $0.07
apollo166: folds 
LuMmX: raises $0.13 to $0.20
Helmuthstien: raises $2.52 to $2.72 and is all-in
LuMmX: calls $2.52
*** TURN *** [3s 6h 4h] [Ah]
*** RIVER *** [3s 6h 4h Ah] [Jd]
*** SHOW DOWN ***
Helmuthstien: shows [7h Th] (a flush, Ace high)
LuMmX: shows [7d 5h] (a straight, Three to Seven)
Helmuthstien collected $5.36 from pot
*** SUMMARY ***
Total pot $5.59 | Rake $0.23 
Board [3s 6h 4h Ah Jd]
Seat 1: apollo166 (big blind) folded on the Flop
Seat 2: enixblr folded before Flop (didn't bet)
Seat 3: r4yjz248 folded before Flop (didn't bet)
Seat 6: Dorex2007 folded before Flop (didn't bet)
Seat 7: LuMmX (button) showed [7d 5h] and lost with a straight, Three to Seven
Seat 9: Helmuthstien (small blind) showed [7h Th] and won ($5.36) with a flush, Ace high



PokerStars Hand #238467984457:  Hold'em No Limit ($0.02/$0.05 USD) - 2022/09/06 21:09:47 PT [2022/09/07 0:09:47 ET]
Table 'Margot II' 9-max Seat #9 is the button
Seat 1: apollo166 ($5 in chips) 
Seat 2: enixblr ($5.87 in chips) 
Seat 3: r4yjz248 ($6.79 in chips) 
Seat 6: Dorex2007 ($18.10 in chips) 
Seat 7: LuMmX ($7.89 in chips) 
Seat 9: Helmuthstien ($5.36 in chips) 
apollo166: posts small blind $0.02
enixblr: posts big blind $0.05
BluffOnTable: sits out 
*** HOLE CARDS ***
Dealt to Dorex2007 [Qh Ts]
r4yjz248: folds 
Dorex2007: folds 
LuMmX: calls $0.05
Helmuthstien: folds 
apollo166: folds 
enixblr: checks 
*** FLOP *** [2c 3d Tc]
enixblr: bets $0.08
LuMmX: folds 
Uncalled bet ($0.08) returned to enixblr
enixblr collected $0.12 from pot
enixblr: doesn't show hand 
*** SUMMARY ***
Total pot $0.12 | Rake $0 
Board [2c 3d Tc]
Seat 1: apollo166 (small blind) folded before Flop
Seat 2: enixblr (big blind) collected ($0.12)
Seat 3: r4yjz248 folded before Flop (didn't bet)
Seat 6: Dorex2007 folded before Flop (didn't bet)
Seat 7: LuMmX folded on the Flop
Seat 9: Helmuthstien (button) folded before Flop (didn't bet)



PokerStars Hand #238467988607:  Hold'em No Limit ($0.02/$0.05 USD) - 2022/09/06 21:10:20 PT [2022/09/07 0:10:20 ET]
Table 'Margot II' 9-max Seat #1 is the button
Seat 1: apollo166 ($5 in chips) 
Seat 2: enixblr ($5.94 in chips) 
Seat 3: r4yjz248 ($6.79 in chips) 
Seat 6: Dorex2007 ($18.10 in chips) 
Seat 7: LuMmX ($7.84 in chips) 
Seat 9: Helmuthstien ($5.36 in chips) 
enixblr: posts small blind $0.02
r4yjz248: posts big blind $0.05
BluffOnTable: sits out 
*** HOLE CARDS ***
Dealt to Dorex2007 [9d Qd]
Dorex2007: calls $0.05
LuMmX: raises $0.05 to $0.10
Helmuthstien: calls $0.10
apollo166: calls $0.10
enixblr: folds 
r4yjz248: calls $0.05
Dorex2007: calls $0.05
*** FLOP *** [9s Td 6d]
r4yjz248: checks 
Dorex2007: checks 
LuMmX: checks 
Helmuthstien: checks 
apollo166: checks 
*** TURN *** [9s Td 6d] [4d]
r4yjz248: checks 
Dorex2007: bets $0.50
LuMmX: folds 
Helmuthstien: folds 
apollo166: folds 
r4yjz248: calls $0.50
*** RIVER *** [9s Td 6d 4d] [9c]
r4yjz248: checks 
Dorex2007: bets $1.46
r4yjz248: folds 
Uncalled bet ($1.46) returned to Dorex2007
Dorex2007 collected $1.46 from pot
Dorex2007: doesn't show hand 
*** SUMMARY ***
Total pot $1.52 | Rake $0.06 
Board [9s Td 6d 4d 9c]
Seat 1: apollo166 (button) folded on the Turn
Seat 2: enixblr (small blind) folded before Flop
Seat 3: r4yjz248 (big blind) folded on the River
Seat 6: Dorex2007 collected ($1.46)
Seat 7: LuMmX folded on the Turn
Seat 9: Helmuthstien folded on the Turn



PokerStars Hand #238467996704:  Hold'em No Limit ($0.02/$0.05 USD) - 2022/09/06 21:11:23 PT [2022/09/07 0:11:23 ET]
Table 'Margot II' 9-max Seat #2 is the button
Seat 1: apollo166 ($5 in chips) 
Seat 2: enixblr ($5.92 in chips) 
Seat 3: r4yjz248 ($6.19 in chips) 
Seat 4: BluffOnTable ($5 in chips) 
Seat 6: Dorex2007 ($18.96 in chips) 
Seat 7: LuMmX ($7.74 in chips) 
Seat 9: Helmuthstien ($5.26 in chips) 
r4yjz248: posts small blind $0.02
BluffOnTable: posts big blind $0.05
*** HOLE CARDS ***
Dealt to Dorex2007 [2c 9h]
Dorex2007: folds 
LuMmX: folds 
Helmuthstien: raises $0.05 to $0.10
apollo166: raises $0.25 to $0.35
enixblr: folds 
r4yjz248: folds 
BluffOnTable: folds 
Helmuthstien: calls $0.25
*** FLOP *** [Ac Td Kh]
Helmuthstien: checks 
apollo166: checks 
*** TURN *** [Ac Td Kh] [Kc]
Helmuthstien: checks 
apollo166: checks 
*** RIVER *** [Ac Td Kh Kc] [6h]
Helmuthstien: checks 
apollo166: checks 
*** SHOW DOWN ***
Helmuthstien: shows [3s 3h] (two pair, Kings and Threes)
apollo166: shows [Qd Qs] (two pair, Kings and Queens)
apollo166 collected $0.74 from pot
*** SUMMARY ***
Total pot $0.77 | Rake $0.03 
Board [Ac Td Kh Kc 6h]
Seat 1: apollo166 showed [Qd Qs] and won ($0.74) with two pair, Kings and Queens
Seat 2: enixblr (button) folded before Flop (didn't bet)
Seat 3: r4yjz248 (small blind) folded before Flop
Seat 4: BluffOnTable (big blind) folded before Flop
Seat 6: Dorex2007 folded before Flop (didn't bet)
Seat 7: LuMmX folded before Flop (didn't bet)
Seat 9: Helmuthstien showed [3s 3h] and lost with two pair, Kings and Threes



PokerStars Hand #238468004416:  Hold'em No Limit ($0.02/$0.05 USD) - 2022/09/06 21:12:23 PT [2022/09/07 0:12:23 ET]
Table 'Margot II' 9-max Seat #3 is the button
Seat 1: apollo166 ($5.39 in chips) 
Seat 2: enixblr ($5.92 in chips) 
Seat 3: r4yjz248 ($6.17 in chips) 
Seat 4: BluffOnTable ($5 in chips) 
Seat 6: Dorex2007 ($18.96 in chips) 
Seat 7: LuMmX ($7.74 in chips) 
Seat 9: Helmuthstien ($4.91 in chips) 
BluffOnTable: posts small blind $0.02
Dorex2007: posts big blind $0.05
*** HOLE CARDS ***
Dealt to Dorex2007 [6c 8d]
LuMmX: folds 
Helmuthstien: folds 
apollo166: folds 
enixblr has timed out
enixblr: folds 
Megacad leaves the table
r4yjz248: raises $0.10 to $0.15
BluffOnTable: folds 
Dorex2007: folds 
Uncalled bet ($0.10) returned to r4yjz248
Cipriuri joins the table at seat #8 
r4yjz248 collected $0.12 from pot
*** SUMMARY ***
Total pot $0.12 | Rake $0 
Seat 1: apollo166 folded before Flop (didn't bet)
Seat 2: enixblr folded before Flop (didn't bet)
Seat 3: r4yjz248 (button) collected ($0.12)
Seat 4: BluffOnTable (small blind) folded before Flop
Seat 6: Dorex2007 (big blind) folded before Flop
Seat 7: LuMmX folded before Flop (didn't bet)
Seat 9: Helmuthstien folded before Flop (didn't bet)



PokerStars Hand #238468007642:  Hold'em No Limit ($0.02/$0.05 USD) - 2022/09/06 21:12:48 PT [2022/09/07 0:12:48 ET]
Table 'Margot II' 9-max Seat #4 is the button
Seat 1: apollo166 ($5.39 in chips) 
Seat 2: enixblr ($5.92 in chips) 
Seat 3: r4yjz248 ($6.24 in chips) 
Seat 4: BluffOnTable ($5 in chips) 
Seat 6: Dorex2007 ($18.91 in chips) 
Seat 7: LuMmX ($7.74 in chips) 
Seat 9: Helmuthstien ($4.91 in chips) 
Dorex2007: posts small blind $0.02
LuMmX: posts big blind $0.05
Cipriuri: sits out 
*** HOLE CARDS ***
Dealt to Dorex2007 [Qs Ac]
Helmuthstien: folds 
apollo166: calls $0.05
enixblr: raises $0.15 to $0.20
r4yjz248: raises $0.30 to $0.50
BluffOnTable: folds 
Dorex2007: folds 
LuMmX: raises $0.50 to $1
apollo166: folds 
enixblr: folds 
r4yjz248: raises $2 to $3
LuMmX: raises $4.74 to $7.74 and is all-in
r4yjz248: calls $3.24 and is all-in
Uncalled bet ($1.50) returned to LuMmX
*** FLOP *** [5h 7h 6h]
*** TURN *** [5h 7h 6h] [6s]
*** RIVER *** [5h 7h 6h 6s] [Jh]
*** SHOW DOWN ***
LuMmX: shows [Qd Ad] (a pair of Sixes)
r4yjz248: shows [As Kc] (a pair of Sixes - Ace+King kicker)
r4yjz248 collected $12.22 from pot
*** SUMMARY ***
Total pot $12.75 | Rake $0.53 
Board [5h 7h 6h 6s Jh]
Seat 1: apollo166 folded before Flop
Seat 2: enixblr folded before Flop
Seat 3: r4yjz248 showed [As Kc] and won ($12.22) with a pair of Sixes
Seat 4: BluffOnTable (button) folded before Flop (didn't bet)
Seat 6: Dorex2007 (small blind) folded before Flop
Seat 7: LuMmX (big blind) showed [Qd Ad] and lost with a pair of Sixes
Seat 9: Helmuthstien folded before Flop (didn't bet)



PokerStars Hand #238468016481:  Hold'em No Limit ($0.02/$0.05 USD) - 2022/09/06 21:13:57 PT [2022/09/07 0:13:57 ET]
Table 'Margot II' 9-max Seat #6 is the button
Seat 1: apollo166 ($5.34 in chips) 
Seat 2: enixblr ($5.72 in chips) 
Seat 3: r4yjz248 ($12.22 in chips) 
Seat 4: BluffOnTable ($5 in chips) 
Seat 6: Dorex2007 ($18.89 in chips) 
Seat 7: LuMmX ($1.50 in chips) 
Seat 8: Cipriuri ($5 in chips) 
Seat 9: Helmuthstien ($4.91 in chips) 
LuMmX: posts small blind $0.02
Cipriuri: posts big blind $0.05
*** HOLE CARDS ***
Dealt to Dorex2007 [9c 5s]
Helmuthstien: calls $0.05
apollo166: folds 
enixblr: calls $0.05
Honorio65 joins the table at seat #5 
r4yjz248: raises $0.10 to $0.15
BluffOnTable: folds 
Dorex2007: folds 
apollo166 leaves the table
LuMmX: calls $0.13
Cipriuri: folds 
Helmuthstien: calls $0.10
enixblr: calls $0.10
*** FLOP *** [Td 3h 2h]
LuMmX: checks 
Helmuthstien: checks 
enixblr: checks 
r4yjz248: checks 
*** TURN *** [Td 3h 2h] [3s]
LuMmX: checks 
Helmuthstien: bets $0.20
enixblr: folds 
r4yjz248: folds 
LuMmX: calls $0.20
*** RIVER *** [Td 3h 2h 3s] [3d]
LuMmX: bets $1.15 and is all-in
Helmuthstien: calls $1.15
*** SHOW DOWN ***
LuMmX: shows [Kh 7h] (three of a kind, Threes)
Helmuthstien: shows [8s 8c] (a full house, Threes full of Eights)
Helmuthstien collected $3.21 from pot
*** SUMMARY ***
Total pot $3.35 | Rake $0.14 
Board [Td 3h 2h 3s 3d]
Seat 1: apollo166 folded before Flop (didn't bet)
Seat 2: enixblr folded on the Turn
Seat 3: r4yjz248 folded on the Turn
Seat 4: BluffOnTable folded before Flop (didn't bet)
Seat 6: Dorex2007 (button) folded before Flop (didn't bet)
Seat 7: LuMmX (small blind) showed [Kh 7h] and lost with three of a kind, Threes
Seat 8: Cipriuri (big blind) folded before Flop
Seat 9: Helmuthstien showed [8s 8c] and won ($3.21) with a full house, Threes full of Eights



PokerStars Hand #238468025997:  Hold'em No Limit ($0.02/$0.05 USD) - 2022/09/06 21:15:12 PT [2022/09/07 0:15:12 ET]
Table 'Margot II' 9-max Seat #8 is the button
Seat 2: enixblr ($5.57 in chips) 
Seat 3: r4yjz248 ($12.07 in chips) 
Seat 4: BluffOnTable ($5 in chips) 
Seat 5: Honorio65 ($4 in chips) 
Seat 6: Dorex2007 ($18.89 in chips) 
Seat 8: Cipriuri ($4.95 in chips) 
Seat 9: Helmuthstien ($6.62 in chips) 
Helmuthstien: posts small blind $0.02
enixblr: posts big blind $0.05
Honorio65: posts big blind $0.05
*** HOLE CARDS ***
Dealt to Dorex2007 [2s 4c]
LuMmX leaves the table
r4yjz248: folds 
BluffOnTable: folds 
Honorio65: raises $0.12 to $0.17
Dorex2007: folds 
Cipriuri: calls $0.17
Helmuthstien: calls $0.15
enixblr: calls $0.12
*** FLOP *** [7c Jc Ah]
Helmuthstien: checks 
enixblr: checks 
Honorio65: bets $0.32
Cipriuri: folds 
Helmuthstien: folds 
enixblr: folds 
Uncalled bet ($0.32) returned to Honorio65
Honorio65 collected $0.65 from pot
*** SUMMARY ***
Total pot $0.68 | Rake $0.03 
Board [7c Jc Ah]
Seat 2: enixblr (big blind) folded on the Flop
Seat 3: r4yjz248 folded before Flop (didn't bet)
Seat 4: BluffOnTable folded before Flop (didn't bet)
Seat 5: Honorio65 collected ($0.65)
Seat 6: Dorex2007 folded before Flop (didn't bet)
Seat 8: Cipriuri (button) folded on the Flop
Seat 9: Helmuthstien (small blind) folded on the Flop



PokerStars Hand #238468031975:  Hold'em No Limit ($0.02/$0.05 USD) - 2022/09/06 21:15:59 PT [2022/09/07 0:15:59 ET]
Table 'Margot II' 9-max Seat #9 is the button
Seat 2: enixblr ($5.40 in chips) 
Seat 3: r4yjz248 ($12.07 in chips) 
Seat 4: BluffOnTable ($5 in chips) 
Seat 5: Honorio65 ($4.48 in chips) 
Seat 6: Dorex2007 ($18.89 in chips) 
Seat 8: Cipriuri ($4.78 in chips) 
Seat 9: Helmuthstien ($6.45 in chips) 
enixblr: posts small blind $0.02
r4yjz248: posts big blind $0.05
*** HOLE CARDS ***
Dealt to Dorex2007 [3c 8s]
BluffOnTable: folds 
Honorio65: raises $0.10 to $0.15
Dorex2007: folds 
Cipriuri: folds 
Helmuthstien: folds 
enixblr: calls $0.13
r4yjz248: calls $0.10
*** FLOP *** [4c 2h 9h]
enixblr: checks 
r4yjz248: checks 
Honorio65: bets $0.21
enixblr: folds 
r4yjz248: folds 
Uncalled bet ($0.21) returned to Honorio65
Honorio65 collected $0.43 from pot
*** SUMMARY ***
Total pot $0.45 | Rake $0.02 
Board [4c 2h 9h]
Seat 2: enixblr (small blind) folded on the Flop
Seat 3: r4yjz248 (big blind) folded on the Flop
Seat 4: BluffOnTable folded before Flop (didn't bet)
Seat 5: Honorio65 collected ($0.43)
Seat 6: Dorex2007 folded before Flop (didn't bet)
Seat 8: Cipriuri folded before Flop (didn't bet)
Seat 9: Helmuthstien (button) folded before Flop (didn't bet)



PokerStars Hand #238468038979:  Hold'em No Limit ($0.02/$0.05 USD) - 2022/09/06 21:16:54 PT [2022/09/07 0:16:54 ET]
Table 'Margot II' 9-max Seat #2 is the button
Seat 2: enixblr ($5.25 in chips) 
Seat 3: r4yjz248 ($11.92 in chips) 
Seat 4: BluffOnTable ($5 in chips) 
Seat 5: Honorio65 ($4.76 in chips) 
Seat 6: Dorex2007 ($18.89 in chips) 
Seat 8: Cipriuri ($4.78 in chips) 
Seat 9: Helmuthstien ($6.45 in chips) 
r4yjz248: posts small blind $0.02
BluffOnTable: posts big blind $0.05
*** HOLE CARDS ***
Dealt to Dorex2007 [6h 8h]
Honorio65: calls $0.05
Dorex2007: folds 
Cipriuri: folds 
Helmuthstien: calls $0.05
enixblr: folds 
r4yjz248: folds 
BluffOnTable: checks 
*** FLOP *** [8s 9c 6s]
BluffOnTable: checks 
Honorio65: bets $0.16
Helmuthstien: calls $0.16
BluffOnTable: folds 
*** TURN *** [8s 9c 6s] [Jc]
Honorio65: bets $0.47
Helmuthstien: calls $0.47
*** RIVER *** [8s 9c 6s Jc] [3h]
Honorio65: bets $0.68
burro54 joins the table at seat #7 
Helmuthstien: raises $3.72 to $4.40
Honorio65: calls $3.40 and is all-in
Uncalled bet ($0.32) returned to Helmuthstien
*** SHOW DOWN ***
Helmuthstien: shows [Qs Tc] (a straight, Eight to Queen)
Honorio65: shows [Jh 7c] (a pair of Jacks)
Helmuthstien collected $9.19 from pot
*** SUMMARY ***
Total pot $9.59 | Rake $0.40 
Board [8s 9c 6s Jc 3h]
Seat 2: enixblr (button) folded before Flop (didn't bet)
Seat 3: r4yjz248 (small blind) folded before Flop
Seat 4: BluffOnTable (big blind) folded on the Flop
Seat 5: Honorio65 showed [Jh 7c] and lost with a pair of Jacks
Seat 6: Dorex2007 folded before Flop (didn't bet)
Seat 8: Cipriuri folded before Flop (didn't bet)
Seat 9: Helmuthstien showed [Qs Tc] and won ($9.19) with a straight, Eight to Queen



PokerStars Hand #238468049512:  Hold'em No Limit ($0.02/$0.05 USD) - 2022/09/06 21:18:17 PT [2022/09/07 0:18:17 ET]
Table 'Margot II' 9-max Seat #3 is the button
Seat 2: enixblr ($5.25 in chips) 
Seat 3: r4yjz248 ($11.90 in chips) 
Seat 4: BluffOnTable ($5 in chips) 
Seat 6: Dorex2007 ($18.89 in chips) 
Seat 8: Cipriuri ($4.78 in chips) 
Seat 9: Helmuthstien ($10.88 in chips) 
BluffOnTable: posts small blind $0.02
Dorex2007: posts big blind $0.05
burro54: sits out 
*** HOLE CARDS ***
Dealt to Dorex2007 [Qh Kh]
Cipriuri: raises $0.10 to $0.15
Helmuthstien: raises $0.20 to $0.35
enixblr: folds 
r4yjz248: folds 
BluffOnTable: folds 
Dorex2007: folds 
Cipriuri: calls $0.20
*** FLOP *** [Ac 9d 6h]
Cipriuri: checks 
Helmuthstien: checks 
*** TURN *** [Ac 9d 6h] [4d]
Cipriuri: bets $0.37
Helmuthstien: raises $0.37 to $0.74
Cipriuri: calls $0.37
*** RIVER *** [Ac 9d 6h 4d] [8d]
Cipriuri: checks 
Helmuthstien: bets $1.43
Cipriuri: calls $1.43
*** SHOW DOWN ***
Helmuthstien: shows [Ah Kd] (a pair of Aces)
Cipriuri: shows [8s As] (two pair, Aces and Eights)
Cipriuri collected $4.90 from pot
*** SUMMARY ***
Total pot $5.11 | Rake $0.21 
Board [Ac 9d 6h 4d 8d]
Seat 2: enixblr folded before Flop (didn't bet)
Seat 3: r4yjz248 (button) folded before Flop (didn't bet)
Seat 4: BluffOnTable (small blind) folded before Flop
Seat 6: Dorex2007 (big blind) folded before Flop
Seat 8: Cipriuri showed [8s As] and won ($4.90) with two pair, Aces and Eights
Seat 9: Helmuthstien showed [Ah Kd] and lost with a pair of Aces



PokerStars Hand #238468057470:  Hold'em No Limit ($0.02/$0.05 USD) - 2022/09/06 21:19:20 PT [2022/09/07 0:19:20 ET]
Table 'Margot II' 9-max Seat #4 is the button
Seat 2: enixblr ($5.25 in chips) 
Seat 3: r4yjz248 ($11.90 in chips) 
Seat 4: BluffOnTable ($5 in chips) 
Seat 6: Dorex2007 ($18.84 in chips) 
Seat 7: burro54 ($2 in chips) 
Seat 8: Cipriuri ($7.16 in chips) 
Seat 9: Helmuthstien ($8.36 in chips) 
Dorex2007: posts small blind $0.02
burro54: posts big blind $0.05
*** HOLE CARDS ***
Dealt to Dorex2007 [3d 3s]
Cipriuri: folds 
Helmuthstien: folds 
enixblr: folds 
r4yjz248: folds 
BluffOnTable: raises $0.10 to $0.15
Dorex2007: calls $0.13
burro54: calls $0.10
*** FLOP *** [6d 8h 5c]
Dorex2007: checks 
burro54: bets $0.43
BluffOnTable: raises $0.52 to $0.95
Dorex2007: folds 
burro54: folds 
Uncalled bet ($0.52) returned to BluffOnTable
BluffOnTable collected $1.26 from pot
BluffOnTable: doesn't show hand 
*** SUMMARY ***
Total pot $1.31 | Rake $0.05 
Board [6d 8h 5c]
Seat 2: enixblr folded before Flop (didn't bet)
Seat 3: r4yjz248 folded before Flop (didn't bet)
Seat 4: BluffOnTable (button) collected ($1.26)
Seat 6: Dorex2007 (small blind) folded on the Flop
Seat 7: burro54 (big blind) folded on the Flop
Seat 8: Cipriuri folded before Flop (didn't bet)
Seat 9: Helmuthstien folded before Flop (didn't bet)



PokerStars Hand #238468061731:  Hold'em No Limit ($0.02/$0.05 USD) - 2022/09/06 21:19:53 PT [2022/09/07 0:19:53 ET]
Table 'Margot II' 9-max Seat #6 is the button
Seat 2: enixblr ($5.25 in chips) 
Seat 3: r4yjz248 ($11.90 in chips) 
Seat 4: BluffOnTable ($5.68 in chips) 
Seat 6: Dorex2007 ($18.69 in chips) 
Seat 7: burro54 ($1.42 in chips) 
Seat 8: Cipriuri ($7.16 in chips) 
Seat 9: Helmuthstien ($8.36 in chips) 
burro54: posts small blind $0.02
Cipriuri: posts big blind $0.05
*** HOLE CARDS ***
Dealt to Dorex2007 [6s 7h]
Helmuthstien: raises $0.05 to $0.10
enixblr: folds 
r4yjz248: folds 
BluffOnTable: folds 
Dorex2007: folds 
Honorio65 leaves the table
enixblr leaves the table
enixblr joins the table at seat #1 
burro54: calls $0.08
Cipriuri: calls $0.05
*** FLOP *** [4s Td 9d]
burro54: bets $0.29
Cipriuri: calls $0.29
Helmuthstien: calls $0.29
*** TURN *** [4s Td 9d] [Jh]
burro54: checks 
Cipriuri: bets $0.56
Helmuthstien: raises $0.66 to $1.22
burro54: folds 
Cipriuri: calls $0.66
*** RIVER *** [4s Td 9d Jh] [Ad]
Cipriuri: bets $2.15
Helmuthstien: calls $2.15
*** SHOW DOWN ***
Cipriuri: shows [Js Qh] (a pair of Jacks)
Helmuthstien: shows [Kc Qd] (a straight, Ten to Ace)
Helmuthstien collected $7.58 from pot
*** SUMMARY ***
Total pot $7.91 | Rake $0.33 
Board [4s Td 9d Jh Ad]
Seat 2: enixblr folded before Flop (didn't bet)
Seat 3: r4yjz248 folded before Flop (didn't bet)
Seat 4: BluffOnTable folded before Flop (didn't bet)
Seat 6: Dorex2007 (button) folded before Flop (didn't bet)
Seat 7: burro54 (small blind) folded on the Turn
Seat 8: Cipriuri (big blind) showed [Js Qh] and lost with a pair of Jacks
Seat 9: Helmuthstien showed [Kc Qd] and won ($7.58) with a straight, Ten to Ace



PokerStars Hand #238468072409:  Hold'em No Limit ($0.02/$0.05 USD) - 2022/09/06 21:21:19 PT [2022/09/07 0:21:19 ET]
Table 'Margot II' 9-max Seat #7 is the button
Seat 3: r4yjz248 ($11.90 in chips) 
Seat 4: BluffOnTable ($5.68 in chips) 
Seat 6: Dorex2007 ($18.69 in chips) 
Seat 7: burro54 ($1.03 in chips) 
Seat 8: Cipriuri ($3.40 in chips) 
Seat 9: Helmuthstien ($12.18 in chips) 
Cipriuri: posts small blind $0.02
Helmuthstien: posts big blind $0.05
enixblr: sits out 
*** HOLE CARDS ***
Dealt to Dorex2007 [Tc 3s]
r4yjz248: folds 
BluffOnTable: raises $0.10 to $0.15
Dorex2007: folds 
burro54: calls $0.15
Cipriuri: folds 
Helmuthstien: calls $0.10
*** FLOP *** [4d 9d Ts]
Cipriuri leaves the table
Helmuthstien: checks 
BluffOnTable: checks 
burro54: bets $0.25
Helmuthstien: raises $0.40 to $0.65
BluffOnTable: folds 
burro54: calls $0.40
*** TURN *** [4d 9d Ts] [Js]
Helmuthstien: bets $0.85
burro54: calls $0.23 and is all-in
Uncalled bet ($0.62) returned to Helmuthstien
*** RIVER *** [4d 9d Ts Js] [7h]
*** SHOW DOWN ***
Helmuthstien: shows [Th Ks] (a pair of Tens)
burro54: shows [7s 6s] (a pair of Sevens)
Helmuthstien collected $2.14 from pot
burro54 cashed out the hand for $0.52 | Cash Out Fee $0.01
*** SUMMARY ***
Total pot $2.23 | Rake $0.09 
Board [4d 9d Ts Js 7h]
Seat 3: r4yjz248 folded before Flop (didn't bet)
Seat 4: BluffOnTable folded on the Flop
Seat 6: Dorex2007 folded before Flop (didn't bet)
Seat 7: burro54 (button) showed [7s 6s] and lost with a pair of Sevens (cashed out).
Seat 8: Cipriuri (small blind) folded before Flop
Seat 9: Helmuthstien (big blind) showed [Th Ks] and won ($2.14) with a pair of Tens



PokerStars Hand #238468079466:  Hold'em No Limit ($0.02/$0.05 USD) - 2022/09/06 21:22:17 PT [2022/09/07 0:22:17 ET]
Table 'Margot II' 9-max Seat #9 is the button
Seat 3: r4yjz248 ($11.90 in chips) 
Seat 4: BluffOnTable ($5.53 in chips) 
Seat 6: Dorex2007 ($18.69 in chips) 
Seat 7: burro54 ($0.52 in chips) 
Seat 9: Helmuthstien ($13.29 in chips) 
r4yjz248: posts small blind $0.02
BluffOnTable: posts big blind $0.05
*** HOLE CARDS ***
Dealt to Dorex2007 [Kc Qc]
Dorex2007: raises $0.10 to $0.15
burro54: raises $0.10 to $0.25
Helmuthstien: folds 
r4yjz248: folds 
BluffOnTable: folds 
Dorex2007: calls $0.10
*** FLOP *** [7s 7c 8d]
Dorex2007: bets $0.55
burro54: calls $0.27 and is all-in
Uncalled bet ($0.28) returned to Dorex2007
*** TURN *** [7s 7c 8d] [Kd]
*** RIVER *** [7s 7c 8d Kd] [4s]
*** SHOW DOWN ***
Dorex2007: shows [Kc Qc] (two pair, Kings and Sevens)
burro54: shows [Kh 5s] (two pair, Kings and Sevens - lower kicker)
Dorex2007 cashed out the hand for $0.83 | Cash Out Fee $0.01
burro54 cashed out the hand for $0.22
*** SUMMARY ***
Total pot $1.11 | Rake $0.05 
Board [7s 7c 8d Kd 4s]
Seat 3: r4yjz248 (small blind) folded before Flop
Seat 4: BluffOnTable (big blind) folded before Flop
Seat 6: Dorex2007 showed [Kc Qc] and won ($1.06) with two pair, Kings and Sevens (pot not awarded as player cashed out)
Seat 7: burro54 showed [Kh 5s] and lost with two pair, Kings and Sevens (cashed out).
Seat 9: Helmuthstien (button) folded before Flop (didn't bet)



PokerStars Hand #238468083900:  Hold'em No Limit ($0.02/$0.05 USD) - 2022/09/06 21:22:52 PT [2022/09/07 0:22:52 ET]
Table 'Margot II' 9-max Seat #3 is the button
Seat 3: r4yjz248 ($11.88 in chips) 
Seat 4: BluffOnTable ($5.48 in chips) 
Seat 6: Dorex2007 ($19 in chips) 
Seat 7: burro54 ($0.22 in chips) 
Seat 9: Helmuthstien ($13.29 in chips) 
BluffOnTable: posts small blind $0.02
Dorex2007: posts big blind $0.05
enixblr: sits out 
*** HOLE CARDS ***
Dealt to Dorex2007 [8c Td]
burro54: folds 
Helmuthstien: raises $0.10 to $0.15
r4yjz248: calls $0.15
BluffOnTable: raises $0.40 to $0.55
Dorex2007: folds 
Helmuthstien: calls $0.40
r4yjz248: folds 
*** FLOP *** [4h 2s Th]
Felipedavila13 joins the table at seat #2 
BluffOnTable: checks 
Helmuthstien: checks 
*** TURN *** [4h 2s Th] [6s]
BluffOnTable: bets $0.60
Helmuthstien: calls $0.60
*** RIVER *** [4h 2s Th 6s] [Kc]
BluffOnTable: checks 
Helmuthstien: checks 
*** SHOW DOWN ***
BluffOnTable: shows [Qh Qd] (a pair of Queens)
Helmuthstien: mucks hand 
BluffOnTable collected $2.40 from pot
*** SUMMARY ***
Total pot $2.50 | Rake $0.10 
Board [4h 2s Th 6s Kc]
Seat 3: r4yjz248 (button) folded before Flop
Seat 4: BluffOnTable (small blind) showed [Qh Qd] and won ($2.40) with a pair of Queens
Seat 6: Dorex2007 (big blind) folded before Flop
Seat 7: burro54 folded before Flop (didn't bet)
Seat 9: Helmuthstien mucked [7c 7d]



PokerStars Hand #238468088995:  Hold'em No Limit ($0.02/$0.05 USD) - 2022/09/06 21:23:34 PT [2022/09/07 0:23:34 ET]
Table 'Margot II' 9-max Seat #4 is the button
Seat 1: enixblr ($5.25 in chips) 
Seat 2: Felipedavila13 ($2 in chips) 
Seat 3: r4yjz248 ($11.73 in chips) 
Seat 4: BluffOnTable ($6.73 in chips) 
Seat 6: Dorex2007 ($18.95 in chips) 
Dorex2007: posts small blind $0.02
Helmuthstien: is sitting out 
enixblr: posts big blind $0.05
Felipedavila13: posts big blind $0.05
*** HOLE CARDS ***
Dealt to Dorex2007 [Ad Ts]
K.Yurka joins the table at seat #5 
Felipedavila13: raises $0.15 to $0.20
Helmuthstien leaves the table
r4yjz248: folds 
BluffOnTable: folds 
Dorex2007: folds 
enixblr: calls $0.15
*** FLOP *** [As Kh Ac]
enixblr: checks 
Felipedavila13: bets $0.20
enixblr: calls $0.20
*** TURN *** [As Kh Ac] [Qs]
enixblr: checks 
Felipedavila13: bets $0.20
Templar85 joins the table at seat #8 
enixblr: calls $0.20
*** RIVER *** [As Kh Ac Qs] [2h]
enixblr: checks 
Felipedavila13: checks 
*** SHOW DOWN ***
enixblr: shows [Kc Tc] (two pair, Aces and Kings)
Felipedavila13: mucks hand 
enixblr collected $1.17 from pot
*** SUMMARY ***
Total pot $1.22 | Rake $0.05 
Board [As Kh Ac Qs 2h]
Seat 1: enixblr (big blind) showed [Kc Tc] and won ($1.17) with two pair, Aces and Kings
Seat 2: Felipedavila13 mucked [Qc Jd]
Seat 3: r4yjz248 folded before Flop (didn't bet)
Seat 4: BluffOnTable (button) folded before Flop (didn't bet)
Seat 6: Dorex2007 (small blind) folded before Flop



PokerStars Hand #238468097997:  Hold'em No Limit ($0.02/$0.05 USD) - 2022/09/06 21:24:47 PT [2022/09/07 0:24:47 ET]
Table 'Margot II' 9-max Seat #6 is the button
Seat 1: enixblr ($5.82 in chips) 
Seat 2: Felipedavila13 ($1.40 in chips) 
Seat 3: r4yjz248 ($11.73 in chips) 
Seat 4: BluffOnTable ($6.73 in chips) 
Seat 6: Dorex2007 ($18.93 in chips) 
enixblr: posts small blind $0.02
Felipedavila13: posts big blind $0.05
K.Yurka: sits out 
*** HOLE CARDS ***
Dealt to Dorex2007 [2c Th]
r4yjz248: folds 
BluffOnTable: folds 
Dorex2007: folds 
enixblr: folds 
Uncalled bet ($0.03) returned to Felipedavila13
Felipedavila13 collected $0.04 from pot
*** SUMMARY ***
Total pot $0.04 | Rake $0 
Seat 1: enixblr (small blind) folded before Flop
Seat 2: Felipedavila13 (big blind) collected ($0.04)
Seat 3: r4yjz248 folded before Flop (didn't bet)
Seat 4: BluffOnTable folded before Flop (didn't bet)
Seat 6: Dorex2007 (button) folded before Flop (didn't bet)



PokerStars Hand #238468099397:  Hold'em No Limit ($0.02/$0.05 USD) - 2022/09/06 21:24:59 PT [2022/09/07 0:24:59 ET]
Table 'Margot II' 9-max Seat #1 is the button
Seat 1: enixblr ($5.80 in chips) 
Seat 2: Felipedavila13 ($1.42 in chips) 
Seat 3: r4yjz248 ($11.73 in chips) 
Seat 4: BluffOnTable ($6.73 in chips) 
Seat 6: Dorex2007 ($18.93 in chips) 
Felipedavila13: posts small blind $0.02
r4yjz248: posts big blind $0.05
K.Yurka: sits out 
burro54: sits out 
Templar85: sits out 
*** HOLE CARDS ***
Dealt to Dorex2007 [Ts 7h]
BluffOnTable: folds 
Dorex2007: folds 
enixblr: raises $0.05 to $0.10
Felipedavila13: raises $0.20 to $0.30
r4yjz248: raises $1.50 to $1.80
enixblr: folds 
Felipedavila13: calls $1.12 and is all-in
Uncalled bet ($0.38) returned to r4yjz248
*** FLOP *** [7d Kd 9h]
*** TURN *** [7d Kd 9h] [3s]
*** RIVER *** [7d Kd 9h 3s] [2d]
*** SHOW DOWN ***
Felipedavila13: shows [3c 3h] (three of a kind, Threes)
r4yjz248: shows [Ac Kc] (a pair of Kings)
Felipedavila13 collected $2.82 from pot
*** SUMMARY ***
Total pot $2.94 | Rake $0.12 
Board [7d Kd 9h 3s 2d]
Seat 1: enixblr (button) folded before Flop
Seat 2: Felipedavila13 (small blind) showed [3c 3h] and won ($2.82) with three of a kind, Threes
Seat 3: r4yjz248 (big blind) showed [Ac Kc] and lost with a pair of Kings
Seat 4: BluffOnTable folded before Flop (didn't bet)
Seat 6: Dorex2007 folded before Flop (didn't bet)



PokerStars Hand #238468106549:  Hold'em No Limit ($0.02/$0.05 USD) - 2022/09/06 21:25:56 PT [2022/09/07 0:25:56 ET]
Table 'Margot II' 9-max Seat #2 is the button
Seat 1: enixblr ($5.70 in chips) 
Seat 2: Felipedavila13 ($2.82 in chips) 
Seat 3: r4yjz248 ($10.31 in chips) 
Seat 4: BluffOnTable ($6.73 in chips) 
Seat 6: Dorex2007 ($18.93 in chips) 
r4yjz248: posts small blind $0.02
BluffOnTable: posts big blind $0.05
K.Yurka: sits out 
burro54: sits out 
Templar85: sits out 
*** HOLE CARDS ***
Dealt to Dorex2007 [5h Th]
Dorex2007: folds 
enixblr: folds 
enixblr leaves the table
Felipedavila13: calls $0.05
r4yjz248: folds 
BluffOnTable: checks 
*** FLOP *** [Jh Tc 9h]
BluffOnTable: checks 
Felipedavila13: bets $0.10
BluffOnTable: calls $0.10
*** TURN *** [Jh Tc 9h] [7d]
BluffOnTable: checks 
Felipedavila13: checks 
*** RIVER *** [Jh Tc 9h 7d] [Ts]
BluffOnTable: checks 
Felipedavila13: bets $0.35
BluffOnTable: folds 
Uncalled bet ($0.35) returned to Felipedavila13
Felipedavila13 collected $0.31 from pot
*** SUMMARY ***
Total pot $0.32 | Rake $0.01 
Board [Jh Tc 9h 7d Ts]
Seat 1: enixblr folded before Flop (didn't bet)
Seat 2: Felipedavila13 (button) collected ($0.31)
Seat 3: r4yjz248 (small blind) folded before Flop
Seat 4: BluffOnTable (big blind) folded on the River
Seat 6: Dorex2007 folded before Flop (didn't bet)



PokerStars Hand #238468112724:  Hold'em No Limit ($0.02/$0.05 USD) - 2022/09/06 21:26:45 PT [2022/09/07 0:26:45 ET]
Table 'Margot II' 9-max Seat #3 is the button
Seat 2: Felipedavila13 ($2.98 in chips) 
Seat 3: r4yjz248 ($10.29 in chips) 
Seat 4: BluffOnTable ($6.58 in chips) 
Seat 5: K.Yurka ($5 in chips) 
Seat 6: Dorex2007 ($18.93 in chips) 
BluffOnTable: posts small blind $0.02
K.Yurka: posts big blind $0.05
burro54: sits out 
Templar85: sits out 
*** HOLE CARDS ***
Dealt to Dorex2007 [7c 3c]
Dorex2007: folds 
Felipedavila13: calls $0.05
r4yjz248: folds 
BluffOnTable: folds 
MOONSP3LL joins the table at seat #9 
K.Yurka: checks 
*** FLOP *** [2c 3s Tc]
K.Yurka: checks 
Felipedavila13: checks 
*** TURN *** [2c 3s Tc] [5c]
K.Yurka: checks 
JustE97x joins the table at seat #1 
Felipedavila13: bets $0.20
K.Yurka: folds 
Uncalled bet ($0.20) returned to Felipedavila13
Felipedavila13 collected $0.12 from pot
*** SUMMARY ***
Total pot $0.12 | Rake $0 
Board [2c 3s Tc 5c]
Seat 2: Felipedavila13 collected ($0.12)
Seat 3: r4yjz248 (button) folded before Flop (didn't bet)
Seat 4: BluffOnTable (small blind) folded before Flop
Seat 5: K.Yurka (big blind) folded on the Turn
Seat 6: Dorex2007 folded before Flop (didn't bet)



PokerStars Hand #238468117937:  Hold'em No Limit ($0.02/$0.05 USD) - 2022/09/06 21:27:28 PT [2022/09/07 0:27:28 ET]
Table 'Margot II' 9-max Seat #4 is the button
Seat 2: Felipedavila13 ($3.05 in chips) 
Seat 3: r4yjz248 ($10.29 in chips) 
Seat 4: BluffOnTable ($6.56 in chips) 
Seat 5: K.Yurka ($5 in chips) 
Seat 6: Dorex2007 ($18.93 in chips) 
K.Yurka: posts small blind $0.02
Dorex2007: posts big blind $0.05
burro54: sits out 
Templar85: sits out 
MOONSP3LL: sits out 
JustE97x: sits out 
*** HOLE CARDS ***
Dealt to Dorex2007 [3d 9d]
Felipedavila13: folds 
r4yjz248: folds 
BluffOnTable: folds 
Templar85 leaves the table
K.Yurka: raises $0.07 to $0.12
Dorex2007: folds 
Uncalled bet ($0.07) returned to K.Yurka
K.Yurka collected $0.10 from pot
K.Yurka: doesn't show hand 
*** SUMMARY ***
Total pot $0.10 | Rake $0 
Seat 2: Felipedavila13 folded before Flop (didn't bet)
Seat 3: r4yjz248 folded before Flop (didn't bet)
Seat 4: BluffOnTable (button) folded before Flop (didn't bet)
Seat 5: K.Yurka (small blind) collected ($0.10)
Seat 6: Dorex2007 (big blind) folded before Flop



PokerStars Hand #238468119876:  Hold'em No Limit ($0.02/$0.05 USD) - 2022/09/06 21:27:43 PT [2022/09/07 0:27:43 ET]
Table 'Margot II' 9-max Seat #5 is the button
Seat 2: Felipedavila13 ($3.05 in chips) 
Seat 3: r4yjz248 ($10.29 in chips) 
Seat 4: BluffOnTable ($6.56 in chips) 
Seat 5: K.Yurka ($5.05 in chips) 
Seat 6: Dorex2007 ($18.88 in chips) 
Seat 7: burro54 ($2 in chips) 
Dorex2007: posts small blind $0.02
burro54: posts big blind $0.05
MOONSP3LL: sits out 
JustE97x: sits out 
*** HOLE CARDS ***
Dealt to Dorex2007 [4h 8h]
Felipedavila13: calls $0.05
r4yjz248: folds 
BluffOnTable: folds 
K.Yurka: calls $0.05
Dorex2007: folds 
burro54: checks 
*** FLOP *** [Kc 3h 8c]
burro54: checks 
Felipedavila13: checks 
K.Yurka: checks 
*** TURN *** [Kc 3h 8c] [7h]
burro54: bets $0.10
Felipedavila13: folds 
K.Yurka: folds 
Uncalled bet ($0.10) returned to burro54
burro54 collected $0.16 from pot
*** SUMMARY ***
Total pot $0.17 | Rake $0.01 
Board [Kc 3h 8c 7h]
Seat 2: Felipedavila13 folded on the Turn
Seat 3: r4yjz248 folded before Flop (didn't bet)
Seat 4: BluffOnTable folded before Flop (didn't bet)
Seat 5: K.Yurka (button) folded on the Turn
Seat 6: Dorex2007 (small blind) folded before Flop
Seat 7: burro54 (big blind) collected ($0.16)



PokerStars Hand #238468126762:  Hold'em No Limit ($0.02/$0.05 USD) - 2022/09/06 21:28:38 PT [2022/09/07 0:28:38 ET]
Table 'Margot II' 9-max Seat #6 is the button
Seat 2: Felipedavila13 ($3 in chips) 
Seat 3: r4yjz248 ($10.29 in chips) 
Seat 4: BluffOnTable ($6.56 in chips) 
Seat 5: K.Yurka ($5 in chips) 
Seat 6: Dorex2007 ($18.86 in chips) 
Seat 7: burro54 ($2.11 in chips) 
Seat 9: MOONSP3LL ($2 in chips) 
burro54: posts small blind $0.02
MOONSP3LL: posts big blind $0.05
JustE97x: sits out 
*** HOLE CARDS ***
Dealt to Dorex2007 [Kh 6c]
Felipedavila13: raises $0.20 to $0.25
r4yjz248: folds 
BluffOnTable: folds 
K.Yurka: folds 
Dorex2007: folds 
burro54: calls $0.23
MOONSP3LL: folds 
*** FLOP *** [5d 6s 8h]
burro54: bets $0.26
Felipedavila13: calls $0.26
*** TURN *** [5d 6s 8h] [2c]
burro54: bets $1.03
Felipedavila13: folds 
Uncalled bet ($1.03) returned to burro54
burro54 collected $1.03 from pot
*** SUMMARY ***
Total pot $1.07 | Rake $0.04 
Board [5d 6s 8h 2c]
Seat 2: Felipedavila13 folded on the Turn
Seat 3: r4yjz248 folded before Flop (didn't bet)
Seat 4: BluffOnTable folded before Flop (didn't bet)
Seat 5: K.Yurka folded before Flop (didn't bet)
Seat 6: Dorex2007 (button) folded before Flop (didn't bet)
Seat 7: burro54 (small blind) collected ($1.03)
Seat 9: MOONSP3LL (big blind) folded before Flop



PokerStars Hand #238468133047:  Hold'em No Limit ($0.02/$0.05 USD) - 2022/09/06 21:29:29 PT [2022/09/07 0:29:29 ET]
Table 'Margot II' 9-max Seat #7 is the button
Seat 2: Felipedavila13 ($2.49 in chips) 
Seat 3: r4yjz248 ($10.29 in chips) 
Seat 4: BluffOnTable ($6.56 in chips) 
Seat 5: K.Yurka ($5 in chips) 
Seat 6: Dorex2007 ($18.86 in chips) 
Seat 7: burro54 ($2.63 in chips) 
Seat 9: MOONSP3LL ($1.95 in chips) 
MOONSP3LL: posts small blind $0.02
JustE97x has timed out
JustE97x: is sitting out 
Felipedavila13: posts big blind $0.05
*** HOLE CARDS ***
Dealt to Dorex2007 [5s 6h]
r4yjz248: folds 
JustE97x is disconnected 
BluffOnTable: raises $0.10 to $0.15
K.Yurka: calls $0.15
Dorex2007: folds 
burro54: calls $0.15
MOONSP3LL: folds 
Felipedavila13: calls $0.10
*** FLOP *** [Kh 3c 5h]
Felipedavila13: bets $0.20
BluffOnTable: raises $0.35 to $0.55
K.Yurka: folds 
burro54: folds 
Felipedavila13: calls $0.35
*** TURN *** [Kh 3c 5h] [Qd]
Felipedavila13: checks 
BluffOnTable: checks 
*** RIVER *** [Kh 3c 5h Qd] [2h]
Felipedavila13: bets $1.79 and is all-in
Templar85 joins the table at seat #8 
BluffOnTable: folds 
Uncalled bet ($1.79) returned to Felipedavila13
Felipedavila13 collected $1.65 from pot
*** SUMMARY ***
Total pot $1.72 | Rake $0.07 
Board [Kh 3c 5h Qd 2h]
Seat 2: Felipedavila13 (big blind) collected ($1.65)
Seat 3: r4yjz248 folded before Flop (didn't bet)
Seat 4: BluffOnTable folded on the River
Seat 5: K.Yurka folded on the Flop
Seat 6: Dorex2007 folded before Flop (didn't bet)
Seat 7: burro54 (button) folded on the Flop
Seat 9: MOONSP3LL (small blind) folded before Flop



PokerStars Hand #238468144193:  Hold'em No Limit ($0.02/$0.05 USD) - 2022/09/06 21:31:00 PT [2022/09/07 0:31:00 ET]
Table 'Margot II' 9-max Seat #9 is the button
Seat 2: Felipedavila13 ($3.44 in chips) 
Seat 3: r4yjz248 ($10.29 in chips) 
Seat 4: BluffOnTable ($5.86 in chips) 
Seat 5: K.Yurka ($5 in chips) 
Seat 6: Dorex2007 ($18.86 in chips) 
Seat 7: burro54 ($2.48 in chips) 
Seat 9: MOONSP3LL ($1.93 in chips) 
Felipedavila13: posts small blind $0.02
r4yjz248: posts big blind $0.05
Templar85: sits out 
*** HOLE CARDS ***
Dealt to Dorex2007 [4c As]
BluffOnTable: folds 
K.Yurka: folds 
Dorex2007: folds 
burro54: calls $0.05
MOONSP3LL: folds 
Felipedavila13: calls $0.03
r4yjz248: checks 
*** FLOP *** [6d 3s Qd]
Felipedavila13: checks 
r4yjz248: checks 
burro54: bets $0.10
Felipedavila13: calls $0.10
r4yjz248: folds 
*** TURN *** [6d 3s Qd] [9d]
Felipedavila13: checks 
burro54: bets $0.34
Felipedavila13: folds 
Uncalled bet ($0.34) returned to burro54
burro54 collected $0.34 from pot
*** SUMMARY ***
Total pot $0.35 | Rake $0.01 
Board [6d 3s Qd 9d]
Seat 2: Felipedavila13 (small blind) folded on the Turn
Seat 3: r4yjz248 (big blind) folded on the Flop
Seat 4: BluffOnTable folded before Flop (didn't bet)
Seat 5: K.Yurka folded before Flop (didn't bet)
Seat 6: Dorex2007 folded before Flop (didn't bet)
Seat 7: burro54 collected ($0.34)
Seat 9: MOONSP3LL (button) folded before Flop (didn't bet)



PokerStars Hand #238468155295:  Hold'em No Limit ($0.02/$0.05 USD) - 2022/09/06 21:32:31 PT [2022/09/07 0:32:31 ET]
Table 'Margot II' 9-max Seat #2 is the button
Seat 1: JustE97x ($4 in chips) 
Seat 2: Felipedavila13 ($3.29 in chips) 
Seat 3: r4yjz248 ($10.24 in chips) 
Seat 4: BluffOnTable ($5.86 in chips) 
Seat 5: K.Yurka ($5 in chips) 
Seat 6: Dorex2007 ($18.86 in chips) 
Seat 7: burro54 ($2.67 in chips) 
Seat 9: MOONSP3LL ($1.93 in chips) 
r4yjz248: posts small blind $0.02
BluffOnTable: posts big blind $0.05
Templar85: sits out 
JustE97x: posts big blind $0.05
*** HOLE CARDS ***
Dealt to Dorex2007 [Ts Ac]
K.Yurka: folds 
Dorex2007: raises $0.05 to $0.10
burro54: folds 
MOONSP3LL: folds 
JustE97x: calls $0.05
Felipedavila13: calls $0.10
r4yjz248: folds 
BluffOnTable: calls $0.05
*** FLOP *** [Js Kh 6d]
BluffOnTable: checks 
Dorex2007: checks 
JustE97x: bets $0.05
Felipedavila13: calls $0.05
BluffOnTable: folds 
Dorex2007: calls $0.05
*** TURN *** [Js Kh 6d] [9h]
Dorex2007: checks 
JustE97x: bets $0.05
Felipedavila13: calls $0.05
Dorex2007: calls $0.05
*** RIVER *** [Js Kh 6d 9h] [9s]
Dorex2007: checks 
JustE97x is disconnected 
JustE97x is connected 
JustE97x: bets $0.05
Felipedavila13: raises $0.40 to $0.45
Dorex2007: folds 
JustE97x: raises $0.40 to $0.85
Felipedavila13: calls $0.40
*** SHOW DOWN ***
JustE97x: shows [6c Ah] (two pair, Nines and Sixes)
Felipedavila13: mucks hand 
JustE97x collected $2.32 from pot
*** SUMMARY ***
Total pot $2.42 | Rake $0.10 
Board [Js Kh 6d 9h 9s]
Seat 1: JustE97x showed [6c Ah] and won ($2.32) with two pair, Nines and Sixes
Seat 2: Felipedavila13 (button) mucked [4d 4s]
Seat 3: r4yjz248 (small blind) folded before Flop
Seat 4: BluffOnTable (big blind) folded on the Flop
Seat 5: K.Yurka folded before Flop (didn't bet)
Seat 6: Dorex2007 folded on the River
Seat 7: burro54 folded before Flop (didn't bet)
Seat 9: MOONSP3LL folded before Flop (didn't bet)



PokerStars Hand #238468171599:  Hold'em No Limit ($0.02/$0.05 USD) - 2022/09/06 21:34:47 PT [2022/09/07 0:34:47 ET]
Table 'Margot II' 9-max Seat #3 is the button
Seat 1: JustE97x ($5.27 in chips) 
Seat 2: Felipedavila13 ($2.24 in chips) 
Seat 3: r4yjz248 ($10.22 in chips) 
Seat 4: BluffOnTable ($5.76 in chips) 
Seat 5: K.Yurka ($5 in chips) 
Seat 6: Dorex2007 ($18.66 in chips) 
Seat 7: burro54 ($2.67 in chips) 
Seat 9: MOONSP3LL ($1.93 in chips) 
BluffOnTable: posts small blind $0.02
K.Yurka: posts big blind $0.05
Templar85: sits out 
*** HOLE CARDS ***
Dealt to Dorex2007 [Ad 5c]
Dorex2007: folds 
burro54: folds 
MOONSP3LL: folds 
JustE97x: calls $0.05
Felipedavila13: raises $0.25 to $0.30
r4yjz248: folds 
BluffOnTable: folds 
K.Yurka: folds 
JustE97x: calls $0.25
*** FLOP *** [Qd 9h 4h]
JustE97x: bets $0.05
Felipedavila13: calls $0.05
*** TURN *** [Qd 9h 4h] [3h]
JustE97x: checks 
Felipedavila13: bets $1.89 and is all-in
JustE97x: folds 
Uncalled bet ($1.89) returned to Felipedavila13
Felipedavila13 collected $0.74 from pot
*** SUMMARY ***
Total pot $0.77 | Rake $0.03 
Board [Qd 9h 4h 3h]
Seat 1: JustE97x folded on the Turn
Seat 2: Felipedavila13 collected ($0.74)
Seat 3: r4yjz248 (button) folded before Flop (didn't bet)
Seat 4: BluffOnTable (small blind) folded before Flop
Seat 5: K.Yurka (big blind) folded before Flop
Seat 6: Dorex2007 folded before Flop (didn't bet)
Seat 7: burro54 folded before Flop (didn't bet)
Seat 9: MOONSP3LL folded before Flop (didn't bet)



PokerStars Hand #238468176440:  Hold'em No Limit ($0.02/$0.05 USD) - 2022/09/06 21:35:28 PT [2022/09/07 0:35:28 ET]
Table 'Margot II' 9-max Seat #4 is the button
Seat 1: JustE97x ($4.92 in chips) 
Seat 2: Felipedavila13 ($2.63 in chips) 
Seat 3: r4yjz248 ($10.22 in chips) 
Seat 4: BluffOnTable ($5.74 in chips) 
Seat 5: K.Yurka ($5 in chips) 
Seat 6: Dorex2007 ($18.66 in chips) 
Seat 7: burro54 ($2.67 in chips) 
Seat 9: MOONSP3LL ($1.93 in chips) 
K.Yurka: posts small blind $0.02
Dorex2007: posts big blind $0.05
Templar85: sits out 
*** HOLE CARDS ***
Dealt to Dorex2007 [Jh 8s]
burro54: raises $0.05 to $0.10
MOONSP3LL: folds 
JustE97x: raises $0.05 to $0.15
Felipedavila13: calls $0.15
r4yjz248: folds 
BluffOnTable: calls $0.15
K.Yurka: folds 
Dorex2007: folds 
burro54: calls $0.05
*** FLOP *** [Ad 6h 4d]
burro54: checks 
JustE97x: bets $0.10
Felipedavila13: calls $0.10
BluffOnTable: calls $0.10
burro54: calls $0.10
*** TURN *** [Ad 6h 4d] [6s]
burro54: checks 
JustE97x: checks 
Felipedavila13: checks 
BluffOnTable: bets $0.50
burro54: folds 
JustE97x: folds 
Felipedavila13: folds 
Uncalled bet ($0.50) returned to BluffOnTable
BluffOnTable collected $1.03 from pot
BluffOnTable: doesn't show hand 
*** SUMMARY ***
Total pot $1.07 | Rake $0.04 
Board [Ad 6h 4d 6s]
Seat 1: JustE97x folded on the Turn
Seat 2: Felipedavila13 folded on the Turn
Seat 3: r4yjz248 folded before Flop (didn't bet)
Seat 4: BluffOnTable (button) collected ($1.03)
Seat 5: K.Yurka (small blind) folded before Flop
Seat 6: Dorex2007 (big blind) folded before Flop
Seat 7: burro54 folded on the Turn
Seat 9: MOONSP3LL folded before Flop (didn't bet)



PokerStars Hand #238468185116:  Hold'em No Limit ($0.02/$0.05 USD) - 2022/09/06 21:36:40 PT [2022/09/07 0:36:40 ET]
Table 'Margot II' 9-max Seat #5 is the button
Seat 1: JustE97x ($4.67 in chips) 
Seat 2: Felipedavila13 ($2.38 in chips) 
Seat 3: r4yjz248 ($10.22 in chips) 
Seat 4: BluffOnTable ($6.52 in chips) 
Seat 5: K.Yurka ($5 in chips) 
Seat 6: Dorex2007 ($18.61 in chips) 
Seat 7: burro54 ($2.42 in chips) 
Seat 9: MOONSP3LL ($1.93 in chips) 
Dorex2007: posts small blind $0.02
burro54: posts big blind $0.05
Templar85: sits out 
*** HOLE CARDS ***
Dealt to Dorex2007 [3c 9d]
MOONSP3LL: folds 
JustE97x: raises $0.05 to $0.10
Felipedavila13 has timed out
Felipedavila13: folds 
r4yjz248: calls $0.10
BluffOnTable: calls $0.10
K.Yurka: folds 
Dorex2007: folds 
burro54: calls $0.05
*** FLOP *** [Ks 8h Qc]
burro54: bets $0.40
JustE97x: raises $0.40 to $0.80
r4yjz248: folds 
BluffOnTable: folds 
burro54: folds 
Uncalled bet ($0.40) returned to JustE97x
JustE97x collected $1.17 from pot
JustE97x: doesn't show hand 
*** SUMMARY ***
Total pot $1.22 | Rake $0.05 
Board [Ks 8h Qc]
Seat 1: JustE97x collected ($1.17)
Seat 2: Felipedavila13 folded before Flop (didn't bet)
Seat 3: r4yjz248 folded on the Flop
Seat 4: BluffOnTable folded on the Flop
Seat 5: K.Yurka (button) folded before Flop (didn't bet)
Seat 6: Dorex2007 (small blind) folded before Flop
Seat 7: burro54 (big blind) folded on the Flop
Seat 9: MOONSP3LL folded before Flop (didn't bet)



PokerStars Hand #238468192731:  Hold'em No Limit ($0.02/$0.05 USD) - 2022/09/06 21:37:43 PT [2022/09/07 0:37:43 ET]
Table 'Margot II' 9-max Seat #6 is the button
Seat 1: JustE97x ($5.34 in chips) 
Seat 2: Felipedavila13 ($2.38 in chips) 
Seat 3: r4yjz248 ($10.12 in chips) 
Seat 4: BluffOnTable ($6.42 in chips) 
Seat 5: K.Yurka ($5 in chips) 
Seat 6: Dorex2007 ($18.59 in chips) 
Seat 7: burro54 ($1.92 in chips) 
Seat 8: Templar85 ($5 in chips) 
Seat 9: MOONSP3LL ($1.93 in chips) 
burro54: posts small blind $0.02
Templar85: posts big blind $0.05
*** HOLE CARDS ***
Dealt to Dorex2007 [Jc 6d]
MOONSP3LL: raises $0.05 to $0.10
JustE97x: raises $0.05 to $0.15
Felipedavila13: raises $0.25 to $0.40
r4yjz248: folds 
BluffOnTable: folds 
K.Yurka: folds 
Dorex2007: folds 
burro54: folds 
Templar85: folds 
MOONSP3LL: raises $1.53 to $1.93 and is all-in
JustE97x: folds 
Felipedavila13: calls $1.53
*** FLOP *** [Ad 7d 5d]
*** TURN *** [Ad 7d 5d] [9h]
*** RIVER *** [Ad 7d 5d 9h] [8c]
*** SHOW DOWN ***
MOONSP3LL: shows [3c 3s] (a pair of Threes)
Felipedavila13: shows [Qh Qs] (a pair of Queens)
Felipedavila13 collected $3.91 from pot
MOONSP3LL cashed out the hand for $0.72 | Cash Out Fee $0.01
*** SUMMARY ***
Total pot $4.08 | Rake $0.17 
Board [Ad 7d 5d 9h 8c]
Seat 1: JustE97x folded before Flop
Seat 2: Felipedavila13 showed [Qh Qs] and won ($3.91) with a pair of Queens
Seat 3: r4yjz248 folded before Flop (didn't bet)
Seat 4: BluffOnTable folded before Flop (didn't bet)
Seat 5: K.Yurka folded before Flop (didn't bet)
Seat 6: Dorex2007 (button) folded before Flop (didn't bet)
Seat 7: burro54 (small blind) folded before Flop
Seat 8: Templar85 (big blind) folded before Flop
Seat 9: MOONSP3LL showed [3c 3s] and lost with a pair of Threes (cashed out).



PokerStars Hand #238468199453:  Hold'em No Limit ($0.02/$0.05 USD) - 2022/09/06 21:38:39 PT [2022/09/07 0:38:39 ET]
Table 'Margot II' 9-max Seat #7 is the button
Seat 1: JustE97x ($5.19 in chips) 
Seat 2: Felipedavila13 ($4.36 in chips) 
Seat 3: r4yjz248 ($10.12 in chips) 
Seat 4: BluffOnTable ($6.42 in chips) 
Seat 5: K.Yurka ($5 in chips) 
Seat 6: Dorex2007 ($18.59 in chips) 
Seat 7: burro54 ($1.90 in chips) 
Seat 8: Templar85 ($5 in chips) 
Seat 9: MOONSP3LL ($0.72 in chips) 
Templar85: posts small blind $0.02
MOONSP3LL: posts big blind $0.05
*** HOLE CARDS ***
Dealt to Dorex2007 [9d 7d]
JustE97x: raises $0.05 to $0.10
Felipedavila13: folds 
r4yjz248: folds 
BluffOnTable: calls $0.10
K.Yurka: folds 
Dorex2007: folds 
burro54: calls $0.10
Templar85: folds 
MOONSP3LL: calls $0.05
*** FLOP *** [Qh Ad Kd]
MOONSP3LL: checks 
JustE97x: bets $0.20
BluffOnTable: calls $0.20
burro54: calls $0.20
MOONSP3LL: folds 
*** TURN *** [Qh Ad Kd] [Js]
JustE97x: bets $0.15
BluffOnTable: folds 
burro54: calls $0.15
*** RIVER *** [Qh Ad Kd Js] [9h]
JustE97x: bets $0.05
burro54: calls $0.05
*** SHOW DOWN ***
JustE97x: shows [Jc Jh] (three of a kind, Jacks)
burro54: mucks hand 
JustE97x collected $1.36 from pot
*** SUMMARY ***
Total pot $1.42 | Rake $0.06 
Board [Qh Ad Kd Js 9h]
Seat 1: JustE97x showed [Jc Jh] and won ($1.36) with three of a kind, Jacks
Seat 2: Felipedavila13 folded before Flop (didn't bet)
Seat 3: r4yjz248 folded before Flop (didn't bet)
Seat 4: BluffOnTable folded on the Turn
Seat 5: K.Yurka folded before Flop (didn't bet)
Seat 6: Dorex2007 folded before Flop (didn't bet)
Seat 7: burro54 (button) mucked [As 6c]
Seat 8: Templar85 (small blind) folded before Flop
Seat 9: MOONSP3LL (big blind) folded on the Flop



PokerStars Hand #238468206869:  Hold'em No Limit ($0.02/$0.05 USD) - 2022/09/06 21:39:41 PT [2022/09/07 0:39:41 ET]
Table 'Margot II' 9-max Seat #8 is the button
Seat 1: JustE97x ($6.05 in chips) 
Seat 2: Felipedavila13 ($4.36 in chips) 
Seat 3: r4yjz248 ($10.12 in chips) 
Seat 4: BluffOnTable ($6.12 in chips) 
Seat 5: K.Yurka ($5 in chips) 
Seat 6: Dorex2007 ($18.59 in chips) 
Seat 7: burro54 ($1.40 in chips) 
Seat 8: Templar85 ($5 in chips) 
Seat 9: MOONSP3LL ($0.62 in chips) 
MOONSP3LL: posts small blind $0.02
JustE97x: posts big blind $0.05
*** HOLE CARDS ***
Dealt to Dorex2007 [9h 4c]
Felipedavila13: raises $0.35 to $0.40
r4yjz248: folds 
BluffOnTable: folds 
K.Yurka: folds 
Dorex2007: folds 
burro54: calls $0.40
Templar85: folds 
MOONSP3LL: folds 
JustE97x: folds 
*** FLOP *** [2d 2h 5s]
Felipedavila13: bets $0.25
burro54: raises $0.75 to $1 and is all-in
Felipedavila13: calls $0.75
*** TURN *** [2d 2h 5s] [6d]
*** RIVER *** [2d 2h 5s 6d] [9s]
*** SHOW DOWN ***
Felipedavila13: shows [Ac Jd] (a pair of Deuces)
burro54: shows [Ad 3d] (a pair of Deuces - lower kicker)
Felipedavila13 collected $2.75 from pot
burro54 cashed out the hand for $1.07 | Cash Out Fee $0.01
*** SUMMARY ***
Total pot $2.87 | Rake $0.12 
Board [2d 2h 5s 6d 9s]
Seat 1: JustE97x (big blind) folded before Flop
Seat 2: Felipedavila13 showed [Ac Jd] and won ($2.75) with a pair of Deuces
Seat 3: r4yjz248 folded before Flop (didn't bet)
Seat 4: BluffOnTable folded before Flop (didn't bet)
Seat 5: K.Yurka folded before Flop (didn't bet)
Seat 6: Dorex2007 folded before Flop (didn't bet)
Seat 7: burro54 showed [Ad 3d] and lost with a pair of Deuces (cashed out).
Seat 8: Templar85 (button) folded before Flop (didn't bet)
Seat 9: MOONSP3LL (small blind) folded before Flop



PokerStars Hand #238468214012:  Hold'em No Limit ($0.02/$0.05 USD) - 2022/09/06 21:40:40 PT [2022/09/07 0:40:40 ET]
Table 'Margot II' 9-max Seat #9 is the button
Seat 1: JustE97x ($6 in chips) 
Seat 2: Felipedavila13 ($5.71 in chips) 
Seat 3: r4yjz248 ($10.12 in chips) 
Seat 4: BluffOnTable ($6.12 in chips) 
Seat 5: K.Yurka ($5 in chips) 
Seat 6: Dorex2007 ($18.59 in chips) 
Seat 7: burro54 ($1.07 in chips) 
Seat 8: Templar85 ($5 in chips) 
Seat 9: MOONSP3LL ($0.60 in chips) 
JustE97x: posts small blind $0.02
Felipedavila13: posts big blind $0.05
*** HOLE CARDS ***
Dealt to Dorex2007 [5h 2c]
r4yjz248: folds 
BluffOnTable: folds 
K.Yurka: folds 
Dorex2007: folds 
burro54: raises $0.12 to $0.17
Templar85: folds 
MOONSP3LL: folds 
JustE97x: raises $0.12 to $0.29
Felipedavila13: folds 
burro54: calls $0.12
*** FLOP *** [6s 4h 7h]
JustE97x: checks 
burro54: checks 
*** TURN *** [6s 4h 7h] [Js]
JustE97x: checks 
burro54: bets $0.60
JustE97x: calls $0.60
*** RIVER *** [6s 4h 7h Js] [Kd]
JustE97x: checks 
burro54: checks 
*** SHOW DOWN ***
JustE97x: shows [As 8d] (high card Ace)
burro54: shows [Ts Ac] (high card Ace - King+Jack+Ten kicker)
burro54 collected $1.75 from pot
*** SUMMARY ***
Total pot $1.83 | Rake $0.08 
Board [6s 4h 7h Js Kd]
Seat 1: JustE97x (small blind) showed [As 8d] and lost with high card Ace
Seat 2: Felipedavila13 (big blind) folded before Flop
Seat 3: r4yjz248 folded before Flop (didn't bet)
Seat 4: BluffOnTable folded before Flop (didn't bet)
Seat 5: K.Yurka folded before Flop (didn't bet)
Seat 6: Dorex2007 folded before Flop (didn't bet)
Seat 7: burro54 showed [Ts Ac] and won ($1.75) with high card Ace
Seat 8: Templar85 folded before Flop (didn't bet)
Seat 9: MOONSP3LL (button) folded before Flop (didn't bet)



PokerStars Hand #238468219464:  Hold'em No Limit ($0.02/$0.05 USD) - 2022/09/06 21:41:26 PT [2022/09/07 0:41:26 ET]
Table 'Margot II' 9-max Seat #1 is the button
Seat 1: JustE97x ($5.11 in chips) 
Seat 2: Felipedavila13 ($5.66 in chips) 
Seat 3: r4yjz248 ($10.12 in chips) 
Seat 4: BluffOnTable ($6.12 in chips) 
Seat 5: K.Yurka ($5 in chips) 
Seat 6: Dorex2007 ($18.59 in chips) 
Seat 7: burro54 ($1.93 in chips) 
Seat 8: Templar85 ($5 in chips) 
Seat 9: MOONSP3LL ($0.60 in chips) 
Felipedavila13: posts small blind $0.02
r4yjz248: posts big blind $0.05
*** HOLE CARDS ***
Dealt to Dorex2007 [Ac 5s]
BluffOnTable: folds 
K.Yurka: folds 
Dorex2007: folds 
burro54: folds 
Templar85: folds 
MOONSP3LL: folds 
JustE97x: calls $0.05
Felipedavila13: raises $0.25 to $0.30
r4yjz248: folds 
JustE97x: folds 
Uncalled bet ($0.25) returned to Felipedavila13
Felipedavila13 collected $0.15 from pot
*** SUMMARY ***
Total pot $0.15 | Rake $0 
Seat 1: JustE97x (button) folded before Flop
Seat 2: Felipedavila13 (small blind) collected ($0.15)
Seat 3: r4yjz248 (big blind) folded before Flop
Seat 4: BluffOnTable folded before Flop (didn't bet)
Seat 5: K.Yurka folded before Flop (didn't bet)
Seat 6: Dorex2007 folded before Flop (didn't bet)
Seat 7: burro54 folded before Flop (didn't bet)
Seat 8: Templar85 folded before Flop (didn't bet)
Seat 9: MOONSP3LL folded before Flop (didn't bet)



PokerStars Hand #238468222726:  Hold'em No Limit ($0.02/$0.05 USD) - 2022/09/06 21:41:54 PT [2022/09/07 0:41:54 ET]
Table 'Margot II' 9-max Seat #2 is the button
Seat 1: JustE97x ($5.06 in chips) 
Seat 2: Felipedavila13 ($5.76 in chips) 
Seat 3: r4yjz248 ($10.07 in chips) 
Seat 4: BluffOnTable ($6.12 in chips) 
Seat 5: K.Yurka ($5 in chips) 
Seat 6: Dorex2007 ($18.59 in chips) 
Seat 7: burro54 ($1.93 in chips) 
Seat 8: Templar85 ($5 in chips) 
Seat 9: MOONSP3LL ($0.60 in chips) 
r4yjz248: posts small blind $0.02
BluffOnTable: posts big blind $0.05
*** HOLE CARDS ***
Dealt to Dorex2007 [4h Qd]
K.Yurka: folds 
Dorex2007: folds 
burro54: folds 
Templar85: folds 
MOONSP3LL: folds 
JustE97x: folds 
Felipedavila13: calls $0.05
r4yjz248: folds 
BluffOnTable: checks 
*** FLOP *** [7c 3s 9s]
BluffOnTable: checks 
Felipedavila13: checks 
*** TURN *** [7c 3s 9s] [6h]
BluffOnTable: bets $0.10
Felipedavila13: calls $0.10
*** RIVER *** [7c 3s 9s 6h] [Ks]
BluffOnTable: checks 
Felipedavila13: bets $0.35
BluffOnTable: calls $0.35
*** SHOW DOWN ***
Felipedavila13: shows [5s Kh] (a pair of Kings)
BluffOnTable: shows [9h 9d] (three of a kind, Nines)
BluffOnTable collected $0.98 from pot
*** SUMMARY ***
Total pot $1.02 | Rake $0.04 
Board [7c 3s 9s 6h Ks]
Seat 1: JustE97x folded before Flop (didn't bet)
Seat 2: Felipedavila13 (button) showed [5s Kh] and lost with a pair of Kings
Seat 3: r4yjz248 (small blind) folded before Flop
Seat 4: BluffOnTable (big blind) showed [9h 9d] and won ($0.98) with three of a kind, Nines
Seat 5: K.Yurka folded before Flop (didn't bet)
Seat 6: Dorex2007 folded before Flop (didn't bet)
Seat 7: burro54 folded before Flop (didn't bet)
Seat 8: Templar85 folded before Flop (didn't bet)
Seat 9: MOONSP3LL folded before Flop (didn't bet)



PokerStars Hand #238468227862:  Hold'em No Limit ($0.02/$0.05 USD) - 2022/09/06 21:42:37 PT [2022/09/07 0:42:37 ET]
Table 'Margot II' 9-max Seat #3 is the button
Seat 1: JustE97x ($5.06 in chips) 
Seat 2: Felipedavila13 ($5.26 in chips) 
Seat 3: r4yjz248 ($10.05 in chips) 
Seat 4: BluffOnTable ($6.60 in chips) 
Seat 5: K.Yurka ($5 in chips) 
Seat 6: Dorex2007 ($18.59 in chips) 
Seat 7: burro54 ($1.93 in chips) 
Seat 8: Templar85 ($5 in chips) 
Seat 9: MOONSP3LL ($0.60 in chips) 
BluffOnTable: posts small blind $0.02
K.Yurka: posts big blind $0.05
*** HOLE CARDS ***
Dealt to Dorex2007 [As Qd]
Dorex2007: raises $0.10 to $0.15
burro54: folds 
Templar85: folds 
MOONSP3LL: folds 
JustE97x: folds 
Felipedavila13: folds 
r4yjz248: calls $0.15
BluffOnTable: folds 
K.Yurka: folds 
*** FLOP *** [4d Ad 4s]
Dorex2007: checks 
r4yjz248: bets $0.17
Dorex2007: calls $0.17
*** TURN *** [4d Ad 4s] [5h]
Dorex2007: checks 
r4yjz248: bets $0.34
Dorex2007: raises $0.57 to $0.91
r4yjz248: folds 
Uncalled bet ($0.57) returned to Dorex2007
Dorex2007 collected $1.33 from pot
Dorex2007: doesn't show hand 
*** SUMMARY ***
Total pot $1.39 | Rake $0.06 
Board [4d Ad 4s 5h]
Seat 1: JustE97x folded before Flop (didn't bet)
Seat 2: Felipedavila13 folded before Flop (didn't bet)
Seat 3: r4yjz248 (button) folded on the Turn
Seat 4: BluffOnTable (small blind) folded before Flop
Seat 5: K.Yurka (big blind) folded before Flop
Seat 6: Dorex2007 collected ($1.33)
Seat 7: burro54 folded before Flop (didn't bet)
Seat 8: Templar85 folded before Flop (didn't bet)
Seat 9: MOONSP3LL folded before Flop (didn't bet)



PokerStars Hand #238468235018:  Hold'em No Limit ($0.02/$0.05 USD) - 2022/09/06 21:43:39 PT [2022/09/07 0:43:39 ET]
Table 'Margot II' 9-max Seat #4 is the button
Seat 1: JustE97x ($5.06 in chips) 
Seat 2: Felipedavila13 ($5.26 in chips) 
Seat 3: r4yjz248 ($9.39 in chips) 
Seat 4: BluffOnTable ($6.58 in chips) 
Seat 5: K.Yurka ($5 in chips) 
Seat 6: Dorex2007 ($19.26 in chips) 
Seat 7: burro54 ($1.93 in chips) 
Seat 8: Templar85 ($5 in chips) 
Seat 9: MOONSP3LL ($0.60 in chips) 
K.Yurka: posts small blind $0.02
Dorex2007: posts big blind $0.05
*** HOLE CARDS ***
Dealt to Dorex2007 [Ah 8c]
burro54: folds 
Templar85: folds 
MOONSP3LL: folds 
JustE97x: folds 
Felipedavila13: raises $0.15 to $0.20
r4yjz248: folds 
BluffOnTable: folds 
K.Yurka: folds 
Dorex2007: folds 
Uncalled bet ($0.15) returned to Felipedavila13
Felipedavila13 collected $0.12 from pot
*** SUMMARY ***
Total pot $0.12 | Rake $0 
Seat 1: JustE97x folded before Flop (didn't bet)
Seat 2: Felipedavila13 collected ($0.12)
Seat 3: r4yjz248 folded before Flop (didn't bet)
Seat 4: BluffOnTable (button) folded before Flop (didn't bet)
Seat 5: K.Yurka (small blind) folded before Flop
Seat 6: Dorex2007 (big blind) folded before Flop
Seat 7: burro54 folded before Flop (didn't bet)
Seat 8: Templar85 folded before Flop (didn't bet)
Seat 9: MOONSP3LL folded before Flop (didn't bet)



PokerStars Hand #238468238553:  Hold'em No Limit ($0.02/$0.05 USD) - 2022/09/06 21:44:08 PT [2022/09/07 0:44:08 ET]
Table 'Margot II' 9-max Seat #5 is the button
Seat 1: JustE97x ($5.06 in chips) 
Seat 2: Felipedavila13 ($5.33 in chips) 
Seat 3: r4yjz248 ($9.39 in chips) 
Seat 4: BluffOnTable ($6.58 in chips) 
Seat 5: K.Yurka ($5 in chips) 
Seat 6: Dorex2007 ($19.21 in chips) 
Seat 7: burro54 ($1.93 in chips) 
Seat 8: Templar85 ($5 in chips) 
Seat 9: MOONSP3LL ($0.60 in chips) 
Dorex2007: posts small blind $0.02
burro54: posts big blind $0.05
*** HOLE CARDS ***
Dealt to Dorex2007 [5c 4h]
Templar85: raises $0.10 to $0.15
MOONSP3LL: folds 
JustE97x: folds 
Felipedavila13: folds 
r4yjz248: calls $0.15
BluffOnTable: folds 
K.Yurka: folds 
Dorex2007: folds 
burro54: calls $0.10
*** FLOP *** [As 6s Kd]
burro54: checks 
Templar85: bets $0.22
r4yjz248: calls $0.22
burro54: folds 
*** TURN *** [As 6s Kd] [Qh]
Templar85: bets $0.43
r4yjz248: calls $0.43
*** RIVER *** [As 6s Kd Qh] [3c]
Templar85: checks 
r4yjz248: checks 
*** SHOW DOWN ***
Templar85: shows [Ah Jh] (a pair of Aces)
r4yjz248: mucks hand 
Templar85 collected $1.70 from pot
*** SUMMARY ***
Total pot $1.77 | Rake $0.07 
Board [As 6s Kd Qh 3c]
Seat 1: JustE97x folded before Flop (didn't bet)
Seat 2: Felipedavila13 folded before Flop (didn't bet)
Seat 3: r4yjz248 mucked [Ac 8s]
Seat 4: BluffOnTable folded before Flop (didn't bet)
Seat 5: K.Yurka (button) folded before Flop (didn't bet)
Seat 6: Dorex2007 (small blind) folded before Flop
Seat 7: burro54 (big blind) folded on the Flop
Seat 8: Templar85 showed [Ah Jh] and won ($1.70) with a pair of Aces
Seat 9: MOONSP3LL folded before Flop (didn't bet)



PokerStars Hand #238468244125:  Hold'em No Limit ($0.02/$0.05 USD) - 2022/09/06 21:44:56 PT [2022/09/07 0:44:56 ET]
Table 'Margot II' 9-max Seat #6 is the button
Seat 1: JustE97x ($5.06 in chips) 
Seat 2: Felipedavila13 ($5.33 in chips) 
Seat 3: r4yjz248 ($8.59 in chips) 
Seat 4: BluffOnTable ($6.58 in chips) 
Seat 5: K.Yurka ($5 in chips) 
Seat 6: Dorex2007 ($19.19 in chips) 
Seat 7: burro54 ($1.78 in chips) 
Seat 9: MOONSP3LL ($0.60 in chips) 
burro54: posts small blind $0.02
Templar85: is sitting out 
MOONSP3LL: posts big blind $0.05
*** HOLE CARDS ***
Dealt to Dorex2007 [4s 7c]
JustE97x: folds 
Templar85 leaves the table
Felipedavila13: calls $0.05
r4yjz248: calls $0.05
BluffOnTable: calls $0.05
K.Yurka: folds 
Dorex2007: folds 
burro54: raises $0.40 to $0.45
MOONSP3LL: folds 
Felipedavila13: folds 
r4yjz248: folds 
BluffOnTable: folds 
Uncalled bet ($0.40) returned to burro54
burro54 collected $0.25 from pot
*** SUMMARY ***
Total pot $0.25 | Rake $0 
Seat 1: JustE97x folded before Flop (didn't bet)
Seat 2: Felipedavila13 folded before Flop
Seat 3: r4yjz248 folded before Flop
Seat 4: BluffOnTable folded before Flop
Seat 5: K.Yurka folded before Flop (didn't bet)
Seat 6: Dorex2007 (button) folded before Flop (didn't bet)
Seat 7: burro54 (small blind) collected ($0.25)
Seat 9: MOONSP3LL (big blind) folded before Flop



PokerStars Hand #238468248632:  Hold'em No Limit ($0.02/$0.05 USD) - 2022/09/06 21:45:35 PT [2022/09/07 0:45:35 ET]
Table 'Margot II' 9-max Seat #7 is the button
Seat 2: Felipedavila13 ($5.28 in chips) 
Seat 3: r4yjz248 ($8.54 in chips) 
Seat 4: BluffOnTable ($6.53 in chips) 
Seat 5: K.Yurka ($5 in chips) 
Seat 6: Dorex2007 ($19.19 in chips) 
Seat 7: burro54 ($1.98 in chips) 
Seat 9: MOONSP3LL ($0.55 in chips) 
MOONSP3LL: posts small blind $0.02
eclihan joins the table at seat #8 
JustE97x has timed out
JustE97x: is sitting out 
Felipedavila13: posts big blind $0.05
*** HOLE CARDS ***
Dealt to Dorex2007 [3h 6s]
r4yjz248: folds 
BluffOnTable: folds 
K.Yurka: raises $0.10 to $0.15
Dorex2007: folds 
burro54: calls $0.15
MOONSP3LL: folds 
Felipedavila13: calls $0.10
*** FLOP *** [3d Qd 8c]
Felipedavila13: bets $0.10
K.Yurka: folds 
r4yjz248 leaves the table
burro54: calls $0.10
*** TURN *** [3d Qd 8c] [Jd]
Felipedavila13: checks 
burro54: bets $0.32
Felipedavila13: raises $0.32 to $0.64
burro54: calls $0.32
*** RIVER *** [3d Qd 8c Jd] [As]
kitasniper joins the table at seat #3 
Felipedavila13: bets $4.39 and is all-in
burro54: folds 
Uncalled bet ($4.39) returned to Felipedavila13
Felipedavila13 collected $1.87 from pot
*** SUMMARY ***
Total pot $1.95 | Rake $0.08 
Board [3d Qd 8c Jd As]
Seat 2: Felipedavila13 (big blind) collected ($1.87)
Seat 3: r4yjz248 folded before Flop (didn't bet)
Seat 4: BluffOnTable folded before Flop (didn't bet)
Seat 5: K.Yurka folded on the Flop
Seat 6: Dorex2007 folded before Flop (didn't bet)
Seat 7: burro54 (button) folded on the River
Seat 9: MOONSP3LL (small blind) folded before Flop



PokerStars Hand #238468258008:  Hold'em No Limit ($0.02/$0.05 USD) - 2022/09/06 21:46:56 PT [2022/09/07 0:46:56 ET]
Table 'Margot II' 9-max Seat #2 is the button
Seat 1: JustE97x ($5.06 in chips) 
Seat 2: Felipedavila13 ($6.26 in chips) 
Seat 4: BluffOnTable ($6.53 in chips) 
Seat 5: K.Yurka ($5 in chips) 
Seat 6: Dorex2007 ($19.19 in chips) 
Seat 7: burro54 ($1.09 in chips) 
BluffOnTable: posts small blind $0.02
K.Yurka: posts big blind $0.05
eclihan: sits out 
JustE97x: posts big blind $0.05
*** HOLE CARDS ***
Dealt to Dorex2007 [7s 3h]
Dorex2007: folds 
burro54: raises $0.17 to $0.22
JustE97x: calls $0.17
Felipedavila13: folds 
Felipedavila13 leaves the table
BluffOnTable: calls $0.20
K.Yurka: folds 
*** FLOP *** [5h Ac 4c]
BluffOnTable: checks 
burro54: bets $0.68
JustE97x: calls $0.68
BluffOnTable: raises $5.63 to $6.31 and is all-in
burro54: calls $0.19 and is all-in
JustE97x: calls $4.16 and is all-in
Uncalled bet ($1.47) returned to BluffOnTable
*** TURN *** [5h Ac 4c] [8d]
*** RIVER *** [5h Ac 4c 8d] [5c]
*** SHOW DOWN ***
BluffOnTable: shows [8h Ah] (two pair, Aces and Eights)
JustE97x: shows [Qd 6d] (a pair of Fives)
BluffOnTable collected $7.61 from side pot
burro54: shows [5s Js] (three of a kind, Fives)
burro54 cashed out the hand for $0.57 | Cash Out Fee $0.01
*** SUMMARY ***
Total pot $11.26 Main pot $3.18. Side pot $7.61. | Rake $0.47 
Board [5h Ac 4c 8d 5c]
Seat 1: JustE97x showed [Qd 6d] and lost with a pair of Fives
Seat 2: Felipedavila13 (button) folded before Flop (didn't bet)
Seat 4: BluffOnTable (small blind) showed [8h Ah] and won ($7.61) with two pair, Aces and Eights
Seat 5: K.Yurka (big blind) folded before Flop
Seat 6: Dorex2007 folded before Flop (didn't bet)
Seat 7: burro54 showed [5s Js] and won ($3.18) with three of a kind, Fives (pot not awarded as player cashed out)



PokerStars Hand #238468266635:  Hold'em No Limit ($0.02/$0.05 USD) - 2022/09/06 21:48:10 PT [2022/09/07 0:48:10 ET]
Table 'Margot II' 9-max Seat #4 is the button
Seat 4: BluffOnTable ($9.08 in chips) 
Seat 5: K.Yurka ($5 in chips) 
Seat 6: Dorex2007 ($19.19 in chips) 
Seat 7: burro54 ($0.57 in chips) 
K.Yurka: posts small blind $0.02
Dorex2007: posts big blind $0.05
eclihan: sits out 
kitasniper: sits out 
*** HOLE CARDS ***
Dealt to Dorex2007 [4c Qc]
JustE97x leaves the table
burro54: folds 
BluffOnTable: raises $0.10 to $0.15
K.Yurka: folds 
Dorex2007: folds 
Uncalled bet ($0.10) returned to BluffOnTable
BluffOnTable collected $0.12 from pot
BluffOnTable: doesn't show hand 
*** SUMMARY ***
Total pot $0.12 | Rake $0 
Seat 4: BluffOnTable (button) collected ($0.12)
Seat 5: K.Yurka (small blind) folded before Flop
Seat 6: Dorex2007 (big blind) folded before Flop
Seat 7: burro54 folded before Flop (didn't bet)



PokerStars Hand #238468269102:  Hold'em No Limit ($0.02/$0.05 USD) - 2022/09/06 21:48:32 PT [2022/09/07 0:48:32 ET]
Table 'Margot II' 9-max Seat #5 is the button
Seat 3: kitasniper ($2.10 in chips) 
Seat 4: BluffOnTable ($9.15 in chips) 
Seat 5: K.Yurka ($5 in chips) 
Seat 6: Dorex2007 ($19.14 in chips) 
Seat 7: burro54 ($0.57 in chips) 
Dorex2007: posts small blind $0.02
burro54: posts big blind $0.05
eclihan: sits out 
kitasniper: posts big blind $0.05
*** HOLE CARDS ***
Dealt to Dorex2007 [Jc 7d]
kitasniper: checks 
BluffOnTable: folds 
K.Yurka: folds 
Dorex2007: folds 
burro54: raises $0.12 to $0.17
kitasniper: folds 
Uncalled bet ($0.12) returned to burro54
burro54 collected $0.12 from pot
*** SUMMARY ***
Total pot $0.12 | Rake $0 
Seat 3: kitasniper folded before Flop (didn't bet)
Seat 4: BluffOnTable folded before Flop (didn't bet)
Seat 5: K.Yurka (button) folded before Flop (didn't bet)
Seat 6: Dorex2007 (small blind) folded before Flop
Seat 7: burro54 (big blind) collected ($0.12)



PokerStars Hand #238468272081:  Hold'em No Limit ($0.02/$0.05 USD) - 2022/09/06 21:48:58 PT [2022/09/07 0:48:58 ET]
Table 'Margot II' 9-max Seat #6 is the button
Seat 3: kitasniper ($2.05 in chips) 
Seat 4: BluffOnTable ($9.15 in chips) 
Seat 5: K.Yurka ($5 in chips) 
Seat 6: Dorex2007 ($19.12 in chips) 
Seat 7: burro54 ($0.64 in chips) 
Seat 8: eclihan ($5 in chips) 
burro54: posts small blind $0.02
eclihan: posts big blind $0.05
*** HOLE CARDS ***
Dealt to Dorex2007 [Jh As]
kitasniper: calls $0.05
BluffOnTable: folds 
K.Yurka: folds 
Dorex2007: raises $0.05 to $0.10
burro54: calls $0.08
eclihan: folds 
kitasniper: raises $0.05 to $0.15
Dorex2007: calls $0.05
burro54: calls $0.05
*** FLOP *** [5h Kd 5s]
burro54: checks 
kitasniper: checks 
Dorex2007: checks 
*** TURN *** [5h Kd 5s] [Qh]
burro54: bets $0.24
kitasniper: raises $0.24 to $0.48
Dorex2007: folds 
burro54: folds 
Uncalled bet ($0.24) returned to kitasniper
kitasniper collected $0.94 from pot
kitasniper: doesn't show hand 
*** SUMMARY ***
Total pot $0.98 | Rake $0.04 
Board [5h Kd 5s Qh]
Seat 3: kitasniper collected ($0.94)
Seat 4: BluffOnTable folded before Flop (didn't bet)
Seat 5: K.Yurka folded before Flop (didn't bet)
Seat 6: Dorex2007 (button) folded on the Turn
Seat 7: burro54 (small blind) folded on the Turn
Seat 8: eclihan (big blind) folded before Flop



PokerStars Hand #238468279640:  Hold'em No Limit ($0.02/$0.05 USD) - 2022/09/06 21:50:04 PT [2022/09/07 0:50:04 ET]
Table 'Margot II' 9-max Seat #7 is the button
Seat 3: kitasniper ($2.60 in chips) 
Seat 4: BluffOnTable ($9.15 in chips) 
Seat 5: K.Yurka ($5 in chips) 
Seat 6: Dorex2007 ($18.97 in chips) 
Seat 7: burro54 ($0.25 in chips) 
Seat 8: eclihan ($5 in chips) 
eclihan: posts small blind $0.02
kitasniper: posts big blind $0.05
*** HOLE CARDS ***
Dealt to Dorex2007 [4s 3s]
BluffOnTable: folds 
K.Yurka: folds 
Dorex2007: folds 
burro54: raises $0.20 to $0.25 and is all-in
eclihan: folds 
kitasniper: calls $0.20
kitasniper has timed out
*** FLOP *** [Tc 5h 3h]
*** TURN *** [Tc 5h 3h] [Js]
*** RIVER *** [Tc 5h 3h Js] [Ah]
*** SHOW DOWN ***
kitasniper: shows [8s 8h] (a pair of Eights)
burro54: shows [Ks Th] (a pair of Tens)
burro54 collected $0.50 from pot
*** SUMMARY ***
Total pot $0.52 | Rake $0.02 
Board [Tc 5h 3h Js Ah]
Seat 3: kitasniper (big blind) showed [8s 8h] and lost with a pair of Eights
Seat 4: BluffOnTable folded before Flop (didn't bet)
Seat 5: K.Yurka folded before Flop (didn't bet)
Seat 6: Dorex2007 folded before Flop (didn't bet)
Seat 7: burro54 (button) showed [Ks Th] and won ($0.50) with a pair of Tens
Seat 8: eclihan (small blind) folded before Flop



PokerStars Hand #238468283912:  Hold'em No Limit ($0.02/$0.05 USD) - 2022/09/06 21:50:41 PT [2022/09/07 0:50:41 ET]
Table 'Margot II' 9-max Seat #8 is the button
Seat 3: kitasniper ($2.35 in chips) 
Seat 4: BluffOnTable ($9.15 in chips) 
Seat 5: K.Yurka ($5 in chips) 
Seat 6: Dorex2007 ($18.97 in chips) 
Seat 7: burro54 ($0.50 in chips) 
Seat 8: eclihan ($5 in chips) 
kitasniper: posts small blind $0.02
BluffOnTable: posts big blind $0.05
*** HOLE CARDS ***
Dealt to Dorex2007 [Ah 9c]
K.Yurka: folds 
Dorex2007: folds 
burro54: raises $0.05 to $0.10
eclihan: folds 
kitasniper: folds 
BedardM1978 joins the table at seat #1 
BluffOnTable: calls $0.05
*** FLOP *** [4s Jc 6s]
BluffOnTable: bets $4.70
burro54: calls $0.40 and is all-in
Uncalled bet ($4.30) returned to BluffOnTable
*** TURN *** [4s Jc 6s] [Td]
*** RIVER *** [4s Jc 6s Td] [Kc]
*** SHOW DOWN ***
BluffOnTable: shows [2d 4d] (a pair of Fours)
burro54: shows [2c 6c] (a pair of Sixes)
burro54 collected $0.98 from pot
*** SUMMARY ***
Total pot $1.02 | Rake $0.04 
Board [4s Jc 6s Td Kc]
Seat 3: kitasniper (small blind) folded before Flop
Seat 4: BluffOnTable (big blind) showed [2d 4d] and lost with a pair of Fours
Seat 5: K.Yurka folded before Flop (didn't bet)
Seat 6: Dorex2007 folded before Flop (didn't bet)
Seat 7: burro54 showed [2c 6c] and won ($0.98) with a pair of Sixes
Seat 8: eclihan (button) folded before Flop (didn't bet)



PokerStars Hand #238468288326:  Hold'em No Limit ($0.02/$0.05 USD) - 2022/09/06 21:51:19 PT [2022/09/07 0:51:19 ET]
Table 'Margot II' 9-max Seat #3 is the button
Seat 3: kitasniper ($2.33 in chips) 
Seat 4: BluffOnTable ($8.65 in chips) 
Seat 5: K.Yurka ($5 in chips) 
Seat 6: Dorex2007 ($18.97 in chips) 
Seat 7: burro54 ($0.98 in chips) 
Seat 8: eclihan ($5 in chips) 
Seat 9: MOONSP3LL ($0.53 in chips) 
BluffOnTable: posts small blind $0.02
K.Yurka: posts big blind $0.05
MOONSP3LL: posts small & big blinds $0.07
BedardM1978: sits out 
*** HOLE CARDS ***
Dealt to Dorex2007 [4h Jd]
Dorex2007: folds 
burro54: raises $0.05 to $0.10
eclihan: folds 
MOONSP3LL: calls $0.05
kitasniper: folds 
BluffOnTable: folds 
K.Yurka: folds 
*** FLOP *** [Td 2h Kd]
burro54: bets $0.15
MOONSP3LL: folds 
Uncalled bet ($0.15) returned to burro54
burro54 collected $0.28 from pot
*** SUMMARY ***
Total pot $0.29 | Rake $0.01 
Board [Td 2h Kd]
Seat 3: kitasniper (button) folded before Flop (didn't bet)
Seat 4: BluffOnTable (small blind) folded before Flop
Seat 5: K.Yurka (big blind) folded before Flop
Seat 6: Dorex2007 folded before Flop (didn't bet)
Seat 7: burro54 collected ($0.28)
Seat 8: eclihan folded before Flop (didn't bet)
Seat 9: MOONSP3LL folded on the Flop



PokerStars Hand #238468291230:  Hold'em No Limit ($0.02/$0.05 USD) - 2022/09/06 21:51:45 PT [2022/09/07 0:51:45 ET]
Table 'Margot II' 9-max Seat #4 is the button
Seat 3: kitasniper ($2.33 in chips) 
Seat 4: BluffOnTable ($8.63 in chips) 
Seat 5: K.Yurka ($5 in chips) 
Seat 6: Dorex2007 ($18.97 in chips) 
Seat 7: burro54 ($1.16 in chips) 
Seat 8: eclihan ($5 in chips) 
Seat 9: MOONSP3LL ($0.41 in chips) 
K.Yurka: posts small blind $0.02
Dorex2007: posts big blind $0.05
BedardM1978: sits out 
*** HOLE CARDS ***
Dealt to Dorex2007 [Jc Qs]
burro54: raises $0.05 to $0.10
eclihan: folds 
MOONSP3LL: raises $0.31 to $0.41 and is all-in
kitasniper: calls $0.41
BluffOnTable: folds 
K.Yurka: folds 
Dorex2007: folds 
burro54: calls $0.31
*** FLOP *** [Ah Ac Qc]
alfcapone87 joins the table at seat #2 
burro54: checks 
kitasniper: bets $0.05
burro54: calls $0.05
*** TURN *** [Ah Ac Qc] [Td]
burro54: checks 
kitasniper: bets $0.65
burro54: folds 
Uncalled bet ($0.65) returned to kitasniper
*** RIVER *** [Ah Ac Qc Td] [6h]
*** SHOW DOWN ***
kitasniper: shows [7c 7d] (two pair, Aces and Sevens)
MOONSP3LL: shows [Th Qd] (two pair, Aces and Queens)
MOONSP3LL collected $1.24 from main pot
kitasniper cashed out the hand for $0.14
*** SUMMARY ***
Total pot $1.40 Main pot $1.24. Side pot $0.09. | Rake $0.07 
Board [Ah Ac Qc Td 6h]
Seat 3: kitasniper showed [7c 7d] and won ($0.09) with two pair, Aces and Sevens (pot not awarded as player cashed out)
Seat 4: BluffOnTable (button) folded before Flop (didn't bet)
Seat 5: K.Yurka (small blind) folded before Flop
Seat 6: Dorex2007 (big blind) folded before Flop
Seat 7: burro54 folded on the Turn
Seat 8: eclihan folded before Flop (didn't bet)
Seat 9: MOONSP3LL showed [Th Qd] and won ($1.24) with two pair, Aces and Queens



PokerStars Hand #238468299976:  Hold'em No Limit ($0.02/$0.05 USD) - 2022/09/06 21:53:02 PT [2022/09/07 0:53:02 ET]
Table 'Margot II' 9-max Seat #5 is the button
Seat 3: kitasniper ($2.01 in chips) 
Seat 4: BluffOnTable ($8.63 in chips) 
Seat 5: K.Yurka ($5 in chips) 
Seat 6: Dorex2007 ($18.92 in chips) 
Seat 7: burro54 ($0.70 in chips) 
Seat 8: eclihan ($5 in chips) 
Seat 9: MOONSP3LL ($1.24 in chips) 
Dorex2007: posts small blind $0.02
burro54: posts big blind $0.05
BedardM1978: sits out 
alfcapone87: sits out 
*** HOLE CARDS ***
Dealt to Dorex2007 [Jc 3d]
eclihan: folds 
MOONSP3LL: folds 
kitasniper: calls $0.05
BluffOnTable: folds 
K.Yurka: folds 
Dorex2007: folds 
burro54: raises $0.12 to $0.17
kitasniper: raises $0.12 to $0.29
burro54: calls $0.12
*** FLOP *** [8s 2c Kc]
burro54: checks 
kitasniper: bets $0.58
burro54: folds 
Uncalled bet ($0.58) returned to kitasniper
kitasniper collected $0.58 from pot
kitasniper: doesn't show hand 
*** SUMMARY ***
Total pot $0.60 | Rake $0.02 
Board [8s 2c Kc]
Seat 3: kitasniper collected ($0.58)
Seat 4: BluffOnTable folded before Flop (didn't bet)
Seat 5: K.Yurka (button) folded before Flop (didn't bet)
Seat 6: Dorex2007 (small blind) folded before Flop
Seat 7: burro54 (big blind) folded on the Flop
Seat 8: eclihan folded before Flop (didn't bet)
Seat 9: MOONSP3LL folded before Flop (didn't bet)



PokerStars Hand #238468306984:  Hold'em No Limit ($0.02/$0.05 USD) - 2022/09/06 21:54:04 PT [2022/09/07 0:54:04 ET]
Table 'Margot II' 9-max Seat #6 is the button
Seat 3: kitasniper ($2.30 in chips) 
Seat 4: BluffOnTable ($8.63 in chips) 
Seat 5: K.Yurka ($5 in chips) 
Seat 6: Dorex2007 ($18.90 in chips) 
Seat 7: burro54 ($0.41 in chips) 
Seat 8: eclihan ($5 in chips) 
Seat 9: MOONSP3LL ($1.24 in chips) 
burro54: posts small blind $0.02
eclihan: posts big blind $0.05
BedardM1978: sits out 
alfcapone87: sits out 
*** HOLE CARDS ***
Dealt to Dorex2007 [Qd 2c]
MOONSP3LL: folds 
kitasniper: folds 
BluffOnTable: folds 
K.Yurka: folds 
Dorex2007: folds 
burro54: raises $0.10 to $0.15
eclihan: folds 
Uncalled bet ($0.10) returned to burro54
burro54 collected $0.10 from pot
*** SUMMARY ***
Total pot $0.10 | Rake $0 
Seat 3: kitasniper folded before Flop (didn't bet)
Seat 4: BluffOnTable folded before Flop (didn't bet)
Seat 5: K.Yurka folded before Flop (didn't bet)
Seat 6: Dorex2007 (button) folded before Flop (didn't bet)
Seat 7: burro54 (small blind) collected ($0.10)
Seat 8: eclihan (big blind) folded before Flop
Seat 9: MOONSP3LL folded before Flop (didn't bet)



PokerStars Hand #238468309656:  Hold'em No Limit ($0.02/$0.05 USD) - 2022/09/06 21:54:28 PT [2022/09/07 0:54:28 ET]
Table 'Margot II' 9-max Seat #7 is the button
Seat 3: kitasniper ($2.30 in chips) 
Seat 4: BluffOnTable ($8.63 in chips) 
Seat 5: K.Yurka ($5 in chips) 
Seat 6: Dorex2007 ($18.90 in chips) 
Seat 7: burro54 ($0.46 in chips) 
Seat 8: eclihan ($5 in chips) 
Seat 9: MOONSP3LL ($1.24 in chips) 
eclihan: posts small blind $0.02
MOONSP3LL: posts big blind $0.05
BedardM1978: sits out 
alfcapone87: sits out 
*** HOLE CARDS ***
Dealt to Dorex2007 [8c 4h]
kitasniper: folds 
BluffOnTable: raises $0.10 to $0.15
K.Yurka: folds 
Dorex2007: folds 
burro54: calls $0.15
eclihan: folds 
MOONSP3LL: folds 
*** FLOP *** [7d 2d 8s]
BluffOnTable: checks 
burro54: bets $0.31 and is all-in
BluffOnTable: calls $0.31
*** TURN *** [7d 2d 8s] [9d]
*** RIVER *** [7d 2d 8s 9d] [Ad]
*** SHOW DOWN ***
BluffOnTable: shows [Kh Ah] (a pair of Aces)
burro54: shows [Jh Kd] (a flush, Ace high)
burro54 collected $0.95 from pot
BluffOnTable cashed out the hand for $0.78 | Cash Out Fee $0.01
*** SUMMARY ***
Total pot $0.99 | Rake $0.04 
Board [7d 2d 8s 9d Ad]
Seat 3: kitasniper folded before Flop (didn't bet)
Seat 4: BluffOnTable showed [Kh Ah] and lost with a pair of Aces (cashed out).
Seat 5: K.Yurka folded before Flop (didn't bet)
Seat 6: Dorex2007 folded before Flop (didn't bet)
Seat 7: burro54 (button) showed [Jh Kd] and won ($0.95) with a flush, Ace high
Seat 8: eclihan (small blind) folded before Flop
Seat 9: MOONSP3LL (big blind) folded before Flop



PokerStars Hand #238468317160:  Hold'em No Limit ($0.02/$0.05 USD) - 2022/09/06 21:55:37 PT [2022/09/07 0:55:37 ET]
Table 'Margot II' 9-max Seat #8 is the button
Seat 1: BedardM1978 ($2 in chips) 
Seat 3: kitasniper ($2.30 in chips) 
Seat 4: BluffOnTable ($8.95 in chips) 
Seat 5: K.Yurka ($5 in chips) 
Seat 6: Dorex2007 ($18.90 in chips) 
Seat 7: burro54 ($0.95 in chips) 
Seat 8: eclihan ($5 in chips) 
Seat 9: MOONSP3LL ($1.19 in chips) 
MOONSP3LL: posts small blind $0.02
BedardM1978: posts big blind $0.05
alfcapone87: sits out 
*** HOLE CARDS ***
Dealt to Dorex2007 [8s 2s]
kitasniper: calls $0.05
BluffOnTable: folds 
K.Yurka: folds 
Dorex2007: folds 
burro54: folds 
eclihan: folds 
MOONSP3LL: calls $0.03
BedardM1978: checks 
*** FLOP *** [Qs Js Th]
MOONSP3LL: bets $0.09
BedardM1978: calls $0.09
kitasniper: raises $0.09 to $0.18
MOONSP3LL: raises $0.44 to $0.62
BedardM1978: folds 
kitasniper: calls $0.44
*** TURN *** [Qs Js Th] [9d]
MOONSP3LL: bets $0.52 and is all-in
kitasniper: calls $0.52
*** RIVER *** [Qs Js Th 9d] [4c]
*** SHOW DOWN ***
MOONSP3LL: shows [9s 8h] (a straight, Eight to Queen)
kitasniper: shows [2d Ad] (high card Ace)
MOONSP3LL collected $2.40 from pot
*** SUMMARY ***
Total pot $2.52 | Rake $0.12 
Board [Qs Js Th 9d 4c]
Seat 1: BedardM1978 (big blind) folded on the Flop
Seat 3: kitasniper showed [2d Ad] and lost with high card Ace
Seat 4: BluffOnTable folded before Flop (didn't bet)
Seat 5: K.Yurka folded before Flop (didn't bet)
Seat 6: Dorex2007 folded before Flop (didn't bet)
Seat 7: burro54 folded before Flop (didn't bet)
Seat 8: eclihan (button) folded before Flop (didn't bet)
Seat 9: MOONSP3LL (small blind) showed [9s 8h] and won ($2.40) with a straight, Eight to Queen



PokerStars Hand #238468326437:  Hold'em No Limit ($0.02/$0.05 USD) - 2022/09/06 21:57:12 PT [2022/09/07 0:57:12 ET]
Table 'Margot II' 9-max Seat #9 is the button
Seat 1: BedardM1978 ($1.86 in chips) 
Seat 2: alfcapone87 ($12.14 in chips) 
Seat 3: kitasniper ($1.11 in chips) 
Seat 4: BluffOnTable ($8.95 in chips) 
Seat 5: K.Yurka ($5 in chips) 
Seat 6: Dorex2007 ($18.90 in chips) 
Seat 7: burro54 ($0.95 in chips) 
Seat 8: eclihan ($5 in chips) 
Seat 9: MOONSP3LL ($2.40 in chips) 
BedardM1978: posts small blind $0.02
alfcapone87: posts big blind $0.05
*** HOLE CARDS ***
Dealt to Dorex2007 [5h Qd]
kitasniper: folds 
BluffOnTable: folds 
K.Yurka: raises $0.10 to $0.15
Dorex2007: folds 
burro54: folds 
eclihan: folds 
MOONSP3LL: folds 
BedardM1978: folds 
alfcapone87: calls $0.10
*** FLOP *** [Kc Kh Ah]
alfcapone87: checks 
K.Yurka: bets $0.16
alfcapone87: calls $0.16
*** TURN *** [Kc Kh Ah] [3d]
alfcapone87: checks 
K.Yurka: bets $0.31
alfcapone87: calls $0.31
*** RIVER *** [Kc Kh Ah 3d] [Js]
alfcapone87: checks 
K.Yurka: checks 
*** SHOW DOWN ***
alfcapone87: shows [4d Ad] (two pair, Aces and Kings)
K.Yurka: mucks hand 
alfcapone87 collected $1.21 from pot
*** SUMMARY ***
Total pot $1.26 | Rake $0.05 
Board [Kc Kh Ah 3d Js]
Seat 1: BedardM1978 (small blind) folded before Flop
Seat 2: alfcapone87 (big blind) showed [4d Ad] and won ($1.21) with two pair, Aces and Kings
Seat 3: kitasniper folded before Flop (didn't bet)
Seat 4: BluffOnTable folded before Flop (didn't bet)
Seat 5: K.Yurka mucked [6h 6s]
Seat 6: Dorex2007 folded before Flop (didn't bet)
Seat 7: burro54 folded before Flop (didn't bet)
Seat 8: eclihan folded before Flop (didn't bet)
Seat 9: MOONSP3LL (button) folded before Flop (didn't bet)



PokerStars Hand #238468331510:  Hold'em No Limit ($0.02/$0.05 USD) - 2022/09/06 21:58:04 PT [2022/09/07 0:58:04 ET]
Table 'Margot II' 9-max Seat #1 is the button
Seat 1: BedardM1978 ($1.84 in chips) 
Seat 2: alfcapone87 ($12.73 in chips) 
Seat 3: kitasniper ($1.11 in chips) 
Seat 4: BluffOnTable ($8.95 in chips) 
Seat 5: K.Yurka ($5 in chips) 
Seat 6: Dorex2007 ($18.90 in chips) 
Seat 7: burro54 ($0.95 in chips) 
Seat 8: eclihan ($5 in chips) 
Seat 9: MOONSP3LL ($2.40 in chips) 
alfcapone87: posts small blind $0.02
kitasniper: posts big blind $0.05
*** HOLE CARDS ***
Dealt to Dorex2007 [Kc 9s]
BluffOnTable: folds 
K.Yurka: folds 
Dorex2007: folds 
burro54: raises $0.12 to $0.17
eclihan: folds 
MOONSP3LL: raises $0.41 to $0.58
BedardM1978: folds 
alfcapone87: folds 
kitasniper: calls $0.53
burro54: calls $0.41
*** FLOP *** [Ah 3c 2s]
kitasniper: bets $0.05
burro54: calls $0.05
MOONSP3LL: raises $0.90 to $0.95
kitasniper: calls $0.48 and is all-in
burro54: calls $0.32 and is all-in
Uncalled bet ($0.42) returned to MOONSP3LL
*** TURN *** [Ah 3c 2s] [5h]
*** RIVER *** [Ah 3c 2s 5h] [2c]
*** SHOW DOWN ***
kitasniper: shows [Qs Tc] (a pair of Deuces)
MOONSP3LL: shows [Kd Ac] (two pair, Aces and Deuces)
MOONSP3LL collected $0.31 from side pot
burro54: shows [Qc 5s] (two pair, Fives and Deuces)
MOONSP3LL collected $2.72 from main pot
*** SUMMARY ***
Total pot $3.19 Main pot $2.72. Side pot $0.31. | Rake $0.16 
Board [Ah 3c 2s 5h 2c]
Seat 1: BedardM1978 (button) folded before Flop (didn't bet)
Seat 2: alfcapone87 (small blind) folded before Flop
Seat 3: kitasniper (big blind) showed [Qs Tc] and lost with a pair of Deuces
Seat 4: BluffOnTable folded before Flop (didn't bet)
Seat 5: K.Yurka folded before Flop (didn't bet)
Seat 6: Dorex2007 folded before Flop (didn't bet)
Seat 7: burro54 showed [Qc 5s] and lost with two pair, Fives and Deuces
Seat 8: eclihan folded before Flop (didn't bet)
Seat 9: MOONSP3LL showed [Kd Ac] and won ($3.03) with two pair, Aces and Deuces



PokerStars Hand #238468340007:  Hold'em No Limit ($0.02/$0.05 USD) - 2022/09/06 21:59:31 PT [2022/09/07 0:59:31 ET]
Table 'Margot II' 9-max Seat #2 is the button
Seat 1: BedardM1978 ($1.84 in chips) 
Seat 2: alfcapone87 ($12.71 in chips) 
Seat 4: BluffOnTable ($8.95 in chips) 
Seat 5: K.Yurka ($5 in chips) 
Seat 6: Dorex2007 ($18.90 in chips) 
Seat 8: eclihan ($5 in chips) 
Seat 9: MOONSP3LL ($4.32 in chips) 
BluffOnTable: posts small blind $0.02
K.Yurka: posts big blind $0.05
*** HOLE CARDS ***
Dealt to Dorex2007 [3c 9d]
Dorex2007: folds 
eclihan: folds 
MOONSP3LL: folds 
BedardM1978: calls $0.05
alfcapone87: folds 
kitasniper leaves the table
BluffOnTable: calls $0.03
K.Yurka: checks 
*** FLOP *** [2c Kd Ac]
KOCETO_1992 joins the table at seat #3 
BluffOnTable: checks 
K.Yurka: checks 
BedardM1978: checks 
*** TURN *** [2c Kd Ac] [Td]
BluffOnTable: checks 
K.Yurka: checks 
BedardM1978: bets $0.25
BluffOnTable: folds 
K.Yurka: folds 
Uncalled bet ($0.25) returned to BedardM1978
BedardM1978 collected $0.14 from pot
BedardM1978: doesn't show hand 
*** SUMMARY ***
Total pot $0.15 | Rake $0.01 
Board [2c Kd Ac Td]
Seat 1: BedardM1978 collected ($0.14)
Seat 2: alfcapone87 (button) folded before Flop (didn't bet)
Seat 4: BluffOnTable (small blind) folded on the Turn
Seat 5: K.Yurka (big blind) folded on the Turn
Seat 6: Dorex2007 folded before Flop (didn't bet)
Seat 8: eclihan folded before Flop (didn't bet)
Seat 9: MOONSP3LL folded before Flop (didn't bet)



PokerStars Hand #238468346088:  Hold'em No Limit ($0.02/$0.05 USD) - 2022/09/06 22:00:31 PT [2022/09/07 1:00:31 ET]
Table 'Margot II' 9-max Seat #4 is the button
Seat 1: BedardM1978 ($1.93 in chips) 
Seat 2: alfcapone87 ($12.71 in chips) 
Seat 3: KOCETO_1992 ($4 in chips) 
Seat 4: BluffOnTable ($8.90 in chips) 
Seat 5: K.Yurka ($5 in chips) 
Seat 6: Dorex2007 ($18.90 in chips) 
Seat 7: burro54 ($4 in chips) 
Seat 8: eclihan ($5 in chips) 
Seat 9: MOONSP3LL ($4.32 in chips) 
K.Yurka: posts small blind $0.02
Dorex2007: posts big blind $0.05
KOCETO_1992: posts big blind $0.05
*** HOLE CARDS ***
Dealt to Dorex2007 [8c 4d]
burro54: raises $0.17 to $0.22
eclihan: folds 
MOONSP3LL: calls $0.22
BedardM1978: folds 
alfcapone87: folds 
KOCETO_1992: folds 
BluffOnTable: folds 
K.Yurka: folds 
Dorex2007: folds 
*** FLOP *** [7s 8s Qd]
burro54: bets $0.54
MOONSP3LL: raises $1.11 to $1.65
burro54: calls $1.11
*** TURN *** [7s 8s Qd] [2d]
burro54: checks 
MOONSP3LL: bets $2.35
burro54: folds 
Uncalled bet ($2.35) returned to MOONSP3LL
MOONSP3LL collected $3.66 from pot
MOONSP3LL: doesn't show hand 
*** SUMMARY ***
Total pot $3.86 | Rake $0.20 
Board [7s 8s Qd 2d]
Seat 1: BedardM1978 folded before Flop (didn't bet)
Seat 2: alfcapone87 folded before Flop (didn't bet)
Seat 3: KOCETO_1992 folded before Flop (didn't bet)
Seat 4: BluffOnTable (button) folded before Flop (didn't bet)
Seat 5: K.Yurka (small blind) folded before Flop
Seat 6: Dorex2007 (big blind) folded before Flop
Seat 7: burro54 folded on the Turn
Seat 8: eclihan folded before Flop (didn't bet)
Seat 9: MOONSP3LL collected ($3.66)



PokerStars Hand #238468353101:  Hold'em No Limit ($0.02/$0.05 USD) - 2022/09/06 22:01:35 PT [2022/09/07 1:01:35 ET]
Table 'Margot II' 9-max Seat #5 is the button
Seat 1: BedardM1978 ($1.93 in chips) 
Seat 2: alfcapone87 ($12.71 in chips) 
Seat 3: KOCETO_1992 ($3.95 in chips) 
Seat 4: BluffOnTable ($8.90 in chips) 
Seat 5: K.Yurka ($5 in chips) 
Seat 6: Dorex2007 ($18.85 in chips) 
Seat 7: burro54 ($2.13 in chips) 
Seat 8: eclihan ($5 in chips) 
Seat 9: MOONSP3LL ($6.11 in chips) 
Dorex2007: posts small blind $0.02
burro54: posts big blind $0.05
*** HOLE CARDS ***
Dealt to Dorex2007 [3s 4h]
eclihan: folds 
MOONSP3LL: folds 
BedardM1978: folds 
alfcapone87: folds 
KOCETO_1992: folds 
BluffOnTable: folds 
K.Yurka: raises $0.07 to $0.12
Dorex2007: folds 
burro54: calls $0.07
*** FLOP *** [3h 9h 6c]
burro54: checks 
K.Yurka: checks 
*** TURN *** [3h 9h 6c] [2h]
burro54: bets $0.25
K.Yurka: folds 
Uncalled bet ($0.25) returned to burro54
burro54 collected $0.25 from pot
*** SUMMARY ***
Total pot $0.26 | Rake $0.01 
Board [3h 9h 6c 2h]
Seat 1: BedardM1978 folded before Flop (didn't bet)
Seat 2: alfcapone87 folded before Flop (didn't bet)
Seat 3: KOCETO_1992 folded before Flop (didn't bet)
Seat 4: BluffOnTable folded before Flop (didn't bet)
Seat 5: K.Yurka (button) folded on the Turn
Seat 6: Dorex2007 (small blind) folded before Flop
Seat 7: burro54 (big blind) collected ($0.25)
Seat 8: eclihan folded before Flop (didn't bet)
Seat 9: MOONSP3LL folded before Flop (didn't bet)



PokerStars Hand #238468358923:  Hold'em No Limit ($0.02/$0.05 USD) - 2022/09/06 22:02:27 PT [2022/09/07 1:02:27 ET]
Table 'Margot II' 9-max Seat #6 is the button
Seat 1: BedardM1978 ($1.93 in chips) 
Seat 2: alfcapone87 ($12.71 in chips) 
Seat 3: KOCETO_1992 ($3.95 in chips) 
Seat 4: BluffOnTable ($8.90 in chips) 
Seat 5: K.Yurka ($5 in chips) 
Seat 6: Dorex2007 ($18.83 in chips) 
Seat 7: burro54 ($2.26 in chips) 
Seat 8: eclihan ($5 in chips) 
Seat 9: MOONSP3LL ($6.11 in chips) 
burro54: posts small blind $0.02
eclihan: posts big blind $0.05
*** HOLE CARDS ***
Dealt to Dorex2007 [7h 4c]
MOONSP3LL: folds 
BedardM1978: calls $0.05
alfcapone87: folds 
KOCETO_1992: calls $0.05
BluffOnTable: folds 
K.Yurka: folds 
Dorex2007: folds 
burro54: folds 
eclihan: checks 
*** FLOP *** [4h 9d Qs]
eclihan: checks 
BedardM1978: checks 
KOCETO_1992: checks 
*** TURN *** [4h 9d Qs] [3d]
eclihan: checks 
BedardM1978: checks 
KOCETO_1992: checks 
*** RIVER *** [4h 9d Qs 3d] [Tc]
eclihan: checks 
BedardM1978: checks 
KOCETO_1992: bets $0.20
eclihan: folds 
BedardM1978: folds 
Uncalled bet ($0.20) returned to KOCETO_1992
KOCETO_1992 collected $0.16 from pot
*** SUMMARY ***
Total pot $0.17 | Rake $0.01 
Board [4h 9d Qs 3d Tc]
Seat 1: BedardM1978 folded on the River
Seat 2: alfcapone87 folded before Flop (didn't bet)
Seat 3: KOCETO_1992 collected ($0.16)
Seat 4: BluffOnTable folded before Flop (didn't bet)
Seat 5: K.Yurka folded before Flop (didn't bet)
Seat 6: Dorex2007 (button) folded before Flop (didn't bet)
Seat 7: burro54 (small blind) folded before Flop
Seat 8: eclihan (big blind) folded on the River
Seat 9: MOONSP3LL folded before Flop (didn't bet)



PokerStars Hand #238468368334:  Hold'em No Limit ($0.02/$0.05 USD) - 2022/09/06 22:03:51 PT [2022/09/07 1:03:51 ET]
Table 'Margot II' 9-max Seat #7 is the button
Seat 1: BedardM1978 ($1.88 in chips) 
Seat 2: alfcapone87 ($12.71 in chips) 
Seat 3: KOCETO_1992 ($4.06 in chips) 
Seat 4: BluffOnTable ($8.90 in chips) 
Seat 5: K.Yurka ($5 in chips) 
Seat 6: Dorex2007 ($18.83 in chips) 
Seat 7: burro54 ($2.24 in chips) 
Seat 8: eclihan ($5 in chips) 
Seat 9: MOONSP3LL ($6.11 in chips) 
eclihan: posts small blind $0.02
MOONSP3LL: posts big blind $0.05
*** HOLE CARDS ***
Dealt to Dorex2007 [Qd Js]
BedardM1978: folds 
alfcapone87: raises $0.10 to $0.15
KOCETO_1992: folds 
BluffOnTable: folds 
K.Yurka: folds 
Dorex2007: folds 
burro54: folds 
eclihan: folds 
MOONSP3LL: folds 
Uncalled bet ($0.10) returned to alfcapone87
alfcapone87 collected $0.12 from pot
alfcapone87: doesn't show hand 
*** SUMMARY ***
Total pot $0.12 | Rake $0 
Seat 1: BedardM1978 folded before Flop (didn't bet)
Seat 2: alfcapone87 collected ($0.12)
Seat 3: KOCETO_1992 folded before Flop (didn't bet)
Seat 4: BluffOnTable folded before Flop (didn't bet)
Seat 5: K.Yurka folded before Flop (didn't bet)
Seat 6: Dorex2007 folded before Flop (didn't bet)
Seat 7: burro54 (button) folded before Flop (didn't bet)
Seat 8: eclihan (small blind) folded before Flop
Seat 9: MOONSP3LL (big blind) folded before Flop



PokerStars Hand #238468371506:  Hold'em No Limit ($0.02/$0.05 USD) - 2022/09/06 22:04:20 PT [2022/09/07 1:04:20 ET]
Table 'Margot II' 9-max Seat #8 is the button
Seat 1: BedardM1978 ($1.88 in chips) 
Seat 2: alfcapone87 ($12.78 in chips) 
Seat 3: KOCETO_1992 ($4.06 in chips) 
Seat 4: BluffOnTable ($8.90 in chips) 
Seat 5: K.Yurka ($5 in chips) 
Seat 6: Dorex2007 ($18.83 in chips) 
Seat 7: burro54 ($2.24 in chips) 
Seat 8: eclihan ($5 in chips) 
Seat 9: MOONSP3LL ($6.06 in chips) 
MOONSP3LL: posts small blind $0.02
BedardM1978: posts big blind $0.05
*** HOLE CARDS ***
Dealt to Dorex2007 [Ts 3s]
alfcapone87: folds 
KOCETO_1992: folds 
BluffOnTable: folds 
K.Yurka: raises $0.10 to $0.15
Dorex2007: folds 
burro54: raises $0.37 to $0.52
eclihan: folds 
MOONSP3LL: folds 
BedardM1978: folds 
K.Yurka: calls $0.37
*** FLOP *** [Ah 4s Ac]
K.Yurka: checks 
burro54: bets $1.06
K.Yurka: raises $2.39 to $3.45
burro54: calls $0.66 and is all-in
Uncalled bet ($1.73) returned to K.Yurka
*** TURN *** [Ah 4s Ac] [2d]
*** RIVER *** [Ah 4s Ac 2d] [3d]
*** SHOW DOWN ***
K.Yurka: shows [Qc Qh] (two pair, Aces and Queens)
burro54: shows [2h 5h] (a straight, Ace to Five)
burro54 collected $4.36 from pot
*** SUMMARY ***
Total pot $4.55 | Rake $0.19 
Board [Ah 4s Ac 2d 3d]
Seat 1: BedardM1978 (big blind) folded before Flop
Seat 2: alfcapone87 folded before Flop (didn't bet)
Seat 3: KOCETO_1992 folded before Flop (didn't bet)
Seat 4: BluffOnTable folded before Flop (didn't bet)
Seat 5: K.Yurka showed [Qc Qh] and lost with two pair, Aces and Queens
Seat 6: Dorex2007 folded before Flop (didn't bet)
Seat 7: burro54 showed [2h 5h] and won ($4.36) with a straight, Ace to Five
Seat 8: eclihan (button) folded before Flop (didn't bet)
Seat 9: MOONSP3LL (small blind) folded before Flop



PokerStars Hand #238468377521:  Hold'em No Limit ($0.02/$0.05 USD) - 2022/09/06 22:05:13 PT [2022/09/07 1:05:13 ET]
Table 'Margot II' 9-max Seat #9 is the button
Seat 1: BedardM1978 ($1.83 in chips) 
Seat 2: alfcapone87 ($12.78 in chips) 
Seat 3: KOCETO_1992 ($4.06 in chips) 
Seat 4: BluffOnTable ($8.90 in chips) 
Seat 5: K.Yurka ($5 in chips) 
Seat 6: Dorex2007 ($18.83 in chips) 
Seat 7: burro54 ($4.36 in chips) 
Seat 8: eclihan ($5 in chips) 
Seat 9: MOONSP3LL ($6.04 in chips) 
BedardM1978: posts small blind $0.02
alfcapone87: posts big blind $0.05
*** HOLE CARDS ***
Dealt to Dorex2007 [5c 6s]
KOCETO_1992: folds 
BluffOnTable: folds 
K.Yurka: folds 
Dorex2007: folds 
burro54: raises $0.05 to $0.10
eclihan: calls $0.10
MOONSP3LL: folds 
BedardM1978: calls $0.08
alfcapone87: calls $0.05
*** FLOP *** [4d 6c 3d]
BedardM1978: bets $0.05
alfcapone87: calls $0.05
burro54: raises $0.27 to $0.32
eclihan: calls $0.32
BedardM1978: folds 
alfcapone87: calls $0.27
*** TURN *** [4d 6c 3d] [2d]
alfcapone87: checks 
burro54: bets $0.67
eclihan: raises $2.12 to $2.79
alfcapone87: folds 
burro54: folds 
Uncalled bet ($2.12) returned to eclihan
eclihan collected $2.64 from pot
eclihan: doesn't show hand 
*** SUMMARY ***
Total pot $2.75 | Rake $0.11 
Board [4d 6c 3d 2d]
Seat 1: BedardM1978 (small blind) folded on the Flop
Seat 2: alfcapone87 (big blind) folded on the Turn
Seat 3: KOCETO_1992 folded before Flop (didn't bet)
Seat 4: BluffOnTable folded before Flop (didn't bet)
Seat 5: K.Yurka folded before Flop (didn't bet)
Seat 6: Dorex2007 folded before Flop (didn't bet)
Seat 7: burro54 folded on the Turn
Seat 8: eclihan collected ($2.64)
Seat 9: MOONSP3LL (button) folded before Flop (didn't bet)



PokerStars Hand #238468387980:  Hold'em No Limit ($0.02/$0.05 USD) - 2022/09/06 22:06:46 PT [2022/09/07 1:06:46 ET]
Table 'Margot II' 9-max Seat #1 is the button
Seat 1: BedardM1978 ($1.68 in chips) 
Seat 2: alfcapone87 ($12.36 in chips) 
Seat 3: KOCETO_1992 ($4.06 in chips) 
Seat 4: BluffOnTable ($8.90 in chips) 
Seat 5: K.Yurka ($5 in chips) 
Seat 6: Dorex2007 ($18.83 in chips) 
Seat 7: burro54 ($3.27 in chips) 
Seat 8: eclihan ($6.55 in chips) 
Seat 9: MOONSP3LL ($6.04 in chips) 
alfcapone87: posts small blind $0.02
KOCETO_1992: posts big blind $0.05
*** HOLE CARDS ***
Dealt to Dorex2007 [4d Th]
BluffOnTable: folds 
K.Yurka: folds 
Dorex2007: folds 
burro54: raises $0.12 to $0.17
eclihan: folds 
MOONSP3LL: calls $0.17
BedardM1978: folds 
alfcapone87: calls $0.15
KOCETO_1992: folds 
*** FLOP *** [6h 9c Kd]
alfcapone87: checks 
burro54: bets $0.54
MOONSP3LL: folds 
alfcapone87: folds 
Uncalled bet ($0.54) returned to burro54
burro54 collected $0.54 from pot
*** SUMMARY ***
Total pot $0.56 | Rake $0.02 
Board [6h 9c Kd]
Seat 1: BedardM1978 (button) folded before Flop (didn't bet)
Seat 2: alfcapone87 (small blind) folded on the Flop
Seat 3: KOCETO_1992 (big blind) folded before Flop
Seat 4: BluffOnTable folded before Flop (didn't bet)
Seat 5: K.Yurka folded before Flop (didn't bet)
Seat 6: Dorex2007 folded before Flop (didn't bet)
Seat 7: burro54 collected ($0.54)
Seat 8: eclihan folded before Flop (didn't bet)
Seat 9: MOONSP3LL folded on the Flop



PokerStars Hand #238468392649:  Hold'em No Limit ($0.02/$0.05 USD) - 2022/09/06 22:07:27 PT [2022/09/07 1:07:27 ET]
Table 'Margot II' 9-max Seat #2 is the button
Seat 1: BedardM1978 ($1.68 in chips) 
Seat 2: alfcapone87 ($12.19 in chips) 
Seat 3: KOCETO_1992 ($4.01 in chips) 
Seat 4: BluffOnTable ($8.90 in chips) 
Seat 5: K.Yurka ($5 in chips) 
Seat 6: Dorex2007 ($18.83 in chips) 
Seat 7: burro54 ($3.64 in chips) 
Seat 8: eclihan ($6.55 in chips) 
Seat 9: MOONSP3LL ($5.87 in chips) 
KOCETO_1992: posts small blind $0.02
BluffOnTable: posts big blind $0.05
*** HOLE CARDS ***
Dealt to Dorex2007 [4d Qs]
K.Yurka: folds 
Dorex2007: folds 
burro54: raises $0.05 to $0.10
eclihan: folds 
MOONSP3LL: calls $0.10
BedardM1978: calls $0.10
alfcapone87: folds 
KOCETO_1992: folds 
BluffOnTable: calls $0.05
*** FLOP *** [Kd Th 7s]
BluffOnTable: checks 
burro54: bets $0.20
MOONSP3LL: calls $0.20
BedardM1978: folds 
BluffOnTable: folds 
*** TURN *** [Kd Th 7s] [Ks]
burro54: bets $0.39
MOONSP3LL: raises $0.66 to $1.05
burro54: folds 
Uncalled bet ($0.66) returned to MOONSP3LL
MOONSP3LL collected $1.51 from pot
MOONSP3LL: doesn't show hand 
*** SUMMARY ***
Total pot $1.60 | Rake $0.09 
Board [Kd Th 7s Ks]
Seat 1: BedardM1978 folded on the Flop
Seat 2: alfcapone87 (button) folded before Flop (didn't bet)
Seat 3: KOCETO_1992 (small blind) folded before Flop
Seat 4: BluffOnTable (big blind) folded on the Flop
Seat 5: K.Yurka folded before Flop (didn't bet)
Seat 6: Dorex2007 folded before Flop (didn't bet)
Seat 7: burro54 folded on the Turn
Seat 8: eclihan folded before Flop (didn't bet)
Seat 9: MOONSP3LL collected ($1.51)



PokerStars Hand #238468400017:  Hold'em No Limit ($0.02/$0.05 USD) - 2022/09/06 22:08:31 PT [2022/09/07 1:08:31 ET]
Table 'Margot II' 9-max Seat #3 is the button
Seat 1: BedardM1978 ($1.58 in chips) 
Seat 2: alfcapone87 ($12.19 in chips) 
Seat 3: KOCETO_1992 ($3.99 in chips) 
Seat 4: BluffOnTable ($8.80 in chips) 
Seat 5: K.Yurka ($5 in chips) 
Seat 6: Dorex2007 ($18.83 in chips) 
Seat 7: burro54 ($2.95 in chips) 
Seat 8: eclihan ($6.55 in chips) 
Seat 9: MOONSP3LL ($6.69 in chips) 
BluffOnTable: posts small blind $0.02
K.Yurka: posts big blind $0.05
*** HOLE CARDS ***
Dealt to Dorex2007 [Jh 9c]
Dorex2007: folds 
burro54: raises $0.05 to $0.10
eclihan: folds 
MOONSP3LL: folds 
BedardM1978: calls $0.10
alfcapone87: folds 
KOCETO_1992: folds 
BluffOnTable: calls $0.08
K.Yurka: folds 
*** FLOP *** [5d Qh Ah]
BluffOnTable: checks 
burro54: bets $0.34
BedardM1978: folds 
BluffOnTable: calls $0.34
*** TURN *** [5d Qh Ah] [Tc]
BluffOnTable: checks 
burro54: bets $0.99
BluffOnTable: folds 
Uncalled bet ($0.99) returned to burro54
burro54 collected $0.99 from pot
*** SUMMARY ***
Total pot $1.03 | Rake $0.04 
Board [5d Qh Ah Tc]
Seat 1: BedardM1978 folded on the Flop
Seat 2: alfcapone87 folded before Flop (didn't bet)
Seat 3: KOCETO_1992 (button) folded before Flop (didn't bet)
Seat 4: BluffOnTable (small blind) folded on the Turn
Seat 5: K.Yurka (big blind) folded before Flop
Seat 6: Dorex2007 folded before Flop (didn't bet)
Seat 7: burro54 collected ($0.99)
Seat 8: eclihan folded before Flop (didn't bet)
Seat 9: MOONSP3LL folded before Flop (didn't bet)



PokerStars Hand #238468406591:  Hold'em No Limit ($0.02/$0.05 USD) - 2022/09/06 22:09:30 PT [2022/09/07 1:09:30 ET]
Table 'Margot II' 9-max Seat #4 is the button
Seat 1: BedardM1978 ($1.48 in chips) 
Seat 2: alfcapone87 ($12.19 in chips) 
Seat 3: KOCETO_1992 ($3.99 in chips) 
Seat 4: BluffOnTable ($8.36 in chips) 
Seat 5: K.Yurka ($5 in chips) 
Seat 6: Dorex2007 ($18.83 in chips) 
Seat 7: burro54 ($3.50 in chips) 
Seat 8: eclihan ($6.55 in chips) 
Seat 9: MOONSP3LL ($6.69 in chips) 
K.Yurka: posts small blind $0.02
Dorex2007: posts big blind $0.05
*** HOLE CARDS ***
Dealt to Dorex2007 [Ad Qh]
burro54: raises $0.05 to $0.10
eclihan: folds 
MOONSP3LL: folds 
BedardM1978: folds 
alfcapone87: folds 
KOCETO_1992: folds 
BluffOnTable: folds 
K.Yurka: calls $0.08
Dorex2007: calls $0.05
*** FLOP *** [5h 5s Ks]
K.Yurka: checks 
Dorex2007: checks 
burro54: bets $0.29
K.Yurka: folds 
Dorex2007: folds 
Uncalled bet ($0.29) returned to burro54
burro54 collected $0.29 from pot
*** SUMMARY ***
Total pot $0.30 | Rake $0.01 
Board [5h 5s Ks]
Seat 1: BedardM1978 folded before Flop (didn't bet)
Seat 2: alfcapone87 folded before Flop (didn't bet)
Seat 3: KOCETO_1992 folded before Flop (didn't bet)
Seat 4: BluffOnTable (button) folded before Flop (didn't bet)
Seat 5: K.Yurka (small blind) folded on the Flop
Seat 6: Dorex2007 (big blind) folded on the Flop
Seat 7: burro54 collected ($0.29)
Seat 8: eclihan folded before Flop (didn't bet)
Seat 9: MOONSP3LL folded before Flop (didn't bet)



PokerStars Hand #238468409900:  Hold'em No Limit ($0.02/$0.05 USD) - 2022/09/06 22:09:59 PT [2022/09/07 1:09:59 ET]
Table 'Margot II' 9-max Seat #5 is the button
Seat 1: BedardM1978 ($1.48 in chips) 
Seat 2: alfcapone87 ($12.19 in chips) 
Seat 3: KOCETO_1992 ($3.99 in chips) 
Seat 4: BluffOnTable ($8.36 in chips) 
Seat 5: K.Yurka ($5 in chips) 
Seat 6: Dorex2007 ($18.73 in chips) 
Seat 7: burro54 ($3.69 in chips) 
Seat 8: eclihan ($6.55 in chips) 
Seat 9: MOONSP3LL ($6.69 in chips) 
Dorex2007: posts small blind $0.02
burro54: posts big blind $0.05
*** HOLE CARDS ***
Dealt to Dorex2007 [2s 7d]
eclihan: folds 
MOONSP3LL: folds 
BedardM1978: calls $0.05
alfcapone87: folds 
KOCETO_1992: folds 
BluffOnTable: folds 
K.Yurka: folds 
Dorex2007: folds 
burro54: checks 
*** FLOP *** [6h Qc 5s]
burro54: bets $0.10
BedardM1978: calls $0.10
*** TURN *** [6h Qc 5s] [Jd]
burro54: bets $0.15
BedardM1978: raises $0.15 to $0.30
burro54: folds 
Uncalled bet ($0.15) returned to BedardM1978
BedardM1978 collected $0.59 from pot
BedardM1978: doesn't show hand 
*** SUMMARY ***
Total pot $0.62 | Rake $0.03 
Board [6h Qc 5s Jd]
Seat 1: BedardM1978 collected ($0.59)
Seat 2: alfcapone87 folded before Flop (didn't bet)
Seat 3: KOCETO_1992 folded before Flop (didn't bet)
Seat 4: BluffOnTable folded before Flop (didn't bet)
Seat 5: K.Yurka (button) folded before Flop (didn't bet)
Seat 6: Dorex2007 (small blind) folded before Flop
Seat 7: burro54 (big blind) folded on the Turn
Seat 8: eclihan folded before Flop (didn't bet)
Seat 9: MOONSP3LL folded before Flop (didn't bet)



PokerStars Hand #238468415454:  Hold'em No Limit ($0.02/$0.05 USD) - 2022/09/06 22:10:48 PT [2022/09/07 1:10:48 ET]
Table 'Margot II' 9-max Seat #6 is the button
Seat 1: BedardM1978 ($1.77 in chips) 
Seat 2: alfcapone87 ($12.19 in chips) 
Seat 3: KOCETO_1992 ($3.99 in chips) 
Seat 4: BluffOnTable ($8.36 in chips) 
Seat 5: K.Yurka ($5 in chips) 
Seat 6: Dorex2007 ($18.71 in chips) 
Seat 7: burro54 ($3.39 in chips) 
Seat 8: eclihan ($6.55 in chips) 
Seat 9: MOONSP3LL ($6.69 in chips) 
burro54: posts small blind $0.02
eclihan: posts big blind $0.05
*** HOLE CARDS ***
Dealt to Dorex2007 [Jd Qh]
MOONSP3LL: folds 
BedardM1978: calls $0.05
alfcapone87: folds 
KOCETO_1992: folds 
BluffOnTable: folds 
K.Yurka: folds 
Dorex2007: calls $0.05
burro54: calls $0.03
eclihan: checks 
*** FLOP *** [6d 4h Ks]
burro54: bets $0.10
eclihan: calls $0.10
BedardM1978: folds 
Dorex2007: folds 
*** TURN *** [6d 4h Ks] [9d]
burro54: checks 
eclihan: checks 
*** RIVER *** [6d 4h Ks 9d] [7d]
burro54: bets $0.19
eclihan: raises $0.51 to $0.70
burro54: folds 
Uncalled bet ($0.51) returned to eclihan
eclihan collected $0.75 from pot
eclihan: doesn't show hand 
*** SUMMARY ***
Total pot $0.78 | Rake $0.03 
Board [6d 4h Ks 9d 7d]
Seat 1: BedardM1978 folded on the Flop
Seat 2: alfcapone87 folded before Flop (didn't bet)
Seat 3: KOCETO_1992 folded before Flop (didn't bet)
Seat 4: BluffOnTable folded before Flop (didn't bet)
Seat 5: K.Yurka folded before Flop (didn't bet)
Seat 6: Dorex2007 (button) folded on the Flop
Seat 7: burro54 (small blind) folded on the River
Seat 8: eclihan (big blind) collected ($0.75)
Seat 9: MOONSP3LL folded before Flop (didn't bet)



PokerStars Hand #238468424229:  Hold'em No Limit ($0.02/$0.05 USD) - 2022/09/06 22:12:07 PT [2022/09/07 1:12:07 ET]
Table 'Margot II' 9-max Seat #7 is the button
Seat 1: BedardM1978 ($1.72 in chips) 
Seat 2: alfcapone87 ($12.19 in chips) 
Seat 3: KOCETO_1992 ($3.99 in chips) 
Seat 4: BluffOnTable ($8.36 in chips) 
Seat 5: K.Yurka ($5 in chips) 
Seat 6: Dorex2007 ($18.66 in chips) 
Seat 7: burro54 ($3.05 in chips) 
Seat 8: eclihan ($6.96 in chips) 
Seat 9: MOONSP3LL ($6.69 in chips) 
eclihan: posts small blind $0.02
MOONSP3LL: posts big blind $0.05
*** HOLE CARDS ***
Dealt to Dorex2007 [Jd 6s]
BedardM1978: folds 
alfcapone87: folds 
KOCETO_1992: folds 
BluffOnTable: folds 
K.Yurka: folds 
Dorex2007: folds 
burro54: raises $0.12 to $0.17
eclihan: folds 
MOONSP3LL: folds 
Uncalled bet ($0.12) returned to burro54
burro54 collected $0.12 from pot
*** SUMMARY ***
Total pot $0.12 | Rake $0 
Seat 1: BedardM1978 folded before Flop (didn't bet)
Seat 2: alfcapone87 folded before Flop (didn't bet)
Seat 3: KOCETO_1992 folded before Flop (didn't bet)
Seat 4: BluffOnTable folded before Flop (didn't bet)
Seat 5: K.Yurka folded before Flop (didn't bet)
Seat 6: Dorex2007 folded before Flop (didn't bet)
Seat 7: burro54 (button) collected ($0.12)
Seat 8: eclihan (small blind) folded before Flop
Seat 9: MOONSP3LL (big blind) folded before Flop



PokerStars Hand #238468427420:  Hold'em No Limit ($0.02/$0.05 USD) - 2022/09/06 22:12:36 PT [2022/09/07 1:12:36 ET]
Table 'Margot II' 9-max Seat #8 is the button
Seat 1: BedardM1978 ($1.72 in chips) 
Seat 2: alfcapone87 ($12.19 in chips) 
Seat 3: KOCETO_1992 ($3.99 in chips) 
Seat 4: BluffOnTable ($8.36 in chips) 
Seat 5: K.Yurka ($5 in chips) 
Seat 6: Dorex2007 ($18.66 in chips) 
Seat 7: burro54 ($3.12 in chips) 
Seat 8: eclihan ($6.94 in chips) 
Seat 9: MOONSP3LL ($6.64 in chips) 
MOONSP3LL: posts small blind $0.02
BedardM1978: posts big blind $0.05
*** HOLE CARDS ***
Dealt to Dorex2007 [Ts Qh]
alfcapone87: folds 
KOCETO_1992: folds 
BluffOnTable: folds 
K.Yurka: folds 
Dorex2007: folds 
burro54: raises $0.12 to $0.17
eclihan: folds 
MOONSP3LL: folds 
BedardM1978: folds 
Uncalled bet ($0.12) returned to burro54
burro54 collected $0.12 from pot
*** SUMMARY ***
Total pot $0.12 | Rake $0 
Seat 1: BedardM1978 (big blind) folded before Flop
Seat 2: alfcapone87 folded before Flop (didn't bet)
Seat 3: KOCETO_1992 folded before Flop (didn't bet)
Seat 4: BluffOnTable folded before Flop (didn't bet)
Seat 5: K.Yurka folded before Flop (didn't bet)
Seat 6: Dorex2007 folded before Flop (didn't bet)
Seat 7: burro54 collected ($0.12)
Seat 8: eclihan (button) folded before Flop (didn't bet)
Seat 9: MOONSP3LL (small blind) folded before Flop



PokerStars Hand #238468431549:  Hold'em No Limit ($0.02/$0.05 USD) - 2022/09/06 22:13:13 PT [2022/09/07 1:13:13 ET]
Table 'Margot II' 9-max Seat #9 is the button
Seat 1: BedardM1978 ($1.67 in chips) 
Seat 2: alfcapone87 ($12.19 in chips) 
Seat 3: KOCETO_1992 ($3.99 in chips) 
Seat 4: BluffOnTable ($8.36 in chips) 
Seat 5: K.Yurka ($5 in chips) 
Seat 6: Dorex2007 ($18.66 in chips) 
Seat 7: burro54 ($3.19 in chips) 
Seat 8: eclihan ($6.94 in chips) 
Seat 9: MOONSP3LL ($6.62 in chips) 
BedardM1978: posts small blind $0.02
alfcapone87: posts big blind $0.05
*** HOLE CARDS ***
Dealt to Dorex2007 [Th Td]
KOCETO_1992: folds 
BluffOnTable: folds 
K.Yurka: folds 
Dorex2007: raises $0.05 to $0.10
burro54: raises $0.05 to $0.15
eclihan: folds 
MOONSP3LL: folds 
BedardM1978: folds 
alfcapone87: folds 
Dorex2007: calls $0.05
*** FLOP *** [4h Js 3h]
Dorex2007: bets $0.17
burro54: raises $0.69 to $0.86
Dorex2007: folds 
Uncalled bet ($0.69) returned to burro54
burro54 collected $0.68 from pot
*** SUMMARY ***
Total pot $0.71 | Rake $0.03 
Board [4h Js 3h]
Seat 1: BedardM1978 (small blind) folded before Flop
Seat 2: alfcapone87 (big blind) folded before Flop
Seat 3: KOCETO_1992 folded before Flop (didn't bet)
Seat 4: BluffOnTable folded before Flop (didn't bet)
Seat 5: K.Yurka folded before Flop (didn't bet)
Seat 6: Dorex2007 folded on the Flop
Seat 7: burro54 collected ($0.68)
Seat 8: eclihan folded before Flop (didn't bet)
Seat 9: MOONSP3LL (button) folded before Flop (didn't bet)



PokerStars Hand #238468436276:  Hold'em No Limit ($0.02/$0.05 USD) - 2022/09/06 22:13:56 PT [2022/09/07 1:13:56 ET]
Table 'Margot II' 9-max Seat #1 is the button
Seat 1: BedardM1978 ($1.65 in chips) 
Seat 2: alfcapone87 ($12.14 in chips) 
Seat 3: KOCETO_1992 ($3.99 in chips) 
Seat 4: BluffOnTable ($8.36 in chips) 
Seat 5: K.Yurka ($5 in chips) 
Seat 6: Dorex2007 ($18.34 in chips) 
Seat 7: burro54 ($3.55 in chips) 
Seat 8: eclihan ($6.94 in chips) 
Seat 9: MOONSP3LL ($6.62 in chips) 
alfcapone87: posts small blind $0.02
KOCETO_1992: posts big blind $0.05
*** HOLE CARDS ***
Dealt to Dorex2007 [Qc 7d]
BluffOnTable: folds 
K.Yurka: folds 
Dorex2007: folds 
burro54: raises $0.12 to $0.17
eclihan: folds 
MOONSP3LL: folds 
BedardM1978: folds 
alfcapone87: raises $0.39 to $0.56
KOCETO_1992: folds 
burro54: raises $1.17 to $1.73
alfcapone87: raises $3.51 to $5.24
burro54: calls $1.82 and is all-in
Uncalled bet ($1.69) returned to alfcapone87
*** FLOP *** [9c 3h 7c]
*** TURN *** [9c 3h 7c] [Ks]
*** RIVER *** [9c 3h 7c Ks] [9d]
*** SHOW DOWN ***
alfcapone87: shows [Ts Ah] (a pair of Nines)
burro54: shows [Kd Kc] (a full house, Kings full of Nines)
burro54 collected $6.85 from pot
*** SUMMARY ***
Total pot $7.15 | Rake $0.30 
Board [9c 3h 7c Ks 9d]
Seat 1: BedardM1978 (button) folded before Flop (didn't bet)
Seat 2: alfcapone87 (small blind) showed [Ts Ah] and lost with a pair of Nines
Seat 3: KOCETO_1992 (big blind) folded before Flop
Seat 4: BluffOnTable folded before Flop (didn't bet)
Seat 5: K.Yurka folded before Flop (didn't bet)
Seat 6: Dorex2007 folded before Flop (didn't bet)
Seat 7: burro54 showed [Kd Kc] and won ($6.85) with a full house, Kings full of Nines
Seat 8: eclihan folded before Flop (didn't bet)
Seat 9: MOONSP3LL folded before Flop (didn't bet)



PokerStars Hand #238468440864:  Hold'em No Limit ($0.02/$0.05 USD) - 2022/09/06 22:14:37 PT [2022/09/07 1:14:37 ET]
Table 'Margot II' 9-max Seat #2 is the button
Seat 1: BedardM1978 ($1.65 in chips) 
Seat 2: alfcapone87 ($8.59 in chips) 
Seat 3: KOCETO_1992 ($3.94 in chips) 
Seat 4: BluffOnTable ($8.36 in chips) 
Seat 5: K.Yurka ($5 in chips) 
Seat 6: Dorex2007 ($18.34 in chips) 
Seat 7: burro54 ($6.85 in chips) 
Seat 8: eclihan ($6.94 in chips) 
Seat 9: MOONSP3LL ($6.62 in chips) 
KOCETO_1992: posts small blind $0.02
BluffOnTable: posts big blind $0.05
*** HOLE CARDS ***
Dealt to Dorex2007 [4d 9d]
K.Yurka: folds 
Dorex2007: folds 
burro54: raises $0.05 to $0.10
eclihan: folds 
MOONSP3LL: folds 
BedardM1978: folds 
alfcapone87: raises $0.30 to $0.40
KOCETO_1992: folds 
BluffOnTable: calls $0.35
burro54: calls $0.30
*** FLOP *** [3h As 5s]
BluffOnTable: checks 
burro54: checks 
alfcapone87: bets $0.94
BluffOnTable: folds 
burro54: calls $0.94
*** TURN *** [3h As 5s] [Th]
burro54: checks 
alfcapone87: bets $2.38
burro54: calls $2.38
*** RIVER *** [3h As 5s Th] [5h]
burro54: checks 
alfcapone87: bets $4.87 and is all-in
burro54: calls $3.13 and is all-in
Uncalled bet ($1.74) returned to alfcapone87
*** SHOW DOWN ***
alfcapone87: shows [Ac Kd] (two pair, Aces and Fives)
burro54: shows [8s Ah] (two pair, Aces and Fives - lower kicker)
alfcapone87 collected $13.53 from pot
*** SUMMARY ***
Total pot $14.12 | Rake $0.59 
Board [3h As 5s Th 5h]
Seat 1: BedardM1978 folded before Flop (didn't bet)
Seat 2: alfcapone87 (button) showed [Ac Kd] and won ($13.53) with two pair, Aces and Fives
Seat 3: KOCETO_1992 (small blind) folded before Flop
Seat 4: BluffOnTable (big blind) folded on the Flop
Seat 5: K.Yurka folded before Flop (didn't bet)
Seat 6: Dorex2007 folded before Flop (didn't bet)
Seat 7: burro54 showed [8s Ah] and lost with two pair, Aces and Fives
Seat 8: eclihan folded before Flop (didn't bet)
Seat 9: MOONSP3LL folded before Flop (didn't bet)



PokerStars Hand #238468446747:  Hold'em No Limit ($0.02/$0.05 USD) - 2022/09/06 22:15:29 PT [2022/09/07 1:15:29 ET]
Table 'Margot II' 9-max Seat #3 is the button
Seat 2: alfcapone87 ($15.27 in chips) 
Seat 3: KOCETO_1992 ($3.92 in chips) 
Seat 4: BluffOnTable ($7.96 in chips) 
Seat 5: K.Yurka ($5 in chips) 
Seat 6: Dorex2007 ($18.34 in chips) 
Seat 8: eclihan ($6.94 in chips) 
Seat 9: MOONSP3LL ($6.62 in chips) 
BluffOnTable: posts small blind $0.02
K.Yurka: posts big blind $0.05
*** HOLE CARDS ***
Dealt to Dorex2007 [Ks 4d]
Dorex2007: folds 
eclihan: raises $0.07 to $0.12
MOONSP3LL: calls $0.12
alfcapone87: folds 
KOCETO_1992: folds 
BluffOnTable: folds 
K.Yurka: folds 
*** FLOP *** [2s 9s Qs]
eclihan: bets $0.10
MOONSP3LL: raises $0.25 to $0.35
eclihan: folds 
Uncalled bet ($0.25) returned to MOONSP3LL
MOONSP3LL collected $0.49 from pot
MOONSP3LL: doesn't show hand 
*** SUMMARY ***
Total pot $0.51 | Rake $0.02 
Board [2s 9s Qs]
Seat 2: alfcapone87 folded before Flop (didn't bet)
Seat 3: KOCETO_1992 (button) folded before Flop (didn't bet)
Seat 4: BluffOnTable (small blind) folded before Flop
Seat 5: K.Yurka (big blind) folded before Flop
Seat 6: Dorex2007 folded before Flop (didn't bet)
Seat 8: eclihan folded on the Flop
Seat 9: MOONSP3LL collected ($0.49)



PokerStars Hand #238468452200:  Hold'em No Limit ($0.02/$0.05 USD) - 2022/09/06 22:16:18 PT [2022/09/07 1:16:18 ET]
Table 'Margot II' 9-max Seat #4 is the button
Seat 2: alfcapone87 ($15.27 in chips) 
Seat 3: KOCETO_1992 ($3.92 in chips) 
Seat 4: BluffOnTable ($7.94 in chips) 
Seat 5: K.Yurka ($5 in chips) 
Seat 6: Dorex2007 ($18.34 in chips) 
Seat 7: burro54 ($5 in chips) 
Seat 8: eclihan ($6.72 in chips) 
Seat 9: MOONSP3LL ($6.89 in chips) 
K.Yurka: posts small blind $0.02
Dorex2007: posts big blind $0.05
*** HOLE CARDS ***
Dealt to Dorex2007 [6h 4h]
burro54: raises $0.12 to $0.17
eclihan: calls $0.17
MOONSP3LL: folds 
alfcapone87: folds 
KOCETO_1992: calls $0.17
BluffOnTable: folds 
K.Yurka: folds 
Dorex2007: folds 
*** FLOP *** [8s Qc Ts]
burro54: bets $0.56
eclihan: folds 
KOCETO_1992: folds 
Uncalled bet ($0.56) returned to burro54
burro54 collected $0.56 from pot
*** SUMMARY ***
Total pot $0.58 | Rake $0.02 
Board [8s Qc Ts]
Seat 2: alfcapone87 folded before Flop (didn't bet)
Seat 3: KOCETO_1992 folded on the Flop
Seat 4: BluffOnTable (button) folded before Flop (didn't bet)
Seat 5: K.Yurka (small blind) folded before Flop
Seat 6: Dorex2007 (big blind) folded before Flop
Seat 7: burro54 collected ($0.56)
Seat 8: eclihan folded on the Flop
Seat 9: MOONSP3LL folded before Flop (didn't bet)



PokerStars Hand #238468458096:  Hold'em No Limit ($0.02/$0.05 USD) - 2022/09/06 22:17:11 PT [2022/09/07 1:17:11 ET]
Table 'Margot II' 9-max Seat #5 is the button
Seat 2: alfcapone87 ($15.27 in chips) 
Seat 3: KOCETO_1992 ($3.75 in chips) 
Seat 4: BluffOnTable ($7.94 in chips) 
Seat 5: K.Yurka ($5 in chips) 
Seat 6: Dorex2007 ($18.29 in chips) 
Seat 7: burro54 ($5.39 in chips) 
Seat 8: eclihan ($6.55 in chips) 
Seat 9: MOONSP3LL ($6.89 in chips) 
Dorex2007: posts small blind $0.02
burro54: posts big blind $0.05
*** HOLE CARDS ***
Dealt to Dorex2007 [As 6c]
eclihan: folds 
MOONSP3LL: folds 
alfcapone87: folds 
KOCETO_1992: folds 
BluffOnTable: folds 
K.Yurka: raises $0.10 to $0.15
Dorex2007: folds 
burro54: calls $0.10
*** FLOP *** [5d 7c 8s]
burro54: bets $0.31
K.Yurka: folds 
Uncalled bet ($0.31) returned to burro54
burro54 collected $0.31 from pot
*** SUMMARY ***
Total pot $0.32 | Rake $0.01 
Board [5d 7c 8s]
Seat 2: alfcapone87 folded before Flop (didn't bet)
Seat 3: KOCETO_1992 folded before Flop (didn't bet)
Seat 4: BluffOnTable folded before Flop (didn't bet)
Seat 5: K.Yurka (button) folded on the Flop
Seat 6: Dorex2007 (small blind) folded before Flop
Seat 7: burro54 (big blind) collected ($0.31)
Seat 8: eclihan folded before Flop (didn't bet)
Seat 9: MOONSP3LL folded before Flop (didn't bet)



PokerStars Hand #238468462511:  Hold'em No Limit ($0.02/$0.05 USD) - 2022/09/06 22:17:50 PT [2022/09/07 1:17:50 ET]
Table 'Margot II' 9-max Seat #6 is the button
Seat 2: alfcapone87 ($15.27 in chips) 
Seat 3: KOCETO_1992 ($3.75 in chips) 
Seat 4: BluffOnTable ($7.94 in chips) 
Seat 5: K.Yurka ($5 in chips) 
Seat 6: Dorex2007 ($18.27 in chips) 
Seat 7: burro54 ($5.55 in chips) 
Seat 8: eclihan ($6.55 in chips) 
Seat 9: MOONSP3LL ($6.89 in chips) 
burro54: posts small blind $0.02
eclihan: posts big blind $0.05
*** HOLE CARDS ***
Dealt to Dorex2007 [9h Qc]
MOONSP3LL: folds 
alfcapone87: folds 
KOCETO_1992: folds 
BluffOnTable: folds 
K.Yurka: folds 
Dorex2007: folds 
burro54: raises $0.10 to $0.15
eclihan: calls $0.10
*** FLOP *** [8s Tc 2d]
burro54: bets $0.10
eclihan: calls $0.10
*** TURN *** [8s Tc 2d] [Ts]
burro54: checks 
eclihan: bets $0.24
burro54: raises $0.96 to $1.20
eclihan: folds 
Uncalled bet ($0.96) returned to burro54
burro54 collected $0.94 from pot
*** SUMMARY ***
Total pot $0.98 | Rake $0.04 
Board [8s Tc 2d Ts]
Seat 2: alfcapone87 folded before Flop (didn't bet)
Seat 3: KOCETO_1992 folded before Flop (didn't bet)
Seat 4: BluffOnTable folded before Flop (didn't bet)
Seat 5: K.Yurka folded before Flop (didn't bet)
Seat 6: Dorex2007 (button) folded before Flop (didn't bet)
Seat 7: burro54 (small blind) collected ($0.94)
Seat 8: eclihan (big blind) folded on the Turn
Seat 9: MOONSP3LL folded before Flop (didn't bet)



PokerStars Hand #238468469717:  Hold'em No Limit ($0.02/$0.05 USD) - 2022/09/06 22:18:56 PT [2022/09/07 1:18:56 ET]
Table 'Margot II' 9-max Seat #7 is the button
Seat 1: BedardM1978 ($1.65 in chips) 
Seat 2: alfcapone87 ($15.27 in chips) 
Seat 3: KOCETO_1992 ($4 in chips) 
Seat 4: BluffOnTable ($7.94 in chips) 
Seat 5: K.Yurka ($5 in chips) 
Seat 6: Dorex2007 ($18.27 in chips) 
Seat 7: burro54 ($6 in chips) 
Seat 8: eclihan ($6.06 in chips) 
Seat 9: MOONSP3LL ($6.89 in chips) 
eclihan: posts small blind $0.02
MOONSP3LL: posts big blind $0.05
*** HOLE CARDS ***
Dealt to Dorex2007 [8c 6d]
BedardM1978: folds 
alfcapone87: folds 
KOCETO_1992: folds 
BluffOnTable: folds 
K.Yurka: folds 
Dorex2007: folds 
burro54: raises $0.12 to $0.17
eclihan: folds 
MOONSP3LL: folds 
Uncalled bet ($0.12) returned to burro54
burro54 collected $0.12 from pot
*** SUMMARY ***
Total pot $0.12 | Rake $0 
Seat 1: BedardM1978 folded before Flop (didn't bet)
Seat 2: alfcapone87 folded before Flop (didn't bet)
Seat 3: KOCETO_1992 folded before Flop (didn't bet)
Seat 4: BluffOnTable folded before Flop (didn't bet)
Seat 5: K.Yurka folded before Flop (didn't bet)
Seat 6: Dorex2007 folded before Flop (didn't bet)
Seat 7: burro54 (button) collected ($0.12)
Seat 8: eclihan (small blind) folded before Flop
Seat 9: MOONSP3LL (big blind) folded before Flop



PokerStars Hand #238468473266:  Hold'em No Limit ($0.02/$0.05 USD) - 2022/09/06 22:19:27 PT [2022/09/07 1:19:27 ET]
Table 'Margot II' 9-max Seat #8 is the button
Seat 1: BedardM1978 ($1.65 in chips) 
Seat 2: alfcapone87 ($15.27 in chips) 
Seat 3: KOCETO_1992 ($4 in chips) 
Seat 4: BluffOnTable ($7.94 in chips) 
Seat 5: K.Yurka ($5 in chips) 
Seat 6: Dorex2007 ($18.27 in chips) 
Seat 7: burro54 ($6.07 in chips) 
Seat 8: eclihan ($6.04 in chips) 
Seat 9: MOONSP3LL ($6.84 in chips) 
MOONSP3LL: posts small blind $0.02
BedardM1978: posts big blind $0.05
*** HOLE CARDS ***
Dealt to Dorex2007 [4c 5h]
alfcapone87: folds 
KOCETO_1992: folds 
BluffOnTable: raises $0.10 to $0.15
K.Yurka: folds 
Dorex2007: folds 
burro54: calls $0.15
eclihan: folds 
MOONSP3LL: folds 
BedardM1978: calls $0.10
*** FLOP *** [Th Ks Qd]
BedardM1978: checks 
BluffOnTable: checks 
burro54: bets $0.45
BedardM1978: folds 
BluffOnTable: folds 
Uncalled bet ($0.45) returned to burro54
burro54 collected $0.45 from pot
*** SUMMARY ***
Total pot $0.47 | Rake $0.02 
Board [Th Ks Qd]
Seat 1: BedardM1978 (big blind) folded on the Flop
Seat 2: alfcapone87 folded before Flop (didn't bet)
Seat 3: KOCETO_1992 folded before Flop (didn't bet)
Seat 4: BluffOnTable folded on the Flop
Seat 5: K.Yurka folded before Flop (didn't bet)
Seat 6: Dorex2007 folded before Flop (didn't bet)
Seat 7: burro54 collected ($0.45)
Seat 8: eclihan (button) folded before Flop (didn't bet)
Seat 9: MOONSP3LL (small blind) folded before Flop



PokerStars Hand #238468479999:  Hold'em No Limit ($0.02/$0.05 USD) - 2022/09/06 22:20:28 PT [2022/09/07 1:20:28 ET]
Table 'Margot II' 9-max Seat #9 is the button
Seat 1: BedardM1978 ($1.50 in chips) 
Seat 2: alfcapone87 ($15.27 in chips) 
Seat 3: KOCETO_1992 ($4 in chips) 
Seat 4: BluffOnTable ($7.79 in chips) 
Seat 5: K.Yurka ($5 in chips) 
Seat 6: Dorex2007 ($18.27 in chips) 
Seat 7: burro54 ($6.37 in chips) 
Seat 8: eclihan ($6.04 in chips) 
Seat 9: MOONSP3LL ($6.82 in chips) 
BedardM1978: posts small blind $0.02
alfcapone87: posts big blind $0.05
*** HOLE CARDS ***
Dealt to Dorex2007 [8s 4d]
KOCETO_1992: folds 
BluffOnTable: folds 
K.Yurka: folds 
Dorex2007: folds 
burro54: raises $0.12 to $0.17
eclihan: folds 
MOONSP3LL: folds 
BedardM1978: folds 
alfcapone87: raises $0.36 to $0.53
burro54: calls $0.36
*** FLOP *** [Jc Jd Ts]
alfcapone87: checks 
burro54: checks 
*** TURN *** [Jc Jd Ts] [Kh]
alfcapone87: bets $0.83
burro54: calls $0.83
*** RIVER *** [Jc Jd Ts Kh] [9s]
alfcapone87: bets $2.60
burro54: folds 
Uncalled bet ($2.60) returned to alfcapone87
alfcapone87 collected $2.63 from pot
alfcapone87: doesn't show hand 
*** SUMMARY ***
Total pot $2.74 | Rake $0.11 
Board [Jc Jd Ts Kh 9s]
Seat 1: BedardM1978 (small blind) folded before Flop
Seat 2: alfcapone87 (big blind) collected ($2.63)
Seat 3: KOCETO_1992 folded before Flop (didn't bet)
Seat 4: BluffOnTable folded before Flop (didn't bet)
Seat 5: K.Yurka folded before Flop (didn't bet)
Seat 6: Dorex2007 folded before Flop (didn't bet)
Seat 7: burro54 folded on the River
Seat 8: eclihan folded before Flop (didn't bet)
Seat 9: MOONSP3LL (button) folded before Flop (didn't bet)



PokerStars Hand #238468485732:  Hold'em No Limit ($0.02/$0.05 USD) - 2022/09/06 22:21:20 PT [2022/09/07 1:21:20 ET]
Table 'Margot II' 9-max Seat #1 is the button
Seat 1: BedardM1978 ($1.48 in chips) 
Seat 2: alfcapone87 ($16.54 in chips) 
Seat 3: KOCETO_1992 ($4 in chips) 
Seat 4: BluffOnTable ($7.79 in chips) 
Seat 5: K.Yurka ($5 in chips) 
Seat 6: Dorex2007 ($18.27 in chips) 
Seat 7: burro54 ($5.01 in chips) 
Seat 8: eclihan ($6.04 in chips) 
Seat 9: MOONSP3LL ($6.82 in chips) 
alfcapone87: posts small blind $0.02
KOCETO_1992: posts big blind $0.05
*** HOLE CARDS ***
Dealt to Dorex2007 [8c 5c]
BluffOnTable: folds 
K.Yurka: folds 
Dorex2007: folds 
burro54: raises $0.12 to $0.17
eclihan: folds 
MOONSP3LL: folds 
BedardM1978: folds 
alfcapone87: folds 
KOCETO_1992: folds 
Uncalled bet ($0.12) returned to burro54
burro54 collected $0.12 from pot
*** SUMMARY ***
Total pot $0.12 | Rake $0 
Seat 1: BedardM1978 (button) folded before Flop (didn't bet)
Seat 2: alfcapone87 (small blind) folded before Flop
Seat 3: KOCETO_1992 (big blind) folded before Flop
Seat 4: BluffOnTable folded before Flop (didn't bet)
Seat 5: K.Yurka folded before Flop (didn't bet)
Seat 6: Dorex2007 folded before Flop (didn't bet)
Seat 7: burro54 collected ($0.12)
Seat 8: eclihan folded before Flop (didn't bet)
Seat 9: MOONSP3LL folded before Flop (didn't bet)



PokerStars Hand #238468487535:  Hold'em No Limit ($0.02/$0.05 USD) - 2022/09/06 22:21:36 PT [2022/09/07 1:21:36 ET]
Table 'Margot II' 9-max Seat #2 is the button
Seat 1: BedardM1978 ($1.48 in chips) 
Seat 2: alfcapone87 ($16.52 in chips) 
Seat 3: KOCETO_1992 ($3.95 in chips) 
Seat 4: BluffOnTable ($7.79 in chips) 
Seat 5: K.Yurka ($5 in chips) 
Seat 6: Dorex2007 ($18.27 in chips) 
Seat 7: burro54 ($5.08 in chips) 
Seat 8: eclihan ($6.04 in chips) 
Seat 9: MOONSP3LL ($6.82 in chips) 
KOCETO_1992: posts small blind $0.02
BluffOnTable: posts big blind $0.05
*** HOLE CARDS ***
Dealt to Dorex2007 [Qs 7c]
K.Yurka: folds 
Dorex2007: folds 
burro54: raises $0.12 to $0.17
eclihan: folds 
MOONSP3LL: folds 
BedardM1978: folds 
alfcapone87: folds 
KOCETO_1992: folds 
BluffOnTable: folds 
Uncalled bet ($0.12) returned to burro54
burro54 collected $0.12 from pot
*** SUMMARY ***
Total pot $0.12 | Rake $0 
Seat 1: BedardM1978 folded before Flop (didn't bet)
Seat 2: alfcapone87 (button) folded before Flop (didn't bet)
Seat 3: KOCETO_1992 (small blind) folded before Flop
Seat 4: BluffOnTable (big blind) folded before Flop
Seat 5: K.Yurka folded before Flop (didn't bet)
Seat 6: Dorex2007 folded before Flop (didn't bet)
Seat 7: burro54 collected ($0.12)
Seat 8: eclihan folded before Flop (didn't bet)
Seat 9: MOONSP3LL folded before Flop (didn't bet)



PokerStars Hand #238468489888:  Hold'em No Limit ($0.02/$0.05 USD) - 2022/09/06 22:21:58 PT [2022/09/07 1:21:58 ET]
Table 'Margot II' 9-max Seat #3 is the button
Seat 1: BedardM1978 ($1.48 in chips) 
Seat 2: alfcapone87 ($16.52 in chips) 
Seat 3: KOCETO_1992 ($3.93 in chips) 
Seat 4: BluffOnTable ($7.74 in chips) 
Seat 5: K.Yurka ($5 in chips) 
Seat 6: Dorex2007 ($18.27 in chips) 
Seat 7: burro54 ($5.15 in chips) 
Seat 8: eclihan ($6.04 in chips) 
Seat 9: MOONSP3LL ($6.82 in chips) 
BluffOnTable: posts small blind $0.02
K.Yurka: posts big blind $0.05
*** HOLE CARDS ***
Dealt to Dorex2007 [8d 5h]
Dorex2007: folds 
burro54: raises $0.05 to $0.10
eclihan: folds 
MOONSP3LL: folds 
BedardM1978: folds 
alfcapone87: folds 
KOCETO_1992: folds 
BluffOnTable: folds 
K.Yurka: calls $0.05
*** FLOP *** [6h Kd 9d]
K.Yurka: checks 
burro54: bets $0.10
K.Yurka: calls $0.10
*** TURN *** [6h Kd 9d] [7h]
K.Yurka: checks 
burro54: bets $0.40
K.Yurka: calls $0.40
*** RIVER *** [6h Kd 9d 7h] [Qd]
K.Yurka: checks 
burro54: checks 
*** SHOW DOWN ***
K.Yurka: shows [4d Ad] (a flush, Ace high)
burro54: mucks hand 
K.Yurka collected $1.17 from pot
*** SUMMARY ***
Total pot $1.22 | Rake $0.05 
Board [6h Kd 9d 7h Qd]
Seat 1: BedardM1978 folded before Flop (didn't bet)
Seat 2: alfcapone87 folded before Flop (didn't bet)
Seat 3: KOCETO_1992 (button) folded before Flop (didn't bet)
Seat 4: BluffOnTable (small blind) folded before Flop
Seat 5: K.Yurka (big blind) showed [4d Ad] and won ($1.17) with a flush, Ace high
Seat 6: Dorex2007 folded before Flop (didn't bet)
Seat 7: burro54 mucked [As 4c]
Seat 8: eclihan folded before Flop (didn't bet)
Seat 9: MOONSP3LL folded before Flop (didn't bet)



PokerStars Hand #238468496575:  Hold'em No Limit ($0.02/$0.05 USD) - 2022/09/06 22:22:58 PT [2022/09/07 1:22:58 ET]
Table 'Margot II' 9-max Seat #4 is the button
Seat 1: BedardM1978 ($1.48 in chips) 
Seat 2: alfcapone87 ($16.52 in chips) 
Seat 3: KOCETO_1992 ($3.93 in chips) 
Seat 4: BluffOnTable ($7.72 in chips) 
Seat 5: K.Yurka ($5.57 in chips) 
Seat 6: Dorex2007 ($18.27 in chips) 
Seat 7: burro54 ($4.55 in chips) 
Seat 8: eclihan ($6.04 in chips) 
Seat 9: MOONSP3LL ($6.82 in chips) 
K.Yurka: posts small blind $0.02
Dorex2007: posts big blind $0.05
*** HOLE CARDS ***
Dealt to Dorex2007 [Jh Ac]
burro54: raises $0.12 to $0.17
eclihan: folds 
MOONSP3LL: folds 
BedardM1978: folds 
alfcapone87: folds 
KOCETO_1992: folds 
BluffOnTable: folds 
K.Yurka: folds 
Dorex2007: calls $0.12
*** FLOP *** [7d 6h Jc]
Dorex2007: checks 
burro54: bets $0.35
Dorex2007: raises $17.75 to $18.10 and is all-in
burro54: folds 
Uncalled bet ($17.75) returned to Dorex2007
Dorex2007 collected $1.02 from pot
Dorex2007: doesn't show hand 
*** SUMMARY ***
Total pot $1.06 | Rake $0.04 
Board [7d 6h Jc]
Seat 1: BedardM1978 folded before Flop (didn't bet)
Seat 2: alfcapone87 folded before Flop (didn't bet)
Seat 3: KOCETO_1992 folded before Flop (didn't bet)
Seat 4: BluffOnTable (button) folded before Flop (didn't bet)
Seat 5: K.Yurka (small blind) folded before Flop
Seat 6: Dorex2007 (big blind) collected ($1.02)
Seat 7: burro54 folded on the Flop
Seat 8: eclihan folded before Flop (didn't bet)
Seat 9: MOONSP3LL folded before Flop (didn't bet)



PokerStars Hand #238468500854:  Hold'em No Limit ($0.02/$0.05 USD) - 2022/09/06 22:23:37 PT [2022/09/07 1:23:37 ET]
Table 'Margot II' 9-max Seat #5 is the button
Seat 1: BedardM1978 ($1.48 in chips) 
Seat 2: alfcapone87 ($16.52 in chips) 
Seat 3: KOCETO_1992 ($3.93 in chips) 
Seat 4: BluffOnTable ($7.72 in chips) 
Seat 5: K.Yurka ($5.55 in chips) 
Seat 6: Dorex2007 ($18.77 in chips) 
Seat 7: burro54 ($4.03 in chips) 
Seat 8: eclihan ($6.04 in chips) 
Seat 9: MOONSP3LL ($6.82 in chips) 
Dorex2007: posts small blind $0.02
burro54: posts big blind $0.05
*** HOLE CARDS ***
Dealt to Dorex2007 [Kd Jh]
eclihan: folds 
MOONSP3LL: raises $0.05 to $0.10
BedardM1978: folds 
alfcapone87: folds 
KOCETO_1992: folds 
BluffOnTable: folds 
K.Yurka: folds 
Dorex2007: calls $0.08
burro54: raises $0.30 to $0.40
MOONSP3LL: calls $0.30
Dorex2007: folds 
*** FLOP *** [Ac Jc Js]
burro54: bets $0.86
MOONSP3LL: folds 
Uncalled bet ($0.86) returned to burro54
burro54 collected $0.86 from pot
*** SUMMARY ***
Total pot $0.90 | Rake $0.04 
Board [Ac Jc Js]
Seat 1: BedardM1978 folded before Flop (didn't bet)
Seat 2: alfcapone87 folded before Flop (didn't bet)
Seat 3: KOCETO_1992 folded before Flop (didn't bet)
Seat 4: BluffOnTable folded before Flop (didn't bet)
Seat 5: K.Yurka (button) folded before Flop (didn't bet)
Seat 6: Dorex2007 (small blind) folded before Flop
Seat 7: burro54 (big blind) collected ($0.86)
Seat 8: eclihan folded before Flop (didn't bet)
Seat 9: MOONSP3LL folded on the Flop



PokerStars Hand #238468504845:  Hold'em No Limit ($0.02/$0.05 USD) - 2022/09/06 22:24:13 PT [2022/09/07 1:24:13 ET]
Table 'Margot II' 9-max Seat #6 is the button
Seat 1: BedardM1978 ($1.48 in chips) 
Seat 2: alfcapone87 ($16.52 in chips) 
Seat 3: KOCETO_1992 ($3.93 in chips) 
Seat 4: BluffOnTable ($7.72 in chips) 
Seat 5: K.Yurka ($5.55 in chips) 
Seat 6: Dorex2007 ($18.67 in chips) 
Seat 7: burro54 ($4.49 in chips) 
Seat 8: eclihan ($6.04 in chips) 
Seat 9: MOONSP3LL ($6.42 in chips) 
burro54: posts small blind $0.02
eclihan: posts big blind $0.05
*** HOLE CARDS ***
Dealt to Dorex2007 [3d Qs]
MOONSP3LL: raises $0.05 to $0.10
BedardM1978: raises $0.05 to $0.15
alfcapone87: folds 
KOCETO_1992: folds 
BluffOnTable: folds 
K.Yurka: folds 
Dorex2007: folds 
burro54: calls $0.13
eclihan: folds 
MOONSP3LL: calls $0.05
*** FLOP *** [Ks Jh 8h]
burro54: checks 
MOONSP3LL: checks 
BedardM1978: checks 
*** TURN *** [Ks Jh 8h] [As]
burro54: bets $0.10
MOONSP3LL: calls $0.10
BedardM1978: calls $0.10
*** RIVER *** [Ks Jh 8h As] [7h]
burro54: bets $0.15
MOONSP3LL: calls $0.15
BedardM1978: raises $0.15 to $0.30
burro54: folds 
MOONSP3LL: calls $0.15
*** SHOW DOWN ***
BedardM1978: shows [Ad Qd] (a pair of Aces)
MOONSP3LL: shows [9d Td] (a straight, Seven to Jack)
MOONSP3LL collected $1.47 from pot
*** SUMMARY ***
Total pot $1.55 | Rake $0.08 
Board [Ks Jh 8h As 7h]
Seat 1: BedardM1978 showed [Ad Qd] and lost with a pair of Aces
Seat 2: alfcapone87 folded before Flop (didn't bet)
Seat 3: KOCETO_1992 folded before Flop (didn't bet)
Seat 4: BluffOnTable folded before Flop (didn't bet)
Seat 5: K.Yurka folded before Flop (didn't bet)
Seat 6: Dorex2007 (button) folded before Flop (didn't bet)
Seat 7: burro54 (small blind) folded on the River
Seat 8: eclihan (big blind) folded before Flop
Seat 9: MOONSP3LL showed [9d Td] and won ($1.47) with a straight, Seven to Jack



