PokerStars Hand #237522618725:  Hold'em No Limit ($0.02/$0.05 USD) - 2022/07/22 15:17:35 PT [2022/07/22 18:17:35 ET]
Table 'Telesto' 9-max Seat #1 is the button
Seat 1: kimikiwi87 ($12.80 in chips) 
Seat 2: trippleking104 ($10.30 in chips) 
Seat 3: guibonini ($6.87 in chips) 
Seat 4: leozinfull ($5.78 in chips) 
Seat 5: cr@sh test ($5 in chips) 
Seat 6: Pablota1986 ($5 in chips) 
Seat 7: shtshot250 ($3.74 in chips) 
Seat 8: Louney6565 ($7.36 in chips) 
Seat 9: Dorex2007 ($5 in chips) 
trippleking104: posts small blind $0.02
guibonini: posts big blind $0.05
Dorex2007: posts big blind $0.05
*** HOLE CARDS ***
Dealt to Dorex2007 [Ks 6c]
leozinfull: folds 
cr@sh test: folds 
Pablota1986: folds 
shtshot250: calls $0.05
Louney6565: calls $0.05
Dorex2007: checks 
kimikiwi87: folds 
trippleking104: calls $0.03
guibonini: checks 
*** FLOP *** [7d Qc 7h]
trippleking104: checks 
guibonini: checks 
shtshot250: bets $0.24
Louney6565: calls $0.24
Dorex2007: folds 
trippleking104: folds 
guibonini: folds 
*** TURN *** [7d Qc 7h] [4h]
shtshot250: bets $0.35
Louney6565: raises $0.35 to $0.70
shtshot250: calls $0.35
*** RIVER *** [7d Qc 7h 4h] [5c]
shtshot250: checks 
Louney6565: bets $0.05
shtshot250: calls $0.05
*** SHOW DOWN ***
Louney6565: shows [5d 5s] (a full house, Fives full of Sevens)
shtshot250: mucks hand 
Louney6565 collected $2.14 from pot
*** SUMMARY ***
Total pot $2.23 | Rake $0.09 
Board [7d Qc 7h 4h 5c]
Seat 1: kimikiwi87 (button) folded before Flop (didn't bet)
Seat 2: trippleking104 (small blind) folded on the Flop
Seat 3: guibonini (big blind) folded on the Flop
Seat 4: leozinfull folded before Flop (didn't bet)
Seat 5: cr@sh test folded before Flop (didn't bet)
Seat 6: Pablota1986 folded before Flop (didn't bet)
Seat 7: shtshot250 mucked [Tc Qh]
Seat 8: Louney6565 showed [5d 5s] and won ($2.14) with a full house, Fives full of Sevens
Seat 9: Dorex2007 folded on the Flop (didn't bet)



PokerStars Hand #237522638044:  Hold'em No Limit ($0.02/$0.05 USD) - 2022/07/22 15:18:32 PT [2022/07/22 18:18:32 ET]
Table 'Telesto' 9-max Seat #2 is the button
Seat 1: kimikiwi87 ($12.80 in chips) 
Seat 2: trippleking104 ($10.25 in chips) 
Seat 3: guibonini ($6.82 in chips) 
Seat 4: leozinfull ($5.78 in chips) 
Seat 5: cr@sh test ($5 in chips) 
Seat 6: Pablota1986 ($5 in chips) 
Seat 7: shtshot250 ($2.70 in chips) 
Seat 8: Louney6565 ($8.46 in chips) 
Seat 9: Dorex2007 ($5 in chips) 
guibonini: posts small blind $0.02
leozinfull: posts big blind $0.05
*** HOLE CARDS ***
Dealt to Dorex2007 [9h 6c]
cr@sh test: folds 
Pablota1986: folds 
shtshot250: folds 
Louney6565: calls $0.05
Dorex2007: folds 
kimikiwi87: folds 
trippleking104: folds 
guibonini: raises $0.15 to $0.20
leozinfull: folds 
Louney6565: calls $0.15
*** FLOP *** [Jh Qs 6h]
guibonini: checks 
Louney6565: bets $0.20
guibonini: folds 
Uncalled bet ($0.20) returned to Louney6565
Louney6565 collected $0.43 from pot
*** SUMMARY ***
Total pot $0.45 | Rake $0.02 
Board [Jh Qs 6h]
Seat 1: kimikiwi87 folded before Flop (didn't bet)
Seat 2: trippleking104 (button) folded before Flop (didn't bet)
Seat 3: guibonini (small blind) folded on the Flop
Seat 4: leozinfull (big blind) folded before Flop
Seat 5: cr@sh test folded before Flop (didn't bet)
Seat 6: Pablota1986 folded before Flop (didn't bet)
Seat 7: shtshot250 folded before Flop (didn't bet)
Seat 8: Louney6565 collected ($0.43)
Seat 9: Dorex2007 folded before Flop (didn't bet)



PokerStars Hand #237522653062:  Hold'em No Limit ($0.02/$0.05 USD) - 2022/07/22 15:19:17 PT [2022/07/22 18:19:17 ET]
Table 'Telesto' 9-max Seat #3 is the button
Seat 1: kimikiwi87 ($12.80 in chips) 
Seat 2: trippleking104 ($10.25 in chips) 
Seat 3: guibonini ($6.62 in chips) 
Seat 4: leozinfull ($5.73 in chips) 
Seat 5: cr@sh test ($5 in chips) 
Seat 6: Pablota1986 ($5 in chips) 
Seat 8: Louney6565 ($8.69 in chips) 
Seat 9: Dorex2007 ($5 in chips) 
leozinfull: posts small blind $0.02
cr@sh test: posts big blind $0.05
*** HOLE CARDS ***
Dealt to Dorex2007 [Jh 4c]
Pablota1986: folds 
Louney6565: calls $0.05
Dorex2007: folds 
kimikiwi87: folds 
trippleking104: calls $0.05
guibonini: calls $0.05
Pablota1986 leaves the table
leozinfull: calls $0.03
Blake45645 joins the table at seat #6 
cr@sh test: checks 
*** FLOP *** [Js 9h 8h]
leozinfull: checks 
cr@sh test: checks 
Louney6565: checks 
trippleking104: checks 
guibonini: checks 
*** TURN *** [Js 9h 8h] [3h]
leozinfull: checks 
cr@sh test: checks 
Louney6565: bets $0.20
trippleking104: folds 
guibonini: folds 
leozinfull: folds 
cr@sh test: folds 
Uncalled bet ($0.20) returned to Louney6565
Louney6565 collected $0.24 from pot
*** SUMMARY ***
Total pot $0.25 | Rake $0.01 
Board [Js 9h 8h 3h]
Seat 1: kimikiwi87 folded before Flop (didn't bet)
Seat 2: trippleking104 folded on the Turn
Seat 3: guibonini (button) folded on the Turn
Seat 4: leozinfull (small blind) folded on the Turn
Seat 5: cr@sh test (big blind) folded on the Turn
Seat 6: Pablota1986 folded before Flop (didn't bet)
Seat 8: Louney6565 collected ($0.24)
Seat 9: Dorex2007 folded before Flop (didn't bet)



PokerStars Hand #237522679078:  Hold'em No Limit ($0.02/$0.05 USD) - 2022/07/22 15:20:34 PT [2022/07/22 18:20:34 ET]
Table 'Telesto' 9-max Seat #4 is the button
Seat 1: kimikiwi87 ($12.80 in chips) 
Seat 2: trippleking104 ($10.20 in chips) 
Seat 3: guibonini ($6.57 in chips) 
Seat 4: leozinfull ($5.68 in chips) 
Seat 5: cr@sh test ($5 in chips) 
Seat 6: Blake45645 ($5 in chips) 
Seat 8: Louney6565 ($8.88 in chips) 
Seat 9: Dorex2007 ($5 in chips) 
cr@sh test: posts small blind $0.02
Blake45645: posts big blind $0.05
*** HOLE CARDS ***
Dealt to Dorex2007 [5d Ks]
Louney6565: raises $0.15 to $0.20
Dorex2007: folds 
kimikiwi87: folds 
trippleking104: folds 
guibonini: folds 
leozinfull: folds 
cr@sh test: folds 
trippleking104 leaves the table
Blake45645: calls $0.15
*** FLOP *** [8h 6c Qh]
Blake45645: checks 
Louney6565: bets $0.20
Blake45645: calls $0.20
*** TURN *** [8h 6c Qh] [2s]
Blake45645: checks 
Louney6565: bets $0.20
Blake45645: calls $0.20
*** RIVER *** [8h 6c Qh 2s] [Qd]
Blake45645: checks 
Louney6565: bets $0.50
Blake45645: folds 
Uncalled bet ($0.50) returned to Louney6565
Louney6565 collected $1.17 from pot
*** SUMMARY ***
Total pot $1.22 | Rake $0.05 
Board [8h 6c Qh 2s Qd]
Seat 1: kimikiwi87 folded before Flop (didn't bet)
Seat 2: trippleking104 folded before Flop (didn't bet)
Seat 3: guibonini folded before Flop (didn't bet)
Seat 4: leozinfull (button) folded before Flop (didn't bet)
Seat 5: cr@sh test (small blind) folded before Flop
Seat 6: Blake45645 (big blind) folded on the River
Seat 8: Louney6565 collected ($1.17)
Seat 9: Dorex2007 folded before Flop (didn't bet)



PokerStars Hand #237522699848:  Hold'em No Limit ($0.02/$0.05 USD) - 2022/07/22 15:21:37 PT [2022/07/22 18:21:37 ET]
Table 'Telesto' 9-max Seat #5 is the button
Seat 1: kimikiwi87 ($12.80 in chips) 
Seat 3: guibonini ($6.57 in chips) 
Seat 4: leozinfull ($5.68 in chips) 
Seat 5: cr@sh test ($5 in chips) 
Seat 6: Blake45645 ($5 in chips) 
Seat 8: Louney6565 ($9.45 in chips) 
Seat 9: Dorex2007 ($5 in chips) 
Blake45645: posts small blind $0.02
Louney6565: posts big blind $0.05
*** HOLE CARDS ***
Dealt to Dorex2007 [4h Qh]
Dorex2007: folds 
kimikiwi87: raises $0.05 to $0.10
guibonini: folds 
leozinfull: raises $0.15 to $0.25
cr@sh test: folds 
Blake45645: folds 
Louney6565: calls $0.20
kimikiwi87: calls $0.15
*** FLOP *** [Kh 7c 5d]
Louney6565: bets $0.37
kimikiwi87: folds 
yur4ik777 joins the table at seat #2 
leozinfull: calls $0.37
*** TURN *** [Kh 7c 5d] [Kd]
Louney6565: bets $0.30
leozinfull: folds 
Uncalled bet ($0.30) returned to Louney6565
Louney6565 collected $1.45 from pot
*** SUMMARY ***
Total pot $1.51 | Rake $0.06 
Board [Kh 7c 5d Kd]
Seat 1: kimikiwi87 folded on the Flop
Seat 3: guibonini folded before Flop (didn't bet)
Seat 4: leozinfull folded on the Turn
Seat 5: cr@sh test (button) folded before Flop (didn't bet)
Seat 6: Blake45645 (small blind) folded before Flop
Seat 8: Louney6565 (big blind) collected ($1.45)
Seat 9: Dorex2007 folded before Flop (didn't bet)



PokerStars Hand #237522720769:  Hold'em No Limit ($0.02/$0.05 USD) - 2022/07/22 15:22:40 PT [2022/07/22 18:22:40 ET]
Table 'Telesto' 9-max Seat #6 is the button
Seat 1: kimikiwi87 ($12.55 in chips) 
Seat 3: guibonini ($6.57 in chips) 
Seat 4: leozinfull ($5.06 in chips) 
Seat 5: cr@sh test ($5 in chips) 
Seat 6: Blake45645 ($5 in chips) 
Seat 8: Louney6565 ($10.28 in chips) 
Seat 9: Dorex2007 ($5 in chips) 
Louney6565: posts small blind $0.02
Dorex2007: posts big blind $0.05
yur4ik777: sits out 
*** HOLE CARDS ***
Dealt to Dorex2007 [Qh 6d]
kimikiwi87: folds 
guibonini: folds 
leozinfull: folds 
cr@sh test: folds 
Blake45645: raises $0.12 to $0.17
Louney6565: folds 
Dorex2007: folds 
Uncalled bet ($0.12) returned to Blake45645
Blake45645 collected $0.12 from pot
*** SUMMARY ***
Total pot $0.12 | Rake $0 
Seat 1: kimikiwi87 folded before Flop (didn't bet)
Seat 3: guibonini folded before Flop (didn't bet)
Seat 4: leozinfull folded before Flop (didn't bet)
Seat 5: cr@sh test folded before Flop (didn't bet)
Seat 6: Blake45645 (button) collected ($0.12)
Seat 8: Louney6565 (small blind) folded before Flop
Seat 9: Dorex2007 (big blind) folded before Flop



PokerStars Hand #237522727432:  Hold'em No Limit ($0.02/$0.05 USD) - 2022/07/22 15:23:00 PT [2022/07/22 18:23:00 ET]
Table 'Telesto' 9-max Seat #8 is the button
Seat 1: kimikiwi87 ($12.55 in chips) 
Seat 3: guibonini ($6.57 in chips) 
Seat 4: leozinfull ($5.06 in chips) 
Seat 5: cr@sh test ($5 in chips) 
Seat 6: Blake45645 ($5.07 in chips) 
Seat 8: Louney6565 ($10.26 in chips) 
Seat 9: Dorex2007 ($5 in chips) 
Dorex2007: posts small blind $0.02
kimikiwi87: posts big blind $0.05
yur4ik777: sits out 
*** HOLE CARDS ***
Dealt to Dorex2007 [Js Jh]
guibonini: folds 
leozinfull has timed out
leozinfull: folds 
cr@sh test: raises $0.07 to $0.12
Blake45645: folds 
Louney6565: folds 
Louney6565 leaves the table
Dorex2007: calls $0.10
kimikiwi87: folds 
*** FLOP *** [3d 5h 6s]
willdadood joins the table at seat #8 
Dorex2007: bets $0.28
cr@sh test: folds 
Uncalled bet ($0.28) returned to Dorex2007
Dorex2007 collected $0.28 from pot
*** SUMMARY ***
Total pot $0.29 | Rake $0.01 
Board [3d 5h 6s]
Seat 1: kimikiwi87 (big blind) folded before Flop
Seat 3: guibonini folded before Flop (didn't bet)
Seat 4: leozinfull folded before Flop (didn't bet)
Seat 5: cr@sh test folded on the Flop
Seat 6: Blake45645 folded before Flop (didn't bet)
Seat 8: Louney6565 (button) folded before Flop (didn't bet)
Seat 9: Dorex2007 (small blind) collected ($0.28)



PokerStars Hand #237522737151:  Hold'em No Limit ($0.02/$0.05 USD) - 2022/07/22 15:23:29 PT [2022/07/22 18:23:29 ET]
Table 'Telesto' 9-max Seat #9 is the button
Seat 1: kimikiwi87 ($12.50 in chips) 
Seat 2: yur4ik777 ($5 in chips) 
Seat 3: guibonini ($6.57 in chips) 
Seat 4: leozinfull ($5.06 in chips) 
Seat 5: cr@sh test ($5 in chips) 
Seat 6: Blake45645 ($5.07 in chips) 
Seat 9: Dorex2007 ($5.16 in chips) 
kimikiwi87: posts small blind $0.02
yur4ik777: posts big blind $0.05
willdadood: sits out 
*** HOLE CARDS ***
Dealt to Dorex2007 [Kc 5h]
guibonini: folds 
leozinfull: calls $0.05
cr@sh test: folds 
Blake45645: folds 
Dorex2007: folds 
kimikiwi87: folds 
yur4ik777: raises $0.21 to $0.26
leozinfull: calls $0.21
*** FLOP *** [Ks Js 5s]
yur4ik777: bets $0.33
leozinfull: folds 
Uncalled bet ($0.33) returned to yur4ik777
yur4ik777 collected $0.52 from pot
*** SUMMARY ***
Total pot $0.54 | Rake $0.02 
Board [Ks Js 5s]
Seat 1: kimikiwi87 (small blind) folded before Flop
Seat 2: yur4ik777 (big blind) collected ($0.52)
Seat 3: guibonini folded before Flop (didn't bet)
Seat 4: leozinfull folded on the Flop
Seat 5: cr@sh test folded before Flop (didn't bet)
Seat 6: Blake45645 folded before Flop (didn't bet)
Seat 9: Dorex2007 (button) folded before Flop (didn't bet)



PokerStars Hand #237522750835:  Hold'em No Limit ($0.02/$0.05 USD) - 2022/07/22 15:24:10 PT [2022/07/22 18:24:10 ET]
Table 'Telesto' 9-max Seat #1 is the button
Seat 1: kimikiwi87 ($12.48 in chips) 
Seat 2: yur4ik777 ($5.26 in chips) 
Seat 3: guibonini ($6.57 in chips) 
Seat 4: leozinfull ($4.80 in chips) 
Seat 5: cr@sh test ($5 in chips) 
Seat 6: Blake45645 ($5.07 in chips) 
Seat 9: Dorex2007 ($5.16 in chips) 
yur4ik777: posts small blind $0.02
guibonini: posts big blind $0.05
willdadood: sits out 
*** HOLE CARDS ***
Dealt to Dorex2007 [2d Jh]
leozinfull: calls $0.05
cr@sh test: raises $0.10 to $0.15
Blake45645: folds 
Dorex2007: folds 
kimikiwi87: folds 
yur4ik777: folds 
guibonini: folds 
leozinfull: raises $0.20 to $0.35
cr@sh test: calls $0.20
*** FLOP *** [Qs 4c 9h]
leozinfull: bets $0.37
cr@sh test: folds 
Uncalled bet ($0.37) returned to leozinfull
leozinfull collected $0.74 from pot
*** SUMMARY ***
Total pot $0.77 | Rake $0.03 
Board [Qs 4c 9h]
Seat 1: kimikiwi87 (button) folded before Flop (didn't bet)
Seat 2: yur4ik777 (small blind) folded before Flop
Seat 3: guibonini (big blind) folded before Flop
Seat 4: leozinfull collected ($0.74)
Seat 5: cr@sh test folded on the Flop
Seat 6: Blake45645 folded before Flop (didn't bet)
Seat 9: Dorex2007 folded before Flop (didn't bet)



PokerStars Hand #237522763680:  Hold'em No Limit ($0.02/$0.05 USD) - 2022/07/22 15:24:50 PT [2022/07/22 18:24:50 ET]
Table 'Telesto' 9-max Seat #2 is the button
Seat 1: kimikiwi87 ($12.48 in chips) 
Seat 2: yur4ik777 ($5.24 in chips) 
Seat 3: guibonini ($6.52 in chips) 
Seat 4: leozinfull ($5.19 in chips) 
Seat 5: cr@sh test ($5 in chips) 
Seat 6: Blake45645 ($5.07 in chips) 
Seat 9: Dorex2007 ($5.16 in chips) 
guibonini: posts small blind $0.02
leozinfull: posts big blind $0.05
shtshot250: sits out 
willdadood: sits out 
*** HOLE CARDS ***
Dealt to Dorex2007 [3h 3s]
cr@sh test: folds 
Blake45645: folds 
Dorex2007: folds 
kimikiwi87: folds 
yur4ik777: raises $0.10 to $0.15
guibonini: calls $0.13
leozinfull: folds 
*** FLOP *** [3c Qd 9h]
guibonini: checks 
yur4ik777: bets $0.27
guibonini: raises $0.33 to $0.60
yur4ik777: folds 
Uncalled bet ($0.33) returned to guibonini
guibonini collected $0.85 from pot
*** SUMMARY ***
Total pot $0.89 | Rake $0.04 
Board [3c Qd 9h]
Seat 1: kimikiwi87 folded before Flop (didn't bet)
Seat 2: yur4ik777 (button) folded on the Flop
Seat 3: guibonini (small blind) collected ($0.85)
Seat 4: leozinfull (big blind) folded before Flop
Seat 5: cr@sh test folded before Flop (didn't bet)
Seat 6: Blake45645 folded before Flop (didn't bet)
Seat 9: Dorex2007 folded before Flop (didn't bet)



PokerStars Hand #237522774545:  Hold'em No Limit ($0.02/$0.05 USD) - 2022/07/22 15:25:23 PT [2022/07/22 18:25:23 ET]
Table 'Telesto' 9-max Seat #3 is the button
Seat 1: kimikiwi87 ($12.48 in chips) 
Seat 2: yur4ik777 ($4.82 in chips) 
Seat 3: guibonini ($6.95 in chips) 
Seat 4: leozinfull ($5.14 in chips) 
Seat 5: cr@sh test ($5 in chips) 
Seat 6: Blake45645 ($5.07 in chips) 
Seat 9: Dorex2007 ($5.16 in chips) 
leozinfull: posts small blind $0.02
cr@sh test: posts big blind $0.05
shtshot250: sits out 
willdadood: sits out 
*** HOLE CARDS ***
Dealt to Dorex2007 [4d Qs]
Blake45645: folds 
Dorex2007: folds 
kimikiwi87: folds 
yur4ik777: folds 
guibonini: raises $0.06 to $0.11
leozinfull: calls $0.09
cr@sh test: raises $0.33 to $0.44
guibonini: folds 
leozinfull: folds 
Uncalled bet ($0.33) returned to cr@sh test
cr@sh test collected $0.33 from pot
*** SUMMARY ***
Total pot $0.33 | Rake $0 
Seat 1: kimikiwi87 folded before Flop (didn't bet)
Seat 2: yur4ik777 folded before Flop (didn't bet)
Seat 3: guibonini (button) folded before Flop
Seat 4: leozinfull (small blind) folded before Flop
Seat 5: cr@sh test (big blind) collected ($0.33)
Seat 6: Blake45645 folded before Flop (didn't bet)
Seat 9: Dorex2007 folded before Flop (didn't bet)



PokerStars Hand #237522785138:  Hold'em No Limit ($0.02/$0.05 USD) - 2022/07/22 15:25:55 PT [2022/07/22 18:25:55 ET]
Table 'Telesto' 9-max Seat #4 is the button
Seat 1: kimikiwi87 ($12.48 in chips) 
Seat 2: yur4ik777 ($4.82 in chips) 
Seat 3: guibonini ($6.84 in chips) 
Seat 4: leozinfull ($5.03 in chips) 
Seat 5: cr@sh test ($5.22 in chips) 
Seat 6: Blake45645 ($5.07 in chips) 
Seat 9: Dorex2007 ($5.16 in chips) 
cr@sh test: posts small blind $0.02
Blake45645: posts big blind $0.05
shtshot250: sits out 
willdadood: sits out 
*** HOLE CARDS ***
Dealt to Dorex2007 [4c 3s]
Dorex2007: folds 
kimikiwi87: folds 
yur4ik777: folds 
guibonini: folds 
leozinfull: raises $0.10 to $0.15
cr@sh test: folds 
Blake45645: folds 
Uncalled bet ($0.10) returned to leozinfull
leozinfull collected $0.12 from pot
*** SUMMARY ***
Total pot $0.12 | Rake $0 
Seat 1: kimikiwi87 folded before Flop (didn't bet)
Seat 2: yur4ik777 folded before Flop (didn't bet)
Seat 3: guibonini folded before Flop (didn't bet)
Seat 4: leozinfull (button) collected ($0.12)
Seat 5: cr@sh test (small blind) folded before Flop
Seat 6: Blake45645 (big blind) folded before Flop
Seat 9: Dorex2007 folded before Flop (didn't bet)



PokerStars Hand #237522790195:  Hold'em No Limit ($0.02/$0.05 USD) - 2022/07/22 15:26:11 PT [2022/07/22 18:26:11 ET]
Table 'Telesto' 9-max Seat #5 is the button
Seat 1: kimikiwi87 ($12.48 in chips) 
Seat 2: yur4ik777 ($4.82 in chips) 
Seat 3: guibonini ($6.84 in chips) 
Seat 4: leozinfull ($5.10 in chips) 
Seat 5: cr@sh test ($5.20 in chips) 
Seat 6: Blake45645 ($5.02 in chips) 
Seat 7: shtshot250 ($2.70 in chips) 
Seat 9: Dorex2007 ($5.16 in chips) 
Blake45645: posts small blind $0.02
shtshot250: posts big blind $0.05
willdadood: sits out 
*** HOLE CARDS ***
Dealt to Dorex2007 [6s 6h]
Dorex2007: calls $0.05
kimikiwi87: folds 
yur4ik777: folds 
guibonini: folds 
leozinfull: raises $0.10 to $0.15
cr@sh test: calls $0.15
Blake45645: calls $0.13
shtshot250: calls $0.10
Dorex2007: calls $0.10
*** FLOP *** [7c 9c Qd]
Blake45645: checks 
shtshot250: checks 
Dorex2007: checks 
leozinfull: bets $0.36
cr@sh test: folds 
Blake45645: folds 
shtshot250: folds 
Dorex2007: folds 
Uncalled bet ($0.36) returned to leozinfull
leozinfull collected $0.72 from pot
*** SUMMARY ***
Total pot $0.75 | Rake $0.03 
Board [7c 9c Qd]
Seat 1: kimikiwi87 folded before Flop (didn't bet)
Seat 2: yur4ik777 folded before Flop (didn't bet)
Seat 3: guibonini folded before Flop (didn't bet)
Seat 4: leozinfull collected ($0.72)
Seat 5: cr@sh test (button) folded on the Flop
Seat 6: Blake45645 (small blind) folded on the Flop
Seat 7: shtshot250 (big blind) folded on the Flop
Seat 9: Dorex2007 folded on the Flop



PokerStars Hand #237522806513:  Hold'em No Limit ($0.02/$0.05 USD) - 2022/07/22 15:27:01 PT [2022/07/22 18:27:01 ET]
Table 'Telesto' 9-max Seat #6 is the button
Seat 1: kimikiwi87 ($12.48 in chips) 
Seat 2: yur4ik777 ($4.82 in chips) 
Seat 3: guibonini ($6.84 in chips) 
Seat 4: leozinfull ($5.67 in chips) 
Seat 5: cr@sh test ($5.05 in chips) 
Seat 6: Blake45645 ($5 in chips) 
Seat 7: shtshot250 ($2.55 in chips) 
Seat 8: willdadood ($5 in chips) 
Seat 9: Dorex2007 ($5.01 in chips) 
shtshot250: posts small blind $0.02
willdadood: posts big blind $0.05
*** HOLE CARDS ***
Dealt to Dorex2007 [7h 4d]
Dorex2007: folds 
kimikiwi87: folds 
yur4ik777: folds 
guibonini: raises $0.06 to $0.11
leozinfull: calls $0.11
cr@sh test: folds 
Blake45645: folds 
shtshot250: folds 
willdadood: folds 
*** FLOP *** [Kh 7c Ah]
guibonini: checks 
leozinfull: bets $0.14
guibonini: raises $0.21 to $0.35
leozinfull: calls $0.21
*** TURN *** [Kh 7c Ah] [9c]
guibonini: checks 
leozinfull: checks 
*** RIVER *** [Kh 7c Ah 9c] [6c]
guibonini: bets $0.78
leozinfull: folds 
Uncalled bet ($0.78) returned to guibonini
guibonini collected $0.95 from pot
*** SUMMARY ***
Total pot $0.99 | Rake $0.04 
Board [Kh 7c Ah 9c 6c]
Seat 1: kimikiwi87 folded before Flop (didn't bet)
Seat 2: yur4ik777 folded before Flop (didn't bet)
Seat 3: guibonini collected ($0.95)
Seat 4: leozinfull folded on the River
Seat 5: cr@sh test folded before Flop (didn't bet)
Seat 6: Blake45645 (button) folded before Flop (didn't bet)
Seat 7: shtshot250 (small blind) folded before Flop
Seat 8: willdadood (big blind) folded before Flop
Seat 9: Dorex2007 folded before Flop (didn't bet)



PokerStars Hand #237522828924:  Hold'em No Limit ($0.02/$0.05 USD) - 2022/07/22 15:28:09 PT [2022/07/22 18:28:09 ET]
Table 'Telesto' 9-max Seat #7 is the button
Seat 1: kimikiwi87 ($12.48 in chips) 
Seat 2: yur4ik777 ($4.82 in chips) 
Seat 3: guibonini ($7.33 in chips) 
Seat 4: leozinfull ($5.21 in chips) 
Seat 5: cr@sh test ($5.05 in chips) 
Seat 6: Blake45645 ($5 in chips) 
Seat 7: shtshot250 ($2.53 in chips) 
Seat 8: willdadood ($4.95 in chips) 
Seat 9: Dorex2007 ($5.01 in chips) 
willdadood: posts small blind $0.02
Dorex2007: posts big blind $0.05
*** HOLE CARDS ***
Dealt to Dorex2007 [8c 7s]
kimikiwi87: folds 
yur4ik777: folds 
guibonini: folds 
leozinfull: folds 
cr@sh test: folds 
Blake45645: raises $0.12 to $0.17
shtshot250: folds 
willdadood: folds 
Dorex2007: folds 
Uncalled bet ($0.12) returned to Blake45645
Blake45645 collected $0.12 from pot
*** SUMMARY ***
Total pot $0.12 | Rake $0 
Seat 1: kimikiwi87 folded before Flop (didn't bet)
Seat 2: yur4ik777 folded before Flop (didn't bet)
Seat 3: guibonini folded before Flop (didn't bet)
Seat 4: leozinfull folded before Flop (didn't bet)
Seat 5: cr@sh test folded before Flop (didn't bet)
Seat 6: Blake45645 collected ($0.12)
Seat 7: shtshot250 (button) folded before Flop (didn't bet)
Seat 8: willdadood (small blind) folded before Flop
Seat 9: Dorex2007 (big blind) folded before Flop



PokerStars Hand #237522836656:  Hold'em No Limit ($0.02/$0.05 USD) - 2022/07/22 15:28:33 PT [2022/07/22 18:28:33 ET]
Table 'Telesto' 9-max Seat #8 is the button
Seat 1: kimikiwi87 ($12.48 in chips) 
Seat 2: yur4ik777 ($4.82 in chips) 
Seat 3: guibonini ($7.33 in chips) 
Seat 4: leozinfull ($5.21 in chips) 
Seat 5: cr@sh test ($5.05 in chips) 
Seat 6: Blake45645 ($5.07 in chips) 
Seat 7: shtshot250 ($2.53 in chips) 
Seat 8: willdadood ($5 in chips) 
Seat 9: Dorex2007 ($5 in chips) 
Dorex2007: posts small blind $0.02
kimikiwi87: posts big blind $0.05
*** HOLE CARDS ***
Dealt to Dorex2007 [5s 8s]
yur4ik777: folds 
guibonini: raises $0.06 to $0.11
leozinfull: calls $0.11
cr@sh test: folds 
Blake45645: folds 
shtshot250: raises $0.24 to $0.35
willdadood: folds 
Dorex2007: folds 
kimikiwi87: folds 
guibonini: folds 
leozinfull: folds 
Uncalled bet ($0.24) returned to shtshot250
shtshot250 collected $0.40 from pot
*** SUMMARY ***
Total pot $0.40 | Rake $0 
Seat 1: kimikiwi87 (big blind) folded before Flop
Seat 2: yur4ik777 folded before Flop (didn't bet)
Seat 3: guibonini folded before Flop
Seat 4: leozinfull folded before Flop
Seat 5: cr@sh test folded before Flop (didn't bet)
Seat 6: Blake45645 folded before Flop (didn't bet)
Seat 7: shtshot250 collected ($0.40)
Seat 8: willdadood (button) folded before Flop (didn't bet)
Seat 9: Dorex2007 (small blind) folded before Flop



PokerStars Hand #237522846640:  Hold'em No Limit ($0.02/$0.05 USD) - 2022/07/22 15:29:04 PT [2022/07/22 18:29:04 ET]
Table 'Telesto' 9-max Seat #9 is the button
Seat 1: kimikiwi87 ($12.43 in chips) 
Seat 2: yur4ik777 ($4.82 in chips) 
Seat 3: guibonini ($7.22 in chips) 
Seat 4: leozinfull ($5.10 in chips) 
Seat 5: cr@sh test ($5.05 in chips) 
Seat 6: Blake45645 ($5.07 in chips) 
Seat 7: shtshot250 ($2.82 in chips) 
Seat 8: willdadood ($5 in chips) 
Seat 9: Dorex2007 ($5 in chips) 
kimikiwi87: posts small blind $0.02
yur4ik777: posts big blind $0.05
*** HOLE CARDS ***
Dealt to Dorex2007 [4d 5d]
guibonini: folds 
leozinfull: folds 
cr@sh test: folds 
Blake45645: folds 
shtshot250: calls $0.05
willdadood: folds 
Dorex2007: folds 
kimikiwi87: folds 
yur4ik777: checks 
*** FLOP *** [6c Qs Ts]
yur4ik777: checks 
shtshot250: bets $0.12
yur4ik777: calls $0.12
*** TURN *** [6c Qs Ts] [7c]
yur4ik777: checks 
shtshot250: bets $0.35
yur4ik777: calls $0.35
*** RIVER *** [6c Qs Ts 7c] [Kd]
yur4ik777: checks 
shtshot250: bets $0.60
yur4ik777: folds 
Uncalled bet ($0.60) returned to shtshot250
shtshot250 collected $1.02 from pot
*** SUMMARY ***
Total pot $1.06 | Rake $0.04 
Board [6c Qs Ts 7c Kd]
Seat 1: kimikiwi87 (small blind) folded before Flop
Seat 2: yur4ik777 (big blind) folded on the River
Seat 3: guibonini folded before Flop (didn't bet)
Seat 4: leozinfull folded before Flop (didn't bet)
Seat 5: cr@sh test folded before Flop (didn't bet)
Seat 6: Blake45645 folded before Flop (didn't bet)
Seat 7: shtshot250 collected ($1.02)
Seat 8: willdadood folded before Flop (didn't bet)
Seat 9: Dorex2007 (button) folded before Flop (didn't bet)



PokerStars Hand #237522860754:  Hold'em No Limit ($0.02/$0.05 USD) - 2022/07/22 15:29:49 PT [2022/07/22 18:29:49 ET]
Table 'Telesto' 9-max Seat #1 is the button
Seat 1: kimikiwi87 ($12.41 in chips) 
Seat 2: yur4ik777 ($5 in chips) 
Seat 3: guibonini ($7.22 in chips) 
Seat 4: leozinfull ($5.10 in chips) 
Seat 5: cr@sh test ($5.05 in chips) 
Seat 6: Blake45645 ($5.07 in chips) 
Seat 7: shtshot250 ($3.32 in chips) 
Seat 8: willdadood ($5 in chips) 
Seat 9: Dorex2007 ($5 in chips) 
yur4ik777: posts small blind $0.02
guibonini: posts big blind $0.05
*** HOLE CARDS ***
Dealt to Dorex2007 [7d 3s]
leozinfull: folds 
cr@sh test: folds 
Blake45645: folds 
shtshot250: folds 
willdadood: folds 
Dorex2007: folds 
kimikiwi87: folds 
yur4ik777: folds 
Uncalled bet ($0.03) returned to guibonini
guibonini collected $0.04 from pot
*** SUMMARY ***
Total pot $0.04 | Rake $0 
Seat 1: kimikiwi87 (button) folded before Flop (didn't bet)
Seat 2: yur4ik777 (small blind) folded before Flop
Seat 3: guibonini (big blind) collected ($0.04)
Seat 4: leozinfull folded before Flop (didn't bet)
Seat 5: cr@sh test folded before Flop (didn't bet)
Seat 6: Blake45645 folded before Flop (didn't bet)
Seat 7: shtshot250 folded before Flop (didn't bet)
Seat 8: willdadood folded before Flop (didn't bet)
Seat 9: Dorex2007 folded before Flop (didn't bet)



PokerStars Hand #237522865375:  Hold'em No Limit ($0.02/$0.05 USD) - 2022/07/22 15:30:03 PT [2022/07/22 18:30:03 ET]
Table 'Telesto' 9-max Seat #2 is the button
Seat 1: kimikiwi87 ($12.41 in chips) 
Seat 2: yur4ik777 ($4.98 in chips) 
Seat 3: guibonini ($7.24 in chips) 
Seat 4: leozinfull ($5.10 in chips) 
Seat 5: cr@sh test ($5.05 in chips) 
Seat 6: Blake45645 ($5.07 in chips) 
Seat 7: shtshot250 ($3.32 in chips) 
Seat 8: willdadood ($5 in chips) 
Seat 9: Dorex2007 ($5 in chips) 
guibonini: posts small blind $0.02
leozinfull: posts big blind $0.05
*** HOLE CARDS ***
Dealt to Dorex2007 [2c Kc]
cr@sh test: folds 
Blake45645: folds 
shtshot250: folds 
willdadood: folds 
Dorex2007: folds 
kimikiwi87: folds 
yur4ik777: folds 
guibonini: raises $0.10 to $0.15
leozinfull: calls $0.10
*** FLOP *** [7c Jd 5d]
guibonini: checks 
leozinfull: bets $0.14
guibonini: calls $0.14
*** TURN *** [7c Jd 5d] [Td]
guibonini: checks 
leozinfull: bets $0.28
guibonini: calls $0.28
*** RIVER *** [7c Jd 5d Td] [5s]
guibonini: checks 
leozinfull: bets $0.54
guibonini: calls $0.54
*** SHOW DOWN ***
leozinfull: shows [9d Ah] (a pair of Fives)
guibonini: shows [Qs Ad] (a pair of Fives - Ace+Queen kicker)
guibonini collected $2.13 from pot
*** SUMMARY ***
Total pot $2.22 | Rake $0.09 
Board [7c Jd 5d Td 5s]
Seat 1: kimikiwi87 folded before Flop (didn't bet)
Seat 2: yur4ik777 (button) folded before Flop (didn't bet)
Seat 3: guibonini (small blind) showed [Qs Ad] and won ($2.13) with a pair of Fives
Seat 4: leozinfull (big blind) showed [9d Ah] and lost with a pair of Fives
Seat 5: cr@sh test folded before Flop (didn't bet)
Seat 6: Blake45645 folded before Flop (didn't bet)
Seat 7: shtshot250 folded before Flop (didn't bet)
Seat 8: willdadood folded before Flop (didn't bet)
Seat 9: Dorex2007 folded before Flop (didn't bet)



PokerStars Hand #237522885125:  Hold'em No Limit ($0.02/$0.05 USD) - 2022/07/22 15:31:04 PT [2022/07/22 18:31:04 ET]
Table 'Telesto' 9-max Seat #3 is the button
Seat 1: kimikiwi87 ($12.41 in chips) 
Seat 2: yur4ik777 ($4.98 in chips) 
Seat 3: guibonini ($8.26 in chips) 
Seat 4: leozinfull ($3.99 in chips) 
Seat 6: Blake45645 ($5.07 in chips) 
Seat 7: shtshot250 ($3.32 in chips) 
Seat 8: willdadood ($5 in chips) 
Seat 9: Dorex2007 ($5 in chips) 
leozinfull: posts small blind $0.02
Blake45645: posts big blind $0.05
*** HOLE CARDS ***
Dealt to Dorex2007 [5h 4d]
shtshot250: folds 
willdadood: folds 
Dorex2007: folds 
cr@sh test leaves the table
kimikiwi87: folds 
yur4ik777: raises $0.10 to $0.15
guibonini: folds 
leozinfull: folds 
Blake45645: folds 
Uncalled bet ($0.10) returned to yur4ik777
yur4ik777 collected $0.12 from pot
*** SUMMARY ***
Total pot $0.12 | Rake $0 
Seat 1: kimikiwi87 folded before Flop (didn't bet)
Seat 2: yur4ik777 collected ($0.12)
Seat 3: guibonini (button) folded before Flop (didn't bet)
Seat 4: leozinfull (small blind) folded before Flop
Seat 6: Blake45645 (big blind) folded before Flop
Seat 7: shtshot250 folded before Flop (didn't bet)
Seat 8: willdadood folded before Flop (didn't bet)
Seat 9: Dorex2007 folded before Flop (didn't bet)



PokerStars Hand #237522892952:  Hold'em No Limit ($0.02/$0.05 USD) - 2022/07/22 15:31:28 PT [2022/07/22 18:31:28 ET]
Table 'Telesto' 9-max Seat #4 is the button
Seat 1: kimikiwi87 ($12.41 in chips) 
Seat 2: yur4ik777 ($5.05 in chips) 
Seat 3: guibonini ($8.26 in chips) 
Seat 4: leozinfull ($3.97 in chips) 
Seat 6: Blake45645 ($5.02 in chips) 
Seat 7: shtshot250 ($3.32 in chips) 
Seat 8: willdadood ($5 in chips) 
Seat 9: Dorex2007 ($5 in chips) 
Blake45645: posts small blind $0.02
shtshot250: posts big blind $0.05
*** HOLE CARDS ***
Dealt to Dorex2007 [Td 6h]
willdadood: folds 
Dorex2007: folds 
kimikiwi87: folds 
yur4ik777: folds 
guibonini: raises $0.06 to $0.11
leozinfull: folds 
Blake45645: folds 
shtshot250: folds 
Uncalled bet ($0.06) returned to guibonini
guibonini collected $0.12 from pot
*** SUMMARY ***
Total pot $0.12 | Rake $0 
Seat 1: kimikiwi87 folded before Flop (didn't bet)
Seat 2: yur4ik777 folded before Flop (didn't bet)
Seat 3: guibonini collected ($0.12)
Seat 4: leozinfull (button) folded before Flop (didn't bet)
Seat 6: Blake45645 (small blind) folded before Flop
Seat 7: shtshot250 (big blind) folded before Flop
Seat 8: willdadood folded before Flop (didn't bet)
Seat 9: Dorex2007 folded before Flop (didn't bet)



PokerStars Hand #237522899160:  Hold'em No Limit ($0.02/$0.05 USD) - 2022/07/22 15:31:47 PT [2022/07/22 18:31:47 ET]
Table 'Telesto' 9-max Seat #6 is the button
Seat 1: kimikiwi87 ($12.41 in chips) 
Seat 2: yur4ik777 ($5.05 in chips) 
Seat 3: guibonini ($8.33 in chips) 
Seat 4: leozinfull ($3.97 in chips) 
Seat 6: Blake45645 ($5 in chips) 
Seat 7: shtshot250 ($3.27 in chips) 
Seat 8: willdadood ($5 in chips) 
Seat 9: Dorex2007 ($5 in chips) 
shtshot250: posts small blind $0.02
willdadood: posts big blind $0.05
*** HOLE CARDS ***
Dealt to Dorex2007 [2c Jd]
Dorex2007: folds 
kimikiwi87: folds 
yur4ik777: folds 
guibonini: folds 
kimikiwi87 leaves the table
leozinfull: raises $0.10 to $0.15
Blake45645: folds 
shtshot250: folds 
willdadood: raises $0.25 to $0.40
leozinfull: calls $0.25
*** FLOP *** [5s 8c 6s]
willdadood: bets $0.44
leozinfull: raises $3.13 to $3.57 and is all-in
willdadood: calls $3.13
*** TURN *** [5s 8c 6s] [2h]
*** RIVER *** [5s 8c 6s 2h] [Kc]
*** SHOW DOWN ***
willdadood: shows [As 8s] (a pair of Eights)
leozinfull: shows [7s Js] (high card King)
willdadood collected $7.63 from pot
*** SUMMARY ***
Total pot $7.96 | Rake $0.33 
Board [5s 8c 6s 2h Kc]
Seat 1: kimikiwi87 folded before Flop (didn't bet)
Seat 2: yur4ik777 folded before Flop (didn't bet)
Seat 3: guibonini folded before Flop (didn't bet)
Seat 4: leozinfull showed [7s Js] and lost with high card King
Seat 6: Blake45645 (button) folded before Flop (didn't bet)
Seat 7: shtshot250 (small blind) folded before Flop
Seat 8: willdadood (big blind) showed [As 8s] and won ($7.63) with a pair of Eights
Seat 9: Dorex2007 folded before Flop (didn't bet)



PokerStars Hand #237522913611:  Hold'em No Limit ($0.02/$0.05 USD) - 2022/07/22 15:32:32 PT [2022/07/22 18:32:32 ET]
Table 'Telesto' 9-max Seat #7 is the button
Seat 2: yur4ik777 ($5.05 in chips) 
Seat 3: guibonini ($8.33 in chips) 
Seat 6: Blake45645 ($5 in chips) 
Seat 7: shtshot250 ($3.25 in chips) 
Seat 8: willdadood ($8.66 in chips) 
Seat 9: Dorex2007 ($5 in chips) 
willdadood: posts small blind $0.02
Dorex2007: posts big blind $0.05
*** HOLE CARDS ***
Dealt to Dorex2007 [Qh 6h]
yur4ik777: raises $0.10 to $0.15
guibonini: folds 
Blake45645: folds 
shtshot250: folds 
willdadood: folds 
Dorex2007: folds 
Uncalled bet ($0.10) returned to yur4ik777
yur4ik777 collected $0.12 from pot
*** SUMMARY ***
Total pot $0.12 | Rake $0 
Seat 2: yur4ik777 collected ($0.12)
Seat 3: guibonini folded before Flop (didn't bet)
Seat 6: Blake45645 folded before Flop (didn't bet)
Seat 7: shtshot250 (button) folded before Flop (didn't bet)
Seat 8: willdadood (small blind) folded before Flop
Seat 9: Dorex2007 (big blind) folded before Flop



PokerStars Hand #237522917860:  Hold'em No Limit ($0.02/$0.05 USD) - 2022/07/22 15:32:45 PT [2022/07/22 18:32:45 ET]
Table 'Telesto' 9-max Seat #8 is the button
Seat 2: yur4ik777 ($5.12 in chips) 
Seat 3: guibonini ($8.33 in chips) 
Seat 6: Blake45645 ($5 in chips) 
Seat 7: shtshot250 ($3.25 in chips) 
Seat 8: willdadood ($8.64 in chips) 
Seat 9: Dorex2007 ($5 in chips) 
Dorex2007: posts small blind $0.02
yur4ik777: posts big blind $0.05
*** HOLE CARDS ***
Dealt to Dorex2007 [7d 4c]
guibonini: raises $0.06 to $0.11
Blake45645: folds 
shtshot250: calls $0.11
willdadood: folds 
Dorex2007: folds 
yur4ik777: folds 
*** FLOP *** [Ks Qc Th]
guibonini: checks 
shtshot250: checks 
*** TURN *** [Ks Qc Th] [Qs]
guibonini: bets $0.15
shtshot250: folds 
Uncalled bet ($0.15) returned to guibonini
guibonini collected $0.28 from pot
*** SUMMARY ***
Total pot $0.29 | Rake $0.01 
Board [Ks Qc Th Qs]
Seat 2: yur4ik777 (big blind) folded before Flop
Seat 3: guibonini collected ($0.28)
Seat 6: Blake45645 folded before Flop (didn't bet)
Seat 7: shtshot250 folded on the Turn
Seat 8: willdadood (button) folded before Flop (didn't bet)
Seat 9: Dorex2007 (small blind) folded before Flop



PokerStars Hand #237522923852:  Hold'em No Limit ($0.02/$0.05 USD) - 2022/07/22 15:33:03 PT [2022/07/22 18:33:03 ET]
Table 'Telesto' 9-max Seat #9 is the button
Seat 2: yur4ik777 ($5.07 in chips) 
Seat 3: guibonini ($8.50 in chips) 
Seat 6: Blake45645 ($5 in chips) 
Seat 7: shtshot250 ($3.14 in chips) 
Seat 8: willdadood ($8.64 in chips) 
Seat 9: Dorex2007 ($5 in chips) 
yur4ik777: posts small blind $0.02
guibonini: posts big blind $0.05
*** HOLE CARDS ***
Dealt to Dorex2007 [8s Ac]
Blake45645: folds 
shtshot250: folds 
willdadood: raises $0.10 to $0.15
Dorex2007: folds 
yur4ik777: folds 
guibonini: calls $0.10
*** FLOP *** [Ad 9d Qs]
guibonini: checks 
willdadood: bets $0.15
guibonini: folds 
Uncalled bet ($0.15) returned to willdadood
willdadood collected $0.31 from pot
*** SUMMARY ***
Total pot $0.32 | Rake $0.01 
Board [Ad 9d Qs]
Seat 2: yur4ik777 (small blind) folded before Flop
Seat 3: guibonini (big blind) folded on the Flop
Seat 6: Blake45645 folded before Flop (didn't bet)
Seat 7: shtshot250 folded before Flop (didn't bet)
Seat 8: willdadood collected ($0.31)
Seat 9: Dorex2007 (button) folded before Flop (didn't bet)



PokerStars Hand #237522932307:  Hold'em No Limit ($0.02/$0.05 USD) - 2022/07/22 15:33:29 PT [2022/07/22 18:33:29 ET]
Table 'Telesto' 9-max Seat #2 is the button
Seat 2: yur4ik777 ($5.05 in chips) 
Seat 3: guibonini ($8.35 in chips) 
Seat 6: Blake45645 ($5 in chips) 
Seat 7: shtshot250 ($3.14 in chips) 
Seat 8: willdadood ($8.80 in chips) 
Seat 9: Dorex2007 ($5 in chips) 
guibonini: posts small blind $0.02
Blake45645: posts big blind $0.05
*** HOLE CARDS ***
Dealt to Dorex2007 [2h 9s]
shtshot250: folds 
willdadood: folds 
Dorex2007: folds 
yur4ik777: folds 
guibonini: folds 
Uncalled bet ($0.03) returned to Blake45645
Blake45645 collected $0.04 from pot
*** SUMMARY ***
Total pot $0.04 | Rake $0 
Seat 2: yur4ik777 (button) folded before Flop (didn't bet)
Seat 3: guibonini (small blind) folded before Flop
Seat 6: Blake45645 (big blind) collected ($0.04)
Seat 7: shtshot250 folded before Flop (didn't bet)
Seat 8: willdadood folded before Flop (didn't bet)
Seat 9: Dorex2007 folded before Flop (didn't bet)



PokerStars Hand #237522935838:  Hold'em No Limit ($0.02/$0.05 USD) - 2022/07/22 15:33:40 PT [2022/07/22 18:33:40 ET]
Table 'Telesto' 9-max Seat #3 is the button
Seat 2: yur4ik777 ($5.05 in chips) 
Seat 3: guibonini ($8.33 in chips) 
Seat 6: Blake45645 ($5.02 in chips) 
Seat 7: shtshot250 ($3.14 in chips) 
Seat 8: willdadood ($8.80 in chips) 
Seat 9: Dorex2007 ($5 in chips) 
Blake45645: posts small blind $0.02
shtshot250: posts big blind $0.05
*** HOLE CARDS ***
Dealt to Dorex2007 [5d Qc]
willdadood: folds 
Dorex2007: folds 
yur4ik777: folds 
guibonini: raises $0.06 to $0.11
Blake45645: folds 
shtshot250: folds 
Uncalled bet ($0.06) returned to guibonini
guibonini collected $0.12 from pot
*** SUMMARY ***
Total pot $0.12 | Rake $0 
Seat 2: yur4ik777 folded before Flop (didn't bet)
Seat 3: guibonini (button) collected ($0.12)
Seat 6: Blake45645 (small blind) folded before Flop
Seat 7: shtshot250 (big blind) folded before Flop
Seat 8: willdadood folded before Flop (didn't bet)
Seat 9: Dorex2007 folded before Flop (didn't bet)



PokerStars Hand #237522940380:  Hold'em No Limit ($0.02/$0.05 USD) - 2022/07/22 15:33:54 PT [2022/07/22 18:33:54 ET]
Table 'Telesto' 9-max Seat #6 is the button
Seat 2: yur4ik777 ($5.05 in chips) 
Seat 3: guibonini ($8.40 in chips) 
Seat 6: Blake45645 ($5 in chips) 
Seat 7: shtshot250 ($3.09 in chips) 
Seat 8: willdadood ($8.80 in chips) 
Seat 9: Dorex2007 ($5 in chips) 
shtshot250: posts small blind $0.02
willdadood: posts big blind $0.05
*** HOLE CARDS ***
Dealt to Dorex2007 [Jd Qs]
Dorex2007: raises $0.05 to $0.10
yur4ik777: folds 
guibonini: calls $0.10
Blake45645: calls $0.10
shtshot250: folds 
willdadood: calls $0.05
*** FLOP *** [Ts 4d 2h]
willdadood: checks 
Dorex2007: checks 
guibonini: bets $0.33
Blake45645: folds 
willdadood: folds 
Dorex2007: folds 
Uncalled bet ($0.33) returned to guibonini
guibonini collected $0.40 from pot
*** SUMMARY ***
Total pot $0.42 | Rake $0.02 
Board [Ts 4d 2h]
Seat 2: yur4ik777 folded before Flop (didn't bet)
Seat 3: guibonini collected ($0.40)
Seat 6: Blake45645 (button) folded on the Flop
Seat 7: shtshot250 (small blind) folded before Flop
Seat 8: willdadood (big blind) folded on the Flop
Seat 9: Dorex2007 folded on the Flop



PokerStars Hand #237522951679:  Hold'em No Limit ($0.02/$0.05 USD) - 2022/07/22 15:34:29 PT [2022/07/22 18:34:29 ET]
Table 'Telesto' 9-max Seat #7 is the button
Seat 2: yur4ik777 ($5.05 in chips) 
Seat 3: guibonini ($8.70 in chips) 
Seat 6: Blake45645 ($5 in chips) 
Seat 7: shtshot250 ($3.07 in chips) 
Seat 8: willdadood ($8.70 in chips) 
Seat 9: Dorex2007 ($5 in chips) 
willdadood: posts small blind $0.02
Dorex2007: posts big blind $0.05
*** HOLE CARDS ***
Dealt to Dorex2007 [Jh 7d]
yur4ik777: raises $0.10 to $0.15
guibonini: folds 
guibonini leaves the table
Blake45645: folds 
shtshot250: folds 
willdadood: folds 
Dorex2007: folds 
Uncalled bet ($0.10) returned to yur4ik777
yur4ik777 collected $0.12 from pot
*** SUMMARY ***
Total pot $0.12 | Rake $0 
Seat 2: yur4ik777 collected ($0.12)
Seat 3: guibonini folded before Flop (didn't bet)
Seat 6: Blake45645 folded before Flop (didn't bet)
Seat 7: shtshot250 (button) folded before Flop (didn't bet)
Seat 8: willdadood (small blind) folded before Flop
Seat 9: Dorex2007 (big blind) folded before Flop



PokerStars Hand #237522955600:  Hold'em No Limit ($0.02/$0.05 USD) - 2022/07/22 15:34:41 PT [2022/07/22 18:34:41 ET]
Table 'Telesto' 9-max Seat #8 is the button
Seat 2: yur4ik777 ($5.12 in chips) 
Seat 6: Blake45645 ($5 in chips) 
Seat 7: shtshot250 ($3.07 in chips) 
Seat 8: willdadood ($8.68 in chips) 
Seat 9: Dorex2007 ($5 in chips) 
Dorex2007: posts small blind $0.02
yur4ik777: posts big blind $0.05
*** HOLE CARDS ***
Dealt to Dorex2007 [Kd 3h]
Blake45645: raises $0.12 to $0.17
shtshot250: folds 
willdadood: folds 
Dorex2007: folds 
yur4ik777: folds 
Uncalled bet ($0.12) returned to Blake45645
Blake45645 collected $0.12 from pot
*** SUMMARY ***
Total pot $0.12 | Rake $0 
Seat 2: yur4ik777 (big blind) folded before Flop
Seat 6: Blake45645 collected ($0.12)
Seat 7: shtshot250 folded before Flop (didn't bet)
Seat 8: willdadood (button) folded before Flop (didn't bet)
Seat 9: Dorex2007 (small blind) folded before Flop



PokerStars Hand #237524457843:  Hold'em No Limit ($0.02/$0.05 USD) - 2022/07/22 17:00:18 PT [2022/07/22 20:00:18 ET]
Table 'Telesto' 9-max Seat #8 is the button
Seat 1: geoKG ($4.84 in chips) 
Seat 2: mumisber ($5.53 in chips) 
Seat 3: coopermanjo ($12.06 in chips) 
Seat 4: yawaraka0701 ($4 in chips) 
Seat 5: bucerias16 ($5.02 in chips) 
Seat 6: acegy ($5 in chips) 
Seat 7: Dorex2007 ($5 in chips) 
Seat 8: PauloCesarH ($5.68 in chips) 
Seat 9: PHebi7 ($5.46 in chips) 
PHebi7: posts small blind $0.02
geoKG: posts big blind $0.05
yawaraka0701: posts big blind $0.05
Dorex2007: posts big blind $0.05
*** HOLE CARDS ***
Dealt to Dorex2007 [Td 8c]
mumisber: folds 
coopermanjo: raises $0.33 to $0.38
yawaraka0701: folds 
bucerias16: folds 
acegy: folds 
Dorex2007: folds 
PauloCesarH: folds 
PHebi7: folds 
geoKG: raises $0.88 to $1.26
coopermanjo: calls $0.88
*** FLOP *** [3h 3c Ah]
geoKG: bets $3.58 and is all-in
coopermanjo: calls $3.58
*** TURN *** [3h 3c Ah] [Kc]
*** RIVER *** [3h 3c Ah Kc] [2h]
*** SHOW DOWN ***
geoKG: shows [Ad Ks] (two pair, Aces and Kings)
coopermanjo: shows [Ac Js] (two pair, Aces and Threes)
geoKG collected $9.39 from pot
*** SUMMARY ***
Total pot $9.80 | Rake $0.41 
Board [3h 3c Ah Kc 2h]
Seat 1: geoKG (big blind) showed [Ad Ks] and won ($9.39) with two pair, Aces and Kings
Seat 2: mumisber folded before Flop (didn't bet)
Seat 3: coopermanjo showed [Ac Js] and lost with two pair, Aces and Threes
Seat 4: yawaraka0701 folded before Flop (didn't bet)
Seat 5: bucerias16 folded before Flop (didn't bet)
Seat 6: acegy folded before Flop (didn't bet)
Seat 7: Dorex2007 folded before Flop (didn't bet)
Seat 8: PauloCesarH (button) folded before Flop (didn't bet)
Seat 9: PHebi7 (small blind) folded before Flop



PokerStars Hand #237524468017:  Hold'em No Limit ($0.02/$0.05 USD) - 2022/07/22 17:01:03 PT [2022/07/22 20:01:03 ET]
Table 'Telesto' 9-max Seat #9 is the button
Seat 1: geoKG ($9.39 in chips) 
Seat 2: mumisber ($5.53 in chips) 
Seat 3: coopermanjo ($7.22 in chips) 
Seat 4: yawaraka0701 ($4.95 in chips) 
Seat 5: bucerias16 ($5.02 in chips) 
Seat 6: acegy ($5 in chips) 
Seat 7: Dorex2007 ($5 in chips) 
Seat 8: PauloCesarH ($5.68 in chips) 
Seat 9: PHebi7 ($5.44 in chips) 
geoKG: posts small blind $0.02
mumisber: posts big blind $0.05
*** HOLE CARDS ***
Dealt to Dorex2007 [3s 4s]
coopermanjo: raises $0.09 to $0.14
yawaraka0701: calls $0.14
bucerias16: folds 
acegy: folds 
Dorex2007: folds 
PauloCesarH: folds 
PHebi7: folds 
geoKG: folds 
mumisber: folds 
*** FLOP *** [Kh 7d 4d]
coopermanjo: checks 
yawaraka0701: bets $0.15
coopermanjo: calls $0.15
*** TURN *** [Kh 7d 4d] [8c]
coopermanjo: checks 
yawaraka0701: bets $0.15
coopermanjo: folds 
Uncalled bet ($0.15) returned to yawaraka0701
yawaraka0701 collected $0.62 from pot
*** SUMMARY ***
Total pot $0.65 | Rake $0.03 
Board [Kh 7d 4d 8c]
Seat 1: geoKG (small blind) folded before Flop
Seat 2: mumisber (big blind) folded before Flop
Seat 3: coopermanjo folded on the Turn
Seat 4: yawaraka0701 collected ($0.62)
Seat 5: bucerias16 folded before Flop (didn't bet)
Seat 6: acegy folded before Flop (didn't bet)
Seat 7: Dorex2007 folded before Flop (didn't bet)
Seat 8: PauloCesarH folded before Flop (didn't bet)
Seat 9: PHebi7 (button) folded before Flop (didn't bet)



PokerStars Hand #237524476581:  Hold'em No Limit ($0.02/$0.05 USD) - 2022/07/22 17:01:38 PT [2022/07/22 20:01:38 ET]
Table 'Telesto' 9-max Seat #1 is the button
Seat 1: geoKG ($9.37 in chips) 
Seat 2: mumisber ($5.48 in chips) 
Seat 3: coopermanjo ($6.93 in chips) 
Seat 4: yawaraka0701 ($5.28 in chips) 
Seat 5: bucerias16 ($5.02 in chips) 
Seat 6: acegy ($5 in chips) 
Seat 7: Dorex2007 ($5 in chips) 
Seat 8: PauloCesarH ($5.68 in chips) 
Seat 9: PHebi7 ($5.44 in chips) 
mumisber: posts small blind $0.02
coopermanjo: posts big blind $0.05
*** HOLE CARDS ***
Dealt to Dorex2007 [3s Kd]
yawaraka0701: folds 
bucerias16: raises $0.10 to $0.15
acegy: folds 
Dorex2007: folds 
PauloCesarH: folds 
PHebi7: folds 
geoKG: calls $0.15
mumisber: folds 
coopermanjo: folds 
*** FLOP *** [As 3d 5s]
bucerias16: bets $0.15
geoKG: folds 
Uncalled bet ($0.15) returned to bucerias16
bucerias16 collected $0.35 from pot
*** SUMMARY ***
Total pot $0.37 | Rake $0.02 
Board [As 3d 5s]
Seat 1: geoKG (button) folded on the Flop
Seat 2: mumisber (small blind) folded before Flop
Seat 3: coopermanjo (big blind) folded before Flop
Seat 4: yawaraka0701 folded before Flop (didn't bet)
Seat 5: bucerias16 collected ($0.35)
Seat 6: acegy folded before Flop (didn't bet)
Seat 7: Dorex2007 folded before Flop (didn't bet)
Seat 8: PauloCesarH folded before Flop (didn't bet)
Seat 9: PHebi7 folded before Flop (didn't bet)



PokerStars Hand #237524484009:  Hold'em No Limit ($0.02/$0.05 USD) - 2022/07/22 17:02:08 PT [2022/07/22 20:02:08 ET]
Table 'Telesto' 9-max Seat #2 is the button
Seat 1: geoKG ($9.22 in chips) 
Seat 2: mumisber ($5.46 in chips) 
Seat 3: coopermanjo ($6.88 in chips) 
Seat 4: yawaraka0701 ($5.28 in chips) 
Seat 5: bucerias16 ($5.22 in chips) 
Seat 6: acegy ($5 in chips) 
Seat 7: Dorex2007 ($5 in chips) 
Seat 8: PauloCesarH ($5.68 in chips) 
Seat 9: PHebi7 ($5.44 in chips) 
coopermanjo: posts small blind $0.02
yawaraka0701: posts big blind $0.05
*** HOLE CARDS ***
Dealt to Dorex2007 [As 4h]
bucerias16: folds 
acegy: folds 
Dorex2007: folds 
PauloCesarH: folds 
PHebi7: folds 
geoKG: folds 
mumisber: folds 
coopermanjo: folds 
Uncalled bet ($0.03) returned to yawaraka0701
yawaraka0701 collected $0.04 from pot
*** SUMMARY ***
Total pot $0.04 | Rake $0 
Seat 1: geoKG folded before Flop (didn't bet)
Seat 2: mumisber (button) folded before Flop (didn't bet)
Seat 3: coopermanjo (small blind) folded before Flop
Seat 4: yawaraka0701 (big blind) collected ($0.04)
Seat 5: bucerias16 folded before Flop (didn't bet)
Seat 6: acegy folded before Flop (didn't bet)
Seat 7: Dorex2007 folded before Flop (didn't bet)
Seat 8: PauloCesarH folded before Flop (didn't bet)
Seat 9: PHebi7 folded before Flop (didn't bet)



PokerStars Hand #237524487056:  Hold'em No Limit ($0.02/$0.05 USD) - 2022/07/22 17:02:20 PT [2022/07/22 20:02:20 ET]
Table 'Telesto' 9-max Seat #3 is the button
Seat 1: geoKG ($9.22 in chips) 
Seat 2: mumisber ($5.46 in chips) 
Seat 3: coopermanjo ($6.86 in chips) 
Seat 4: yawaraka0701 ($5.30 in chips) 
Seat 5: bucerias16 ($5.22 in chips) 
Seat 6: acegy ($5 in chips) 
Seat 7: Dorex2007 ($5 in chips) 
Seat 8: PauloCesarH ($5.68 in chips) 
Seat 9: PHebi7 ($5.44 in chips) 
yawaraka0701: posts small blind $0.02
bucerias16: posts big blind $0.05
*** HOLE CARDS ***
Dealt to Dorex2007 [2d 2c]
acegy: folds 
Dorex2007: calls $0.05
PauloCesarH: folds 
PHebi7: folds 
geoKG: folds 
mumisber: folds 
coopermanjo: folds 
yawaraka0701: folds 
bucerias16: checks 
*** FLOP *** [9h Js Ts]
bucerias16: checks 
Dorex2007: bets $0.08
bucerias16: raises $0.14 to $0.22
Dorex2007: folds 
Uncalled bet ($0.14) returned to bucerias16
bucerias16 collected $0.27 from pot
*** SUMMARY ***
Total pot $0.28 | Rake $0.01 
Board [9h Js Ts]
Seat 1: geoKG folded before Flop (didn't bet)
Seat 2: mumisber folded before Flop (didn't bet)
Seat 3: coopermanjo (button) folded before Flop (didn't bet)
Seat 4: yawaraka0701 (small blind) folded before Flop
Seat 5: bucerias16 (big blind) collected ($0.27)
Seat 6: acegy folded before Flop (didn't bet)
Seat 7: Dorex2007 folded on the Flop
Seat 8: PauloCesarH folded before Flop (didn't bet)
Seat 9: PHebi7 folded before Flop (didn't bet)



PokerStars Hand #237524497337:  Hold'em No Limit ($0.02/$0.05 USD) - 2022/07/22 17:02:53 PT [2022/07/22 20:02:53 ET]
Table 'Telesto' 9-max Seat #4 is the button
Seat 1: geoKG ($9.22 in chips) 
Seat 2: mumisber ($5.46 in chips) 
Seat 3: coopermanjo ($6.86 in chips) 
Seat 4: yawaraka0701 ($5.28 in chips) 
Seat 5: bucerias16 ($5.36 in chips) 
Seat 6: acegy ($5 in chips) 
Seat 7: Dorex2007 ($5 in chips) 
Seat 8: PauloCesarH ($5.68 in chips) 
Seat 9: PHebi7 ($5.44 in chips) 
bucerias16: posts small blind $0.02
acegy: posts big blind $0.05
*** HOLE CARDS ***
Dealt to Dorex2007 [Qd 5h]
Dorex2007: folds 
PauloCesarH: folds 
PHebi7: folds 
geoKG: folds 
mumisber: folds 
coopermanjo: raises $0.07 to $0.12
yawaraka0701: folds 
bucerias16: folds 
acegy: calls $0.07
*** FLOP *** [7s 4c Ac]
acegy: checks 
coopermanjo: bets $0.25
acegy: folds 
Uncalled bet ($0.25) returned to coopermanjo
coopermanjo collected $0.25 from pot
*** SUMMARY ***
Total pot $0.26 | Rake $0.01 
Board [7s 4c Ac]
Seat 1: geoKG folded before Flop (didn't bet)
Seat 2: mumisber folded before Flop (didn't bet)
Seat 3: coopermanjo collected ($0.25)
Seat 4: yawaraka0701 (button) folded before Flop (didn't bet)
Seat 5: bucerias16 (small blind) folded before Flop
Seat 6: acegy (big blind) folded on the Flop
Seat 7: Dorex2007 folded before Flop (didn't bet)
Seat 8: PauloCesarH folded before Flop (didn't bet)
Seat 9: PHebi7 folded before Flop (didn't bet)



PokerStars Hand #237524503579:  Hold'em No Limit ($0.02/$0.05 USD) - 2022/07/22 17:03:18 PT [2022/07/22 20:03:18 ET]
Table 'Telesto' 9-max Seat #5 is the button
Seat 1: geoKG ($9.22 in chips) 
Seat 2: mumisber ($5.46 in chips) 
Seat 3: coopermanjo ($6.99 in chips) 
Seat 4: yawaraka0701 ($5.28 in chips) 
Seat 5: bucerias16 ($5.34 in chips) 
Seat 6: acegy ($4.88 in chips) 
Seat 7: Dorex2007 ($5 in chips) 
Seat 8: PauloCesarH ($5.68 in chips) 
Seat 9: PHebi7 ($5.44 in chips) 
acegy: posts small blind $0.02
Dorex2007: posts big blind $0.05
*** HOLE CARDS ***
Dealt to Dorex2007 [5h 9c]
PauloCesarH: calls $0.05
PHebi7: folds 
geoKG: calls $0.05
mumisber: folds 
coopermanjo: folds 
yawaraka0701: folds 
bucerias16: folds 
acegy: calls $0.03
Dorex2007: checks 
*** FLOP *** [8d Kd 8c]
acegy: checks 
Dorex2007: checks 
PauloCesarH: checks 
geoKG: checks 
*** TURN *** [8d Kd 8c] [Ad]
acegy: checks 
Dorex2007: checks 
PauloCesarH: bets $0.15
geoKG: folds 
acegy: folds 
Dorex2007: folds 
Uncalled bet ($0.15) returned to PauloCesarH
PauloCesarH collected $0.19 from pot
*** SUMMARY ***
Total pot $0.20 | Rake $0.01 
Board [8d Kd 8c Ad]
Seat 1: geoKG folded on the Turn
Seat 2: mumisber folded before Flop (didn't bet)
Seat 3: coopermanjo folded before Flop (didn't bet)
Seat 4: yawaraka0701 folded before Flop (didn't bet)
Seat 5: bucerias16 (button) folded before Flop (didn't bet)
Seat 6: acegy (small blind) folded on the Turn
Seat 7: Dorex2007 (big blind) folded on the Turn
Seat 8: PauloCesarH collected ($0.19)
Seat 9: PHebi7 folded before Flop (didn't bet)



PokerStars Hand #237524518303:  Hold'em No Limit ($0.02/$0.05 USD) - 2022/07/22 17:04:17 PT [2022/07/22 20:04:17 ET]
Table 'Telesto' 9-max Seat #6 is the button
Seat 1: geoKG ($9.17 in chips) 
Seat 2: mumisber ($5.46 in chips) 
Seat 3: coopermanjo ($6.99 in chips) 
Seat 4: yawaraka0701 ($5.28 in chips) 
Seat 5: bucerias16 ($5.34 in chips) 
Seat 6: acegy ($4.83 in chips) 
Seat 7: Dorex2007 ($5 in chips) 
Seat 8: PauloCesarH ($5.82 in chips) 
Seat 9: PHebi7 ($5.44 in chips) 
Dorex2007: posts small blind $0.02
PauloCesarH: posts big blind $0.05
*** HOLE CARDS ***
Dealt to Dorex2007 [Qc Qs]
PHebi7: folds 
geoKG: raises $0.10 to $0.15
mumisber: folds 
coopermanjo: folds 
yawaraka0701: calls $0.15
bucerias16: folds 
acegy: calls $0.15
Dorex2007: calls $0.13
PauloCesarH: folds 
*** FLOP *** [Ac 5d Kd]
Dorex2007: checks 
geoKG: checks 
yawaraka0701: checks 
acegy: bets $1
Dorex2007: folds 
geoKG: folds 
yawaraka0701: folds 
Uncalled bet ($1) returned to acegy
acegy collected $0.61 from pot
*** SUMMARY ***
Total pot $0.65 | Rake $0.04 
Board [Ac 5d Kd]
Seat 1: geoKG folded on the Flop
Seat 2: mumisber folded before Flop (didn't bet)
Seat 3: coopermanjo folded before Flop (didn't bet)
Seat 4: yawaraka0701 folded on the Flop
Seat 5: bucerias16 folded before Flop (didn't bet)
Seat 6: acegy (button) collected ($0.61)
Seat 7: Dorex2007 (small blind) folded on the Flop
Seat 8: PauloCesarH (big blind) folded before Flop
Seat 9: PHebi7 folded before Flop (didn't bet)



PokerStars Hand #237524536910:  Hold'em No Limit ($0.02/$0.05 USD) - 2022/07/22 17:05:31 PT [2022/07/22 20:05:31 ET]
Table 'Telesto' 9-max Seat #7 is the button
Seat 1: geoKG ($9.02 in chips) 
Seat 2: mumisber ($5.46 in chips) 
Seat 3: coopermanjo ($6.99 in chips) 
Seat 4: yawaraka0701 ($5.13 in chips) 
Seat 5: bucerias16 ($5.34 in chips) 
Seat 6: acegy ($5.29 in chips) 
Seat 7: Dorex2007 ($5 in chips) 
Seat 8: PauloCesarH ($5.77 in chips) 
Seat 9: PHebi7 ($5.44 in chips) 
PauloCesarH: posts small blind $0.02
PHebi7: posts big blind $0.05
*** HOLE CARDS ***
Dealt to Dorex2007 [2d Qd]
geoKG: raises $0.10 to $0.15
mumisber: folds 
coopermanjo: folds 
yawaraka0701: calls $0.15
bucerias16: folds 
acegy: folds 
Dorex2007: folds 
PauloCesarH: folds 
PHebi7: folds 
*** FLOP *** [9d 3c 6d]
geoKG: checks 
yawaraka0701: bets $0.15
geoKG: raises $0.65 to $0.80
yawaraka0701: folds 
Uncalled bet ($0.65) returned to geoKG
geoKG collected $0.64 from pot
*** SUMMARY ***
Total pot $0.67 | Rake $0.03 
Board [9d 3c 6d]
Seat 1: geoKG collected ($0.64)
Seat 2: mumisber folded before Flop (didn't bet)
Seat 3: coopermanjo folded before Flop (didn't bet)
Seat 4: yawaraka0701 folded on the Flop
Seat 5: bucerias16 folded before Flop (didn't bet)
Seat 6: acegy folded before Flop (didn't bet)
Seat 7: Dorex2007 (button) folded before Flop (didn't bet)
Seat 8: PauloCesarH (small blind) folded before Flop
Seat 9: PHebi7 (big blind) folded before Flop



PokerStars Hand #237524546782:  Hold'em No Limit ($0.02/$0.05 USD) - 2022/07/22 17:06:11 PT [2022/07/22 20:06:11 ET]
Table 'Telesto' 9-max Seat #8 is the button
Seat 1: geoKG ($9.36 in chips) 
Seat 2: mumisber ($5.46 in chips) 
Seat 3: coopermanjo ($6.99 in chips) 
Seat 4: yawaraka0701 ($4.83 in chips) 
Seat 5: bucerias16 ($5.34 in chips) 
Seat 6: acegy ($5.29 in chips) 
Seat 7: Dorex2007 ($5 in chips) 
Seat 8: PauloCesarH ($5.75 in chips) 
Seat 9: PHebi7 ($5.39 in chips) 
PHebi7: posts small blind $0.02
geoKG: posts big blind $0.05
*** HOLE CARDS ***
Dealt to Dorex2007 [5d 6h]
mumisber has timed out
mumisber: folds 
coopermanjo: folds 
yawaraka0701: raises $0.10 to $0.15
bucerias16: folds 
coopermanjo leaves the table
acegy: calls $0.15
Dorex2007: folds 
PauloCesarH: folds 
PHebi7: folds 
geoKG: calls $0.10
*** FLOP *** [7s 3s 4d]
geoKG: checks 
yawaraka0701: checks 
acegy: checks 
*** TURN *** [7s 3s 4d] [6s]
geoKG: checks 
yawaraka0701: bets $0.15
acegy: folds 
geoKG: raises $0.35 to $0.50
yawaraka0701: calls $0.35
*** RIVER *** [7s 3s 4d 6s] [2c]
geoKG: bets $1.41
yawaraka0701: calls $1.41
*** SHOW DOWN ***
geoKG: shows [8s Qs] (a flush, Queen high)
yawaraka0701: mucks hand 
geoKG collected $4.11 from pot
*** SUMMARY ***
Total pot $4.29 | Rake $0.18 
Board [7s 3s 4d 6s 2c]
Seat 1: geoKG (big blind) showed [8s Qs] and won ($4.11) with a flush, Queen high
Seat 2: mumisber folded before Flop (didn't bet)
Seat 3: coopermanjo folded before Flop (didn't bet)
Seat 4: yawaraka0701 mucked [4c 6c]
Seat 5: bucerias16 folded before Flop (didn't bet)
Seat 6: acegy folded on the Turn
Seat 7: Dorex2007 folded before Flop (didn't bet)
Seat 8: PauloCesarH (button) folded before Flop (didn't bet)
Seat 9: PHebi7 (small blind) folded before Flop



PokerStars Hand #237524560961:  Hold'em No Limit ($0.02/$0.05 USD) - 2022/07/22 17:07:09 PT [2022/07/22 20:07:09 ET]
Table 'Telesto' 9-max Seat #9 is the button
Seat 1: geoKG ($11.41 in chips) 
Seat 2: mumisber ($5.46 in chips) 
Seat 4: yawaraka0701 ($2.77 in chips) 
Seat 6: acegy ($5.14 in chips) 
Seat 7: Dorex2007 ($5 in chips) 
Seat 8: PauloCesarH ($5.75 in chips) 
Seat 9: PHebi7 ($5.37 in chips) 
geoKG: posts small blind $0.02
mumisber: posts big blind $0.05
*** HOLE CARDS ***
Dealt to Dorex2007 [Ac Tc]
yawaraka0701: raises $0.10 to $0.15
acegy: folds 
Dorex2007: folds 
PauloCesarH: folds 
PHebi7: folds 
geoKG: folds 
mumisber: folds 
Uncalled bet ($0.10) returned to yawaraka0701
GDIMITROV11 joins the table at seat #3 
yawaraka0701 collected $0.12 from pot
*** SUMMARY ***
Total pot $0.12 | Rake $0 
Seat 1: geoKG (small blind) folded before Flop
Seat 2: mumisber (big blind) folded before Flop
Seat 4: yawaraka0701 collected ($0.12)
Seat 6: acegy folded before Flop (didn't bet)
Seat 7: Dorex2007 folded before Flop (didn't bet)
Seat 8: PauloCesarH folded before Flop (didn't bet)
Seat 9: PHebi7 (button) folded before Flop (didn't bet)



PokerStars Hand #237524566045:  Hold'em No Limit ($0.02/$0.05 USD) - 2022/07/22 17:07:29 PT [2022/07/22 20:07:29 ET]
Table 'Telesto' 9-max Seat #1 is the button
Seat 1: geoKG ($11.39 in chips) 
Seat 2: mumisber ($5.41 in chips) 
Seat 3: GDIMITROV11 ($5 in chips) 
Seat 4: yawaraka0701 ($2.84 in chips) 
Seat 6: acegy ($5.14 in chips) 
Seat 7: Dorex2007 ($5 in chips) 
Seat 8: PauloCesarH ($5.75 in chips) 
Seat 9: PHebi7 ($5.37 in chips) 
mumisber: posts small blind $0.02
GDIMITROV11: posts big blind $0.05
*** HOLE CARDS ***
Dealt to Dorex2007 [5c Kh]
yawaraka0701: folds 
acegy: folds 
Dorex2007: folds 
PauloCesarH: raises $0.10 to $0.15
PHebi7: folds 
geoKG: folds 
mumisber: folds 
GDIMITROV11: folds 
Uncalled bet ($0.10) returned to PauloCesarH
PauloCesarH collected $0.12 from pot
*** SUMMARY ***
Total pot $0.12 | Rake $0 
Seat 1: geoKG (button) folded before Flop (didn't bet)
Seat 2: mumisber (small blind) folded before Flop
Seat 3: GDIMITROV11 (big blind) folded before Flop
Seat 4: yawaraka0701 folded before Flop (didn't bet)
Seat 6: acegy folded before Flop (didn't bet)
Seat 7: Dorex2007 folded before Flop (didn't bet)
Seat 8: PauloCesarH collected ($0.12)
Seat 9: PHebi7 folded before Flop (didn't bet)



PokerStars Hand #237524569451:  Hold'em No Limit ($0.02/$0.05 USD) - 2022/07/22 17:07:43 PT [2022/07/22 20:07:43 ET]
Table 'Telesto' 9-max Seat #2 is the button
Seat 1: geoKG ($11.39 in chips) 
Seat 2: mumisber ($5.39 in chips) 
Seat 3: GDIMITROV11 ($4.95 in chips) 
Seat 4: yawaraka0701 ($2.84 in chips) 
Seat 5: bucerias16 ($5.34 in chips) 
Seat 6: acegy ($5.14 in chips) 
Seat 7: Dorex2007 ($5 in chips) 
Seat 8: PauloCesarH ($5.82 in chips) 
Seat 9: PHebi7 ($5.37 in chips) 
GDIMITROV11: posts small blind $0.02
yawaraka0701: posts big blind $0.05
*** HOLE CARDS ***
Dealt to Dorex2007 [5s Kd]
bucerias16: folds 
acegy: folds 
Dorex2007: folds 
PauloCesarH: folds 
PHebi7: raises $0.07 to $0.12
geoKG: folds 
mumisber: folds 
GDIMITROV11: folds 
yawaraka0701: calls $0.07
*** FLOP *** [Ks Jh 6c]
yawaraka0701: checks 
PHebi7: bets $0.10
yawaraka0701: calls $0.10
*** TURN *** [Ks Jh 6c] [Ac]
yawaraka0701: checks 
PHebi7: bets $0.14
yawaraka0701: folds 
Uncalled bet ($0.14) returned to PHebi7
PHebi7 collected $0.44 from pot
*** SUMMARY ***
Total pot $0.46 | Rake $0.02 
Board [Ks Jh 6c Ac]
Seat 1: geoKG folded before Flop (didn't bet)
Seat 2: mumisber (button) folded before Flop (didn't bet)
Seat 3: GDIMITROV11 (small blind) folded before Flop
Seat 4: yawaraka0701 (big blind) folded on the Turn
Seat 5: bucerias16 folded before Flop (didn't bet)
Seat 6: acegy folded before Flop (didn't bet)
Seat 7: Dorex2007 folded before Flop (didn't bet)
Seat 8: PauloCesarH folded before Flop (didn't bet)
Seat 9: PHebi7 collected ($0.44)



PokerStars Hand #237524581594:  Hold'em No Limit ($0.02/$0.05 USD) - 2022/07/22 17:08:31 PT [2022/07/22 20:08:31 ET]
Table 'Telesto' 9-max Seat #3 is the button
Seat 1: geoKG ($11.39 in chips) 
Seat 2: mumisber ($5.39 in chips) 
Seat 3: GDIMITROV11 ($4.93 in chips) 
Seat 4: yawaraka0701 ($2.62 in chips) 
Seat 5: bucerias16 ($5.34 in chips) 
Seat 6: acegy ($5.14 in chips) 
Seat 7: Dorex2007 ($5 in chips) 
Seat 8: PauloCesarH ($5.82 in chips) 
Seat 9: PHebi7 ($5.59 in chips) 
yawaraka0701: posts small blind $0.02
bucerias16: posts big blind $0.05
*** HOLE CARDS ***
Dealt to Dorex2007 [9c 5h]
acegy: folds 
Dorex2007: folds 
PauloCesarH: calls $0.05
PHebi7: folds 
geoKG: folds 
mumisber: folds 
GDIMITROV11: folds 
yawaraka0701: folds 
bucerias16: checks 
*** FLOP *** [Ts Th Ks]
bucerias16: checks 
PauloCesarH: checks 
*** TURN *** [Ts Th Ks] [Ac]
bucerias16: checks 
PauloCesarH: checks 
*** RIVER *** [Ts Th Ks Ac] [9h]
bucerias16: checks 
PauloCesarH: checks 
*** SHOW DOWN ***
bucerias16: shows [3s Qh] (a pair of Tens)
PauloCesarH: shows [2c 2d] (two pair, Tens and Deuces)
PauloCesarH collected $0.12 from pot
*** SUMMARY ***
Total pot $0.12 | Rake $0 
Board [Ts Th Ks Ac 9h]
Seat 1: geoKG folded before Flop (didn't bet)
Seat 2: mumisber folded before Flop (didn't bet)
Seat 3: GDIMITROV11 (button) folded before Flop (didn't bet)
Seat 4: yawaraka0701 (small blind) folded before Flop
Seat 5: bucerias16 (big blind) showed [3s Qh] and lost with a pair of Tens
Seat 6: acegy folded before Flop (didn't bet)
Seat 7: Dorex2007 folded before Flop (didn't bet)
Seat 8: PauloCesarH showed [2c 2d] and won ($0.12) with two pair, Tens and Deuces
Seat 9: PHebi7 folded before Flop (didn't bet)



PokerStars Hand #237524593437:  Hold'em No Limit ($0.02/$0.05 USD) - 2022/07/22 17:09:05 PT [2022/07/22 20:09:05 ET]
Table 'Telesto' 9-max Seat #4 is the button
Seat 1: geoKG ($11.39 in chips) 
Seat 2: mumisber ($5.39 in chips) 
Seat 3: GDIMITROV11 ($4.93 in chips) 
Seat 4: yawaraka0701 ($2.60 in chips) 
Seat 5: bucerias16 ($5.29 in chips) 
Seat 6: acegy ($5.14 in chips) 
Seat 7: Dorex2007 ($5 in chips) 
Seat 8: PauloCesarH ($5.89 in chips) 
Seat 9: PHebi7 ($5.59 in chips) 
bucerias16: posts small blind $0.02
acegy: posts big blind $0.05
*** HOLE CARDS ***
Dealt to Dorex2007 [2s 2h]
Dorex2007: calls $0.05
PauloCesarH: folds 
PHebi7: folds 
geoKG: folds 
mumisber: folds 
GDIMITROV11: folds 
yawaraka0701: raises $0.10 to $0.15
bucerias16: folds 
acegy: folds 
Dorex2007: calls $0.10
*** FLOP *** [9h Td 3d]
Dorex2007: checks 
yawaraka0701: bets $0.15
Dorex2007: folds 
Uncalled bet ($0.15) returned to yawaraka0701
yawaraka0701 collected $0.35 from pot
*** SUMMARY ***
Total pot $0.37 | Rake $0.02 
Board [9h Td 3d]
Seat 1: geoKG folded before Flop (didn't bet)
Seat 2: mumisber folded before Flop (didn't bet)
Seat 3: GDIMITROV11 folded before Flop (didn't bet)
Seat 4: yawaraka0701 (button) collected ($0.35)
Seat 5: bucerias16 (small blind) folded before Flop
Seat 6: acegy (big blind) folded before Flop
Seat 7: Dorex2007 folded on the Flop
Seat 8: PauloCesarH folded before Flop (didn't bet)
Seat 9: PHebi7 folded before Flop (didn't bet)



PokerStars Hand #237524602982:  Hold'em No Limit ($0.02/$0.05 USD) - 2022/07/22 17:09:44 PT [2022/07/22 20:09:44 ET]
Table 'Telesto' 9-max Seat #5 is the button
Seat 2: mumisber ($5.39 in chips) 
Seat 3: GDIMITROV11 ($4.93 in chips) 
Seat 4: yawaraka0701 ($2.80 in chips) 
Seat 5: bucerias16 ($5.27 in chips) 
Seat 6: acegy ($5.09 in chips) 
Seat 7: Dorex2007 ($5 in chips) 
Seat 8: PauloCesarH ($5.89 in chips) 
Seat 9: PHebi7 ($5.59 in chips) 
acegy: posts small blind $0.02
Dorex2007: posts big blind $0.05
*** HOLE CARDS ***
Dealt to Dorex2007 [Tc Jc]
PauloCesarH: folds 
PHebi7: raises $0.07 to $0.12
mumisber: folds 
GDIMITROV11: folds 
yawaraka0701: calls $0.12
bucerias16: calls $0.12
acegy: folds 
Dorex2007: calls $0.07
*** FLOP *** [3h Qd 6h]
Dorex2007: checks 
PHebi7: checks 
yawaraka0701: checks 
bucerias16: checks 
*** TURN *** [3h Qd 6h] [2h]
Dorex2007: checks 
PHebi7: checks 
yawaraka0701: checks 
bucerias16: bets $0.20
Dorex2007: folds 
PHebi7: folds 
yawaraka0701: folds 
Uncalled bet ($0.20) returned to bucerias16
bucerias16 collected $0.48 from pot
*** SUMMARY ***
Total pot $0.50 | Rake $0.02 
Board [3h Qd 6h 2h]
Seat 2: mumisber folded before Flop (didn't bet)
Seat 3: GDIMITROV11 folded before Flop (didn't bet)
Seat 4: yawaraka0701 folded on the Turn
Seat 5: bucerias16 (button) collected ($0.48)
Seat 6: acegy (small blind) folded before Flop
Seat 7: Dorex2007 (big blind) folded on the Turn
Seat 8: PauloCesarH folded before Flop (didn't bet)
Seat 9: PHebi7 folded on the Turn



PokerStars Hand #237524616817:  Hold'em No Limit ($0.02/$0.05 USD) - 2022/07/22 17:10:40 PT [2022/07/22 20:10:40 ET]
Table 'Telesto' 9-max Seat #6 is the button
Seat 2: mumisber ($5.39 in chips) 
Seat 3: GDIMITROV11 ($4.93 in chips) 
Seat 4: yawaraka0701 ($2.68 in chips) 
Seat 5: bucerias16 ($5.63 in chips) 
Seat 6: acegy ($5.07 in chips) 
Seat 7: Dorex2007 ($5 in chips) 
Seat 9: PHebi7 ($5.47 in chips) 
Dorex2007: posts small blind $0.02
PauloCesarH: is sitting out 
PHebi7: posts big blind $0.05
*** HOLE CARDS ***
Dealt to Dorex2007 [7h 2d]
PauloCesarH leaves the table
mumisber: folds 
GDIMITROV11: folds 
yawaraka0701: raises $0.10 to $0.15
bucerias16: folds 
acegy: folds 
Dorex2007: folds 
PHebi7: folds 
Uncalled bet ($0.10) returned to yawaraka0701
yawaraka0701 collected $0.12 from pot
*** SUMMARY ***
Total pot $0.12 | Rake $0 
Seat 2: mumisber folded before Flop (didn't bet)
Seat 3: GDIMITROV11 folded before Flop (didn't bet)
Seat 4: yawaraka0701 collected ($0.12)
Seat 5: bucerias16 folded before Flop (didn't bet)
Seat 6: acegy (button) folded before Flop (didn't bet)
Seat 7: Dorex2007 (small blind) folded before Flop
Seat 9: PHebi7 (big blind) folded before Flop



PokerStars Hand #237524622688:  Hold'em No Limit ($0.02/$0.05 USD) - 2022/07/22 17:11:05 PT [2022/07/22 20:11:05 ET]
Table 'Telesto' 9-max Seat #7 is the button
Seat 2: mumisber ($5.39 in chips) 
Seat 3: GDIMITROV11 ($4.93 in chips) 
Seat 4: yawaraka0701 ($2.75 in chips) 
Seat 5: bucerias16 ($5.63 in chips) 
Seat 6: acegy ($5.07 in chips) 
Seat 7: Dorex2007 ($5 in chips) 
Seat 9: PHebi7 ($5.42 in chips) 
PHebi7: posts small blind $0.02
mumisber: posts big blind $0.05
*** HOLE CARDS ***
Dealt to Dorex2007 [2c 3d]
GDIMITROV11: folds 
yawaraka0701: folds 
bucerias16: folds 
acegy: folds 
Dorex2007: folds 
PHebi7: folds 
Uncalled bet ($0.03) returned to mumisber
mumisber collected $0.04 from pot
*** SUMMARY ***
Total pot $0.04 | Rake $0 
Seat 2: mumisber (big blind) collected ($0.04)
Seat 3: GDIMITROV11 folded before Flop (didn't bet)
Seat 4: yawaraka0701 folded before Flop (didn't bet)
Seat 5: bucerias16 folded before Flop (didn't bet)
Seat 6: acegy folded before Flop (didn't bet)
Seat 7: Dorex2007 (button) folded before Flop (didn't bet)
Seat 9: PHebi7 (small blind) folded before Flop



PokerStars Hand #237524626066:  Hold'em No Limit ($0.02/$0.05 USD) - 2022/07/22 17:11:19 PT [2022/07/22 20:11:19 ET]
Table 'Telesto' 9-max Seat #9 is the button
Seat 2: mumisber ($5.41 in chips) 
Seat 3: GDIMITROV11 ($4.93 in chips) 
Seat 4: yawaraka0701 ($2.75 in chips) 
Seat 5: bucerias16 ($5.63 in chips) 
Seat 6: acegy ($5.07 in chips) 
Seat 7: Dorex2007 ($5 in chips) 
Seat 9: PHebi7 ($5.40 in chips) 
mumisber: posts small blind $0.02
GDIMITROV11: posts big blind $0.05
*** HOLE CARDS ***
Dealt to Dorex2007 [2c As]
yayirxn joins the table at seat #8 
yawaraka0701: raises $0.10 to $0.15
bucerias16: folds 
acegy: folds 
Dorex2007: folds 
PHebi7: calls $0.15
mumisber: folds 
GDIMITROV11: calls $0.10
*** FLOP *** [8s 7s 4d]
GDIMITROV11: checks 
yawaraka0701: checks 
PHebi7: bets $0.32
GDIMITROV11: folds 
yawaraka0701: folds 
Uncalled bet ($0.32) returned to PHebi7
PHebi7 collected $0.45 from pot
*** SUMMARY ***
Total pot $0.47 | Rake $0.02 
Board [8s 7s 4d]
Seat 2: mumisber (small blind) folded before Flop
Seat 3: GDIMITROV11 (big blind) folded on the Flop
Seat 4: yawaraka0701 folded on the Flop
Seat 5: bucerias16 folded before Flop (didn't bet)
Seat 6: acegy folded before Flop (didn't bet)
Seat 7: Dorex2007 folded before Flop (didn't bet)
Seat 9: PHebi7 (button) collected ($0.45)



PokerStars Hand #237524639665:  Hold'em No Limit ($0.02/$0.05 USD) - 2022/07/22 17:12:14 PT [2022/07/22 20:12:14 ET]
Table 'Telesto' 9-max Seat #2 is the button
Seat 2: mumisber ($5.39 in chips) 
Seat 3: GDIMITROV11 ($4.78 in chips) 
Seat 4: yawaraka0701 ($2.60 in chips) 
Seat 5: bucerias16 ($5.63 in chips) 
Seat 6: acegy ($5.07 in chips) 
Seat 7: Dorex2007 ($5 in chips) 
Seat 8: yayirxn ($4 in chips) 
Seat 9: PHebi7 ($5.70 in chips) 
GDIMITROV11: posts small blind $0.02
yawaraka0701: posts big blind $0.05
yayirxn: posts big blind $0.05
geoKG: sits out 
*** HOLE CARDS ***
Dealt to Dorex2007 [Qc 9c]
bucerias16: raises $0.10 to $0.15
acegy: folds 
Dorex2007: folds 
yayirxn: calls $0.10
PHebi7: folds 
mumisber: folds 
GDIMITROV11: folds 
yawaraka0701: calls $0.10
*** FLOP *** [8d Qh 2h]
yawaraka0701: checks 
bucerias16: checks 
yayirxn: checks 
*** TURN *** [8d Qh 2h] [Ad]
yawaraka0701: checks 
bucerias16: bets $0.30
yayirxn: folds 
yawaraka0701: calls $0.30
*** RIVER *** [8d Qh 2h Ad] [6s]
yawaraka0701: checks 
bucerias16: checks 
*** SHOW DOWN ***
yawaraka0701: shows [Jc Qd] (a pair of Queens)
bucerias16: shows [As Ts] (a pair of Aces)
bucerias16 collected $1.03 from pot
*** SUMMARY ***
Total pot $1.07 | Rake $0.04 
Board [8d Qh 2h Ad 6s]
Seat 2: mumisber (button) folded before Flop (didn't bet)
Seat 3: GDIMITROV11 (small blind) folded before Flop
Seat 4: yawaraka0701 (big blind) showed [Jc Qd] and lost with a pair of Queens
Seat 5: bucerias16 showed [As Ts] and won ($1.03) with a pair of Aces
Seat 6: acegy folded before Flop (didn't bet)
Seat 7: Dorex2007 folded before Flop (didn't bet)
Seat 8: yayirxn folded on the Turn
Seat 9: PHebi7 folded before Flop (didn't bet)



PokerStars Hand #237524653272:  Hold'em No Limit ($0.02/$0.05 USD) - 2022/07/22 17:13:10 PT [2022/07/22 20:13:10 ET]
Table 'Telesto' 9-max Seat #3 is the button
Seat 1: geoKG ($11.39 in chips) 
Seat 2: mumisber ($5.39 in chips) 
Seat 3: GDIMITROV11 ($4.76 in chips) 
Seat 4: yawaraka0701 ($2.15 in chips) 
Seat 5: bucerias16 ($6.21 in chips) 
Seat 6: acegy ($5.07 in chips) 
Seat 7: Dorex2007 ($5 in chips) 
Seat 8: yayirxn ($3.85 in chips) 
Seat 9: PHebi7 ($5.70 in chips) 
yawaraka0701: posts small blind $0.02
bucerias16: posts big blind $0.05
geoKG: posts small & big blinds $0.07
*** HOLE CARDS ***
Dealt to Dorex2007 [8c 5s]
acegy: folds 
Dorex2007: folds 
yayirxn: calls $0.05
PHebi7: folds 
geoKG: checks 
mumisber: folds 
GDIMITROV11: folds 
yawaraka0701: folds 
bucerias16: checks 
*** FLOP *** [5d 5h 6h]
bucerias16: checks 
yayirxn: bets $0.05
geoKG: folds 
bucerias16: folds 
Uncalled bet ($0.05) returned to yayirxn
yayirxn collected $0.18 from pot
*** SUMMARY ***
Total pot $0.19 | Rake $0.01 
Board [5d 5h 6h]
Seat 1: geoKG folded on the Flop (didn't bet)
Seat 2: mumisber folded before Flop (didn't bet)
Seat 3: GDIMITROV11 (button) folded before Flop (didn't bet)
Seat 4: yawaraka0701 (small blind) folded before Flop
Seat 5: bucerias16 (big blind) folded on the Flop
Seat 6: acegy folded before Flop (didn't bet)
Seat 7: Dorex2007 folded before Flop (didn't bet)
Seat 8: yayirxn collected ($0.18)
Seat 9: PHebi7 folded before Flop (didn't bet)



PokerStars Hand #237524661220:  Hold'em No Limit ($0.02/$0.05 USD) - 2022/07/22 17:13:43 PT [2022/07/22 20:13:43 ET]
Table 'Telesto' 9-max Seat #4 is the button
Seat 1: geoKG ($11.32 in chips) 
Seat 2: mumisber ($5.39 in chips) 
Seat 3: GDIMITROV11 ($4.76 in chips) 
Seat 4: yawaraka0701 ($2.13 in chips) 
Seat 5: bucerias16 ($6.16 in chips) 
Seat 6: acegy ($5.07 in chips) 
Seat 7: Dorex2007 ($5 in chips) 
Seat 8: yayirxn ($3.98 in chips) 
Seat 9: PHebi7 ($5.70 in chips) 
bucerias16: posts small blind $0.02
acegy: posts big blind $0.05
*** HOLE CARDS ***
Dealt to Dorex2007 [Kh Th]
Dorex2007 has timed out
Dorex2007: folds 
yayirxn: calls $0.05
PHebi7: folds 
geoKG: folds 
mumisber: folds 
GDIMITROV11: folds 
yawaraka0701: folds 
bucerias16: calls $0.03
acegy: checks 
*** FLOP *** [Ks 5h 4s]
bucerias16: checks 
acegy: bets $0.10
yayirxn: calls $0.10
bucerias16: folds 
*** TURN *** [Ks 5h 4s] [Qh]
acegy: bets $0.10
yayirxn: calls $0.10
*** RIVER *** [Ks 5h 4s Qh] [2d]
acegy: bets $0.30
yayirxn: calls $0.30
*** SHOW DOWN ***
acegy: shows [2s Kd] (two pair, Kings and Deuces)
yayirxn: mucks hand 
acegy collected $1.09 from pot
*** SUMMARY ***
Total pot $1.15 | Rake $0.06 
Board [Ks 5h 4s Qh 2d]
Seat 1: geoKG folded before Flop (didn't bet)
Seat 2: mumisber folded before Flop (didn't bet)
Seat 3: GDIMITROV11 folded before Flop (didn't bet)
Seat 4: yawaraka0701 (button) folded before Flop (didn't bet)
Seat 5: bucerias16 (small blind) folded on the Flop
Seat 6: acegy (big blind) showed [2s Kd] and won ($1.09) with two pair, Kings and Deuces
Seat 7: Dorex2007 folded before Flop (didn't bet)
Seat 8: yayirxn mucked [Jh Jc]
Seat 9: PHebi7 folded before Flop (didn't bet)



PokerStars Hand #237524671485:  Hold'em No Limit ($0.02/$0.05 USD) - 2022/07/22 17:14:25 PT [2022/07/22 20:14:25 ET]
Table 'Telesto' 9-max Seat #5 is the button
Seat 1: geoKG ($11.32 in chips) 
Seat 2: mumisber ($5.39 in chips) 
Seat 3: GDIMITROV11 ($4.76 in chips) 
Seat 4: yawaraka0701 ($2.13 in chips) 
Seat 5: bucerias16 ($6.11 in chips) 
Seat 6: acegy ($5.61 in chips) 
Seat 7: Dorex2007 ($5 in chips) 
Seat 8: yayirxn ($3.43 in chips) 
Seat 9: PHebi7 ($5.70 in chips) 
acegy: posts small blind $0.02
Dorex2007: posts big blind $0.05
*** HOLE CARDS ***
Dealt to Dorex2007 [Ks Ad]
yayirxn: folds 
PHebi7: raises $0.07 to $0.12
geoKG: folds 
mumisber: calls $0.12
GDIMITROV11: folds 
yawaraka0701: calls $0.12
bucerias16: calls $0.12
acegy: folds 
Dorex2007: calls $0.07
*** FLOP *** [Qh Td 6d]
Dorex2007: checks 
PHebi7: checks 
mumisber: checks 
yawaraka0701: checks 
bucerias16: checks 
*** TURN *** [Qh Td 6d] [2c]
Dorex2007: checks 
PHebi7: checks 
mumisber: checks 
yawaraka0701: checks 
bucerias16: bets $0.29
Dorex2007: folds 
PHebi7: folds 
mumisber: folds 
yawaraka0701: calls $0.29
*** RIVER *** [Qh Td 6d 2c] [6s]
yawaraka0701: checks 
bucerias16: checks 
*** SHOW DOWN ***
yawaraka0701: shows [Jd Ah] (a pair of Sixes)
bucerias16: shows [9h 9d] (two pair, Nines and Sixes)
bucerias16 collected $1.15 from pot
*** SUMMARY ***
Total pot $1.20 | Rake $0.05 
Board [Qh Td 6d 2c 6s]
Seat 1: geoKG folded before Flop (didn't bet)
Seat 2: mumisber folded on the Turn
Seat 3: GDIMITROV11 folded before Flop (didn't bet)
Seat 4: yawaraka0701 showed [Jd Ah] and lost with a pair of Sixes
Seat 5: bucerias16 (button) showed [9h 9d] and won ($1.15) with two pair, Nines and Sixes
Seat 6: acegy (small blind) folded before Flop
Seat 7: Dorex2007 (big blind) folded on the Turn
Seat 8: yayirxn folded before Flop (didn't bet)
Seat 9: PHebi7 folded on the Turn



PokerStars Hand #237524687388:  Hold'em No Limit ($0.02/$0.05 USD) - 2022/07/22 17:15:31 PT [2022/07/22 20:15:31 ET]
Table 'Telesto' 9-max Seat #6 is the button
Seat 1: geoKG ($11.32 in chips) 
Seat 2: mumisber ($5.27 in chips) 
Seat 3: GDIMITROV11 ($4.76 in chips) 
Seat 4: yawaraka0701 ($1.72 in chips) 
Seat 5: bucerias16 ($6.85 in chips) 
Seat 6: acegy ($5.59 in chips) 
Seat 7: Dorex2007 ($5 in chips) 
Seat 8: yayirxn ($3.43 in chips) 
Seat 9: PHebi7 ($5.58 in chips) 
Dorex2007: posts small blind $0.02
yayirxn: posts big blind $0.05
*** HOLE CARDS ***
Dealt to Dorex2007 [Ad 3d]
PHebi7: folds 
geoKG: folds 
mumisber: folds 
GDIMITROV11: folds 
yawaraka0701: folds 
yawaraka0701 leaves the table
bucerias16: raises $0.07 to $0.12
acegy: calls $0.12
Dorex2007: folds 
yayirxn: calls $0.07
*** FLOP *** [7c Th 4c]
yayirxn: checks 
bucerias16: bets $0.12
acegy: calls $0.12
yayirxn: folds 
*** TURN *** [7c Th 4c] [9c]
bucerias16: checks 
acegy: bets $0.25
bucerias16: folds 
Uncalled bet ($0.25) returned to acegy
acegy collected $0.58 from pot
*** SUMMARY ***
Total pot $0.62 | Rake $0.04 
Board [7c Th 4c 9c]
Seat 1: geoKG folded before Flop (didn't bet)
Seat 2: mumisber folded before Flop (didn't bet)
Seat 3: GDIMITROV11 folded before Flop (didn't bet)
Seat 4: yawaraka0701 folded before Flop (didn't bet)
Seat 5: bucerias16 folded on the Turn
Seat 6: acegy (button) collected ($0.58)
Seat 7: Dorex2007 (small blind) folded before Flop
Seat 8: yayirxn (big blind) folded on the Flop
Seat 9: PHebi7 folded before Flop (didn't bet)



PokerStars Hand #237524702666:  Hold'em No Limit ($0.02/$0.05 USD) - 2022/07/22 17:16:34 PT [2022/07/22 20:16:34 ET]
Table 'Telesto' 9-max Seat #7 is the button
Seat 1: geoKG ($11.32 in chips) 
Seat 2: mumisber ($5.27 in chips) 
Seat 3: GDIMITROV11 ($4.76 in chips) 
Seat 5: bucerias16 ($6.61 in chips) 
Seat 6: acegy ($5.93 in chips) 
Seat 7: Dorex2007 ($5 in chips) 
Seat 8: yayirxn ($3.31 in chips) 
Seat 9: PHebi7 ($5.58 in chips) 
yayirxn: posts small blind $0.02
PHebi7: posts big blind $0.05
*** HOLE CARDS ***
Dealt to Dorex2007 [2d 4d]
geoKG: folds 
mumisber: folds 
GDIMITROV11: folds 
bucerias16: folds 
acegy: folds 
Dorex2007: folds 
yayirxn: raises $0.05 to $0.10
PHebi7: calls $0.05
*** FLOP *** [3c 2s Kh]
yayirxn: bets $1.15
PHebi7: folds 
Uncalled bet ($1.15) returned to yayirxn
yayirxn collected $0.19 from pot
*** SUMMARY ***
Total pot $0.20 | Rake $0.01 
Board [3c 2s Kh]
Seat 1: geoKG folded before Flop (didn't bet)
Seat 2: mumisber folded before Flop (didn't bet)
Seat 3: GDIMITROV11 folded before Flop (didn't bet)
Seat 5: bucerias16 folded before Flop (didn't bet)
Seat 6: acegy folded before Flop (didn't bet)
Seat 7: Dorex2007 (button) folded before Flop (didn't bet)
Seat 8: yayirxn (small blind) collected ($0.19)
Seat 9: PHebi7 (big blind) folded on the Flop



PokerStars Hand #237524721526:  Hold'em No Limit ($0.02/$0.05 USD) - 2022/07/22 17:17:11 PT [2022/07/22 20:17:11 ET]
Table 'Telesto' 9-max Seat #8 is the button
Seat 1: geoKG ($11.32 in chips) 
Seat 2: mumisber ($5.27 in chips) 
Seat 3: GDIMITROV11 ($4.76 in chips) 
Seat 5: bucerias16 ($6.61 in chips) 
Seat 6: acegy ($5.93 in chips) 
Seat 7: Dorex2007 ($5 in chips) 
Seat 8: yayirxn ($3.40 in chips) 
Seat 9: PHebi7 ($5.48 in chips) 
PHebi7: posts small blind $0.02
geoKG: posts big blind $0.05
*** HOLE CARDS ***
Dealt to Dorex2007 [Td 2d]
mumisber: folds 
GDIMITROV11: raises $0.15 to $0.20
bucerias16 has timed out
bucerias16: folds 
acegy: folds 
Dorex2007: folds 
yayirxn: calls $0.20
PHebi7: folds 
geoKG: folds 
*** FLOP *** [4c Qd 7h]
GDIMITROV11: bets $0.45
yayirxn: calls $0.45
*** TURN *** [4c Qd 7h] [6h]
GDIMITROV11: bets $1.35
yayirxn: calls $1.35
*** RIVER *** [4c Qd 7h 6h] [Kc]
GDIMITROV11: bets $2.76 and is all-in
yayirxn: calls $1.40 and is all-in
Uncalled bet ($1.36) returned to GDIMITROV11
*** SHOW DOWN ***
GDIMITROV11: shows [Qc Th] (a pair of Queens)
yayirxn: shows [Jd Ad] (high card Ace)
GDIMITROV11 collected $6.58 from pot
*** SUMMARY ***
Total pot $6.87 | Rake $0.29 
Board [4c Qd 7h 6h Kc]
Seat 1: geoKG (big blind) folded before Flop
Seat 2: mumisber folded before Flop (didn't bet)
Seat 3: GDIMITROV11 showed [Qc Th] and won ($6.58) with a pair of Queens
Seat 5: bucerias16 folded before Flop (didn't bet)
Seat 6: acegy folded before Flop (didn't bet)
Seat 7: Dorex2007 folded before Flop (didn't bet)
Seat 8: yayirxn (button) showed [Jd Ad] and lost with high card Ace
Seat 9: PHebi7 (small blind) folded before Flop



PokerStars Hand #237524740008:  Hold'em No Limit ($0.02/$0.05 USD) - 2022/07/22 17:18:26 PT [2022/07/22 20:18:26 ET]
Table 'Telesto' 9-max Seat #9 is the button
Seat 1: geoKG ($11.27 in chips) 
Seat 2: mumisber ($5.27 in chips) 
Seat 3: GDIMITROV11 ($7.94 in chips) 
Seat 5: bucerias16 ($6.61 in chips) 
Seat 6: acegy ($5.93 in chips) 
Seat 7: Dorex2007 ($5 in chips) 
Seat 9: PHebi7 ($5.46 in chips) 
geoKG: posts small blind $0.02
mumisber: posts big blind $0.05
*** HOLE CARDS ***
Dealt to Dorex2007 [As 8d]
yayirxn is disconnected 
GDIMITROV11: folds 
bucerias16: folds 
acegy: folds 
Dorex2007: folds 
PHebi7: folds 
geoKG: folds 
Uncalled bet ($0.03) returned to mumisber
mumisber collected $0.04 from pot
*** SUMMARY ***
Total pot $0.04 | Rake $0 
Seat 1: geoKG (small blind) folded before Flop
Seat 2: mumisber (big blind) collected ($0.04)
Seat 3: GDIMITROV11 folded before Flop (didn't bet)
Seat 5: bucerias16 folded before Flop (didn't bet)
Seat 6: acegy folded before Flop (didn't bet)
Seat 7: Dorex2007 folded before Flop (didn't bet)
Seat 9: PHebi7 (button) folded before Flop (didn't bet)



PokerStars Hand #237524742669:  Hold'em No Limit ($0.02/$0.05 USD) - 2022/07/22 17:18:37 PT [2022/07/22 20:18:37 ET]
Table 'Telesto' 9-max Seat #1 is the button
Seat 1: geoKG ($11.25 in chips) 
Seat 2: mumisber ($5.29 in chips) 
Seat 3: GDIMITROV11 ($7.94 in chips) 
Seat 5: bucerias16 ($6.61 in chips) 
Seat 6: acegy ($5.93 in chips) 
Seat 7: Dorex2007 ($5 in chips) 
Seat 9: PHebi7 ($5.46 in chips) 
mumisber: posts small blind $0.02
GDIMITROV11: posts big blind $0.05
*** HOLE CARDS ***
Dealt to Dorex2007 [Js Ad]
bucerias16: folds 
acegy: folds 
Dorex2007: calls $0.05
PHebi7: folds 
geoKG: folds 
mumisber: folds 
GDIMITROV11: checks 
*** FLOP *** [4d 7s 4c]
GDIMITROV11: bets $0.06
Dorex2007: folds 
Uncalled bet ($0.06) returned to GDIMITROV11
GDIMITROV11 collected $0.12 from pot
*** SUMMARY ***
Total pot $0.12 | Rake $0 
Board [4d 7s 4c]
Seat 1: geoKG (button) folded before Flop (didn't bet)
Seat 2: mumisber (small blind) folded before Flop
Seat 3: GDIMITROV11 (big blind) collected ($0.12)
Seat 5: bucerias16 folded before Flop (didn't bet)
Seat 6: acegy folded before Flop (didn't bet)
Seat 7: Dorex2007 folded on the Flop
Seat 9: PHebi7 folded before Flop (didn't bet)



PokerStars Hand #237524749224:  Hold'em No Limit ($0.02/$0.05 USD) - 2022/07/22 17:19:04 PT [2022/07/22 20:19:04 ET]
Table 'Telesto' 9-max Seat #2 is the button
Seat 1: geoKG ($11.25 in chips) 
Seat 2: mumisber ($5.27 in chips) 
Seat 3: GDIMITROV11 ($8.01 in chips) 
Seat 5: bucerias16 ($6.61 in chips) 
Seat 6: acegy ($5.93 in chips) 
Seat 7: Dorex2007 ($5 in chips) 
Seat 9: PHebi7 ($5.46 in chips) 
GDIMITROV11: posts small blind $0.02
bucerias16: posts big blind $0.05
*** HOLE CARDS ***
Dealt to Dorex2007 [Qh 7h]
acegy: folds 
Dorex2007: folds 
PHebi7: folds 
geoKG: folds 
mumisber: folds 
GDIMITROV11: folds 
Uncalled bet ($0.03) returned to bucerias16
bucerias16 collected $0.04 from pot
*** SUMMARY ***
Total pot $0.04 | Rake $0 
Seat 1: geoKG folded before Flop (didn't bet)
Seat 2: mumisber (button) folded before Flop (didn't bet)
Seat 3: GDIMITROV11 (small blind) folded before Flop
Seat 5: bucerias16 (big blind) collected ($0.04)
Seat 6: acegy folded before Flop (didn't bet)
Seat 7: Dorex2007 folded before Flop (didn't bet)
Seat 9: PHebi7 folded before Flop (didn't bet)



PokerStars Hand #237524752611:  Hold'em No Limit ($0.02/$0.05 USD) - 2022/07/22 17:19:18 PT [2022/07/22 20:19:18 ET]
Table 'Telesto' 9-max Seat #3 is the button
Seat 1: geoKG ($11.25 in chips) 
Seat 2: mumisber ($5.27 in chips) 
Seat 3: GDIMITROV11 ($7.99 in chips) 
Seat 5: bucerias16 ($6.63 in chips) 
Seat 6: acegy ($5.93 in chips) 
Seat 7: Dorex2007 ($5 in chips) 
Seat 9: PHebi7 ($5.46 in chips) 
bucerias16: posts small blind $0.02
acegy: posts big blind $0.05
*** HOLE CARDS ***
Dealt to Dorex2007 [2h As]
Dorex2007: folds 
PHebi7: folds 
geoKG: calls $0.05
mumisber: folds 
GDIMITROV11: folds 
bucerias16: calls $0.03
acegy: checks 
*** FLOP *** [Th 2s Td]
bucerias16: checks 
acegy: bets $0.10
geoKG: calls $0.10
bucerias16: folds 
*** TURN *** [Th 2s Td] [7d]
acegy: checks 
geoKG: checks 
*** RIVER *** [Th 2s Td 7d] [6h]
acegy: checks 
geoKG: bets $0.17
acegy: folds 
Uncalled bet ($0.17) returned to geoKG
geoKG collected $0.34 from pot
*** SUMMARY ***
Total pot $0.35 | Rake $0.01 
Board [Th 2s Td 7d 6h]
Seat 1: geoKG collected ($0.34)
Seat 2: mumisber folded before Flop (didn't bet)
Seat 3: GDIMITROV11 (button) folded before Flop (didn't bet)
Seat 5: bucerias16 (small blind) folded on the Flop
Seat 6: acegy (big blind) folded on the River
Seat 7: Dorex2007 folded before Flop (didn't bet)
Seat 9: PHebi7 folded before Flop (didn't bet)



PokerStars Hand #237524769243:  Hold'em No Limit ($0.02/$0.05 USD) - 2022/07/22 17:20:26 PT [2022/07/22 20:20:26 ET]
Table 'Telesto' 9-max Seat #5 is the button
Seat 1: geoKG ($11.44 in chips) 
Seat 2: mumisber ($5.27 in chips) 
Seat 3: GDIMITROV11 ($7.99 in chips) 
Seat 5: bucerias16 ($6.58 in chips) 
Seat 6: acegy ($5.78 in chips) 
Seat 7: Dorex2007 ($5 in chips) 
Seat 9: PHebi7 ($5.46 in chips) 
acegy: posts small blind $0.02
Dorex2007: posts big blind $0.05
*** HOLE CARDS ***
Dealt to Dorex2007 [9d 7d]
PHebi7: folds 
geoKG: folds 
mumisber: folds 
AGVsmarT joins the table at seat #4 
GDIMITROV11: raises $0.20 to $0.25
bucerias16: folds 
acegy: folds 
Dorex2007: folds 
Uncalled bet ($0.20) returned to GDIMITROV11
GDIMITROV11 collected $0.12 from pot
*** SUMMARY ***
Total pot $0.12 | Rake $0 
Seat 1: geoKG folded before Flop (didn't bet)
Seat 2: mumisber folded before Flop (didn't bet)
Seat 3: GDIMITROV11 collected ($0.12)
Seat 5: bucerias16 (button) folded before Flop (didn't bet)
Seat 6: acegy (small blind) folded before Flop
Seat 7: Dorex2007 (big blind) folded before Flop
Seat 9: PHebi7 folded before Flop (didn't bet)



PokerStars Hand #237524775590:  Hold'em No Limit ($0.02/$0.05 USD) - 2022/07/22 17:20:52 PT [2022/07/22 20:20:52 ET]
Table 'Telesto' 9-max Seat #6 is the button
Seat 1: geoKG ($11.44 in chips) 
Seat 2: mumisber ($5.27 in chips) 
Seat 3: GDIMITROV11 ($8.06 in chips) 
Seat 5: bucerias16 ($6.58 in chips) 
Seat 6: acegy ($5.76 in chips) 
Seat 7: Dorex2007 ($5 in chips) 
Seat 9: PHebi7 ($5.46 in chips) 
Dorex2007: posts small blind $0.02
PHebi7: posts big blind $0.05
AGVsmarT: sits out 
*** HOLE CARDS ***
Dealt to Dorex2007 [4d 9h]
geoKG: folds 
mumisber: folds 
GDIMITROV11: folds 
bucerias16: folds 
acegy: raises $0.05 to $0.10
Dorex2007: folds 
PHebi7: calls $0.05
*** FLOP *** [5s 8s Jd]
PHebi7: checks 
acegy: bets $0.15
PHebi7: calls $0.15
*** TURN *** [5s 8s Jd] [3c]
PHebi7: checks 
acegy: checks 
*** RIVER *** [5s 8s Jd 3c] [8d]
PHebi7: checks 
acegy: checks 
*** SHOW DOWN ***
PHebi7: shows [As 6c] (a pair of Eights)
acegy: mucks hand 
PHebi7 collected $0.50 from pot
*** SUMMARY ***
Total pot $0.52 | Rake $0.02 
Board [5s 8s Jd 3c 8d]
Seat 1: geoKG folded before Flop (didn't bet)
Seat 2: mumisber folded before Flop (didn't bet)
Seat 3: GDIMITROV11 folded before Flop (didn't bet)
Seat 5: bucerias16 folded before Flop (didn't bet)
Seat 6: acegy (button) mucked [7h Th]
Seat 7: Dorex2007 (small blind) folded before Flop
Seat 9: PHebi7 (big blind) showed [As 6c] and won ($0.50) with a pair of Eights



PokerStars Hand #237524790155:  Hold'em No Limit ($0.02/$0.05 USD) - 2022/07/22 17:21:52 PT [2022/07/22 20:21:52 ET]
Table 'Telesto' 9-max Seat #7 is the button
Seat 1: geoKG ($11.44 in chips) 
Seat 2: mumisber ($5.27 in chips) 
Seat 3: GDIMITROV11 ($8.06 in chips) 
Seat 5: bucerias16 ($6.58 in chips) 
Seat 6: acegy ($5.51 in chips) 
Seat 7: Dorex2007 ($5 in chips) 
Seat 9: PHebi7 ($5.71 in chips) 
PHebi7: posts small blind $0.02
geoKG: posts big blind $0.05
AGVsmarT has timed out
AGVsmarT: is sitting out 
*** HOLE CARDS ***
Dealt to Dorex2007 [Th 9d]
mumisber has timed out
mumisber: folds 
GDIMITROV11: folds 
bucerias16: raises $0.10 to $0.15
acegy: calls $0.15
Dorex2007: folds 
PHebi7: folds 
geoKG: folds 
*** FLOP *** [4h 5s 7d]
bucerias16: checks 
acegy: bets $0.15
bucerias16: calls $0.15
*** TURN *** [4h 5s 7d] [9c]
bucerias16: checks 
acegy: bets $0.50
bucerias16: folds 
Uncalled bet ($0.50) returned to acegy
acegy collected $0.63 from pot
*** SUMMARY ***
Total pot $0.67 | Rake $0.04 
Board [4h 5s 7d 9c]
Seat 1: geoKG (big blind) folded before Flop
Seat 2: mumisber folded before Flop (didn't bet)
Seat 3: GDIMITROV11 folded before Flop (didn't bet)
Seat 5: bucerias16 folded on the Turn
Seat 6: acegy collected ($0.63)
Seat 7: Dorex2007 (button) folded before Flop (didn't bet)
Seat 9: PHebi7 (small blind) folded before Flop



PokerStars Hand #237524804024:  Hold'em No Limit ($0.02/$0.05 USD) - 2022/07/22 17:22:50 PT [2022/07/22 20:22:50 ET]
Table 'Telesto' 9-max Seat #9 is the button
Seat 1: geoKG ($11.39 in chips) 
Seat 3: GDIMITROV11 ($8.06 in chips) 
Seat 5: bucerias16 ($6.28 in chips) 
Seat 6: acegy ($5.84 in chips) 
Seat 7: Dorex2007 ($5 in chips) 
Seat 9: PHebi7 ($5.69 in chips) 
geoKG: posts small blind $0.02
GDIMITROV11: posts big blind $0.05
AGVsmarT: sits out 
*** HOLE CARDS ***
Dealt to Dorex2007 [Ts 5d]
bucerias16: raises $0.10 to $0.15
acegy: folds 
Dorex2007: folds 
PHebi7: folds 
geoKG: folds 
GDIMITROV11: raises $0.32 to $0.47
bucerias16: calls $0.32
*** FLOP *** [8h Ks 9h]
GDIMITROV11: bets $0.50
bucerias16: folds 
Uncalled bet ($0.50) returned to GDIMITROV11
GDIMITROV11 collected $0.92 from pot
*** SUMMARY ***
Total pot $0.96 | Rake $0.04 
Board [8h Ks 9h]
Seat 1: geoKG (small blind) folded before Flop
Seat 3: GDIMITROV11 (big blind) collected ($0.92)
Seat 5: bucerias16 folded on the Flop
Seat 6: acegy folded before Flop (didn't bet)
Seat 7: Dorex2007 folded before Flop (didn't bet)
Seat 9: PHebi7 (button) folded before Flop (didn't bet)



PokerStars Hand #237524815416:  Hold'em No Limit ($0.02/$0.05 USD) - 2022/07/22 17:23:37 PT [2022/07/22 20:23:37 ET]
Table 'Telesto' 9-max Seat #1 is the button
Seat 1: geoKG ($11.37 in chips) 
Seat 3: GDIMITROV11 ($8.51 in chips) 
Seat 5: bucerias16 ($5.81 in chips) 
Seat 6: acegy ($5.84 in chips) 
Seat 7: Dorex2007 ($5 in chips) 
Seat 9: PHebi7 ($5.69 in chips) 
GDIMITROV11: posts small blind $0.02
AGVsmarT has timed out
AGVsmarT: is sitting out 
bucerias16: posts big blind $0.05
*** HOLE CARDS ***
Dealt to Dorex2007 [Qh 8d]
acegy: folds 
Dorex2007: folds 
PHebi7: folds 
geoKG: folds 
GDIMITROV11: folds 
Uncalled bet ($0.03) returned to bucerias16
bucerias16 collected $0.04 from pot
*** SUMMARY ***
Total pot $0.04 | Rake $0 
Seat 1: geoKG (button) folded before Flop (didn't bet)
Seat 3: GDIMITROV11 (small blind) folded before Flop
Seat 5: bucerias16 (big blind) collected ($0.04)
Seat 6: acegy folded before Flop (didn't bet)
Seat 7: Dorex2007 folded before Flop (didn't bet)
Seat 9: PHebi7 folded before Flop (didn't bet)



PokerStars Hand #237524820391:  Hold'em No Limit ($0.02/$0.05 USD) - 2022/07/22 17:23:57 PT [2022/07/22 20:23:57 ET]
Table 'Telesto' 9-max Seat #3 is the button
Seat 1: geoKG ($11.37 in chips) 
Seat 3: GDIMITROV11 ($8.49 in chips) 
Seat 5: bucerias16 ($5.83 in chips) 
Seat 6: acegy ($5.84 in chips) 
Seat 7: Dorex2007 ($5 in chips) 
Seat 9: PHebi7 ($5.69 in chips) 
bucerias16: posts small blind $0.02
acegy: posts big blind $0.05
*** HOLE CARDS ***
Dealt to Dorex2007 [Ts Td]
Dorex2007: raises $0.15 to $0.20
PHebi7: folds 
geoKG: calls $0.20
GDIMITROV11: folds 
bucerias16: folds 
acegy: folds 
*** FLOP *** [Js 8h 5h]
Dorex2007: bets $0.45
geoKG: raises $10.72 to $11.17 and is all-in
Dorex2007: folds 
Uncalled bet ($10.72) returned to geoKG
geoKG collected $1.31 from pot
*** SUMMARY ***
Total pot $1.37 | Rake $0.06 
Board [Js 8h 5h]
Seat 1: geoKG collected ($1.31)
Seat 3: GDIMITROV11 (button) folded before Flop (didn't bet)
Seat 5: bucerias16 (small blind) folded before Flop
Seat 6: acegy (big blind) folded before Flop
Seat 7: Dorex2007 folded on the Flop
Seat 9: PHebi7 folded before Flop (didn't bet)



PokerStars Hand #237524832593:  Hold'em No Limit ($0.02/$0.05 USD) - 2022/07/22 17:24:22 PT [2022/07/22 20:24:22 ET]
Table 'Telesto' 9-max Seat #5 is the button
Seat 1: geoKG ($12.03 in chips) 
Seat 3: GDIMITROV11 ($8.49 in chips) 
Seat 5: bucerias16 ($5.81 in chips) 
Seat 6: acegy ($5.79 in chips) 
Seat 7: Dorex2007 ($5 in chips) 
Seat 9: PHebi7 ($5.69 in chips) 
acegy: posts small blind $0.02
Dorex2007: posts big blind $0.05
*** HOLE CARDS ***
Dealt to Dorex2007 [4c Tc]
PHebi7: folds 
geoKG: folds 
GDIMITROV11: raises $0.15 to $0.20
bucerias16: folds 
acegy: folds 
Dorex2007: folds 
Uncalled bet ($0.15) returned to GDIMITROV11
GDIMITROV11 collected $0.12 from pot
*** SUMMARY ***
Total pot $0.12 | Rake $0 
Seat 1: geoKG folded before Flop (didn't bet)
Seat 3: GDIMITROV11 collected ($0.12)
Seat 5: bucerias16 (button) folded before Flop (didn't bet)
Seat 6: acegy (small blind) folded before Flop
Seat 7: Dorex2007 (big blind) folded before Flop
Seat 9: PHebi7 folded before Flop (didn't bet)



PokerStars Hand #237524836560:  Hold'em No Limit ($0.02/$0.05 USD) - 2022/07/22 17:24:38 PT [2022/07/22 20:24:38 ET]
Table 'Telesto' 9-max Seat #6 is the button
Seat 1: geoKG ($12.03 in chips) 
Seat 3: GDIMITROV11 ($8.56 in chips) 
Seat 5: bucerias16 ($5.81 in chips) 
Seat 6: acegy ($5.77 in chips) 
Seat 7: Dorex2007 ($5 in chips) 
Seat 9: PHebi7 ($5.69 in chips) 
Dorex2007: posts small blind $0.02
PHebi7: posts big blind $0.05
mumisber: sits out 
*** HOLE CARDS ***
Dealt to Dorex2007 [2s 8c]
geoKG has timed out
geoKG: folds 
GDIMITROV11: raises $0.25 to $0.30
bucerias16: folds 
acegy: folds 
Dorex2007: folds 
PHebi7: folds 
Uncalled bet ($0.25) returned to GDIMITROV11
GDIMITROV11 collected $0.12 from pot
*** SUMMARY ***
Total pot $0.12 | Rake $0 
Seat 1: geoKG folded before Flop (didn't bet)
Seat 3: GDIMITROV11 collected ($0.12)
Seat 5: bucerias16 folded before Flop (didn't bet)
Seat 6: acegy (button) folded before Flop (didn't bet)
Seat 7: Dorex2007 (small blind) folded before Flop
Seat 9: PHebi7 (big blind) folded before Flop



PokerStars Hand #237524842320:  Hold'em No Limit ($0.02/$0.05 USD) - 2022/07/22 17:25:02 PT [2022/07/22 20:25:02 ET]
Table 'Telesto' 9-max Seat #7 is the button
Seat 1: geoKG ($12.03 in chips) 
Seat 3: GDIMITROV11 ($8.63 in chips) 
Seat 5: bucerias16 ($5.81 in chips) 
Seat 6: acegy ($5.77 in chips) 
Seat 7: Dorex2007 ($5 in chips) 
Seat 9: PHebi7 ($5.64 in chips) 
PHebi7: posts small blind $0.02
geoKG: posts big blind $0.05
mumisber: sits out 
AGVsmarT: sits out 
*** HOLE CARDS ***
Dealt to Dorex2007 [Ac 4d]
GDIMITROV11: folds 
bucerias16: folds 
acegy: folds 
Dorex2007: folds 
PHebi7: folds 
Uncalled bet ($0.03) returned to geoKG
geoKG collected $0.04 from pot
*** SUMMARY ***
Total pot $0.04 | Rake $0 
Seat 1: geoKG (big blind) collected ($0.04)
Seat 3: GDIMITROV11 folded before Flop (didn't bet)
Seat 5: bucerias16 folded before Flop (didn't bet)
Seat 6: acegy folded before Flop (didn't bet)
Seat 7: Dorex2007 (button) folded before Flop (didn't bet)
Seat 9: PHebi7 (small blind) folded before Flop



PokerStars Hand #237524846458:  Hold'em No Limit ($0.02/$0.05 USD) - 2022/07/22 17:25:20 PT [2022/07/22 20:25:20 ET]
Table 'Telesto' 9-max Seat #9 is the button
Seat 1: geoKG ($12.05 in chips) 
Seat 2: mumisber ($5.27 in chips) 
Seat 3: GDIMITROV11 ($8.63 in chips) 
Seat 5: bucerias16 ($5.81 in chips) 
Seat 6: acegy ($5.77 in chips) 
Seat 7: Dorex2007 ($5 in chips) 
Seat 9: PHebi7 ($5.62 in chips) 
geoKG: posts small blind $0.02
mumisber: posts big blind $0.05
AGVsmarT: sits out 
*** HOLE CARDS ***
Dealt to Dorex2007 [9s Qc]
GDIMITROV11: folds 
bucerias16: raises $0.10 to $0.15
acegy: folds 
Dorex2007: folds 
PHebi7: folds 
geoKG: folds 
mumisber: folds 
Uncalled bet ($0.10) returned to bucerias16
bucerias16 collected $0.12 from pot
*** SUMMARY ***
Total pot $0.12 | Rake $0 
Seat 1: geoKG (small blind) folded before Flop
Seat 2: mumisber (big blind) folded before Flop
Seat 3: GDIMITROV11 folded before Flop (didn't bet)
Seat 5: bucerias16 collected ($0.12)
Seat 6: acegy folded before Flop (didn't bet)
Seat 7: Dorex2007 folded before Flop (didn't bet)
Seat 9: PHebi7 (button) folded before Flop (didn't bet)



PokerStars Hand #237524850514:  Hold'em No Limit ($0.02/$0.05 USD) - 2022/07/22 17:25:36 PT [2022/07/22 20:25:36 ET]
Table 'Telesto' 9-max Seat #1 is the button
Seat 1: geoKG ($12.03 in chips) 
Seat 2: mumisber ($5.22 in chips) 
Seat 3: GDIMITROV11 ($8.63 in chips) 
Seat 5: bucerias16 ($5.88 in chips) 
Seat 6: acegy ($5.77 in chips) 
Seat 7: Dorex2007 ($5 in chips) 
Seat 9: PHebi7 ($5.62 in chips) 
mumisber: posts small blind $0.02
GDIMITROV11: posts big blind $0.05
AGVsmarT: sits out 
*** HOLE CARDS ***
Dealt to Dorex2007 [Kh Kd]
bucerias16: folds 
acegy: folds 
Dorex2007: raises $0.10 to $0.15
PHebi7: folds 
geoKG: folds 
mumisber: calls $0.13
GDIMITROV11: folds 
*** FLOP *** [2s 6c 2h]
mumisber: checks 
Dorex2007: bets $0.34
mumisber: folds 
Uncalled bet ($0.34) returned to Dorex2007
Dorex2007 collected $0.34 from pot
*** SUMMARY ***
Total pot $0.35 | Rake $0.01 
Board [2s 6c 2h]
Seat 1: geoKG (button) folded before Flop (didn't bet)
Seat 2: mumisber (small blind) folded on the Flop
Seat 3: GDIMITROV11 (big blind) folded before Flop
Seat 5: bucerias16 folded before Flop (didn't bet)
Seat 6: acegy folded before Flop (didn't bet)
Seat 7: Dorex2007 collected ($0.34)
Seat 9: PHebi7 folded before Flop (didn't bet)



PokerStars Hand #237524861476:  Hold'em No Limit ($0.02/$0.05 USD) - 2022/07/22 17:26:22 PT [2022/07/22 20:26:22 ET]
Table 'Telesto' 9-max Seat #2 is the button
Seat 1: geoKG ($12.03 in chips) 
Seat 2: mumisber ($5.07 in chips) 
Seat 3: GDIMITROV11 ($8.58 in chips) 
Seat 4: AGVsmarT ($4 in chips) 
Seat 5: bucerias16 ($5.88 in chips) 
Seat 6: acegy ($5.77 in chips) 
Seat 7: Dorex2007 ($5.19 in chips) 
Seat 9: PHebi7 ($5.62 in chips) 
GDIMITROV11: posts small blind $0.02
AGVsmarT: posts big blind $0.05
*** HOLE CARDS ***
Dealt to Dorex2007 [Qd Ts]
bucerias16: folds 
acegy: calls $0.05
Dorex2007: folds 
PHebi7: raises $0.15 to $0.20
geoKG: folds 
mumisber: folds 
GDIMITROV11: folds 
AGVsmarT: folds 
acegy: calls $0.15
*** FLOP *** [3h Ac 9h]
acegy: checks 
PHebi7: bets $0.12
acegy: calls $0.12
*** TURN *** [3h Ac 9h] [2h]
acegy: bets $0.68
PHebi7: folds 
Uncalled bet ($0.68) returned to acegy
acegy collected $0.67 from pot
*** SUMMARY ***
Total pot $0.71 | Rake $0.04 
Board [3h Ac 9h 2h]
Seat 1: geoKG folded before Flop (didn't bet)
Seat 2: mumisber (button) folded before Flop (didn't bet)
Seat 3: GDIMITROV11 (small blind) folded before Flop
Seat 4: AGVsmarT (big blind) folded before Flop
Seat 5: bucerias16 folded before Flop (didn't bet)
Seat 6: acegy collected ($0.67)
Seat 7: Dorex2007 folded before Flop (didn't bet)
Seat 9: PHebi7 folded on the Turn



PokerStars Hand #237524870158:  Hold'em No Limit ($0.02/$0.05 USD) - 2022/07/22 17:26:58 PT [2022/07/22 20:26:58 ET]
Table 'Telesto' 9-max Seat #3 is the button
Seat 1: geoKG ($12.03 in chips) 
Seat 2: mumisber ($5.07 in chips) 
Seat 3: GDIMITROV11 ($8.56 in chips) 
Seat 4: AGVsmarT ($3.95 in chips) 
Seat 5: bucerias16 ($5.88 in chips) 
Seat 6: acegy ($6.12 in chips) 
Seat 7: Dorex2007 ($5.19 in chips) 
Seat 9: PHebi7 ($5.30 in chips) 
AGVsmarT: posts small blind $0.02
bucerias16: posts big blind $0.05
*** HOLE CARDS ***
Dealt to Dorex2007 [2s 8d]
acegy: folds 
Dorex2007: folds 
PHebi7: folds 
geoKG: raises $0.10 to $0.15
mumisber: folds 
GDIMITROV11: folds 
AGVsmarT: folds 
bucerias16: folds 
Uncalled bet ($0.10) returned to geoKG
geoKG collected $0.12 from pot
*** SUMMARY ***
Total pot $0.12 | Rake $0 
Seat 1: geoKG collected ($0.12)
Seat 2: mumisber folded before Flop (didn't bet)
Seat 3: GDIMITROV11 (button) folded before Flop (didn't bet)
Seat 4: AGVsmarT (small blind) folded before Flop
Seat 5: bucerias16 (big blind) folded before Flop
Seat 6: acegy folded before Flop (didn't bet)
Seat 7: Dorex2007 folded before Flop (didn't bet)
Seat 9: PHebi7 folded before Flop (didn't bet)



PokerStars Hand #237524878685:  Hold'em No Limit ($0.02/$0.05 USD) - 2022/07/22 17:27:34 PT [2022/07/22 20:27:34 ET]
Table 'Telesto' 9-max Seat #4 is the button
Seat 1: geoKG ($12.10 in chips) 
Seat 2: mumisber ($5.07 in chips) 
Seat 3: GDIMITROV11 ($8.56 in chips) 
Seat 4: AGVsmarT ($3.93 in chips) 
Seat 5: bucerias16 ($5.83 in chips) 
Seat 6: acegy ($6.12 in chips) 
Seat 7: Dorex2007 ($5.19 in chips) 
Seat 9: PHebi7 ($5.30 in chips) 
bucerias16: posts small blind $0.02
acegy: posts big blind $0.05
*** HOLE CARDS ***
Dealt to Dorex2007 [Ts Qd]
Dorex2007: folds 
PHebi7: folds 
geoKG: calls $0.05
mumisber: folds 
GDIMITROV11: raises $0.10 to $0.15
AGVsmarT: folds 
bucerias16: folds 
acegy: folds 
geoKG: calls $0.10
*** FLOP *** [Ks Qc 9c]
geoKG: checks 
GDIMITROV11: checks 
*** TURN *** [Ks Qc 9c] [8h]
geoKG: checks 
GDIMITROV11: bets $0.35
geoKG: calls $0.35
*** RIVER *** [Ks Qc 9c 8h] [Ad]
geoKG: bets $0.51
yayirxn leaves the table
GDIMITROV11: raises $2.05 to $2.56
geoKG: calls $2.05
*** SHOW DOWN ***
GDIMITROV11: shows [8c 8s] (three of a kind, Eights)
geoKG: mucks hand 
GDIMITROV11 collected $5.93 from pot
*** SUMMARY ***
Total pot $6.19 | Rake $0.26 
Board [Ks Qc 9c 8h Ad]
Seat 1: geoKG mucked [Kh Qs]
Seat 2: mumisber folded before Flop (didn't bet)
Seat 3: GDIMITROV11 showed [8c 8s] and won ($5.93) with three of a kind, Eights
Seat 4: AGVsmarT (button) folded before Flop (didn't bet)
Seat 5: bucerias16 (small blind) folded before Flop
Seat 6: acegy (big blind) folded before Flop
Seat 7: Dorex2007 folded before Flop (didn't bet)
Seat 9: PHebi7 folded before Flop (didn't bet)



PokerStars Hand #237524895482:  Hold'em No Limit ($0.02/$0.05 USD) - 2022/07/22 17:28:45 PT [2022/07/22 20:28:45 ET]
Table 'Telesto' 9-max Seat #5 is the button
Seat 1: geoKG ($9.04 in chips) 
Seat 2: mumisber ($5.07 in chips) 
Seat 3: GDIMITROV11 ($11.43 in chips) 
Seat 4: AGVsmarT ($3.93 in chips) 
Seat 5: bucerias16 ($5.81 in chips) 
Seat 6: acegy ($6.07 in chips) 
Seat 7: Dorex2007 ($5.19 in chips) 
Seat 9: PHebi7 ($5.30 in chips) 
acegy: posts small blind $0.02
Dorex2007: posts big blind $0.05
*** HOLE CARDS ***
Dealt to Dorex2007 [7h Qs]
PHebi7: folds 
geoKG: folds 
mumisber: folds 
GDIMITROV11: folds 
AGVsmarT: folds 
bucerias16 has timed out
bucerias16: folds 
acegy: calls $0.03
Dorex2007: checks 
*** FLOP *** [3h 2h 6s]
acegy: bets $0.10
Dorex2007: folds 
Uncalled bet ($0.10) returned to acegy
acegy collected $0.10 from pot
*** SUMMARY ***
Total pot $0.10 | Rake $0 
Board [3h 2h 6s]
Seat 1: geoKG folded before Flop (didn't bet)
Seat 2: mumisber folded before Flop (didn't bet)
Seat 3: GDIMITROV11 folded before Flop (didn't bet)
Seat 4: AGVsmarT folded before Flop (didn't bet)
Seat 5: bucerias16 (button) folded before Flop (didn't bet)
Seat 6: acegy (small blind) collected ($0.10)
Seat 7: Dorex2007 (big blind) folded on the Flop
Seat 9: PHebi7 folded before Flop (didn't bet)



PokerStars Hand #237524904936:  Hold'em No Limit ($0.02/$0.05 USD) - 2022/07/22 17:29:25 PT [2022/07/22 20:29:25 ET]
Table 'Telesto' 9-max Seat #6 is the button
Seat 1: geoKG ($9.04 in chips) 
Seat 2: mumisber ($5.07 in chips) 
Seat 3: GDIMITROV11 ($11.43 in chips) 
Seat 4: AGVsmarT ($3.93 in chips) 
Seat 5: bucerias16 ($5.81 in chips) 
Seat 6: acegy ($6.12 in chips) 
Seat 7: Dorex2007 ($5.14 in chips) 
Seat 9: PHebi7 ($5.30 in chips) 
Dorex2007: posts small blind $0.02
PHebi7: posts big blind $0.05
*** HOLE CARDS ***
Dealt to Dorex2007 [6d 2d]
geoKG: folds 
mumisber: folds 
GDIMITROV11: folds 
AGVsmarT: folds 
bucerias16: folds 
acegy: folds 
Dorex2007: folds 
Uncalled bet ($0.03) returned to PHebi7
PHebi7 collected $0.04 from pot
*** SUMMARY ***
Total pot $0.04 | Rake $0 
Seat 1: geoKG folded before Flop (didn't bet)
Seat 2: mumisber folded before Flop (didn't bet)
Seat 3: GDIMITROV11 folded before Flop (didn't bet)
Seat 4: AGVsmarT folded before Flop (didn't bet)
Seat 5: bucerias16 folded before Flop (didn't bet)
Seat 6: acegy (button) folded before Flop (didn't bet)
Seat 7: Dorex2007 (small blind) folded before Flop
Seat 9: PHebi7 (big blind) collected ($0.04)



PokerStars Hand #237524908743:  Hold'em No Limit ($0.02/$0.05 USD) - 2022/07/22 17:29:41 PT [2022/07/22 20:29:41 ET]
Table 'Telesto' 9-max Seat #7 is the button
Seat 1: geoKG ($9.04 in chips) 
Seat 2: mumisber ($5.07 in chips) 
Seat 3: GDIMITROV11 ($11.43 in chips) 
Seat 4: AGVsmarT ($3.93 in chips) 
Seat 5: bucerias16 ($5.81 in chips) 
Seat 6: acegy ($6.12 in chips) 
Seat 7: Dorex2007 ($5.12 in chips) 
Seat 9: PHebi7 ($5.32 in chips) 
PHebi7: posts small blind $0.02
geoKG: posts big blind $0.05
*** HOLE CARDS ***
Dealt to Dorex2007 [Th 2s]
mumisber: folds 
DinoFromGh joins the table at seat #8 
GDIMITROV11: folds 
AGVsmarT: calls $0.05
bucerias16: folds 
acegy: calls $0.05
Dorex2007: folds 
PHebi7: folds 
geoKG: checks 
*** FLOP *** [5c Ad Jh]
geoKG: checks 
AGVsmarT: bets $0.16
acegy: calls $0.16
geoKG: folds 
*** TURN *** [5c Ad Jh] [Kd]
AGVsmarT: bets $0.15
acegy: calls $0.15
*** RIVER *** [5c Ad Jh Kd] [3d]
AGVsmarT: bets $0.38
acegy: folds 
Uncalled bet ($0.38) returned to AGVsmarT
AGVsmarT collected $0.76 from pot
*** SUMMARY ***
Total pot $0.79 | Rake $0.03 
Board [5c Ad Jh Kd 3d]
Seat 1: geoKG (big blind) folded on the Flop
Seat 2: mumisber folded before Flop (didn't bet)
Seat 3: GDIMITROV11 folded before Flop (didn't bet)
Seat 4: AGVsmarT collected ($0.76)
Seat 5: bucerias16 folded before Flop (didn't bet)
Seat 6: acegy folded on the River
Seat 7: Dorex2007 (button) folded before Flop (didn't bet)
Seat 9: PHebi7 (small blind) folded before Flop



PokerStars Hand #237524919522:  Hold'em No Limit ($0.02/$0.05 USD) - 2022/07/22 17:30:26 PT [2022/07/22 20:30:26 ET]
Table 'Telesto' 9-max Seat #9 is the button
Seat 1: geoKG ($8.99 in chips) 
Seat 2: mumisber ($5.07 in chips) 
Seat 3: GDIMITROV11 ($11.43 in chips) 
Seat 4: AGVsmarT ($4.33 in chips) 
Seat 5: bucerias16 ($5.81 in chips) 
Seat 6: acegy ($5.76 in chips) 
Seat 7: Dorex2007 ($5.12 in chips) 
Seat 8: DinoFromGh ($2.58 in chips) 
Seat 9: PHebi7 ($5.30 in chips) 
geoKG: posts small blind $0.02
mumisber: posts big blind $0.05
DinoFromGh: posts big blind $0.05
*** HOLE CARDS ***
Dealt to Dorex2007 [8d 6c]
GDIMITROV11: folds 
AGVsmarT: calls $0.05
bucerias16: folds 
acegy: calls $0.05
Dorex2007: folds 
DinoFromGh: checks 
PHebi7: folds 
geoKG: folds 
mumisber: checks 
*** FLOP *** [Js 4c Kh]
mumisber: checks 
AGVsmarT: bets $0.10
acegy: folds 
DinoFromGh: folds 
mumisber: folds 
Uncalled bet ($0.10) returned to AGVsmarT
AGVsmarT collected $0.21 from pot
*** SUMMARY ***
Total pot $0.22 | Rake $0.01 
Board [Js 4c Kh]
Seat 1: geoKG (small blind) folded before Flop
Seat 2: mumisber (big blind) folded on the Flop
Seat 3: GDIMITROV11 folded before Flop (didn't bet)
Seat 4: AGVsmarT collected ($0.21)
Seat 5: bucerias16 folded before Flop (didn't bet)
Seat 6: acegy folded on the Flop
Seat 7: Dorex2007 folded before Flop (didn't bet)
Seat 8: DinoFromGh folded on the Flop (didn't bet)
Seat 9: PHebi7 (button) folded before Flop (didn't bet)



PokerStars Hand #237524927745:  Hold'em No Limit ($0.02/$0.05 USD) - 2022/07/22 17:31:00 PT [2022/07/22 20:31:00 ET]
Table 'Telesto' 9-max Seat #1 is the button
Seat 1: geoKG ($8.97 in chips) 
Seat 2: mumisber ($5.02 in chips) 
Seat 3: GDIMITROV11 ($11.43 in chips) 
Seat 4: AGVsmarT ($4.49 in chips) 
Seat 5: bucerias16 ($5.81 in chips) 
Seat 6: acegy ($5.71 in chips) 
Seat 7: Dorex2007 ($5.12 in chips) 
Seat 8: DinoFromGh ($2.53 in chips) 
Seat 9: PHebi7 ($5.30 in chips) 
mumisber: posts small blind $0.02
GDIMITROV11: posts big blind $0.05
*** HOLE CARDS ***
Dealt to Dorex2007 [Qs 5d]
AGVsmarT: folds 
bucerias16: folds 
acegy: folds 
Dorex2007: folds 
DinoFromGh has timed out
DinoFromGh: folds 
PHebi7: folds 
geoKG: folds 
mumisber: folds 
Uncalled bet ($0.03) returned to GDIMITROV11
GDIMITROV11 collected $0.04 from pot
*** SUMMARY ***
Total pot $0.04 | Rake $0 
Seat 1: geoKG (button) folded before Flop (didn't bet)
Seat 2: mumisber (small blind) folded before Flop
Seat 3: GDIMITROV11 (big blind) collected ($0.04)
Seat 4: AGVsmarT folded before Flop (didn't bet)
Seat 5: bucerias16 folded before Flop (didn't bet)
Seat 6: acegy folded before Flop (didn't bet)
Seat 7: Dorex2007 folded before Flop (didn't bet)
Seat 8: DinoFromGh folded before Flop (didn't bet)
Seat 9: PHebi7 folded before Flop (didn't bet)



PokerStars Hand #237524934030:  Hold'em No Limit ($0.02/$0.05 USD) - 2022/07/22 17:31:27 PT [2022/07/22 20:31:27 ET]
Table 'Telesto' 9-max Seat #2 is the button
Seat 1: geoKG ($8.97 in chips) 
Seat 2: mumisber ($5 in chips) 
Seat 3: GDIMITROV11 ($11.45 in chips) 
Seat 4: AGVsmarT ($4.49 in chips) 
Seat 5: bucerias16 ($5.81 in chips) 
Seat 6: acegy ($5.71 in chips) 
Seat 7: Dorex2007 ($5.12 in chips) 
Seat 9: PHebi7 ($5.30 in chips) 
GDIMITROV11: posts small blind $0.02
AGVsmarT: posts big blind $0.05
*** HOLE CARDS ***
Dealt to Dorex2007 [7s 6s]
bucerias16: folds 
acegy: folds 
Dorex2007: calls $0.05
PHebi7: folds 
geoKG: folds 
mumisber: folds 
GDIMITROV11: folds 
AGVsmarT: checks 
*** FLOP *** [9h 2c Qs]
AGVsmarT: bets $0.05
Dorex2007: folds 
Uncalled bet ($0.05) returned to AGVsmarT
AGVsmarT collected $0.12 from pot
*** SUMMARY ***
Total pot $0.12 | Rake $0 
Board [9h 2c Qs]
Seat 1: geoKG folded before Flop (didn't bet)
Seat 2: mumisber (button) folded before Flop (didn't bet)
Seat 3: GDIMITROV11 (small blind) folded before Flop
Seat 4: AGVsmarT (big blind) collected ($0.12)
Seat 5: bucerias16 folded before Flop (didn't bet)
Seat 6: acegy folded before Flop (didn't bet)
Seat 7: Dorex2007 folded on the Flop
Seat 9: PHebi7 folded before Flop (didn't bet)



PokerStars Hand #237524940618:  Hold'em No Limit ($0.02/$0.05 USD) - 2022/07/22 17:31:55 PT [2022/07/22 20:31:55 ET]
Table 'Telesto' 9-max Seat #3 is the button
Seat 1: geoKG ($8.97 in chips) 
Seat 2: mumisber ($5 in chips) 
Seat 3: GDIMITROV11 ($11.43 in chips) 
Seat 4: AGVsmarT ($4.56 in chips) 
Seat 5: bucerias16 ($5.81 in chips) 
Seat 6: acegy ($5.71 in chips) 
Seat 7: Dorex2007 ($5.07 in chips) 
Seat 8: DinoFromGh ($2.53 in chips) 
Seat 9: PHebi7 ($5.30 in chips) 
AGVsmarT: posts small blind $0.02
bucerias16: posts big blind $0.05
*** HOLE CARDS ***
Dealt to Dorex2007 [3s Th]
acegy: folds 
Dorex2007 has timed out
Dorex2007: folds 
DinoFromGh: calls $0.05
PHebi7: folds 
geoKG: folds 
mumisber: folds 
GDIMITROV11: raises $0.17 to $0.22
AGVsmarT: folds 
bucerias16: folds 
DinoFromGh: folds 
Uncalled bet ($0.17) returned to GDIMITROV11
GDIMITROV11 collected $0.17 from pot
*** SUMMARY ***
Total pot $0.17 | Rake $0 
Seat 1: geoKG folded before Flop (didn't bet)
Seat 2: mumisber folded before Flop (didn't bet)
Seat 3: GDIMITROV11 (button) collected ($0.17)
Seat 4: AGVsmarT (small blind) folded before Flop
Seat 5: bucerias16 (big blind) folded before Flop
Seat 6: acegy folded before Flop (didn't bet)
Seat 7: Dorex2007 folded before Flop (didn't bet)
Seat 8: DinoFromGh folded before Flop
Seat 9: PHebi7 folded before Flop (didn't bet)



PokerStars Hand #237524947458:  Hold'em No Limit ($0.02/$0.05 USD) - 2022/07/22 17:32:24 PT [2022/07/22 20:32:24 ET]
Table 'Telesto' 9-max Seat #4 is the button
Seat 1: geoKG ($8.97 in chips) 
Seat 2: mumisber ($5 in chips) 
Seat 3: GDIMITROV11 ($11.55 in chips) 
Seat 4: AGVsmarT ($4.54 in chips) 
Seat 5: bucerias16 ($5.76 in chips) 
Seat 6: acegy ($5.71 in chips) 
Seat 7: Dorex2007 ($5.07 in chips) 
Seat 8: DinoFromGh ($2.48 in chips) 
Seat 9: PHebi7 ($5.30 in chips) 
bucerias16: posts small blind $0.02
acegy: posts big blind $0.05
*** HOLE CARDS ***
Dealt to Dorex2007 [5c 3h]
Dorex2007: folds 
DinoFromGh: calls $0.05
PHebi7: folds 
geoKG: folds 
mumisber has timed out
mumisber: folds 
GDIMITROV11 has timed out
GDIMITROV11: folds 
AGVsmarT: calls $0.05
bucerias16: folds 
acegy: checks 
*** FLOP *** [7c 4c 5s]
acegy: bets $0.15
DinoFromGh: folds 
AGVsmarT: calls $0.15
*** TURN *** [7c 4c 5s] [5d]
acegy: checks 
AGVsmarT: checks 
*** RIVER *** [7c 4c 5s 5d] [3c]
acegy: checks 
AGVsmarT: bets $0.50
acegy: folds 
Uncalled bet ($0.50) returned to AGVsmarT
AGVsmarT collected $0.45 from pot
*** SUMMARY ***
Total pot $0.47 | Rake $0.02 
Board [7c 4c 5s 5d 3c]
Seat 1: geoKG folded before Flop (didn't bet)
Seat 2: mumisber folded before Flop (didn't bet)
Seat 3: GDIMITROV11 folded before Flop (didn't bet)
Seat 4: AGVsmarT (button) collected ($0.45)
Seat 5: bucerias16 (small blind) folded before Flop
Seat 6: acegy (big blind) folded on the River
Seat 7: Dorex2007 folded before Flop (didn't bet)
Seat 8: DinoFromGh folded on the Flop
Seat 9: PHebi7 folded before Flop (didn't bet)



PokerStars Hand #237524966135:  Hold'em No Limit ($0.02/$0.05 USD) - 2022/07/22 17:33:43 PT [2022/07/22 20:33:43 ET]
Table 'Telesto' 9-max Seat #5 is the button
Seat 1: geoKG ($8.97 in chips) 
Seat 2: mumisber ($5 in chips) 
Seat 3: GDIMITROV11 ($11.55 in chips) 
Seat 4: AGVsmarT ($4.79 in chips) 
Seat 5: bucerias16 ($5.74 in chips) 
Seat 6: acegy ($5.51 in chips) 
Seat 7: Dorex2007 ($5.07 in chips) 
Seat 8: DinoFromGh ($2.43 in chips) 
Seat 9: PHebi7 ($5.30 in chips) 
acegy: posts small blind $0.02
Dorex2007: posts big blind $0.05
*** HOLE CARDS ***
Dealt to Dorex2007 [6s Ks]
DinoFromGh: calls $0.05
PHebi7: folds 
geoKG: folds 
mumisber: folds 
GDIMITROV11: folds 
AGVsmarT: folds 
bucerias16: folds 
acegy: raises $0.50 to $0.55
Dorex2007: folds 
DinoFromGh: folds 
Uncalled bet ($0.50) returned to acegy
acegy collected $0.15 from pot
*** SUMMARY ***
Total pot $0.15 | Rake $0 
Seat 1: geoKG folded before Flop (didn't bet)
Seat 2: mumisber folded before Flop (didn't bet)
Seat 3: GDIMITROV11 folded before Flop (didn't bet)
Seat 4: AGVsmarT folded before Flop (didn't bet)
Seat 5: bucerias16 (button) folded before Flop (didn't bet)
Seat 6: acegy (small blind) collected ($0.15)
Seat 7: Dorex2007 (big blind) folded before Flop
Seat 8: DinoFromGh folded before Flop
Seat 9: PHebi7 folded before Flop (didn't bet)



PokerStars Hand #237524970855:  Hold'em No Limit ($0.02/$0.05 USD) - 2022/07/22 17:34:03 PT [2022/07/22 20:34:03 ET]
Table 'Telesto' 9-max Seat #6 is the button
Seat 1: geoKG ($8.97 in chips) 
Seat 2: mumisber ($5 in chips) 
Seat 3: GDIMITROV11 ($11.55 in chips) 
Seat 4: AGVsmarT ($4.79 in chips) 
Seat 5: bucerias16 ($5.74 in chips) 
Seat 6: acegy ($5.61 in chips) 
Seat 7: Dorex2007 ($5.02 in chips) 
Seat 8: DinoFromGh ($2.38 in chips) 
Seat 9: PHebi7 ($5.30 in chips) 
Dorex2007: posts small blind $0.02
DinoFromGh: posts big blind $0.05
*** HOLE CARDS ***
Dealt to Dorex2007 [5d Ah]
PHebi7: folds 
geoKG: folds 
mumisber: folds 
GDIMITROV11: folds 
AGVsmarT: folds 
bucerias16: raises $0.10 to $0.15
acegy: calls $0.15
Dorex2007: folds 
DinoFromGh: calls $0.10
*** FLOP *** [Qd 4d 9h]
DinoFromGh: bets $0.22
bucerias16: folds 
acegy: folds 
Uncalled bet ($0.22) returned to DinoFromGh
DinoFromGh collected $0.45 from pot
*** SUMMARY ***
Total pot $0.47 | Rake $0.02 
Board [Qd 4d 9h]
Seat 1: geoKG folded before Flop (didn't bet)
Seat 2: mumisber folded before Flop (didn't bet)
Seat 3: GDIMITROV11 folded before Flop (didn't bet)
Seat 4: AGVsmarT folded before Flop (didn't bet)
Seat 5: bucerias16 folded on the Flop
Seat 6: acegy (button) folded on the Flop
Seat 7: Dorex2007 (small blind) folded before Flop
Seat 8: DinoFromGh (big blind) collected ($0.45)
Seat 9: PHebi7 folded before Flop (didn't bet)



PokerStars Hand #237524979172:  Hold'em No Limit ($0.02/$0.05 USD) - 2022/07/22 17:34:39 PT [2022/07/22 20:34:39 ET]
Table 'Telesto' 9-max Seat #7 is the button
Seat 2: mumisber ($5 in chips) 
Seat 3: GDIMITROV11 ($11.55 in chips) 
Seat 4: AGVsmarT ($4.79 in chips) 
Seat 5: bucerias16 ($5.59 in chips) 
Seat 6: acegy ($5.46 in chips) 
Seat 7: Dorex2007 ($5 in chips) 
Seat 8: DinoFromGh ($2.68 in chips) 
Seat 9: PHebi7 ($5.30 in chips) 
DinoFromGh: posts small blind $0.02
PHebi7: posts big blind $0.05
*** HOLE CARDS ***
Dealt to Dorex2007 [7d 5c]
mumisber: folds 
GDIMITROV11: folds 
AGVsmarT: folds 
bucerias16: folds 
acegy: folds 
Dorex2007: folds 
DinoFromGh: calls $0.03
PHebi7: checks 
*** FLOP *** [8s 4c 8d]
DinoFromGh: bets $0.05
PHebi7: calls $0.05
*** TURN *** [8s 4c 8d] [5s]
DinoFromGh: bets $0.10
PHebi7: folds 
Uncalled bet ($0.10) returned to DinoFromGh
DinoFromGh collected $0.19 from pot
*** SUMMARY ***
Total pot $0.20 | Rake $0.01 
Board [8s 4c 8d 5s]
Seat 2: mumisber folded before Flop (didn't bet)
Seat 3: GDIMITROV11 folded before Flop (didn't bet)
Seat 4: AGVsmarT folded before Flop (didn't bet)
Seat 5: bucerias16 folded before Flop (didn't bet)
Seat 6: acegy folded before Flop (didn't bet)
Seat 7: Dorex2007 (button) folded before Flop (didn't bet)
Seat 8: DinoFromGh (small blind) collected ($0.19)
Seat 9: PHebi7 (big blind) folded on the Turn



PokerStars Hand #237524986794:  Hold'em No Limit ($0.02/$0.05 USD) - 2022/07/22 17:35:11 PT [2022/07/22 20:35:11 ET]
Table 'Telesto' 9-max Seat #8 is the button
Seat 2: mumisber ($5 in chips) 
Seat 3: GDIMITROV11 ($11.55 in chips) 
Seat 4: AGVsmarT ($4.79 in chips) 
Seat 5: bucerias16 ($5.59 in chips) 
Seat 6: acegy ($5.46 in chips) 
Seat 7: Dorex2007 ($5 in chips) 
Seat 8: DinoFromGh ($2.77 in chips) 
Seat 9: PHebi7 ($5.20 in chips) 
PHebi7: posts small blind $0.02
mumisber: posts big blind $0.05
*** HOLE CARDS ***
Dealt to Dorex2007 [5c 6d]
GDIMITROV11: folds 
AGVsmarT: folds 
bucerias16: folds 
acegy: raises $0.05 to $0.10
Dorex2007: folds 
DinoFromGh: calls $0.10
PHebi7: folds 
mumisber: folds 
*** FLOP *** [Tc 3h 5s]
acegy: bets $0.15
DinoFromGh: calls $0.15
*** TURN *** [Tc 3h 5s] [9c]
acegy: bets $0.20
DinoFromGh: calls $0.20
*** RIVER *** [Tc 3h 5s 9c] [6s]
acegy: checks 
DinoFromGh: bets $0.93
acegy: calls $0.93
*** SHOW DOWN ***
DinoFromGh: shows [Kh Td] (a pair of Tens)
acegy: shows [Th Ad] (a pair of Tens - Ace kicker)
acegy collected $2.68 from pot
*** SUMMARY ***
Total pot $2.83 | Rake $0.15 
Board [Tc 3h 5s 9c 6s]
Seat 2: mumisber (big blind) folded before Flop
Seat 3: GDIMITROV11 folded before Flop (didn't bet)
Seat 4: AGVsmarT folded before Flop (didn't bet)
Seat 5: bucerias16 folded before Flop (didn't bet)
Seat 6: acegy showed [Th Ad] and won ($2.68) with a pair of Tens
Seat 7: Dorex2007 folded before Flop (didn't bet)
Seat 8: DinoFromGh (button) showed [Kh Td] and lost with a pair of Tens
Seat 9: PHebi7 (small blind) folded before Flop



PokerStars Hand #237524994598:  Hold'em No Limit ($0.02/$0.05 USD) - 2022/07/22 17:35:44 PT [2022/07/22 20:35:44 ET]
Table 'Telesto' 9-max Seat #9 is the button
Seat 2: mumisber ($4.95 in chips) 
Seat 3: GDIMITROV11 ($11.55 in chips) 
Seat 4: AGVsmarT ($4.79 in chips) 
Seat 5: bucerias16 ($5.59 in chips) 
Seat 6: acegy ($6.76 in chips) 
Seat 7: Dorex2007 ($5 in chips) 
Seat 8: DinoFromGh ($1.39 in chips) 
Seat 9: PHebi7 ($5.18 in chips) 
mumisber: posts small blind $0.02
GDIMITROV11: posts big blind $0.05
*** HOLE CARDS ***
Dealt to Dorex2007 [Tc 6d]
AGVsmarT: folds 
bucerias16: folds 
acegy: folds 
Dorex2007: folds 
DinoFromGh: calls $0.05
PHebi7: folds 
mumisber: folds 
GDIMITROV11: raises $0.12 to $0.17
DinoFromGh: calls $0.12
*** FLOP *** [7d 8c As]
GDIMITROV11: bets $0.20
DinoFromGh: folds 
Uncalled bet ($0.20) returned to GDIMITROV11
GDIMITROV11 collected $0.35 from pot
*** SUMMARY ***
Total pot $0.36 | Rake $0.01 
Board [7d 8c As]
Seat 2: mumisber (small blind) folded before Flop
Seat 3: GDIMITROV11 (big blind) collected ($0.35)
Seat 4: AGVsmarT folded before Flop (didn't bet)
Seat 5: bucerias16 folded before Flop (didn't bet)
Seat 6: acegy folded before Flop (didn't bet)
Seat 7: Dorex2007 folded before Flop (didn't bet)
Seat 8: DinoFromGh folded on the Flop
Seat 9: PHebi7 (button) folded before Flop (didn't bet)



PokerStars Hand #237525002522:  Hold'em No Limit ($0.02/$0.05 USD) - 2022/07/22 17:36:18 PT [2022/07/22 20:36:18 ET]
Table 'Telesto' 9-max Seat #2 is the button
Seat 2: mumisber ($4.93 in chips) 
Seat 3: GDIMITROV11 ($11.73 in chips) 
Seat 4: AGVsmarT ($4.79 in chips) 
Seat 5: bucerias16 ($5.59 in chips) 
Seat 6: acegy ($6.76 in chips) 
Seat 7: Dorex2007 ($5 in chips) 
Seat 8: DinoFromGh ($1.22 in chips) 
Seat 9: PHebi7 ($5.18 in chips) 
GDIMITROV11: posts small blind $0.02
AGVsmarT: posts big blind $0.05
*** HOLE CARDS ***
Dealt to Dorex2007 [Th 9c]
bucerias16: folds 
acegy: calls $0.05
Dorex2007: folds 
DinoFromGh: calls $0.05
PHebi7: folds 
mumisber: folds 
GDIMITROV11: folds 
AGVsmarT: checks 
*** FLOP *** [8c 2c 5s]
AGVsmarT: checks 
acegy: checks 
DinoFromGh: bets $0.08
AGVsmarT: folds 
acegy: folds 
Uncalled bet ($0.08) returned to DinoFromGh
DinoFromGh collected $0.16 from pot
*** SUMMARY ***
Total pot $0.17 | Rake $0.01 
Board [8c 2c 5s]
Seat 2: mumisber (button) folded before Flop (didn't bet)
Seat 3: GDIMITROV11 (small blind) folded before Flop
Seat 4: AGVsmarT (big blind) folded on the Flop
Seat 5: bucerias16 folded before Flop (didn't bet)
Seat 6: acegy folded on the Flop
Seat 7: Dorex2007 folded before Flop (didn't bet)
Seat 8: DinoFromGh collected ($0.16)
Seat 9: PHebi7 folded before Flop (didn't bet)



PokerStars Hand #237525009989:  Hold'em No Limit ($0.02/$0.05 USD) - 2022/07/22 17:36:50 PT [2022/07/22 20:36:50 ET]
Table 'Telesto' 9-max Seat #3 is the button
Seat 2: mumisber ($4.93 in chips) 
Seat 3: GDIMITROV11 ($11.71 in chips) 
Seat 4: AGVsmarT ($4.74 in chips) 
Seat 5: bucerias16 ($5.59 in chips) 
Seat 6: acegy ($6.71 in chips) 
Seat 7: Dorex2007 ($5 in chips) 
Seat 8: DinoFromGh ($1.33 in chips) 
Seat 9: PHebi7 ($5.18 in chips) 
AGVsmarT: posts small blind $0.02
bucerias16: posts big blind $0.05
*** HOLE CARDS ***
Dealt to Dorex2007 [Js 9c]
acegy: folds 
Dorex2007: folds 
DinoFromGh: calls $0.05
PHebi7: folds 
mumisber: folds 
GDIMITROV11: folds 
AGVsmarT: folds 
bucerias16: checks 
*** FLOP *** [6c Ts Jd]
bucerias16: checks 
DinoFromGh: checks 
*** TURN *** [6c Ts Jd] [Qc]
bucerias16: bets $0.05
DinoFromGh: calls $0.05
*** RIVER *** [6c Ts Jd Qc] [Jc]
bucerias16: bets $0.05
DinoFromGh: calls $0.05
*** SHOW DOWN ***
bucerias16: shows [8d Qs] (two pair, Queens and Jacks)
DinoFromGh: mucks hand 
bucerias16 collected $0.31 from pot
*** SUMMARY ***
Total pot $0.32 | Rake $0.01 
Board [6c Ts Jd Qc Jc]
Seat 2: mumisber folded before Flop (didn't bet)
Seat 3: GDIMITROV11 (button) folded before Flop (didn't bet)
Seat 4: AGVsmarT (small blind) folded before Flop
Seat 5: bucerias16 (big blind) showed [8d Qs] and won ($0.31) with two pair, Queens and Jacks
Seat 6: acegy folded before Flop (didn't bet)
Seat 7: Dorex2007 folded before Flop (didn't bet)
Seat 8: DinoFromGh mucked [4h 8s]
Seat 9: PHebi7 folded before Flop (didn't bet)



PokerStars Hand #237525017930:  Hold'em No Limit ($0.02/$0.05 USD) - 2022/07/22 17:37:25 PT [2022/07/22 20:37:25 ET]
Table 'Telesto' 9-max Seat #4 is the button
Seat 2: mumisber ($4.93 in chips) 
Seat 3: GDIMITROV11 ($11.71 in chips) 
Seat 4: AGVsmarT ($4.72 in chips) 
Seat 5: bucerias16 ($5.75 in chips) 
Seat 6: acegy ($6.71 in chips) 
Seat 7: Dorex2007 ($5 in chips) 
Seat 8: DinoFromGh ($1.18 in chips) 
Seat 9: PHebi7 ($5.18 in chips) 
bucerias16: posts small blind $0.02
acegy: posts big blind $0.05
*** HOLE CARDS ***
Dealt to Dorex2007 [Ts Qh]
Dorex2007: calls $0.05
DinoFromGh: calls $0.05
PHebi7: folds 
mumisber: folds 
GDIMITROV11: folds 
AGVsmarT: calls $0.05
bucerias16: calls $0.03
acegy: checks 
*** FLOP *** [2d 5s Jc]
bucerias16: checks 
acegy: checks 
Dorex2007: checks 
DinoFromGh: checks 
AGVsmarT: checks 
*** TURN *** [2d 5s Jc] [6s]
bucerias16: checks 
acegy: checks 
Dorex2007: checks 
DinoFromGh: bets $0.12
AGVsmarT: folds 
bucerias16: folds 
acegy: folds 
Dorex2007: folds 
Uncalled bet ($0.12) returned to DinoFromGh
DinoFromGh collected $0.24 from pot
*** SUMMARY ***
Total pot $0.25 | Rake $0.01 
Board [2d 5s Jc 6s]
Seat 2: mumisber folded before Flop (didn't bet)
Seat 3: GDIMITROV11 folded before Flop (didn't bet)
Seat 4: AGVsmarT (button) folded on the Turn
Seat 5: bucerias16 (small blind) folded on the Turn
Seat 6: acegy (big blind) folded on the Turn
Seat 7: Dorex2007 folded on the Turn
Seat 8: DinoFromGh collected ($0.24)
Seat 9: PHebi7 folded before Flop (didn't bet)



PokerStars Hand #237525034012:  Hold'em No Limit ($0.02/$0.05 USD) - 2022/07/22 17:38:35 PT [2022/07/22 20:38:35 ET]
Table 'Telesto' 9-max Seat #5 is the button
Seat 2: mumisber ($4.93 in chips) 
Seat 3: GDIMITROV11 ($11.71 in chips) 
Seat 4: AGVsmarT ($4.67 in chips) 
Seat 5: bucerias16 ($5.70 in chips) 
Seat 6: acegy ($6.66 in chips) 
Seat 7: Dorex2007 ($5 in chips) 
Seat 8: DinoFromGh ($1.37 in chips) 
Seat 9: PHebi7 ($5.18 in chips) 
acegy: posts small blind $0.02
Dorex2007: posts big blind $0.05
*** HOLE CARDS ***
Dealt to Dorex2007 [3h 8c]
DinoFromGh: raises $0.05 to $0.10
PHebi7: folds 
mumisber: folds 
GDIMITROV11: raises $0.27 to $0.37
AGVsmarT: folds 
bucerias16: calls $0.37
acegy: folds 
Dorex2007: folds 
DinoFromGh: calls $0.27
*** FLOP *** [Qc Kh As]
DinoFromGh: bets $1 and is all-in
GDIMITROV11: calls $1
bucerias16: folds 
*** TURN *** [Qc Kh As] [5h]
*** RIVER *** [Qc Kh As 5h] [Js]
*** SHOW DOWN ***
DinoFromGh: shows [Ks 4d] (a pair of Kings)
GDIMITROV11: shows [Jd Ac] (two pair, Aces and Jacks)
GDIMITROV11 collected $3.05 from pot
*** SUMMARY ***
Total pot $3.18 | Rake $0.13 
Board [Qc Kh As 5h Js]
Seat 2: mumisber folded before Flop (didn't bet)
Seat 3: GDIMITROV11 showed [Jd Ac] and won ($3.05) with two pair, Aces and Jacks
Seat 4: AGVsmarT folded before Flop (didn't bet)
Seat 5: bucerias16 (button) folded on the Flop
Seat 6: acegy (small blind) folded before Flop
Seat 7: Dorex2007 (big blind) folded before Flop
Seat 8: DinoFromGh showed [Ks 4d] and lost with a pair of Kings
Seat 9: PHebi7 folded before Flop (didn't bet)



PokerStars Hand #237525055094:  Hold'em No Limit ($0.02/$0.05 USD) - 2022/07/22 17:39:23 PT [2022/07/22 20:39:23 ET]
Table 'Telesto' 9-max Seat #6 is the button
Seat 2: mumisber ($4.93 in chips) 
Seat 3: GDIMITROV11 ($13.39 in chips) 
Seat 4: AGVsmarT ($4.67 in chips) 
Seat 5: bucerias16 ($5.33 in chips) 
Seat 6: acegy ($6.64 in chips) 
Seat 7: Dorex2007 ($5 in chips) 
Seat 9: PHebi7 ($5.18 in chips) 
Dorex2007: posts small blind $0.02
PHebi7: posts big blind $0.05
*** HOLE CARDS ***
Dealt to Dorex2007 [6s 8c]
mumisber: folds 
DinoFromGh is disconnected 
GDIMITROV11: folds 
AGVsmarT: folds 
bucerias16: folds 
acegy: folds 
Dorex2007: folds 
Uncalled bet ($0.03) returned to PHebi7
PHebi7 collected $0.04 from pot
*** SUMMARY ***
Total pot $0.04 | Rake $0 
Seat 2: mumisber folded before Flop (didn't bet)
Seat 3: GDIMITROV11 folded before Flop (didn't bet)
Seat 4: AGVsmarT folded before Flop (didn't bet)
Seat 5: bucerias16 folded before Flop (didn't bet)
Seat 6: acegy (button) folded before Flop (didn't bet)
Seat 7: Dorex2007 (small blind) folded before Flop
Seat 9: PHebi7 (big blind) collected ($0.04)



PokerStars Hand #237525058176:  Hold'em No Limit ($0.02/$0.05 USD) - 2022/07/22 17:39:37 PT [2022/07/22 20:39:37 ET]
Table 'Telesto' 9-max Seat #7 is the button
Seat 2: mumisber ($4.93 in chips) 
Seat 3: GDIMITROV11 ($13.39 in chips) 
Seat 4: AGVsmarT ($4.67 in chips) 
Seat 5: bucerias16 ($5.33 in chips) 
Seat 6: acegy ($6.64 in chips) 
Seat 7: Dorex2007 ($5 in chips) 
Seat 9: PHebi7 ($5.20 in chips) 
PHebi7: posts small blind $0.02
mumisber: posts big blind $0.05
*** HOLE CARDS ***
Dealt to Dorex2007 [3c 9h]
GDIMITROV11: folds 
AGVsmarT: folds 
bucerias16: raises $0.10 to $0.15
acegy: folds 
Dorex2007: folds 
PHebi7: calls $0.13
mumisber: calls $0.10
*** FLOP *** [7h Jh 3s]
PHebi7: checks 
mumisber: checks 
bucerias16: bets $0.15
PHebi7: calls $0.15
mumisber: folds 
*** TURN *** [7h Jh 3s] [5c]
PHebi7: checks 
bucerias16: checks 
*** RIVER *** [7h Jh 3s 5c] [9c]
PHebi7: bets $0.14
bucerias16: folds 
Uncalled bet ($0.14) returned to PHebi7
PHebi7 collected $0.72 from pot
*** SUMMARY ***
Total pot $0.75 | Rake $0.03 
Board [7h Jh 3s 5c 9c]
Seat 2: mumisber (big blind) folded on the Flop
Seat 3: GDIMITROV11 folded before Flop (didn't bet)
Seat 4: AGVsmarT folded before Flop (didn't bet)
Seat 5: bucerias16 folded on the River
Seat 6: acegy folded before Flop (didn't bet)
Seat 7: Dorex2007 (button) folded before Flop (didn't bet)
Seat 9: PHebi7 (small blind) collected ($0.72)



PokerStars Hand #237525076370:  Hold'em No Limit ($0.02/$0.05 USD) - 2022/07/22 17:40:55 PT [2022/07/22 20:40:55 ET]
Table 'Telesto' 9-max Seat #9 is the button
Seat 2: mumisber ($4.78 in chips) 
Seat 3: GDIMITROV11 ($13.39 in chips) 
Seat 4: AGVsmarT ($4.67 in chips) 
Seat 5: bucerias16 ($5.03 in chips) 
Seat 6: acegy ($6.64 in chips) 
Seat 7: Dorex2007 ($5 in chips) 
Seat 9: PHebi7 ($5.62 in chips) 
mumisber: posts small blind $0.02
GDIMITROV11: posts big blind $0.05
*** HOLE CARDS ***
Dealt to Dorex2007 [2s 8s]
AGVsmarT: folds 
bucerias16: folds 
acegy: folds 
Dorex2007: folds 
PHebi7: folds 
mumisber: calls $0.03
GDIMITROV11: checks 
*** FLOP *** [2d 7s Kh]
mumisber: checks 
GDIMITROV11: checks 
*** TURN *** [2d 7s Kh] [2c]
mumisber: checks 
GDIMITROV11: checks 
*** RIVER *** [2d 7s Kh 2c] [Tc]
mumisber: checks 
GDIMITROV11: checks 
*** SHOW DOWN ***
mumisber: shows [4s As] (a pair of Deuces)
GDIMITROV11: mucks hand 
mumisber collected $0.10 from pot
*** SUMMARY ***
Total pot $0.10 | Rake $0 
Board [2d 7s Kh 2c Tc]
Seat 2: mumisber (small blind) showed [4s As] and won ($0.10) with a pair of Deuces
Seat 3: GDIMITROV11 (big blind) mucked [3s Jh]
Seat 4: AGVsmarT folded before Flop (didn't bet)
Seat 5: bucerias16 folded before Flop (didn't bet)
Seat 6: acegy folded before Flop (didn't bet)
Seat 7: Dorex2007 folded before Flop (didn't bet)
Seat 9: PHebi7 (button) folded before Flop (didn't bet)



PokerStars Hand #237525090058:  Hold'em No Limit ($0.02/$0.05 USD) - 2022/07/22 17:41:55 PT [2022/07/22 20:41:55 ET]
Table 'Telesto' 9-max Seat #2 is the button
Seat 2: mumisber ($4.83 in chips) 
Seat 3: GDIMITROV11 ($13.34 in chips) 
Seat 5: bucerias16 ($5.03 in chips) 
Seat 6: acegy ($6.64 in chips) 
Seat 7: Dorex2007 ($5 in chips) 
Seat 9: PHebi7 ($5.62 in chips) 
GDIMITROV11: posts small blind $0.02
AGVsmarT is disconnected 
AGVsmarT has timed out while disconnected
AGVsmarT: is sitting out 
bucerias16: posts big blind $0.05
*** HOLE CARDS ***
Dealt to Dorex2007 [Kd 5s]
acegy: folds 
Dorex2007: folds 
PHebi7: raises $0.11 to $0.16
mumisber: folds 
GDIMITROV11: calls $0.14
bucerias16: folds 
*** FLOP *** [7c 6c 7h]
GDIMITROV11: checks 
PHebi7: checks 
*** TURN *** [7c 6c 7h] [Ad]
GDIMITROV11: checks 
PHebi7: bets $0.14
GDIMITROV11: folds 
Uncalled bet ($0.14) returned to PHebi7
PHebi7 collected $0.35 from pot
*** SUMMARY ***
Total pot $0.37 | Rake $0.02 
Board [7c 6c 7h Ad]
Seat 2: mumisber (button) folded before Flop (didn't bet)
Seat 3: GDIMITROV11 (small blind) folded on the Turn
Seat 5: bucerias16 (big blind) folded before Flop
Seat 6: acegy folded before Flop (didn't bet)
Seat 7: Dorex2007 folded before Flop (didn't bet)
Seat 9: PHebi7 collected ($0.35)



PokerStars Hand #237525100549:  Hold'em No Limit ($0.02/$0.05 USD) - 2022/07/22 17:42:41 PT [2022/07/22 20:42:41 ET]
Table 'Telesto' 9-max Seat #3 is the button
Seat 2: mumisber ($4.83 in chips) 
Seat 3: GDIMITROV11 ($13.18 in chips) 
Seat 5: bucerias16 ($5 in chips) 
Seat 6: acegy ($6.64 in chips) 
Seat 7: Dorex2007 ($5 in chips) 
Seat 9: PHebi7 ($5.81 in chips) 
bucerias16: posts small blind $0.02
acegy: posts big blind $0.05
*** HOLE CARDS ***
Dealt to Dorex2007 [5c 7c]
Dorex2007: folds 
PHebi7: folds 
PHebi7 leaves the table
mumisber: raises $0.10 to $0.15
GDIMITROV11: folds 
bucerias16: folds 
acegy: folds 
Uncalled bet ($0.10) returned to mumisber
mumisber collected $0.12 from pot
*** SUMMARY ***
Total pot $0.12 | Rake $0 
Seat 2: mumisber collected ($0.12)
Seat 3: GDIMITROV11 (button) folded before Flop (didn't bet)
Seat 5: bucerias16 (small blind) folded before Flop
Seat 6: acegy (big blind) folded before Flop
Seat 7: Dorex2007 folded before Flop (didn't bet)
Seat 9: PHebi7 folded before Flop (didn't bet)



PokerStars Hand #237525104267:  Hold'em No Limit ($0.02/$0.05 USD) - 2022/07/22 17:42:57 PT [2022/07/22 20:42:57 ET]
Table 'Telesto' 9-max Seat #5 is the button
Seat 2: mumisber ($4.90 in chips) 
Seat 3: GDIMITROV11 ($13.18 in chips) 
Seat 5: bucerias16 ($5 in chips) 
Seat 6: acegy ($6.59 in chips) 
Seat 7: Dorex2007 ($5 in chips) 
acegy: posts small blind $0.02
Dorex2007: posts big blind $0.05
*** HOLE CARDS ***
Dealt to Dorex2007 [Qh 9c]
mumisber: folds 
GDIMITROV11: raises $0.15 to $0.20
bucerias16: folds 
acegy: folds 
Dorex2007: folds 
Uncalled bet ($0.15) returned to GDIMITROV11
GDIMITROV11 collected $0.12 from pot
*** SUMMARY ***
Total pot $0.12 | Rake $0 
Seat 2: mumisber folded before Flop (didn't bet)
Seat 3: GDIMITROV11 collected ($0.12)
Seat 5: bucerias16 (button) folded before Flop (didn't bet)
Seat 6: acegy (small blind) folded before Flop
Seat 7: Dorex2007 (big blind) folded before Flop



PokerStars Hand #237525107706:  Hold'em No Limit ($0.02/$0.05 USD) - 2022/07/22 17:43:12 PT [2022/07/22 20:43:12 ET]
Table 'Telesto' 9-max Seat #6 is the button
Seat 2: mumisber ($4.90 in chips) 
Seat 3: GDIMITROV11 ($13.25 in chips) 
Seat 5: bucerias16 ($5 in chips) 
Seat 6: acegy ($6.57 in chips) 
Seat 7: Dorex2007 ($5 in chips) 
Dorex2007: posts small blind $0.02
mumisber: posts big blind $0.05
*** HOLE CARDS ***
Dealt to Dorex2007 [Qc 8s]
GDIMITROV11: folds 
bucerias16: folds 
acegy: folds 
Dorex2007: folds 
Uncalled bet ($0.03) returned to mumisber
GeroGamer13 joins the table at seat #9 
mumisber collected $0.04 from pot
*** SUMMARY ***
Total pot $0.04 | Rake $0 
Seat 2: mumisber (big blind) collected ($0.04)
Seat 3: GDIMITROV11 folded before Flop (didn't bet)
Seat 5: bucerias16 folded before Flop (didn't bet)
Seat 6: acegy (button) folded before Flop (didn't bet)
Seat 7: Dorex2007 (small blind) folded before Flop



PokerStars Hand #237525112579:  Hold'em No Limit ($0.02/$0.05 USD) - 2022/07/22 17:43:33 PT [2022/07/22 20:43:33 ET]
Table 'Telesto' 9-max Seat #7 is the button
Seat 2: mumisber ($4.92 in chips) 
Seat 3: GDIMITROV11 ($13.25 in chips) 
Seat 5: bucerias16 ($5 in chips) 
Seat 6: acegy ($6.57 in chips) 
Seat 7: Dorex2007 ($5 in chips) 
mumisber: posts small blind $0.02
GDIMITROV11: posts big blind $0.05
*** HOLE CARDS ***
Dealt to Dorex2007 [4d 7s]
bucerias16: folds 
acegy: folds 
Dorex2007: folds 
mumisber: folds 
Uncalled bet ($0.03) returned to GDIMITROV11
GDIMITROV11 collected $0.04 from pot
*** SUMMARY ***
Total pot $0.04 | Rake $0 
Seat 2: mumisber (small blind) folded before Flop
Seat 3: GDIMITROV11 (big blind) collected ($0.04)
Seat 5: bucerias16 folded before Flop (didn't bet)
Seat 6: acegy folded before Flop (didn't bet)
Seat 7: Dorex2007 (button) folded before Flop (didn't bet)



PokerStars Hand #237525115100:  Hold'em No Limit ($0.02/$0.05 USD) - 2022/07/22 17:43:44 PT [2022/07/22 20:43:44 ET]
Table 'Telesto' 9-max Seat #2 is the button
Seat 2: mumisber ($4.90 in chips) 
Seat 3: GDIMITROV11 ($13.27 in chips) 
Seat 5: bucerias16 ($5 in chips) 
Seat 6: acegy ($6.57 in chips) 
Seat 7: Dorex2007 ($5 in chips) 
GDIMITROV11: posts small blind $0.02
bucerias16: posts big blind $0.05
GeroGamer13: sits out 
*** HOLE CARDS ***
Dealt to Dorex2007 [Ac Kc]
acegy: calls $0.05
Dorex2007: raises $0.05 to $0.10
mumisber: folds 
GDIMITROV11: folds 
bucerias16: calls $0.05
acegy: calls $0.05
*** FLOP *** [Ks 3c 3h]
bucerias16: checks 
acegy: checks 
Dorex2007: bets $0.15
bucerias16: folds 
acegy: calls $0.15
*** TURN *** [Ks 3c 3h] [Qs]
acegy: checks 
Dorex2007: bets $0.39
acegy: folds 
Uncalled bet ($0.39) returned to Dorex2007
Dorex2007 collected $0.59 from pot
*** SUMMARY ***
Total pot $0.62 | Rake $0.03 
Board [Ks 3c 3h Qs]
Seat 2: mumisber (button) folded before Flop (didn't bet)
Seat 3: GDIMITROV11 (small blind) folded before Flop
Seat 5: bucerias16 (big blind) folded on the Flop
Seat 6: acegy folded on the Turn
Seat 7: Dorex2007 collected ($0.59)



PokerStars Hand #237525124549:  Hold'em No Limit ($0.02/$0.05 USD) - 2022/07/22 17:44:26 PT [2022/07/22 20:44:26 ET]
Table 'Telesto' 9-max Seat #3 is the button
Seat 2: mumisber ($4.90 in chips) 
Seat 3: GDIMITROV11 ($13.25 in chips) 
Seat 5: bucerias16 ($5 in chips) 
Seat 6: acegy ($6.32 in chips) 
Seat 7: Dorex2007 ($5.34 in chips) 
bucerias16: posts small blind $0.02
acegy: posts big blind $0.05
GeroGamer13: sits out 
*** HOLE CARDS ***
Dealt to Dorex2007 [5h Td]
Dorex2007: folds 
mumisber: folds 
GDIMITROV11: raises $0.15 to $0.20
bucerias16: folds 
acegy: folds 
Uncalled bet ($0.15) returned to GDIMITROV11
GDIMITROV11 collected $0.12 from pot
*** SUMMARY ***
Total pot $0.12 | Rake $0 
Seat 2: mumisber folded before Flop (didn't bet)
Seat 3: GDIMITROV11 (button) collected ($0.12)
Seat 5: bucerias16 (small blind) folded before Flop
Seat 6: acegy (big blind) folded before Flop
Seat 7: Dorex2007 folded before Flop (didn't bet)



PokerStars Hand #237525129004:  Hold'em No Limit ($0.02/$0.05 USD) - 2022/07/22 17:44:46 PT [2022/07/22 20:44:46 ET]
Table 'Telesto' 9-max Seat #5 is the button
Seat 2: mumisber ($4.90 in chips) 
Seat 3: GDIMITROV11 ($13.32 in chips) 
Seat 5: bucerias16 ($5 in chips) 
Seat 7: Dorex2007 ($5.34 in chips) 
Seat 9: GeroGamer13 ($3 in chips) 
Dorex2007: posts small blind $0.02
GeroGamer13: posts big blind $0.05
*** HOLE CARDS ***
Dealt to Dorex2007 [8c Qc]
mumisber: folds 
GDIMITROV11: folds 
bucerias16: raises $0.10 to $0.15
Dorex2007: folds 
GeroGamer13: calls $0.10
*** FLOP *** [Ts 3h 3s]
GeroGamer13: checks 
bucerias16: bets $0.15
GeroGamer13: calls $0.15
*** TURN *** [Ts 3h 3s] [5d]
GeroGamer13: checks 
bucerias16: bets $0.25
GeroGamer13: folds 
Uncalled bet ($0.25) returned to bucerias16
bucerias16 collected $0.59 from pot
*** SUMMARY ***
Total pot $0.62 | Rake $0.03 
Board [Ts 3h 3s 5d]
Seat 2: mumisber folded before Flop (didn't bet)
Seat 3: GDIMITROV11 folded before Flop (didn't bet)
Seat 5: bucerias16 (button) collected ($0.59)
Seat 7: Dorex2007 (small blind) folded before Flop
Seat 9: GeroGamer13 (big blind) folded on the Turn



PokerStars Hand #237525148359:  Hold'em No Limit ($0.02/$0.05 USD) - 2022/07/22 17:45:40 PT [2022/07/22 20:45:40 ET]
Table 'Telesto' 9-max Seat #7 is the button
Seat 2: mumisber ($4.90 in chips) 
Seat 3: GDIMITROV11 ($13.32 in chips) 
Seat 5: bucerias16 ($5.29 in chips) 
Seat 7: Dorex2007 ($5.32 in chips) 
Seat 9: GeroGamer13 ($2.70 in chips) 
GeroGamer13: posts small blind $0.02
mumisber: posts big blind $0.05
AGVsmarT: sits out 
*** HOLE CARDS ***
Dealt to Dorex2007 [Ac Kc]
GDIMITROV11: folds 
bucerias16: folds 
Dorex2007: raises $0.10 to $0.15
GeroGamer13: folds 
mumisber: folds 
Uncalled bet ($0.10) returned to Dorex2007
Dorex2007 collected $0.12 from pot
geoKG leaves the table
*** SUMMARY ***
Total pot $0.12 | Rake $0 
Seat 2: mumisber (big blind) folded before Flop
Seat 3: GDIMITROV11 folded before Flop (didn't bet)
Seat 5: bucerias16 folded before Flop (didn't bet)
Seat 7: Dorex2007 (button) collected ($0.12)
Seat 9: GeroGamer13 (small blind) folded before Flop



PokerStars Hand #237525152169:  Hold'em No Limit ($0.02/$0.05 USD) - 2022/07/22 17:45:56 PT [2022/07/22 20:45:56 ET]
Table 'Telesto' 9-max Seat #9 is the button
Seat 2: mumisber ($4.85 in chips) 
Seat 3: GDIMITROV11 ($13.32 in chips) 
Seat 5: bucerias16 ($5.29 in chips) 
Seat 7: Dorex2007 ($5.39 in chips) 
Seat 9: GeroGamer13 ($2.68 in chips) 
mumisber: posts small blind $0.02
GDIMITROV11: posts big blind $0.05
AGVsmarT: sits out 
*** HOLE CARDS ***
Dealt to Dorex2007 [As Tc]
bucerias16: folds 
Dorex2007: calls $0.05
GeroGamer13: calls $0.05
mumisber: folds 
GDIMITROV11: checks 
*** FLOP *** [3h 9d 5s]
GDIMITROV11: checks 
Dorex2007: bets $0.16
GeroGamer13: folds 
GDIMITROV11: calls $0.16
*** TURN *** [3h 9d 5s] [5c]
GDIMITROV11: checks 
Dorex2007: bets $0.23
GDIMITROV11: folds [9s]
Uncalled bet ($0.23) returned to Dorex2007
Dorex2007 collected $0.47 from pot
*** SUMMARY ***
Total pot $0.49 | Rake $0.02 
Board [3h 9d 5s 5c]
Seat 2: mumisber (small blind) folded before Flop
Seat 3: GDIMITROV11 (big blind) folded on the Turn
Seat 5: bucerias16 folded before Flop (didn't bet)
Seat 7: Dorex2007 collected ($0.47)
Seat 9: GeroGamer13 (button) folded on the Flop



PokerStars Hand #237525162268:  Hold'em No Limit ($0.02/$0.05 USD) - 2022/07/22 17:46:40 PT [2022/07/22 20:46:40 ET]
Table 'Telesto' 9-max Seat #2 is the button
Seat 2: mumisber ($4.83 in chips) 
Seat 3: GDIMITROV11 ($13.11 in chips) 
Seat 4: AGVsmarT ($4.67 in chips) 
Seat 5: bucerias16 ($5.29 in chips) 
Seat 7: Dorex2007 ($5.65 in chips) 
Seat 9: GeroGamer13 ($2.63 in chips) 
GDIMITROV11: posts small blind $0.02
AGVsmarT: posts big blind $0.05
*** HOLE CARDS ***
Dealt to Dorex2007 [Tc 9h]
bucerias16: raises $0.10 to $0.15
Dorex2007: folds 
GeroGamer13: calls $0.15
mumisber: calls $0.15
GDIMITROV11: raises $0.70 to $0.85
AGVsmarT: folds 
bucerias16: folds 
GeroGamer13: calls $0.70
mumisber: folds 
*** FLOP *** [8h Ad Ts]
GDIMITROV11: bets $1.96
GeroGamer13: folds 
Uncalled bet ($1.96) returned to GDIMITROV11
GDIMITROV11 collected $1.96 from pot
*** SUMMARY ***
Total pot $2.05 | Rake $0.09 
Board [8h Ad Ts]
Seat 2: mumisber (button) folded before Flop
Seat 3: GDIMITROV11 (small blind) collected ($1.96)
Seat 4: AGVsmarT (big blind) folded before Flop
Seat 5: bucerias16 folded before Flop
Seat 7: Dorex2007 folded before Flop (didn't bet)
Seat 9: GeroGamer13 folded on the Flop



PokerStars Hand #237525185374:  Hold'em No Limit ($0.02/$0.05 USD) - 2022/07/22 17:47:38 PT [2022/07/22 20:47:38 ET]
Table 'Telesto' 9-max Seat #3 is the button
Seat 2: mumisber ($4.68 in chips) 
Seat 3: GDIMITROV11 ($14.22 in chips) 
Seat 4: AGVsmarT ($4.62 in chips) 
Seat 5: bucerias16 ($5.14 in chips) 
Seat 7: Dorex2007 ($5.65 in chips) 
Seat 9: GeroGamer13 ($1.78 in chips) 
AGVsmarT: posts small blind $0.02
bucerias16: posts big blind $0.05
*** HOLE CARDS ***
Dealt to Dorex2007 [2d 7s]
Dorex2007: folds 
GeroGamer13: calls $0.05
mumisber: folds 
GDIMITROV11: folds 
AGVsmarT: calls $0.03
bucerias16: checks 
*** FLOP *** [As 3d Th]
AGVsmarT: checks 
bucerias16: checks 
GeroGamer13: checks 
*** TURN *** [As 3d Th] [9d]
AGVsmarT: checks 
bucerias16: checks 
GeroGamer13: checks 
*** RIVER *** [As 3d Th 9d] [Ad]
AGVsmarT: checks 
bucerias16: checks 
GeroGamer13: checks 
*** SHOW DOWN ***
AGVsmarT: shows [2s Ks] (a pair of Aces)
bucerias16: mucks hand 
GeroGamer13: shows [5d Kh] (a pair of Aces)
AGVsmarT collected $0.07 from pot
GeroGamer13 collected $0.07 from pot
*** SUMMARY ***
Total pot $0.15 | Rake $0.01 
Board [As 3d Th 9d Ad]
Seat 2: mumisber folded before Flop (didn't bet)
Seat 3: GDIMITROV11 (button) folded before Flop (didn't bet)
Seat 4: AGVsmarT (small blind) showed [2s Ks] and won ($0.07) with a pair of Aces
Seat 5: bucerias16 (big blind) mucked [7h Qs]
Seat 7: Dorex2007 folded before Flop (didn't bet)
Seat 9: GeroGamer13 showed [5d Kh] and won ($0.07) with a pair of Aces



PokerStars Hand #237525197475:  Hold'em No Limit ($0.02/$0.05 USD) - 2022/07/22 17:48:31 PT [2022/07/22 20:48:31 ET]
Table 'Telesto' 9-max Seat #4 is the button
Seat 2: mumisber ($4.68 in chips) 
Seat 3: GDIMITROV11 ($14.22 in chips) 
Seat 4: AGVsmarT ($4.64 in chips) 
Seat 5: bucerias16 ($5.09 in chips) 
Seat 7: Dorex2007 ($5.65 in chips) 
Seat 9: GeroGamer13 ($1.80 in chips) 
bucerias16: posts small blind $0.02
Dorex2007: posts big blind $0.05
*** HOLE CARDS ***
Dealt to Dorex2007 [5d 6s]
GeroGamer13: folds 
mumisber: folds 
GDIMITROV11: folds 
AGVsmarT: folds 
bucerias16: calls $0.03
Dorex2007: checks 
*** FLOP *** [7d 7c 3s]
bucerias16: checks 
Dorex2007: checks 
*** TURN *** [7d 7c 3s] [5h]
bucerias16: checks 
8_lara_8 joins the table at seat #1 
Dorex2007: checks 
*** RIVER *** [7d 7c 3s 5h] [Kc]
bucerias16: checks 
Dorex2007: checks 
*** SHOW DOWN ***
bucerias16: shows [9c Kh] (two pair, Kings and Sevens)
Dorex2007: mucks hand 
bucerias16 collected $0.10 from pot
*** SUMMARY ***
Total pot $0.10 | Rake $0 
Board [7d 7c 3s 5h Kc]
Seat 2: mumisber folded before Flop (didn't bet)
Seat 3: GDIMITROV11 folded before Flop (didn't bet)
Seat 4: AGVsmarT (button) folded before Flop (didn't bet)
Seat 5: bucerias16 (small blind) showed [9c Kh] and won ($0.10) with two pair, Kings and Sevens
Seat 7: Dorex2007 (big blind) mucked [5d 6s]
Seat 9: GeroGamer13 folded before Flop (didn't bet)



PokerStars Hand #237525207367:  Hold'em No Limit ($0.02/$0.05 USD) - 2022/07/22 17:49:15 PT [2022/07/22 20:49:15 ET]
Table 'Telesto' 9-max Seat #5 is the button
Seat 2: mumisber ($4.68 in chips) 
Seat 3: GDIMITROV11 ($14.22 in chips) 
Seat 4: AGVsmarT ($4.64 in chips) 
Seat 5: bucerias16 ($5.14 in chips) 
Seat 7: Dorex2007 ($5.60 in chips) 
Seat 9: GeroGamer13 ($1.80 in chips) 
Dorex2007: posts small blind $0.02
GeroGamer13: posts big blind $0.05
8_lara_8: sits out 
*** HOLE CARDS ***
Dealt to Dorex2007 [5h 5d]
mumisber: folds 
GDIMITROV11: folds 
AGVsmarT: folds 
bucerias16: folds 
DinoFromGh leaves the table
Dorex2007: calls $0.03
GeroGamer13: checks 
*** FLOP *** [9h Ah Qd]
Dorex2007: checks 
GeroGamer13: checks 
*** TURN *** [9h Ah Qd] [9s]
Dorex2007: checks 
GeroGamer13: checks 
*** RIVER *** [9h Ah Qd 9s] [8d]
Dorex2007: bets $0.07
GeroGamer13: folds 
Uncalled bet ($0.07) returned to Dorex2007
Dorex2007 collected $0.10 from pot
*** SUMMARY ***
Total pot $0.10 | Rake $0 
Board [9h Ah Qd 9s 8d]
Seat 2: mumisber folded before Flop (didn't bet)
Seat 3: GDIMITROV11 folded before Flop (didn't bet)
Seat 4: AGVsmarT folded before Flop (didn't bet)
Seat 5: bucerias16 (button) folded before Flop (didn't bet)
Seat 7: Dorex2007 (small blind) collected ($0.10)
Seat 9: GeroGamer13 (big blind) folded on the River



PokerStars Hand #237525216147:  Hold'em No Limit ($0.02/$0.05 USD) - 2022/07/22 17:49:54 PT [2022/07/22 20:49:54 ET]
Table 'Telesto' 9-max Seat #7 is the button
Seat 1: 8_lara_8 ($4 in chips) 
Seat 2: mumisber ($4.68 in chips) 
Seat 3: GDIMITROV11 ($14.22 in chips) 
Seat 4: AGVsmarT ($4.64 in chips) 
Seat 5: bucerias16 ($5.14 in chips) 
Seat 7: Dorex2007 ($5.65 in chips) 
Seat 9: GeroGamer13 ($1.75 in chips) 
GeroGamer13: posts small blind $0.02
8_lara_8: posts big blind $0.05
*** HOLE CARDS ***
Dealt to Dorex2007 [4c Ad]
mumisber: folds 
GDIMITROV11: folds 
AGVsmarT: raises $0.12 to $0.17
bucerias16: folds 
Dorex2007: folds 
GeroGamer13: folds 
8_lara_8: raises $0.12 to $0.29
AGVsmarT: calls $0.12
*** FLOP *** [7c 8s 5c]
8_lara_8: bets $0.05
AGVsmarT: raises $0.15 to $0.20
8_lara_8: calls $0.15
*** TURN *** [7c 8s 5c] [Qc]
8_lara_8: bets $0.05
AGVsmarT: raises $0.15 to $0.20
8_lara_8: calls $0.15
*** RIVER *** [7c 8s 5c Qc] [Qd]
8_lara_8: bets $0.05
AGVsmarT: calls $0.05
*** SHOW DOWN ***
8_lara_8: shows [As Qh] (three of a kind, Queens)
AGVsmarT: mucks hand 
8_lara_8 collected $1.42 from pot
*** SUMMARY ***
Total pot $1.50 | Rake $0.08 
Board [7c 8s 5c Qc Qd]
Seat 1: 8_lara_8 (big blind) showed [As Qh] and won ($1.42) with three of a kind, Queens
Seat 2: mumisber folded before Flop (didn't bet)
Seat 3: GDIMITROV11 folded before Flop (didn't bet)
Seat 4: AGVsmarT mucked [Th Ts]
Seat 5: bucerias16 folded before Flop (didn't bet)
Seat 7: Dorex2007 (button) folded before Flop (didn't bet)
Seat 9: GeroGamer13 (small blind) folded before Flop



PokerStars Hand #237525227459:  Hold'em No Limit ($0.02/$0.05 USD) - 2022/07/22 17:50:45 PT [2022/07/22 20:50:45 ET]
Table 'Telesto' 9-max Seat #9 is the button
Seat 1: 8_lara_8 ($4.68 in chips) 
Seat 2: mumisber ($4.68 in chips) 
Seat 3: GDIMITROV11 ($14.22 in chips) 
Seat 4: AGVsmarT ($3.90 in chips) 
Seat 5: bucerias16 ($5.14 in chips) 
Seat 7: Dorex2007 ($5.65 in chips) 
Seat 8: marcelo592 ($3 in chips) 
Seat 9: GeroGamer13 ($1.73 in chips) 
8_lara_8: posts small blind $0.02
mumisber: posts big blind $0.05
marcelo592: posts big blind $0.05
*** HOLE CARDS ***
Dealt to Dorex2007 [6s 8h]
GDIMITROV11: folds 
AGVsmarT: folds 
bucerias16: folds 
Dorex2007: folds 
marcelo592: checks 
GeroGamer13: calls $0.05
8_lara_8: raises $0.05 to $0.10
mumisber: folds 
marcelo592: calls $0.05
GeroGamer13: calls $0.05
*** FLOP *** [Tc Qs 8c]
8_lara_8: bets $0.34
marcelo592: folds 
GeroGamer13: calls $0.34
*** TURN *** [Tc Qs 8c] [9s]
8_lara_8: bets $0.99
GeroGamer13: calls $0.99
*** RIVER *** [Tc Qs 8c 9s] [2h]
8_lara_8: bets $2.89
GeroGamer13: calls $0.30 and is all-in
Uncalled bet ($2.59) returned to 8_lara_8
*** SHOW DOWN ***
8_lara_8: shows [7h 4h] (high card Queen)
GeroGamer13: shows [Jh 8d] (a straight, Eight to Queen)
GeroGamer13 collected $3.46 from pot
*** SUMMARY ***
Total pot $3.61 | Rake $0.15 
Board [Tc Qs 8c 9s 2h]
Seat 1: 8_lara_8 (small blind) showed [7h 4h] and lost with high card Queen
Seat 2: mumisber (big blind) folded before Flop
Seat 3: GDIMITROV11 folded before Flop (didn't bet)
Seat 4: AGVsmarT folded before Flop (didn't bet)
Seat 5: bucerias16 folded before Flop (didn't bet)
Seat 7: Dorex2007 folded before Flop (didn't bet)
Seat 8: marcelo592 folded on the Flop
Seat 9: GeroGamer13 (button) showed [Jh 8d] and won ($3.46) with a straight, Eight to Queen



PokerStars Hand #237525243610:  Hold'em No Limit ($0.02/$0.05 USD) - 2022/07/22 17:51:58 PT [2022/07/22 20:51:58 ET]
Table 'Telesto' 9-max Seat #1 is the button
Seat 1: 8_lara_8 ($2.95 in chips) 
Seat 2: mumisber ($4.63 in chips) 
Seat 3: GDIMITROV11 ($14.22 in chips) 
Seat 4: AGVsmarT ($3.90 in chips) 
Seat 5: bucerias16 ($5.14 in chips) 
Seat 7: Dorex2007 ($5.65 in chips) 
Seat 8: marcelo592 ($2.90 in chips) 
Seat 9: GeroGamer13 ($3.46 in chips) 
mumisber: posts small blind $0.02
GDIMITROV11: posts big blind $0.05
*** HOLE CARDS ***
Dealt to Dorex2007 [Kd 4h]
AGVsmarT: raises $0.12 to $0.17
bucerias16: folds 
Dorex2007: folds 
marcelo592: folds 
GeroGamer13: calls $0.17
8_lara_8: folds 
mumisber: calls $0.15
GDIMITROV11: raises $0.68 to $0.85
AGVsmarT: calls $0.68
GeroGamer13: folds 
mumisber: folds 
*** FLOP *** [4d 3d 7c]
GDIMITROV11: bets $0.98
AGVsmarT: folds 
Uncalled bet ($0.98) returned to GDIMITROV11
GDIMITROV11 collected $1.96 from pot
*** SUMMARY ***
Total pot $2.04 | Rake $0.08 
Board [4d 3d 7c]
Seat 1: 8_lara_8 (button) folded before Flop (didn't bet)
Seat 2: mumisber (small blind) folded before Flop
Seat 3: GDIMITROV11 (big blind) collected ($1.96)
Seat 4: AGVsmarT folded on the Flop
Seat 5: bucerias16 folded before Flop (didn't bet)
Seat 7: Dorex2007 folded before Flop (didn't bet)
Seat 8: marcelo592 folded before Flop (didn't bet)
Seat 9: GeroGamer13 folded before Flop



PokerStars Hand #237525258800:  Hold'em No Limit ($0.02/$0.05 USD) - 2022/07/22 17:53:07 PT [2022/07/22 20:53:07 ET]
Table 'Telesto' 9-max Seat #2 is the button
Seat 1: 8_lara_8 ($5 in chips) 
Seat 2: mumisber ($4.46 in chips) 
Seat 3: GDIMITROV11 ($15.33 in chips) 
Seat 4: AGVsmarT ($3.05 in chips) 
Seat 5: bucerias16 ($5.14 in chips) 
Seat 7: Dorex2007 ($5.65 in chips) 
Seat 8: marcelo592 ($2.90 in chips) 
Seat 9: GeroGamer13 ($3.29 in chips) 
GDIMITROV11: posts small blind $0.02
AGVsmarT: posts big blind $0.05
*** HOLE CARDS ***
Dealt to Dorex2007 [Td Th]
bucerias16: folds 
Dorex2007: raises $0.15 to $0.20
marcelo592: raises $0.40 to $0.60
GeroGamer13: calls $0.60
8_lara_8: folds 
mumisber: folds 
GDIMITROV11: folds 
AGVsmarT: folds 
Dorex2007: calls $0.40
*** FLOP *** [2h Qd 4h]
Dorex2007: checks 
marcelo592: bets $2.30 and is all-in
GeroGamer13: calls $2.30
Dorex2007: folds 
*** TURN *** [2h Qd 4h] [7d]
*** RIVER *** [2h Qd 4h 7d] [8d]
*** SHOW DOWN ***
marcelo592: shows [Qc As] (a pair of Queens)
GeroGamer13: shows [8c 8s] (three of a kind, Eights)
marcelo592 cashed out the hand for $5.60 | Cash Out Fee $0.06
GeroGamer13 cashed out the hand for $0.53 | Cash Out Fee $0.01
*** SUMMARY ***
Total pot $6.47 | Rake $0.27 
Board [2h Qd 4h 7d 8d]
Seat 1: 8_lara_8 folded before Flop (didn't bet)
Seat 2: mumisber (button) folded before Flop (didn't bet)
Seat 3: GDIMITROV11 (small blind) folded before Flop
Seat 4: AGVsmarT (big blind) folded before Flop
Seat 5: bucerias16 folded before Flop (didn't bet)
Seat 7: Dorex2007 folded on the Flop
Seat 8: marcelo592 showed [Qc As] and lost with a pair of Queens (cashed out).
Seat 9: GeroGamer13 showed [8c 8s] and won ($6.20) with three of a kind, Eights (pot not awarded as player cashed out)



PokerStars Hand #237525273644:  Hold'em No Limit ($0.02/$0.05 USD) - 2022/07/22 17:54:13 PT [2022/07/22 20:54:13 ET]
Table 'Telesto' 9-max Seat #3 is the button
Seat 1: 8_lara_8 ($5 in chips) 
Seat 2: mumisber ($4.46 in chips) 
Seat 3: GDIMITROV11 ($15.31 in chips) 
Seat 4: AGVsmarT ($3.90 in chips) 
Seat 6: acegy ($6.27 in chips) 
Seat 7: Dorex2007 ($5.05 in chips) 
Seat 8: marcelo592 ($5.60 in chips) 
Seat 9: GeroGamer13 ($0.92 in chips) 
AGVsmarT: posts small blind $0.02
bucerias16: is sitting out 
acegy: posts big blind $0.05
*** HOLE CARDS ***
Dealt to Dorex2007 [Ks 8h]
Dorex2007: folds 
marcelo592 has timed out
marcelo592: folds 
GeroGamer13: folds 
8_lara_8: raises $0.12 to $0.17
mumisber: folds 
GDIMITROV11: folds 
AGVsmarT: folds 
acegy: folds 
Uncalled bet ($0.12) returned to 8_lara_8
8_lara_8 collected $0.12 from pot
*** SUMMARY ***
Total pot $0.12 | Rake $0 
Seat 1: 8_lara_8 collected ($0.12)
Seat 2: mumisber folded before Flop (didn't bet)
Seat 3: GDIMITROV11 (button) folded before Flop (didn't bet)
Seat 4: AGVsmarT (small blind) folded before Flop
Seat 6: acegy (big blind) folded before Flop
Seat 7: Dorex2007 folded before Flop (didn't bet)
Seat 8: marcelo592 folded before Flop (didn't bet)
Seat 9: GeroGamer13 folded before Flop (didn't bet)



PokerStars Hand #237525283303:  Hold'em No Limit ($0.02/$0.05 USD) - 2022/07/22 17:54:57 PT [2022/07/22 20:54:57 ET]
Table 'Telesto' 9-max Seat #4 is the button
Seat 1: 8_lara_8 ($5.07 in chips) 
Seat 2: mumisber ($4.46 in chips) 
Seat 3: GDIMITROV11 ($15.31 in chips) 
Seat 4: AGVsmarT ($3.88 in chips) 
Seat 6: acegy ($6.22 in chips) 
Seat 7: Dorex2007 ($5.05 in chips) 
Seat 8: marcelo592 ($5.60 in chips) 
Seat 9: GeroGamer13 ($0.92 in chips) 
acegy: posts small blind $0.02
Dorex2007: posts big blind $0.05
*** HOLE CARDS ***
Dealt to Dorex2007 [Ah Qc]
marcelo592 has timed out
marcelo592: folds 
GeroGamer13: calls $0.05
8_lara_8: raises $0.05 to $0.10
mumisber: folds 
GDIMITROV11: folds 
AGVsmarT: folds 
acegy: folds 
Dorex2007: calls $0.05
GeroGamer13: calls $0.05
*** FLOP *** [4s Ad Ac]
Dorex2007: checks 
GeroGamer13: checks 
8_lara_8: bets $0.31
Dorex2007: calls $0.31
GeroGamer13: folds 
*** TURN *** [4s Ad Ac] [Jc]
Dorex2007: bets $0.45
8_lara_8: calls $0.45
*** RIVER *** [4s Ad Ac Jc] [Ts]
Dorex2007: bets $0.88
8_lara_8: calls $0.88
*** SHOW DOWN ***
Dorex2007: shows [Ah Qc] (three of a kind, Aces)
8_lara_8: mucks hand 
Dorex2007 collected $3.45 from pot
*** SUMMARY ***
Total pot $3.60 | Rake $0.15 
Board [4s Ad Ac Jc Ts]
Seat 1: 8_lara_8 mucked [7s Js]
Seat 2: mumisber folded before Flop (didn't bet)
Seat 3: GDIMITROV11 folded before Flop (didn't bet)
Seat 4: AGVsmarT (button) folded before Flop (didn't bet)
Seat 6: acegy (small blind) folded before Flop
Seat 7: Dorex2007 (big blind) showed [Ah Qc] and won ($3.45) with three of a kind, Aces
Seat 8: marcelo592 folded before Flop (didn't bet)
Seat 9: GeroGamer13 folded on the Flop



PokerStars Hand #237525302767:  Hold'em No Limit ($0.02/$0.05 USD) - 2022/07/22 17:56:38 PT [2022/07/22 20:56:38 ET]
Table 'Telesto' 9-max Seat #6 is the button
Seat 1: 8_lara_8 ($3.33 in chips) 
Seat 2: mumisber ($4.46 in chips) 
Seat 3: GDIMITROV11 ($15.31 in chips) 
Seat 4: AGVsmarT ($3.88 in chips) 
Seat 6: acegy ($6.20 in chips) 
Seat 7: Dorex2007 ($6.76 in chips) 
Seat 8: marcelo592 ($5.60 in chips) 
Seat 9: GeroGamer13 ($0.82 in chips) 
Dorex2007: posts small blind $0.02
marcelo592: posts big blind $0.05
*** HOLE CARDS ***
Dealt to Dorex2007 [Jh 8c]
GeroGamer13: calls $0.05
8_lara_8: folds 
mumisber: folds 
GDIMITROV11: folds 
AGVsmarT: folds 
acegy: folds 
Dorex2007: calls $0.03
marcelo592: checks 
*** FLOP *** [Ah 2d 4h]
Dorex2007: checks 
marcelo592: checks 
GeroGamer13: checks 
*** TURN *** [Ah 2d 4h] [3h]
Dorex2007: checks 
marcelo592: checks 
GeroGamer13: checks 
*** RIVER *** [Ah 2d 4h 3h] [5h]
Dorex2007: checks 
marcelo592: checks 
GeroGamer13: bets $0.50
Dorex2007: raises $0.50 to $1
marcelo592: folds 
GeroGamer13: calls $0.27 and is all-in
Uncalled bet ($0.23) returned to Dorex2007
*** SHOW DOWN ***
Dorex2007: shows [Jh 8c] (a flush, Ace high)
GeroGamer13: shows [6c Kh] (a flush, Ace high - King higher)
GeroGamer13 collected $1.62 from pot
*** SUMMARY ***
Total pot $1.69 | Rake $0.07 
Board [Ah 2d 4h 3h 5h]
Seat 1: 8_lara_8 folded before Flop (didn't bet)
Seat 2: mumisber folded before Flop (didn't bet)
Seat 3: GDIMITROV11 folded before Flop (didn't bet)
Seat 4: AGVsmarT folded before Flop (didn't bet)
Seat 6: acegy (button) folded before Flop (didn't bet)
Seat 7: Dorex2007 (small blind) showed [Jh 8c] and lost with a flush, Ace high
Seat 8: marcelo592 (big blind) folded on the River
Seat 9: GeroGamer13 showed [6c Kh] and won ($1.62) with a flush, Ace high



PokerStars Hand #237525316442:  Hold'em No Limit ($0.02/$0.05 USD) - 2022/07/22 17:57:52 PT [2022/07/22 20:57:52 ET]
Table 'Telesto' 9-max Seat #7 is the button
Seat 1: 8_lara_8 ($5 in chips) 
Seat 2: mumisber ($4.46 in chips) 
Seat 3: GDIMITROV11 ($15.31 in chips) 
Seat 4: AGVsmarT ($3.88 in chips) 
Seat 6: acegy ($6.20 in chips) 
Seat 7: Dorex2007 ($5.94 in chips) 
Seat 8: marcelo592 ($5.55 in chips) 
Seat 9: GeroGamer13 ($1.62 in chips) 
marcelo592: posts small blind $0.02
GeroGamer13: posts big blind $0.05
*** HOLE CARDS ***
Dealt to Dorex2007 [8d As]
8_lara_8: folds 
mumisber: folds 
GDIMITROV11 has timed out
GDIMITROV11: folds 
AGVsmarT: folds 
acegy: raises $0.05 to $0.10
Dorex2007: folds 
marcelo592: folds 
GeroGamer13: calls $0.05
*** FLOP *** [3d 8h 6c]
marcelo592 leaves the table
GeroGamer13: checks 
acegy: checks 
*** TURN *** [3d 8h 6c] [Ah]
NiflonQC joins the table at seat #8 
GeroGamer13: checks 
acegy: bets $0.15
GeroGamer13: calls $0.15
*** RIVER *** [3d 8h 6c Ah] [9d]
GeroGamer13: bets $0.05
acegy: folds 
Uncalled bet ($0.05) returned to GeroGamer13
GeroGamer13 collected $0.50 from pot
*** SUMMARY ***
Total pot $0.52 | Rake $0.02 
Board [3d 8h 6c Ah 9d]
Seat 1: 8_lara_8 folded before Flop (didn't bet)
Seat 2: mumisber folded before Flop (didn't bet)
Seat 3: GDIMITROV11 folded before Flop (didn't bet)
Seat 4: AGVsmarT folded before Flop (didn't bet)
Seat 6: acegy folded on the River
Seat 7: Dorex2007 (button) folded before Flop (didn't bet)
Seat 8: marcelo592 (small blind) folded before Flop
Seat 9: GeroGamer13 (big blind) collected ($0.50)



PokerStars Hand #237525326541:  Hold'em No Limit ($0.02/$0.05 USD) - 2022/07/22 17:58:46 PT [2022/07/22 20:58:46 ET]
Table 'Telesto' 9-max Seat #9 is the button
Seat 1: 8_lara_8 ($5 in chips) 
Seat 2: mumisber ($4.46 in chips) 
Seat 3: GDIMITROV11 ($15.31 in chips) 
Seat 4: AGVsmarT ($3.88 in chips) 
Seat 6: acegy ($5.95 in chips) 
Seat 7: Dorex2007 ($5.94 in chips) 
Seat 9: GeroGamer13 ($1.87 in chips) 
8_lara_8: posts small blind $0.02
mumisber: posts big blind $0.05
NiflonQC: sits out 
*** HOLE CARDS ***
Dealt to Dorex2007 [7c 8d]
GDIMITROV11: folds 
AGVsmarT: raises $0.12 to $0.17
acegy: folds 
Dorex2007: folds 
GeroGamer13: folds 
8_lara_8: folds 
mumisber: folds 
Uncalled bet ($0.12) returned to AGVsmarT
AGVsmarT collected $0.12 from pot
*** SUMMARY ***
Total pot $0.12 | Rake $0 
Seat 1: 8_lara_8 (small blind) folded before Flop
Seat 2: mumisber (big blind) folded before Flop
Seat 3: GDIMITROV11 folded before Flop (didn't bet)
Seat 4: AGVsmarT collected ($0.12)
Seat 6: acegy folded before Flop (didn't bet)
Seat 7: Dorex2007 folded before Flop (didn't bet)
Seat 9: GeroGamer13 (button) folded before Flop (didn't bet)



PokerStars Hand #237525332733:  Hold'em No Limit ($0.02/$0.05 USD) - 2022/07/22 17:59:19 PT [2022/07/22 20:59:19 ET]
Table 'Telesto' 9-max Seat #1 is the button
Seat 1: 8_lara_8 ($4.98 in chips) 
Seat 2: mumisber ($4.41 in chips) 
Seat 3: GDIMITROV11 ($15.31 in chips) 
Seat 4: AGVsmarT ($3.95 in chips) 
Seat 6: acegy ($5.95 in chips) 
Seat 7: Dorex2007 ($5.94 in chips) 
Seat 9: GeroGamer13 ($1.87 in chips) 
mumisber: posts small blind $0.02
GDIMITROV11: posts big blind $0.05
NiflonQC: sits out 
*** HOLE CARDS ***
Dealt to Dorex2007 [9s 3c]
AGVsmarT: calls $0.05
acegy: raises $0.05 to $0.10
Dorex2007: folds 
GeroGamer13: calls $0.10
8_lara_8: folds 
mumisber: folds 
GDIMITROV11: folds 
AGVsmarT: calls $0.05
*** FLOP *** [4h 8s Ah]
AGVsmarT: bets $0.05
acegy: folds 
GeroGamer13: folds 
Uncalled bet ($0.05) returned to AGVsmarT
AGVsmarT collected $0.35 from pot
*** SUMMARY ***
Total pot $0.37 | Rake $0.02 
Board [4h 8s Ah]
Seat 1: 8_lara_8 (button) folded before Flop (didn't bet)
Seat 2: mumisber (small blind) folded before Flop
Seat 3: GDIMITROV11 (big blind) folded before Flop
Seat 4: AGVsmarT collected ($0.35)
Seat 6: acegy folded on the Flop
Seat 7: Dorex2007 folded before Flop (didn't bet)
Seat 9: GeroGamer13 folded on the Flop



PokerStars Hand #237525342798:  Hold'em No Limit ($0.02/$0.05 USD) - 2022/07/22 18:00:14 PT [2022/07/22 21:00:14 ET]
Table 'Telesto' 9-max Seat #2 is the button
Seat 1: 8_lara_8 ($4.98 in chips) 
Seat 2: mumisber ($4.39 in chips) 
Seat 3: GDIMITROV11 ($15.26 in chips) 
Seat 4: AGVsmarT ($4.20 in chips) 
Seat 6: acegy ($5.85 in chips) 
Seat 7: Dorex2007 ($5.94 in chips) 
Seat 9: GeroGamer13 ($1.77 in chips) 
GDIMITROV11: posts small blind $0.02
AGVsmarT: posts big blind $0.05
NiflonQC: sits out 
*** HOLE CARDS ***
Dealt to Dorex2007 [Jd 5h]
acegy: folds 
Dorex2007: folds 
GeroGamer13: folds 
8_lara_8: raises $0.05 to $0.10
mumisber: folds 
GDIMITROV11: folds 
AGVsmarT: calls $0.05
*** FLOP *** [Kh 7s 6s]
AGVsmarT: bets $0.05
8_lara_8: raises $0.05 to $0.10
AGVsmarT: calls $0.05
*** TURN *** [Kh 7s 6s] [5s]
AGVsmarT: checks 
8_lara_8: bets $0.05
AGVsmarT: folds 
Uncalled bet ($0.05) returned to 8_lara_8
8_lara_8 collected $0.40 from pot
*** SUMMARY ***
Total pot $0.42 | Rake $0.02 
Board [Kh 7s 6s 5s]
Seat 1: 8_lara_8 collected ($0.40)
Seat 2: mumisber (button) folded before Flop (didn't bet)
Seat 3: GDIMITROV11 (small blind) folded before Flop
Seat 4: AGVsmarT (big blind) folded on the Turn
Seat 6: acegy folded before Flop (didn't bet)
Seat 7: Dorex2007 folded before Flop (didn't bet)
Seat 9: GeroGamer13 folded before Flop (didn't bet)



PokerStars Hand #237525351303:  Hold'em No Limit ($0.02/$0.05 USD) - 2022/07/22 18:00:57 PT [2022/07/22 21:00:57 ET]
Table 'Telesto' 9-max Seat #3 is the button
Seat 1: 8_lara_8 ($5.18 in chips) 
Seat 2: mumisber ($4.39 in chips) 
Seat 3: GDIMITROV11 ($15.24 in chips) 
Seat 4: AGVsmarT ($4 in chips) 
Seat 6: acegy ($5.85 in chips) 
Seat 7: Dorex2007 ($5.94 in chips) 
AGVsmarT: posts small blind $0.02
acegy: posts big blind $0.05
NiflonQC: sits out 
*** HOLE CARDS ***
Dealt to Dorex2007 [8h 9h]
Dorex2007: calls $0.05
8_lara_8: raises $0.05 to $0.10
mumisber: folds 
GDIMITROV11: folds 
AGVsmarT: folds 
acegy: calls $0.05
Dorex2007: calls $0.05
*** FLOP *** [Th 9d 2c]
acegy: checks 
Dorex2007: checks 
8_lara_8: bets $0.31
acegy: folds 
Dorex2007: calls $0.31
*** TURN *** [Th 9d 2c] [8s]
Dorex2007: bets $0.90
8_lara_8: calls $0.90
*** RIVER *** [Th 9d 2c 8s] [Td]
Dorex2007: bets $0.55
8_lara_8: calls $0.55
*** SHOW DOWN ***
Dorex2007: shows [8h 9h] (two pair, Tens and Nines)
8_lara_8: mucks hand 
Dorex2007 collected $3.68 from pot
*** SUMMARY ***
Total pot $3.84 | Rake $0.16 
Board [Th 9d 2c 8s Td]
Seat 1: 8_lara_8 mucked [8c As]
Seat 2: mumisber folded before Flop (didn't bet)
Seat 3: GDIMITROV11 (button) folded before Flop (didn't bet)
Seat 4: AGVsmarT (small blind) folded before Flop
Seat 6: acegy (big blind) folded on the Flop
Seat 7: Dorex2007 showed [8h 9h] and won ($3.68) with two pair, Tens and Nines



