PokerStars Hand #237753973506:  Hold'em No Limit ($0.01/$0.02 USD) - 2022/08/02 16:55:05 PT [2022/08/02 19:55:05 ET]
Table 'Skat II' 9-max Seat #5 is the button
Seat 1: kAiba109 ($0.81 in chips) 
Seat 2: alemão prado ($1.14 in chips) 
Seat 3: troyano422 ($2.60 in chips) 
Seat 4: Dorex2007 ($2 in chips) 
Seat 5: Char P-3 ($2.43 in chips) 
Seat 6: RosemontTony ($1.95 in chips) 
Seat 7: bmwmann8 ($2.44 in chips) 
Seat 8: carvahlo90 ($2 in chips) 
Seat 9: WilliamJBF ($2.05 in chips) 
RosemontTony: posts small blind $0.01
bmwmann8: posts big blind $0.02
Dorex2007: posts big blind $0.02
*** HOLE CARDS ***
Dealt to Dorex2007 [6s 7s]
carvahlo90: raises $0.04 to $0.06
WilliamJBF: folds 
kAiba109: folds 
kAiba109 leaves the table
alemão prado: folds 
troyano422: folds 
Dorex2007: calls $0.04
Char P-3: folds 
RosemontTony: folds 
bmwmann8: folds 
*** FLOP *** [2s Kc 7d]
carvahlo90: checks 
Dorex2007: bets $0.07
carvahlo90: folds 
Uncalled bet ($0.07) returned to Dorex2007
Dorex2007 collected $0.14 from pot
Dorex2007: doesn't show hand 
*** SUMMARY ***
Total pot $0.15 | Rake $0.01 
Board [2s Kc 7d]
Seat 1: kAiba109 folded before Flop (didn't bet)
Seat 2: alemão prado folded before Flop (didn't bet)
Seat 3: troyano422 folded before Flop (didn't bet)
Seat 4: Dorex2007 collected ($0.14)
Seat 5: Char P-3 (button) folded before Flop (didn't bet)
Seat 6: RosemontTony (small blind) folded before Flop
Seat 7: bmwmann8 (big blind) folded before Flop
Seat 8: carvahlo90 folded on the Flop
Seat 9: WilliamJBF folded before Flop (didn't bet)



PokerStars Hand #237753981299:  Hold'em No Limit ($0.01/$0.02 USD) - 2022/08/02 16:55:42 PT [2022/08/02 19:55:42 ET]
Table 'Skat II' 9-max Seat #6 is the button
Seat 2: alemão prado ($1.14 in chips) 
Seat 3: troyano422 ($2.60 in chips) 
Seat 4: Dorex2007 ($2.08 in chips) 
Seat 5: Char P-3 ($2.43 in chips) 
Seat 6: RosemontTony ($1.94 in chips) 
Seat 7: bmwmann8 ($2.42 in chips) 
Seat 9: WilliamJBF ($2.05 in chips) 
bmwmann8: posts small blind $0.01
carvahlo90: is sitting out 
WilliamJBF: posts big blind $0.02
*** HOLE CARDS ***
Dealt to Dorex2007 [4d 4s]
alemão prado: raises $0.04 to $0.06
troyano422: folds 
carvahlo90 leaves the table
Dorex2007: calls $0.06
Char P-3: calls $0.06
RosemontTony: folds 
Juagonzalez joins the table at seat #8 
bmwmann8: folds 
WilliamJBF: folds 
*** FLOP *** [7c Qh 3d]
alemão prado: bets $0.18
Dorex2007: folds 
Char P-3: folds 
Uncalled bet ($0.18) returned to alemão prado
alemão prado collected $0.20 from pot
alemão prado: doesn't show hand 
*** SUMMARY ***
Total pot $0.21 | Rake $0.01 
Board [7c Qh 3d]
Seat 2: alemão prado collected ($0.20)
Seat 3: troyano422 folded before Flop (didn't bet)
Seat 4: Dorex2007 folded on the Flop
Seat 5: Char P-3 folded on the Flop
Seat 6: RosemontTony (button) folded before Flop (didn't bet)
Seat 7: bmwmann8 (small blind) folded before Flop
Seat 9: WilliamJBF (big blind) folded before Flop



PokerStars Hand #237753990696:  Hold'em No Limit ($0.01/$0.02 USD) - 2022/08/02 16:56:26 PT [2022/08/02 19:56:26 ET]
Table 'Skat II' 9-max Seat #7 is the button
Seat 2: alemão prado ($1.28 in chips) 
Seat 3: troyano422 ($2.60 in chips) 
Seat 4: Dorex2007 ($2.02 in chips) 
Seat 5: Char P-3 ($2.37 in chips) 
Seat 6: RosemontTony ($1.94 in chips) 
Seat 7: bmwmann8 ($2.41 in chips) 
Seat 9: WilliamJBF ($2.03 in chips) 
WilliamJBF: posts small blind $0.01
alemão prado: posts big blind $0.02
*** HOLE CARDS ***
Dealt to Dorex2007 [6d 5d]
holmes52711 joins the table at seat #1 
troyano422 has timed out
troyano422: folds 
Dorex2007: folds 
Char P-3: folds 
RosemontTony: raises $0.04 to $0.06
bmwmann8: folds 
WilliamJBF: folds 
alemão prado: folds 
Uncalled bet ($0.04) returned to RosemontTony
RosemontTony collected $0.05 from pot
RosemontTony: doesn't show hand 
*** SUMMARY ***
Total pot $0.05 | Rake $0 
Seat 2: alemão prado (big blind) folded before Flop
Seat 3: troyano422 folded before Flop (didn't bet)
Seat 4: Dorex2007 folded before Flop (didn't bet)
Seat 5: Char P-3 folded before Flop (didn't bet)
Seat 6: RosemontTony collected ($0.05)
Seat 7: bmwmann8 (button) folded before Flop (didn't bet)
Seat 9: WilliamJBF (small blind) folded before Flop



PokerStars Hand #237753996512:  Hold'em No Limit ($0.01/$0.02 USD) - 2022/08/02 16:56:54 PT [2022/08/02 19:56:54 ET]
Table 'Skat II' 9-max Seat #9 is the button
Seat 2: alemão prado ($1.26 in chips) 
Seat 3: troyano422 ($2.60 in chips) 
Seat 4: Dorex2007 ($2.02 in chips) 
Seat 5: Char P-3 ($2.37 in chips) 
Seat 6: RosemontTony ($1.97 in chips) 
Seat 7: bmwmann8 ($2.41 in chips) 
Seat 9: WilliamJBF ($2.02 in chips) 
alemão prado: posts small blind $0.01
troyano422: posts big blind $0.02
Juagonzalez: sits out 
*** HOLE CARDS ***
Dealt to Dorex2007 [6h Qc]
Dorex2007: folds 
Char P-3: raises $0.04 to $0.06
RosemontTony: folds 
bmwmann8: folds 
WilliamJBF: folds 
alemão prado: calls $0.05
troyano422: folds 
*** FLOP *** [Ts 7c Td]
alemão prado: checks 
Char P-3: checks 
*** TURN *** [Ts 7c Td] [3s]
alemão prado: checks 
Char P-3: bets $0.02
troyano422 leaves the table
alemão prado: folds 
Uncalled bet ($0.02) returned to Char P-3
Char P-3 collected $0.14 from pot
Char P-3: doesn't show hand 
*** SUMMARY ***
Total pot $0.14 | Rake $0 
Board [Ts 7c Td 3s]
Seat 2: alemão prado (small blind) folded on the Turn
Seat 3: troyano422 (big blind) folded before Flop
Seat 4: Dorex2007 folded before Flop (didn't bet)
Seat 5: Char P-3 collected ($0.14)
Seat 6: RosemontTony folded before Flop (didn't bet)
Seat 7: bmwmann8 folded before Flop (didn't bet)
Seat 9: WilliamJBF (button) folded before Flop (didn't bet)



PokerStars Hand #237754009493:  Hold'em No Limit ($0.01/$0.02 USD) - 2022/08/02 16:57:55 PT [2022/08/02 19:57:55 ET]
Table 'Skat II' 9-max Seat #2 is the button
Seat 1: holmes52711 ($2 in chips) 
Seat 2: alemão prado ($1.20 in chips) 
Seat 4: Dorex2007 ($2.02 in chips) 
Seat 5: Char P-3 ($2.45 in chips) 
Seat 6: RosemontTony ($1.97 in chips) 
Seat 7: bmwmann8 ($2.41 in chips) 
Seat 9: WilliamJBF ($2.02 in chips) 
Dorex2007: posts small blind $0.01
Char P-3: posts big blind $0.02
Juagonzalez: sits out 
holmes52711: posts big blind $0.02
*** HOLE CARDS ***
Dealt to Dorex2007 [Ad Kh]
RosemontTony: folds 
bmwmann8: folds 
WilliamJBF: raises $0.04 to $0.06
holmes52711: folds 
alemão prado: folds 
Dorex2007: raises $0.08 to $0.14
Char P-3: folds 
WilliamJBF: calls $0.08
*** FLOP *** [7h 7c 9c]
Dorex2007: bets $0.31
WilliamJBF: folds 
Uncalled bet ($0.31) returned to Dorex2007
Dorex2007 collected $0.31 from pot
Dorex2007: doesn't show hand 
*** SUMMARY ***
Total pot $0.32 | Rake $0.01 
Board [7h 7c 9c]
Seat 1: holmes52711 folded before Flop (didn't bet)
Seat 2: alemão prado (button) folded before Flop (didn't bet)
Seat 4: Dorex2007 (small blind) collected ($0.31)
Seat 5: Char P-3 (big blind) folded before Flop
Seat 6: RosemontTony folded before Flop (didn't bet)
Seat 7: bmwmann8 folded before Flop (didn't bet)
Seat 9: WilliamJBF folded on the Flop



PokerStars Hand #237754018248:  Hold'em No Limit ($0.01/$0.02 USD) - 2022/08/02 16:58:36 PT [2022/08/02 19:58:36 ET]
Table 'Skat II' 9-max Seat #4 is the button
Seat 1: holmes52711 ($1.98 in chips) 
Seat 2: alemão prado ($1.20 in chips) 
Seat 4: Dorex2007 ($2.19 in chips) 
Seat 5: Char P-3 ($2.43 in chips) 
Seat 6: RosemontTony ($1.97 in chips) 
Seat 7: bmwmann8 ($2.41 in chips) 
Seat 9: WilliamJBF ($1.88 in chips) 
Char P-3: posts small blind $0.01
RosemontTony: posts big blind $0.02
Juagonzalez: sits out 
*** HOLE CARDS ***
Dealt to Dorex2007 [9s As]
bmwmann8: calls $0.02
mercali736 joins the table at seat #3 
WilliamJBF: raises $0.02 to $0.04
holmes52711: folds 
alemão prado: calls $0.04
Dorex2007: calls $0.04
Char P-3: calls $0.03
RosemontTony: calls $0.02
bmwmann8: calls $0.02
*** FLOP *** [Jd 3c Td]
Char P-3: checks 
RosemontTony: checks 
bmwmann8: checks 
WilliamJBF: checks 
alemão prado: checks 
Dorex2007: checks 
*** TURN *** [Jd 3c Td] [2h]
Char P-3: checks 
RosemontTony: bets $0.08
bmwmann8: folds 
WilliamJBF: folds 
alemão prado: calls $0.08
Dorex2007: folds 
Char P-3: folds 
*** RIVER *** [Jd 3c Td 2h] [Jh]
RosemontTony: checks 
alemão prado: checks 
*** SHOW DOWN ***
RosemontTony: shows [Kd 6d] (a pair of Jacks)
alemão prado: mucks hand 
RosemontTony collected $0.39 from pot
*** SUMMARY ***
Total pot $0.40 | Rake $0.01 
Board [Jd 3c Td 2h Jh]
Seat 1: holmes52711 folded before Flop (didn't bet)
Seat 2: alemão prado mucked [5d 7d]
Seat 4: Dorex2007 (button) folded on the Turn
Seat 5: Char P-3 (small blind) folded on the Turn
Seat 6: RosemontTony (big blind) showed [Kd 6d] and won ($0.39) with a pair of Jacks
Seat 7: bmwmann8 folded on the Turn
Seat 9: WilliamJBF folded on the Turn



PokerStars Hand #237754041911:  Hold'em No Limit ($0.01/$0.02 USD) - 2022/08/02 17:00:26 PT [2022/08/02 20:00:26 ET]
Table 'Skat II' 9-max Seat #5 is the button
Seat 1: holmes52711 ($1.98 in chips) 
Seat 2: alemão prado ($1.08 in chips) 
Seat 4: Dorex2007 ($2.15 in chips) 
Seat 5: Char P-3 ($2.39 in chips) 
Seat 6: RosemontTony ($2.24 in chips) 
Seat 7: bmwmann8 ($2.37 in chips) 
Seat 9: WilliamJBF ($1.84 in chips) 
RosemontTony: posts small blind $0.01
bmwmann8: posts big blind $0.02
Juagonzalez: sits out 
mercali736: sits out 
*** HOLE CARDS ***
Dealt to Dorex2007 [5h 4c]
WilliamJBF: folds 
holmes52711: raises $0.04 to $0.06
alemão prado: calls $0.06
Dorex2007: folds 
Char P-3: folds 
RosemontTony: folds 
bmwmann8: folds 
*** FLOP *** [3d 3c 9c]
holmes52711: bets $0.07
alemão prado: calls $0.07
*** TURN *** [3d 3c 9c] [7c]
holmes52711: bets $0.14
alemão prado: raises $0.14 to $0.28
holmes52711: folds 
Uncalled bet ($0.14) returned to alemão prado
alemão prado collected $0.55 from pot
alemão prado: doesn't show hand 
*** SUMMARY ***
Total pot $0.57 | Rake $0.02 
Board [3d 3c 9c 7c]
Seat 1: holmes52711 folded on the Turn
Seat 2: alemão prado collected ($0.55)
Seat 4: Dorex2007 folded before Flop (didn't bet)
Seat 5: Char P-3 (button) folded before Flop (didn't bet)
Seat 6: RosemontTony (small blind) folded before Flop
Seat 7: bmwmann8 (big blind) folded before Flop
Seat 9: WilliamJBF folded before Flop (didn't bet)



PokerStars Hand #237754053429:  Hold'em No Limit ($0.01/$0.02 USD) - 2022/08/02 17:01:16 PT [2022/08/02 20:01:16 ET]
Table 'Skat II' 9-max Seat #6 is the button
Seat 1: holmes52711 ($1.71 in chips) 
Seat 2: alemão prado ($1.36 in chips) 
Seat 4: Dorex2007 ($2.15 in chips) 
Seat 5: Char P-3 ($2.39 in chips) 
Seat 6: RosemontTony ($2.23 in chips) 
Seat 7: bmwmann8 ($2.35 in chips) 
Seat 8: Juagonzalez ($2 in chips) 
Seat 9: WilliamJBF ($1.84 in chips) 
bmwmann8: posts small blind $0.01
Juagonzalez: posts big blind $0.02
mercali736: sits out 
*** HOLE CARDS ***
Dealt to Dorex2007 [Kh 3s]
WilliamJBF: folds 
holmes52711: folds 
alemão prado: calls $0.02
Dorex2007: folds 
Char P-3: folds 
RosemontTony: folds 
bmwmann8: folds 
Juagonzalez: checks 
*** FLOP *** [Ks 2c 8c]
Juagonzalez: checks 
alemão prado: bets $0.04
Juagonzalez: folds 
Uncalled bet ($0.04) returned to alemão prado
alemão prado collected $0.05 from pot
alemão prado: doesn't show hand 
*** SUMMARY ***
Total pot $0.05 | Rake $0 
Board [Ks 2c 8c]
Seat 1: holmes52711 folded before Flop (didn't bet)
Seat 2: alemão prado collected ($0.05)
Seat 4: Dorex2007 folded before Flop (didn't bet)
Seat 5: Char P-3 folded before Flop (didn't bet)
Seat 6: RosemontTony (button) folded before Flop (didn't bet)
Seat 7: bmwmann8 (small blind) folded before Flop
Seat 8: Juagonzalez (big blind) folded on the Flop
Seat 9: WilliamJBF folded before Flop (didn't bet)



PokerStars Hand #237754068365:  Hold'em No Limit ($0.01/$0.02 USD) - 2022/08/02 17:02:16 PT [2022/08/02 20:02:16 ET]
Table 'Skat II' 9-max Seat #7 is the button
Seat 1: holmes52711 ($1.71 in chips) 
Seat 2: alemão prado ($1.39 in chips) 
Seat 4: Dorex2007 ($2.15 in chips) 
Seat 5: Char P-3 ($2.39 in chips) 
Seat 6: RosemontTony ($2.23 in chips) 
Seat 7: bmwmann8 ($2.34 in chips) 
Seat 8: Juagonzalez ($2 in chips) 
Seat 9: WilliamJBF ($1.84 in chips) 
Juagonzalez: posts small blind $0.01
WilliamJBF: posts big blind $0.02
mercali736: sits out 
*** HOLE CARDS ***
Dealt to Dorex2007 [2s 9c]
holmes52711: folds 
alemão prado: folds 
Dorex2007: folds 
Char P-3: calls $0.02
RosemontTony: folds 
bmwmann8: calls $0.02
Juagonzalez: folds 
WilliamJBF: checks 
*** FLOP *** [Ad 6d 7d]
WilliamJBF: checks 
Char P-3: checks 
bmwmann8: checks 
*** TURN *** [Ad 6d 7d] [4c]
WilliamJBF: checks 
Char P-3: checks 
bmwmann8: checks 
*** RIVER *** [Ad 6d 7d 4c] [4h]
WilliamJBF: bets $0.07
Char P-3: calls $0.07
bmwmann8: folds 
*** SHOW DOWN ***
WilliamJBF: shows [Ks 4s] (three of a kind, Fours)
Char P-3: mucks hand 
WilliamJBF collected $0.20 from pot
*** SUMMARY ***
Total pot $0.21 | Rake $0.01 
Board [Ad 6d 7d 4c 4h]
Seat 1: holmes52711 folded before Flop (didn't bet)
Seat 2: alemão prado folded before Flop (didn't bet)
Seat 4: Dorex2007 folded before Flop (didn't bet)
Seat 5: Char P-3 mucked [8c 7h]
Seat 6: RosemontTony folded before Flop (didn't bet)
Seat 7: bmwmann8 (button) folded on the River
Seat 8: Juagonzalez (small blind) folded before Flop
Seat 9: WilliamJBF (big blind) showed [Ks 4s] and won ($0.20) with three of a kind, Fours



PokerStars Hand #237754087816:  Hold'em No Limit ($0.01/$0.02 USD) - 2022/08/02 17:03:35 PT [2022/08/02 20:03:35 ET]
Table 'Skat II' 9-max Seat #8 is the button
Seat 1: holmes52711 ($1.71 in chips) 
Seat 2: alemão prado ($1.39 in chips) 
Seat 4: Dorex2007 ($2.15 in chips) 
Seat 5: Char P-3 ($2.30 in chips) 
Seat 6: RosemontTony ($2.23 in chips) 
Seat 7: bmwmann8 ($2.32 in chips) 
Seat 8: Juagonzalez ($2 in chips) 
Seat 9: WilliamJBF ($1.95 in chips) 
WilliamJBF: posts small blind $0.01
holmes52711: posts big blind $0.02
mercali736: sits out 
*** HOLE CARDS ***
Dealt to Dorex2007 [As 8c]
alemão prado: folds 
Dorex2007: folds 
Char P-3: folds 
RosemontTony: folds 
bmwmann8: calls $0.02
Juagonzalez: folds 
WilliamJBF: calls $0.01
holmes52711: checks 
*** FLOP *** [Ks Ts 7c]
WilliamJBF: checks 
holmes52711: checks 
bmwmann8: bets $0.04
WilliamJBF: folds 
holmes52711: folds 
Uncalled bet ($0.04) returned to bmwmann8
bmwmann8 collected $0.06 from pot
bmwmann8: doesn't show hand 
*** SUMMARY ***
Total pot $0.06 | Rake $0 
Board [Ks Ts 7c]
Seat 1: holmes52711 (big blind) folded on the Flop
Seat 2: alemão prado folded before Flop (didn't bet)
Seat 4: Dorex2007 folded before Flop (didn't bet)
Seat 5: Char P-3 folded before Flop (didn't bet)
Seat 6: RosemontTony folded before Flop (didn't bet)
Seat 7: bmwmann8 collected ($0.06)
Seat 8: Juagonzalez (button) folded before Flop (didn't bet)
Seat 9: WilliamJBF (small blind) folded on the Flop



PokerStars Hand #237754101893:  Hold'em No Limit ($0.01/$0.02 USD) - 2022/08/02 17:04:32 PT [2022/08/02 20:04:32 ET]
Table 'Skat II' 9-max Seat #9 is the button
Seat 1: holmes52711 ($1.69 in chips) 
Seat 2: alemão prado ($1.39 in chips) 
Seat 4: Dorex2007 ($2.15 in chips) 
Seat 5: Char P-3 ($2.30 in chips) 
Seat 6: RosemontTony ($2.23 in chips) 
Seat 7: bmwmann8 ($2.36 in chips) 
Seat 8: Juagonzalez ($2 in chips) 
Seat 9: WilliamJBF ($1.93 in chips) 
holmes52711: posts small blind $0.01
alemão prado: posts big blind $0.02
mercali736: sits out 
*** HOLE CARDS ***
Dealt to Dorex2007 [4c 4s]
Dorex2007: folds 
Char P-3: raises $0.04 to $0.06
RosemontTony: folds 
bmwmann8: folds 
Juagonzalez: raises $0.18 to $0.24
WilliamJBF: folds 
holmes52711: folds 
alemão prado: folds 
Char P-3: folds 
Uncalled bet ($0.18) returned to Juagonzalez
Juagonzalez collected $0.15 from pot
Juagonzalez: doesn't show hand 
*** SUMMARY ***
Total pot $0.15 | Rake $0 
Seat 1: holmes52711 (small blind) folded before Flop
Seat 2: alemão prado (big blind) folded before Flop
Seat 4: Dorex2007 folded before Flop (didn't bet)
Seat 5: Char P-3 folded before Flop
Seat 6: RosemontTony folded before Flop (didn't bet)
Seat 7: bmwmann8 folded before Flop (didn't bet)
Seat 8: Juagonzalez collected ($0.15)
Seat 9: WilliamJBF (button) folded before Flop (didn't bet)



PokerStars Hand #237754109065:  Hold'em No Limit ($0.01/$0.02 USD) - 2022/08/02 17:05:01 PT [2022/08/02 20:05:01 ET]
Table 'Skat II' 9-max Seat #1 is the button
Seat 1: holmes52711 ($1.68 in chips) 
Seat 2: alemão prado ($1.37 in chips) 
Seat 3: mercali736 ($0.80 in chips) 
Seat 4: Dorex2007 ($2.15 in chips) 
Seat 5: Char P-3 ($2.24 in chips) 
Seat 6: RosemontTony ($2.23 in chips) 
Seat 7: bmwmann8 ($2.36 in chips) 
Seat 8: Juagonzalez ($2.09 in chips) 
Seat 9: WilliamJBF ($1.93 in chips) 
alemão prado: posts small blind $0.01
mercali736: posts big blind $0.02
*** HOLE CARDS ***
Dealt to Dorex2007 [3s 9c]
Dorex2007: folds 
Char P-3: calls $0.02
RosemontTony: folds 
bmwmann8: folds 
Juagonzalez: folds 
WilliamJBF: folds 
holmes52711: folds 
alemão prado: folds 
mercali736: checks 
*** FLOP *** [Tc 3h As]
mercali736: bets $0.04
Char P-3: calls $0.04
*** TURN *** [Tc 3h As] [3c]
mercali736: checks 
Char P-3: bets $0.08
mercali736: calls $0.08
*** RIVER *** [Tc 3h As 3c] [Js]
mercali736: checks 
Char P-3: bets $0.18
mercali736: folds 
Uncalled bet ($0.18) returned to Char P-3
Char P-3 collected $0.28 from pot
Char P-3: doesn't show hand 
*** SUMMARY ***
Total pot $0.29 | Rake $0.01 
Board [Tc 3h As 3c Js]
Seat 1: holmes52711 (button) folded before Flop (didn't bet)
Seat 2: alemão prado (small blind) folded before Flop
Seat 3: mercali736 (big blind) folded on the River
Seat 4: Dorex2007 folded before Flop (didn't bet)
Seat 5: Char P-3 collected ($0.28)
Seat 6: RosemontTony folded before Flop (didn't bet)
Seat 7: bmwmann8 folded before Flop (didn't bet)
Seat 8: Juagonzalez folded before Flop (didn't bet)
Seat 9: WilliamJBF folded before Flop (didn't bet)



PokerStars Hand #237754126648:  Hold'em No Limit ($0.01/$0.02 USD) - 2022/08/02 17:06:12 PT [2022/08/02 20:06:12 ET]
Table 'Skat II' 9-max Seat #2 is the button
Seat 1: holmes52711 ($1.68 in chips) 
Seat 2: alemão prado ($1.36 in chips) 
Seat 3: mercali736 ($0.66 in chips) 
Seat 4: Dorex2007 ($2.15 in chips) 
Seat 5: Char P-3 ($2.38 in chips) 
Seat 6: RosemontTony ($2.23 in chips) 
Seat 7: bmwmann8 ($2.36 in chips) 
Seat 8: Juagonzalez ($2.09 in chips) 
Seat 9: WilliamJBF ($1.93 in chips) 
mercali736: posts small blind $0.01
Dorex2007: posts big blind $0.02
*** HOLE CARDS ***
Dealt to Dorex2007 [5d 9h]
Char P-3: folds 
RosemontTony has timed out
RosemontTony: folds 
bmwmann8: folds 
Juagonzalez: folds 
WilliamJBF: folds 
holmes52711: folds 
alemão prado: folds 
alemão prado leaves the table
mercali736: folds 
Uncalled bet ($0.01) returned to Dorex2007
Dorex2007 collected $0.02 from pot
Dorex2007: doesn't show hand 
*** SUMMARY ***
Total pot $0.02 | Rake $0 
Seat 1: holmes52711 folded before Flop (didn't bet)
Seat 2: alemão prado (button) folded before Flop (didn't bet)
Seat 3: mercali736 (small blind) folded before Flop
Seat 4: Dorex2007 (big blind) collected ($0.02)
Seat 5: Char P-3 folded before Flop (didn't bet)
Seat 6: RosemontTony folded before Flop (didn't bet)
Seat 7: bmwmann8 folded before Flop (didn't bet)
Seat 8: Juagonzalez folded before Flop (didn't bet)
Seat 9: WilliamJBF folded before Flop (didn't bet)



PokerStars Hand #237754135939:  Hold'em No Limit ($0.01/$0.02 USD) - 2022/08/02 17:06:50 PT [2022/08/02 20:06:50 ET]
Table 'Skat II' 9-max Seat #3 is the button
Seat 1: holmes52711 ($1.68 in chips) 
Seat 3: mercali736 ($0.65 in chips) 
Seat 4: Dorex2007 ($2.16 in chips) 
Seat 5: Char P-3 ($2.38 in chips) 
Seat 6: RosemontTony ($2.23 in chips) 
Seat 7: bmwmann8 ($2.36 in chips) 
Seat 8: Juagonzalez ($2.09 in chips) 
Seat 9: WilliamJBF ($1.93 in chips) 
Dorex2007: posts small blind $0.01
Char P-3: posts big blind $0.02
*** HOLE CARDS ***
Dealt to Dorex2007 [Qh 6c]
RosemontTony: folds 
bmwmann8: calls $0.02
Juagonzalez: folds 
WilliamJBF: folds 
holmes52711: raises $0.02 to $0.04
mercali736: folds 
Dorex2007: folds 
ZéPequenno joins the table at seat #2 
Char P-3: calls $0.02
bmwmann8: calls $0.02
*** FLOP *** [4c 5c 8h]
Char P-3: checks 
bmwmann8: checks 
holmes52711: bets $0.06
Char P-3: folds 
bmwmann8: folds 
Uncalled bet ($0.06) returned to holmes52711
holmes52711 collected $0.13 from pot
holmes52711: doesn't show hand 
*** SUMMARY ***
Total pot $0.13 | Rake $0 
Board [4c 5c 8h]
Seat 1: holmes52711 collected ($0.13)
Seat 3: mercali736 (button) folded before Flop (didn't bet)
Seat 4: Dorex2007 (small blind) folded before Flop
Seat 5: Char P-3 (big blind) folded on the Flop
Seat 6: RosemontTony folded before Flop (didn't bet)
Seat 7: bmwmann8 folded on the Flop
Seat 8: Juagonzalez folded before Flop (didn't bet)
Seat 9: WilliamJBF folded before Flop (didn't bet)



PokerStars Hand #237754155009:  Hold'em No Limit ($0.01/$0.02 USD) - 2022/08/02 17:08:08 PT [2022/08/02 20:08:08 ET]
Table 'Skat II' 9-max Seat #4 is the button
Seat 1: holmes52711 ($1.77 in chips) 
Seat 2: ZéPequenno ($2 in chips) 
Seat 3: mercali736 ($0.65 in chips) 
Seat 4: Dorex2007 ($2.15 in chips) 
Seat 6: RosemontTony ($2.23 in chips) 
Seat 7: bmwmann8 ($2.32 in chips) 
Seat 8: Juagonzalez ($2.09 in chips) 
Seat 9: WilliamJBF ($1.93 in chips) 
Char P-3 has timed out
Char P-3: is sitting out 
RosemontTony: posts small blind $0.01
bmwmann8: posts big blind $0.02
ZéPequenno: posts big blind $0.02
*** HOLE CARDS ***
Dealt to Dorex2007 [5s Qd]
Juagonzalez: folds 
WilliamJBF: folds 
holmes52711: raises $0.04 to $0.06
ZéPequenno: folds 
mercali736: folds 
Dorex2007: folds 
RosemontTony: folds 
bmwmann8: folds 
Uncalled bet ($0.04) returned to holmes52711
holmes52711 collected $0.07 from pot
holmes52711: doesn't show hand 
*** SUMMARY ***
Total pot $0.07 | Rake $0 
Seat 1: holmes52711 collected ($0.07)
Seat 2: ZéPequenno folded before Flop (didn't bet)
Seat 3: mercali736 folded before Flop (didn't bet)
Seat 4: Dorex2007 (button) folded before Flop (didn't bet)
Seat 6: RosemontTony (small blind) folded before Flop
Seat 7: bmwmann8 (big blind) folded before Flop
Seat 8: Juagonzalez folded before Flop (didn't bet)
Seat 9: WilliamJBF folded before Flop (didn't bet)



PokerStars Hand #237754173520:  Hold'em No Limit ($0.01/$0.02 USD) - 2022/08/02 17:08:43 PT [2022/08/02 20:08:43 ET]
Table 'Skat II' 9-max Seat #6 is the button
Seat 1: holmes52711 ($1.82 in chips) 
Seat 2: ZéPequenno ($1.98 in chips) 
Seat 3: mercali736 ($0.65 in chips) 
Seat 4: Dorex2007 ($2.15 in chips) 
Seat 6: RosemontTony ($2.22 in chips) 
Seat 7: bmwmann8 ($2.30 in chips) 
Seat 8: Juagonzalez ($2.09 in chips) 
Seat 9: WilliamJBF ($1.93 in chips) 
bmwmann8: posts small blind $0.01
Juagonzalez: posts big blind $0.02
Char P-3: sits out 
*** HOLE CARDS ***
Dealt to Dorex2007 [Ks 8d]
WilliamJBF: folds 
holmes52711: folds 
ZéPequenno: calls $0.02
mercali736: calls $0.02
Dorex2007: folds 
RosemontTony: folds 
bmwmann8: calls $0.01
Juagonzalez: checks 
*** FLOP *** [7s 6d 4d]
bmwmann8: bets $0.04
Juagonzalez: folds 
ZéPequenno: calls $0.04
mercali736: folds 
*** TURN *** [7s 6d 4d] [3h]
bmwmann8: checks 
ZéPequenno: checks 
*** RIVER *** [7s 6d 4d 3h] [Ac]
bmwmann8: checks 
ZéPequenno: bets $0.06
bmwmann8: folds 
Uncalled bet ($0.06) returned to ZéPequenno
ZéPequenno collected $0.15 from pot
ZéPequenno: doesn't show hand 
*** SUMMARY ***
Total pot $0.16 | Rake $0.01 
Board [7s 6d 4d 3h Ac]
Seat 1: holmes52711 folded before Flop (didn't bet)
Seat 2: ZéPequenno collected ($0.15)
Seat 3: mercali736 folded on the Flop
Seat 4: Dorex2007 folded before Flop (didn't bet)
Seat 6: RosemontTony (button) folded before Flop (didn't bet)
Seat 7: bmwmann8 (small blind) folded on the River
Seat 8: Juagonzalez (big blind) folded on the Flop
Seat 9: WilliamJBF folded before Flop (didn't bet)



PokerStars Hand #237754194105:  Hold'em No Limit ($0.01/$0.02 USD) - 2022/08/02 17:10:07 PT [2022/08/02 20:10:07 ET]
Table 'Skat II' 9-max Seat #7 is the button
Seat 1: holmes52711 ($1.82 in chips) 
Seat 2: ZéPequenno ($2.07 in chips) 
Seat 3: mercali736 ($0.63 in chips) 
Seat 4: Dorex2007 ($2.15 in chips) 
Seat 5: Char P-3 ($2.34 in chips) 
Seat 6: RosemontTony ($2.22 in chips) 
Seat 7: bmwmann8 ($2.24 in chips) 
Seat 8: Juagonzalez ($2.07 in chips) 
Seat 9: WilliamJBF ($1.93 in chips) 
Juagonzalez: posts small blind $0.01
WilliamJBF: posts big blind $0.02
Char P-3: posts small blind $0.01
*** HOLE CARDS ***
Dealt to Dorex2007 [5d 7h]
holmes52711: folds 
ZéPequenno: calls $0.02
mercali736: folds 
Dorex2007: folds 
Char P-3: raises $0.04 to $0.06
RosemontTony: folds 
bmwmann8: folds 
Juagonzalez: folds 
WilliamJBF: folds 
ZéPequenno: calls $0.04
*** FLOP *** [Qh 4s 8h]
ZéPequenno: checks 
Char P-3: bets $0.10
ZéPequenno: folds 
Uncalled bet ($0.10) returned to Char P-3
Char P-3 collected $0.15 from pot
Char P-3: doesn't show hand 
*** SUMMARY ***
Total pot $0.16 | Rake $0.01 
Board [Qh 4s 8h]
Seat 1: holmes52711 folded before Flop (didn't bet)
Seat 2: ZéPequenno folded on the Flop
Seat 3: mercali736 folded before Flop (didn't bet)
Seat 4: Dorex2007 folded before Flop (didn't bet)
Seat 5: Char P-3 collected ($0.15)
Seat 6: RosemontTony folded before Flop (didn't bet)
Seat 7: bmwmann8 (button) folded before Flop (didn't bet)
Seat 8: Juagonzalez (small blind) folded before Flop
Seat 9: WilliamJBF (big blind) folded before Flop



PokerStars Hand #237754206065:  Hold'em No Limit ($0.01/$0.02 USD) - 2022/08/02 17:10:56 PT [2022/08/02 20:10:56 ET]
Table 'Skat II' 9-max Seat #8 is the button
Seat 1: holmes52711 ($1.82 in chips) 
Seat 2: ZéPequenno ($2.01 in chips) 
Seat 3: mercali736 ($0.63 in chips) 
Seat 4: Dorex2007 ($2.15 in chips) 
Seat 5: Char P-3 ($2.42 in chips) 
Seat 6: RosemontTony ($2.22 in chips) 
Seat 7: bmwmann8 ($2.24 in chips) 
Seat 8: Juagonzalez ($2.06 in chips) 
Seat 9: WilliamJBF ($1.91 in chips) 
WilliamJBF: posts small blind $0.01
holmes52711: posts big blind $0.02
*** HOLE CARDS ***
Dealt to Dorex2007 [4h 2c]
ZéPequenno: calls $0.02
mercali736: calls $0.02
Dorex2007: folds 
Char P-3: folds 
RosemontTony: folds 
bmwmann8: calls $0.02
Juagonzalez: folds 
WilliamJBF: calls $0.01
holmes52711: checks 
*** FLOP *** [9s 8d 4d]
WilliamJBF: checks 
holmes52711: checks 
ZéPequenno: checks 
mercali736: bets $0.10
bmwmann8: calls $0.10
WilliamJBF: folds 
holmes52711: folds 
ZéPequenno: folds 
*** TURN *** [9s 8d 4d] [7s]
mercali736: bets $0.18
bmwmann8: calls $0.18
*** RIVER *** [9s 8d 4d 7s] [Td]
mercali736: bets $0.33 and is all-in
bmwmann8: calls $0.33
*** SHOW DOWN ***
mercali736: shows [Tc Jd] (a straight, Seven to Jack)
bmwmann8: shows [8h 6h] (a straight, Six to Ten)
mercali736 collected $1.27 from pot
*** SUMMARY ***
Total pot $1.32 | Rake $0.05 
Board [9s 8d 4d 7s Td]
Seat 1: holmes52711 (big blind) folded on the Flop
Seat 2: ZéPequenno folded on the Flop
Seat 3: mercali736 showed [Tc Jd] and won ($1.27) with a straight, Seven to Jack
Seat 4: Dorex2007 folded before Flop (didn't bet)
Seat 5: Char P-3 folded before Flop (didn't bet)
Seat 6: RosemontTony folded before Flop (didn't bet)
Seat 7: bmwmann8 showed [8h 6h] and lost with a straight, Six to Ten
Seat 8: Juagonzalez (button) folded before Flop (didn't bet)
Seat 9: WilliamJBF (small blind) folded on the Flop



PokerStars Hand #237754224277:  Hold'em No Limit ($0.01/$0.02 USD) - 2022/08/02 17:12:11 PT [2022/08/02 20:12:11 ET]
Table 'Skat II' 9-max Seat #9 is the button
Seat 1: holmes52711 ($1.80 in chips) 
Seat 2: ZéPequenno ($1.99 in chips) 
Seat 3: mercali736 ($1.27 in chips) 
Seat 4: Dorex2007 ($2.15 in chips) 
Seat 5: Char P-3 ($2.42 in chips) 
Seat 6: RosemontTony ($2.22 in chips) 
Seat 7: bmwmann8 ($1.61 in chips) 
Seat 8: Juagonzalez ($2.06 in chips) 
Seat 9: WilliamJBF ($1.89 in chips) 
holmes52711: posts small blind $0.01
ZéPequenno: posts big blind $0.02
*** HOLE CARDS ***
Dealt to Dorex2007 [9h 3d]
mercali736: folds 
Dorex2007: folds 
Char P-3: raises $0.06 to $0.08
RosemontTony has timed out
RosemontTony: folds 
bmwmann8: folds 
Juagonzalez: folds 
mercali736 leaves the table
WilliamJBF: folds 
holmes52711: folds 
ZéPequenno: folds 
Uncalled bet ($0.06) returned to Char P-3
Char P-3 collected $0.05 from pot
Char P-3: doesn't show hand 
*** SUMMARY ***
Total pot $0.05 | Rake $0 
Seat 1: holmes52711 (small blind) folded before Flop
Seat 2: ZéPequenno (big blind) folded before Flop
Seat 3: mercali736 folded before Flop (didn't bet)
Seat 4: Dorex2007 folded before Flop (didn't bet)
Seat 5: Char P-3 collected ($0.05)
Seat 6: RosemontTony folded before Flop (didn't bet)
Seat 7: bmwmann8 folded before Flop (didn't bet)
Seat 8: Juagonzalez folded before Flop (didn't bet)
Seat 9: WilliamJBF (button) folded before Flop (didn't bet)



PokerStars Hand #237754232577:  Hold'em No Limit ($0.01/$0.02 USD) - 2022/08/02 17:12:46 PT [2022/08/02 20:12:46 ET]
Table 'Skat II' 9-max Seat #1 is the button
Seat 1: holmes52711 ($1.79 in chips) 
Seat 2: ZéPequenno ($1.97 in chips) 
Seat 4: Dorex2007 ($2.15 in chips) 
Seat 5: Char P-3 ($2.45 in chips) 
Seat 7: bmwmann8 ($1.61 in chips) 
Seat 8: Juagonzalez ($2.06 in chips) 
Seat 9: WilliamJBF ($1.89 in chips) 
ZéPequenno: posts small blind $0.01
Dorex2007: posts big blind $0.02
*** HOLE CARDS ***
Dealt to Dorex2007 [6s Js]
Char P-3: calls $0.02
bmwmann8: folds 
Juagonzalez: raises $0.08 to $0.10
WilliamJBF: folds 
holmes52711: calls $0.10
ZéPequenno: folds 
Dorex2007: folds 
casual razor joins the table at seat #3 
Char P-3: calls $0.08
*** FLOP *** [7d Qs Th]
Char P-3: checks 
Juagonzalez: checks 
holmes52711: checks 
*** TURN *** [7d Qs Th] [9h]
Char P-3: checks 
Juagonzalez: checks 
holmes52711: bets $0.16
Char P-3: folds 
Juagonzalez: folds 
Uncalled bet ($0.16) returned to holmes52711
holmes52711 collected $0.32 from pot
holmes52711: doesn't show hand 
*** SUMMARY ***
Total pot $0.33 | Rake $0.01 
Board [7d Qs Th 9h]
Seat 1: holmes52711 (button) collected ($0.32)
Seat 2: ZéPequenno (small blind) folded before Flop
Seat 4: Dorex2007 (big blind) folded before Flop
Seat 5: Char P-3 folded on the Turn
Seat 7: bmwmann8 folded before Flop (didn't bet)
Seat 8: Juagonzalez folded on the Turn
Seat 9: WilliamJBF folded before Flop (didn't bet)



PokerStars Hand #237754247212:  Hold'em No Limit ($0.01/$0.02 USD) - 2022/08/02 17:13:48 PT [2022/08/02 20:13:48 ET]
Table 'Skat II' 9-max Seat #2 is the button
Seat 1: holmes52711 ($2.01 in chips) 
Seat 2: ZéPequenno ($1.96 in chips) 
Seat 4: Dorex2007 ($2.13 in chips) 
Seat 5: Char P-3 ($2.35 in chips) 
Seat 6: RosemontTony ($2.22 in chips) 
Seat 7: bmwmann8 ($1.61 in chips) 
Seat 8: Juagonzalez ($2 in chips) 
Seat 9: WilliamJBF ($1.89 in chips) 
Dorex2007: posts small blind $0.01
Char P-3: posts big blind $0.02
*** HOLE CARDS ***
Dealt to Dorex2007 [9c Ks]
RosemontTony: folds 
bmwmann8: folds 
Juagonzalez: folds 
WilliamJBF: raises $0.02 to $0.04
holmes52711: folds 
ZéPequenno: folds 
Dorex2007: folds 
Char P-3: folds 
Uncalled bet ($0.02) returned to WilliamJBF
WilliamJBF collected $0.05 from pot
WilliamJBF: doesn't show hand 
*** SUMMARY ***
Total pot $0.05 | Rake $0 
Seat 1: holmes52711 folded before Flop (didn't bet)
Seat 2: ZéPequenno (button) folded before Flop (didn't bet)
Seat 4: Dorex2007 (small blind) folded before Flop
Seat 5: Char P-3 (big blind) folded before Flop
Seat 6: RosemontTony folded before Flop (didn't bet)
Seat 7: bmwmann8 folded before Flop (didn't bet)
Seat 8: Juagonzalez folded before Flop (didn't bet)
Seat 9: WilliamJBF collected ($0.05)



PokerStars Hand #237754253897:  Hold'em No Limit ($0.01/$0.02 USD) - 2022/08/02 17:14:16 PT [2022/08/02 20:14:16 ET]
Table 'Skat II' 9-max Seat #4 is the button
Seat 1: holmes52711 ($2.01 in chips) 
Seat 2: ZéPequenno ($1.96 in chips) 
Seat 3: casual razor ($2 in chips) 
Seat 4: Dorex2007 ($2.12 in chips) 
Seat 5: Char P-3 ($2.33 in chips) 
Seat 6: RosemontTony ($2.22 in chips) 
Seat 7: bmwmann8 ($1.61 in chips) 
Seat 8: Juagonzalez ($2 in chips) 
Seat 9: WilliamJBF ($1.92 in chips) 
Char P-3: posts small blind $0.01
RosemontTony: posts big blind $0.02
casual razor: posts big blind $0.02
*** HOLE CARDS ***
Dealt to Dorex2007 [2c Qd]
bmwmann8: folds 
Juagonzalez: raises $0.04 to $0.06
WilliamJBF: folds 
holmes52711: folds 
ZéPequenno: folds 
casual razor: folds 
Dorex2007: folds 
Char P-3: folds 
RosemontTony: folds 
Uncalled bet ($0.04) returned to Juagonzalez
Juagonzalez collected $0.07 from pot
Juagonzalez: doesn't show hand 
*** SUMMARY ***
Total pot $0.07 | Rake $0 
Seat 1: holmes52711 folded before Flop (didn't bet)
Seat 2: ZéPequenno folded before Flop (didn't bet)
Seat 3: casual razor folded before Flop (didn't bet)
Seat 4: Dorex2007 (button) folded before Flop (didn't bet)
Seat 5: Char P-3 (small blind) folded before Flop
Seat 6: RosemontTony (big blind) folded before Flop
Seat 7: bmwmann8 folded before Flop (didn't bet)
Seat 8: Juagonzalez collected ($0.07)
Seat 9: WilliamJBF folded before Flop (didn't bet)



PokerStars Hand #237754260184:  Hold'em No Limit ($0.01/$0.02 USD) - 2022/08/02 17:14:43 PT [2022/08/02 20:14:43 ET]
Table 'Skat II' 9-max Seat #5 is the button
Seat 1: holmes52711 ($2.01 in chips) 
Seat 2: ZéPequenno ($1.96 in chips) 
Seat 3: casual razor ($1.98 in chips) 
Seat 4: Dorex2007 ($2.12 in chips) 
Seat 5: Char P-3 ($2.32 in chips) 
Seat 6: RosemontTony ($2.20 in chips) 
Seat 7: bmwmann8 ($1.61 in chips) 
Seat 8: Juagonzalez ($2.05 in chips) 
Seat 9: WilliamJBF ($1.92 in chips) 
RosemontTony: posts small blind $0.01
bmwmann8: posts big blind $0.02
*** HOLE CARDS ***
Dealt to Dorex2007 [3c 8d]
Juagonzalez: folds 
WilliamJBF: folds 
holmes52711: folds 
ZéPequenno: folds 
casual razor: calls $0.02
Dorex2007: folds 
Char P-3: folds 
RosemontTony: raises $0.06 to $0.08
bmwmann8: raises $0.06 to $0.14
casual razor: folds 
RosemontTony: folds 
Uncalled bet ($0.06) returned to bmwmann8
bmwmann8 collected $0.18 from pot
bmwmann8: doesn't show hand 
*** SUMMARY ***
Total pot $0.18 | Rake $0 
Seat 1: holmes52711 folded before Flop (didn't bet)
Seat 2: ZéPequenno folded before Flop (didn't bet)
Seat 3: casual razor folded before Flop
Seat 4: Dorex2007 folded before Flop (didn't bet)
Seat 5: Char P-3 (button) folded before Flop (didn't bet)
Seat 6: RosemontTony (small blind) folded before Flop
Seat 7: bmwmann8 (big blind) collected ($0.18)
Seat 8: Juagonzalez folded before Flop (didn't bet)
Seat 9: WilliamJBF folded before Flop (didn't bet)



PokerStars Hand #237754269955:  Hold'em No Limit ($0.01/$0.02 USD) - 2022/08/02 17:15:23 PT [2022/08/02 20:15:23 ET]
Table 'Skat II' 9-max Seat #6 is the button
Seat 1: holmes52711 ($2.01 in chips) 
Seat 2: ZéPequenno ($1.96 in chips) 
Seat 3: casual razor ($1.96 in chips) 
Seat 4: Dorex2007 ($2.12 in chips) 
Seat 5: Char P-3 ($2.32 in chips) 
Seat 6: RosemontTony ($2.12 in chips) 
Seat 7: bmwmann8 ($1.71 in chips) 
Seat 8: Juagonzalez ($2.05 in chips) 
Seat 9: WilliamJBF ($1.92 in chips) 
bmwmann8: posts small blind $0.01
Juagonzalez: posts big blind $0.02
*** HOLE CARDS ***
Dealt to Dorex2007 [5s 8d]
WilliamJBF: folds 
holmes52711: folds 
ZéPequenno: folds 
casual razor: folds 
Dorex2007: folds 
Char P-3: folds 
RosemontTony: folds 
bmwmann8: calls $0.01
Juagonzalez: checks 
*** FLOP *** [8c 4s 7d]
bmwmann8: bets $0.04
Juagonzalez: folds 
Uncalled bet ($0.04) returned to bmwmann8
bmwmann8 collected $0.04 from pot
bmwmann8: doesn't show hand 
*** SUMMARY ***
Total pot $0.04 | Rake $0 
Board [8c 4s 7d]
Seat 1: holmes52711 folded before Flop (didn't bet)
Seat 2: ZéPequenno folded before Flop (didn't bet)
Seat 3: casual razor folded before Flop (didn't bet)
Seat 4: Dorex2007 folded before Flop (didn't bet)
Seat 5: Char P-3 folded before Flop (didn't bet)
Seat 6: RosemontTony (button) folded before Flop (didn't bet)
Seat 7: bmwmann8 (small blind) collected ($0.04)
Seat 8: Juagonzalez (big blind) folded on the Flop
Seat 9: WilliamJBF folded before Flop (didn't bet)



PokerStars Hand #237754277229:  Hold'em No Limit ($0.01/$0.02 USD) - 2022/08/02 17:15:54 PT [2022/08/02 20:15:54 ET]
Table 'Skat II' 9-max Seat #7 is the button
Seat 1: holmes52711 ($2.01 in chips) 
Seat 2: ZéPequenno ($1.96 in chips) 
Seat 3: casual razor ($1.96 in chips) 
Seat 4: Dorex2007 ($2.12 in chips) 
Seat 5: Char P-3 ($2.32 in chips) 
Seat 6: RosemontTony ($2.12 in chips) 
Seat 7: bmwmann8 ($1.73 in chips) 
Seat 8: Juagonzalez ($2.03 in chips) 
Seat 9: WilliamJBF ($1.92 in chips) 
Juagonzalez: posts small blind $0.01
WilliamJBF: posts big blind $0.02
*** HOLE CARDS ***
Dealt to Dorex2007 [Kh Qc]
holmes52711: folds 
ZéPequenno: calls $0.02
casual razor: folds 
Dorex2007: calls $0.02
Char P-3: calls $0.02
RosemontTony: calls $0.02
bmwmann8: calls $0.02
Juagonzalez: raises $0.18 to $0.20
WilliamJBF: folds 
ZéPequenno: folds 
Dorex2007: folds 
Char P-3: folds 
RosemontTony: folds 
bmwmann8: folds 
Uncalled bet ($0.18) returned to Juagonzalez
Juagonzalez collected $0.14 from pot
Juagonzalez: doesn't show hand 
*** SUMMARY ***
Total pot $0.14 | Rake $0 
Seat 1: holmes52711 folded before Flop (didn't bet)
Seat 2: ZéPequenno folded before Flop
Seat 3: casual razor folded before Flop (didn't bet)
Seat 4: Dorex2007 folded before Flop
Seat 5: Char P-3 folded before Flop
Seat 6: RosemontTony folded before Flop
Seat 7: bmwmann8 (button) folded before Flop
Seat 8: Juagonzalez (small blind) collected ($0.14)
Seat 9: WilliamJBF (big blind) folded before Flop



PokerStars Hand #237754291728:  Hold'em No Limit ($0.01/$0.02 USD) - 2022/08/02 17:16:55 PT [2022/08/02 20:16:55 ET]
Table 'Skat II' 9-max Seat #8 is the button
Seat 1: holmes52711 ($2.01 in chips) 
Seat 2: ZéPequenno ($1.94 in chips) 
Seat 3: casual razor ($1.96 in chips) 
Seat 4: Dorex2007 ($2.10 in chips) 
Seat 5: Char P-3 ($2.30 in chips) 
Seat 6: RosemontTony ($2.10 in chips) 
Seat 7: bmwmann8 ($1.71 in chips) 
Seat 8: Juagonzalez ($2.15 in chips) 
Seat 9: WilliamJBF ($1.90 in chips) 
WilliamJBF: posts small blind $0.01
holmes52711: posts big blind $0.02
*** HOLE CARDS ***
Dealt to Dorex2007 [3c Ac]
ZéPequenno: folds 
casual razor: calls $0.02
Dorex2007: folds 
Char P-3: raises $0.06 to $0.08
RosemontTony: folds 
bmwmann8: folds 
Juagonzalez: folds 
WilliamJBF: folds 
holmes52711: folds 
casual razor: folds 
Uncalled bet ($0.06) returned to Char P-3
Char P-3 collected $0.07 from pot
Char P-3: doesn't show hand 
*** SUMMARY ***
Total pot $0.07 | Rake $0 
Seat 1: holmes52711 (big blind) folded before Flop
Seat 2: ZéPequenno folded before Flop (didn't bet)
Seat 3: casual razor folded before Flop
Seat 4: Dorex2007 folded before Flop (didn't bet)
Seat 5: Char P-3 collected ($0.07)
Seat 6: RosemontTony folded before Flop (didn't bet)
Seat 7: bmwmann8 folded before Flop (didn't bet)
Seat 8: Juagonzalez (button) folded before Flop (didn't bet)
Seat 9: WilliamJBF (small blind) folded before Flop



PokerStars Hand #237754298987:  Hold'em No Limit ($0.01/$0.02 USD) - 2022/08/02 17:17:26 PT [2022/08/02 20:17:26 ET]
Table 'Skat II' 9-max Seat #9 is the button
Seat 1: holmes52711 ($1.99 in chips) 
Seat 2: ZéPequenno ($1.94 in chips) 
Seat 3: casual razor ($1.94 in chips) 
Seat 4: Dorex2007 ($2.10 in chips) 
Seat 5: Char P-3 ($2.35 in chips) 
Seat 6: RosemontTony ($2.10 in chips) 
Seat 7: bmwmann8 ($1.71 in chips) 
Seat 8: Juagonzalez ($2.15 in chips) 
Seat 9: WilliamJBF ($1.89 in chips) 
holmes52711: posts small blind $0.01
ZéPequenno: posts big blind $0.02
*** HOLE CARDS ***
Dealt to Dorex2007 [Kc Qd]
casual razor: raises $0.06 to $0.08
Dorex2007: calls $0.08
Char P-3: folds 
RosemontTony: folds 
bmwmann8: folds 
Juagonzalez: folds 
WilliamJBF: folds 
holmes52711: folds 
ZéPequenno: folds 
*** FLOP *** [5h Th Ts]
casual razor: bets $0.13
Dorex2007: folds 
Uncalled bet ($0.13) returned to casual razor
casual razor collected $0.18 from pot
casual razor: doesn't show hand 
*** SUMMARY ***
Total pot $0.19 | Rake $0.01 
Board [5h Th Ts]
Seat 1: holmes52711 (small blind) folded before Flop
Seat 2: ZéPequenno (big blind) folded before Flop
Seat 3: casual razor collected ($0.18)
Seat 4: Dorex2007 folded on the Flop
Seat 5: Char P-3 folded before Flop (didn't bet)
Seat 6: RosemontTony folded before Flop (didn't bet)
Seat 7: bmwmann8 folded before Flop (didn't bet)
Seat 8: Juagonzalez folded before Flop (didn't bet)
Seat 9: WilliamJBF (button) folded before Flop (didn't bet)



PokerStars Hand #237754307436:  Hold'em No Limit ($0.01/$0.02 USD) - 2022/08/02 17:18:02 PT [2022/08/02 20:18:02 ET]
Table 'Skat II' 9-max Seat #1 is the button
Seat 1: holmes52711 ($1.98 in chips) 
Seat 2: ZéPequenno ($1.92 in chips) 
Seat 3: casual razor ($2.04 in chips) 
Seat 4: Dorex2007 ($2.02 in chips) 
Seat 5: Char P-3 ($2.35 in chips) 
Seat 6: RosemontTony ($2.10 in chips) 
Seat 7: bmwmann8 ($1.71 in chips) 
Seat 8: Juagonzalez ($2.15 in chips) 
Seat 9: WilliamJBF ($1.89 in chips) 
ZéPequenno: posts small blind $0.01
casual razor: posts big blind $0.02
*** HOLE CARDS ***
Dealt to Dorex2007 [Kh 3d]
Dorex2007: folds 
Char P-3: folds 
RosemontTony: folds 
bmwmann8: folds 
Juagonzalez: folds 
WilliamJBF: folds 
holmes52711: folds 
ZéPequenno: calls $0.01
casual razor: checks 
*** FLOP *** [4s 8d Qs]
ZéPequenno: bets $0.04
casual razor: folds 
Uncalled bet ($0.04) returned to ZéPequenno
ZéPequenno collected $0.04 from pot
ZéPequenno: doesn't show hand 
*** SUMMARY ***
Total pot $0.04 | Rake $0 
Board [4s 8d Qs]
Seat 1: holmes52711 (button) folded before Flop (didn't bet)
Seat 2: ZéPequenno (small blind) collected ($0.04)
Seat 3: casual razor (big blind) folded on the Flop
Seat 4: Dorex2007 folded before Flop (didn't bet)
Seat 5: Char P-3 folded before Flop (didn't bet)
Seat 6: RosemontTony folded before Flop (didn't bet)
Seat 7: bmwmann8 folded before Flop (didn't bet)
Seat 8: Juagonzalez folded before Flop (didn't bet)
Seat 9: WilliamJBF folded before Flop (didn't bet)



PokerStars Hand #237754314395:  Hold'em No Limit ($0.01/$0.02 USD) - 2022/08/02 17:18:31 PT [2022/08/02 20:18:31 ET]
Table 'Skat II' 9-max Seat #2 is the button
Seat 1: holmes52711 ($1.98 in chips) 
Seat 2: ZéPequenno ($1.94 in chips) 
Seat 3: casual razor ($2.02 in chips) 
Seat 4: Dorex2007 ($2.02 in chips) 
Seat 5: Char P-3 ($2.35 in chips) 
Seat 6: RosemontTony ($2.10 in chips) 
Seat 7: bmwmann8 ($1.71 in chips) 
Seat 8: Juagonzalez ($2.15 in chips) 
Seat 9: WilliamJBF ($1.89 in chips) 
casual razor: posts small blind $0.01
Dorex2007: posts big blind $0.02
*** HOLE CARDS ***
Dealt to Dorex2007 [Th 2s]
Char P-3: calls $0.02
RosemontTony: folds 
bmwmann8: raises $0.04 to $0.06
Juagonzalez: folds 
WilliamJBF: folds 
holmes52711: folds 
ZéPequenno: folds 
casual razor: calls $0.05
Dorex2007: folds 
Char P-3: calls $0.04
*** FLOP *** [6c 7c 3h]
casual razor: checks 
Char P-3: checks 
bmwmann8: checks 
*** TURN *** [6c 7c 3h] [Kh]
casual razor: bets $0.10
Char P-3: folds 
bmwmann8: calls $0.10
*** RIVER *** [6c 7c 3h Kh] [3d]
casual razor: bets $0.27
bmwmann8: calls $0.27
*** SHOW DOWN ***
casual razor: shows [8c Ac] (a pair of Threes)
bmwmann8: shows [Jd Ah] (a pair of Threes - Ace+King+Jack kicker)
bmwmann8 collected $0.90 from pot
*** SUMMARY ***
Total pot $0.94 | Rake $0.04 
Board [6c 7c 3h Kh 3d]
Seat 1: holmes52711 folded before Flop (didn't bet)
Seat 2: ZéPequenno (button) folded before Flop (didn't bet)
Seat 3: casual razor (small blind) showed [8c Ac] and lost with a pair of Threes
Seat 4: Dorex2007 (big blind) folded before Flop
Seat 5: Char P-3 folded on the Turn
Seat 6: RosemontTony folded before Flop (didn't bet)
Seat 7: bmwmann8 showed [Jd Ah] and won ($0.90) with a pair of Threes
Seat 8: Juagonzalez folded before Flop (didn't bet)
Seat 9: WilliamJBF folded before Flop (didn't bet)



PokerStars Hand #237754329504:  Hold'em No Limit ($0.01/$0.02 USD) - 2022/08/02 17:19:35 PT [2022/08/02 20:19:35 ET]
Table 'Skat II' 9-max Seat #3 is the button
Seat 1: holmes52711 ($1.98 in chips) 
Seat 2: ZéPequenno ($1.94 in chips) 
Seat 3: casual razor ($1.59 in chips) 
Seat 4: Dorex2007 ($2 in chips) 
Seat 5: Char P-3 ($2.29 in chips) 
Seat 6: RosemontTony ($2.10 in chips) 
Seat 7: bmwmann8 ($2.18 in chips) 
Seat 8: Juagonzalez ($2.15 in chips) 
Seat 9: WilliamJBF ($1.89 in chips) 
Dorex2007: posts small blind $0.01
Char P-3: posts big blind $0.02
*** HOLE CARDS ***
Dealt to Dorex2007 [2c 4c]
RosemontTony: folds 
bmwmann8: folds 
Juagonzalez: folds 
WilliamJBF: folds 
holmes52711: folds 
holmes52711 leaves the table
ZéPequenno: folds 
casual razor: calls $0.02
Dorex2007: folds 
Char P-3: checks 
*** FLOP *** [Ah 4h Js]
Char P-3: checks 
casual razor: bets $0.04
Char P-3: calls $0.04
*** TURN *** [Ah 4h Js] [4d]
bmwmann8 leaves the table
Char P-3: checks 
casual razor: bets $0.10
Char P-3: folds 
Uncalled bet ($0.10) returned to casual razor
casual razor collected $0.13 from pot
casual razor: doesn't show hand 
*** SUMMARY ***
Total pot $0.13 | Rake $0 
Board [Ah 4h Js 4d]
Seat 1: holmes52711 folded before Flop (didn't bet)
Seat 2: ZéPequenno folded before Flop (didn't bet)
Seat 3: casual razor (button) collected ($0.13)
Seat 4: Dorex2007 (small blind) folded before Flop
Seat 5: Char P-3 (big blind) folded on the Turn
Seat 6: RosemontTony folded before Flop (didn't bet)
Seat 7: bmwmann8 folded before Flop (didn't bet)
Seat 8: Juagonzalez folded before Flop (didn't bet)
Seat 9: WilliamJBF folded before Flop (didn't bet)



PokerStars Hand #237754341922:  Hold'em No Limit ($0.01/$0.02 USD) - 2022/08/02 17:20:28 PT [2022/08/02 20:20:28 ET]
Table 'Skat II' 9-max Seat #4 is the button
Seat 2: ZéPequenno ($1.94 in chips) 
Seat 3: casual razor ($1.66 in chips) 
Seat 4: Dorex2007 ($2 in chips) 
Seat 5: Char P-3 ($2.23 in chips) 
Seat 6: RosemontTony ($2.10 in chips) 
Seat 8: Juagonzalez ($2.15 in chips) 
Seat 9: WilliamJBF ($1.89 in chips) 
Char P-3: posts small blind $0.01
RosemontTony: posts big blind $0.02
*** HOLE CARDS ***
Dealt to Dorex2007 [3h As]
Juagonzalez: folds 
WilliamJBF: folds 
ZéPequenno: folds 
casual razor: raises $0.04 to $0.06
Dorex2007: folds 
Char P-3: folds 
RosemontTony: calls $0.04
*** FLOP *** [Js Ks 2d]
RosemontTony: checks 
casual razor: bets $0.08
RosemontTony: calls $0.08
*** TURN *** [Js Ks 2d] [3c]
RosemontTony: checks 
casual razor: checks 
*** RIVER *** [Js Ks 2d 3c] [4c]
RosemontTony: checks 
casual razor: bets $0.18
RosemontTony: folds 
Uncalled bet ($0.18) returned to casual razor
casual razor collected $0.28 from pot
casual razor: doesn't show hand 
*** SUMMARY ***
Total pot $0.29 | Rake $0.01 
Board [Js Ks 2d 3c 4c]
Seat 2: ZéPequenno folded before Flop (didn't bet)
Seat 3: casual razor collected ($0.28)
Seat 4: Dorex2007 (button) folded before Flop (didn't bet)
Seat 5: Char P-3 (small blind) folded before Flop
Seat 6: RosemontTony (big blind) folded on the River
Seat 8: Juagonzalez folded before Flop (didn't bet)
Seat 9: WilliamJBF folded before Flop (didn't bet)



PokerStars Hand #237754357348:  Hold'em No Limit ($0.01/$0.02 USD) - 2022/08/02 17:21:34 PT [2022/08/02 20:21:34 ET]
Table 'Skat II' 9-max Seat #5 is the button
Seat 2: ZéPequenno ($1.94 in chips) 
Seat 3: casual razor ($1.80 in chips) 
Seat 4: Dorex2007 ($2 in chips) 
Seat 5: Char P-3 ($2.22 in chips) 
Seat 6: RosemontTony ($1.96 in chips) 
Seat 8: Juagonzalez ($2.15 in chips) 
Seat 9: WilliamJBF ($1.89 in chips) 
RosemontTony: posts small blind $0.01
Juagonzalez: posts big blind $0.02
*** HOLE CARDS ***
Dealt to Dorex2007 [7d Td]
WilliamJBF: folds 
ZéPequenno: folds 
casual razor: calls $0.02
Dorex2007: folds 
Char P-3: folds 
baloune1964 joins the table at seat #1 
RosemontTony: raises $0.06 to $0.08
Juagonzalez: folds 
casual razor: folds 
Uncalled bet ($0.06) returned to RosemontTony
RosemontTony collected $0.06 from pot
RosemontTony: doesn't show hand 
*** SUMMARY ***
Total pot $0.06 | Rake $0 
Seat 2: ZéPequenno folded before Flop (didn't bet)
Seat 3: casual razor folded before Flop
Seat 4: Dorex2007 folded before Flop (didn't bet)
Seat 5: Char P-3 (button) folded before Flop (didn't bet)
Seat 6: RosemontTony (small blind) collected ($0.06)
Seat 8: Juagonzalez (big blind) folded before Flop
Seat 9: WilliamJBF folded before Flop (didn't bet)



PokerStars Hand #237754362604:  Hold'em No Limit ($0.01/$0.02 USD) - 2022/08/02 17:21:57 PT [2022/08/02 20:21:57 ET]
Table 'Skat II' 9-max Seat #6 is the button
Seat 2: ZéPequenno ($1.94 in chips) 
Seat 3: casual razor ($1.78 in chips) 
Seat 4: Dorex2007 ($2 in chips) 
Seat 5: Char P-3 ($2.22 in chips) 
Seat 6: RosemontTony ($2 in chips) 
Seat 8: Juagonzalez ($2.13 in chips) 
Seat 9: WilliamJBF ($1.89 in chips) 
Juagonzalez: posts small blind $0.01
WilliamJBF: posts big blind $0.02
baloune1964: sits out 
*** HOLE CARDS ***
Dealt to Dorex2007 [5d Ts]
ZéPequenno: folds 
casual razor: folds 
Dorex2007: folds 
Char P-3: folds 
RosemontTony: folds 
Juagonzalez: folds 
Uncalled bet ($0.01) returned to WilliamJBF
WilliamJBF collected $0.02 from pot
WilliamJBF: doesn't show hand 
*** SUMMARY ***
Total pot $0.02 | Rake $0 
Seat 2: ZéPequenno folded before Flop (didn't bet)
Seat 3: casual razor folded before Flop (didn't bet)
Seat 4: Dorex2007 folded before Flop (didn't bet)
Seat 5: Char P-3 folded before Flop (didn't bet)
Seat 6: RosemontTony (button) folded before Flop (didn't bet)
Seat 8: Juagonzalez (small blind) folded before Flop
Seat 9: WilliamJBF (big blind) collected ($0.02)



PokerStars Hand #237754369738:  Hold'em No Limit ($0.01/$0.02 USD) - 2022/08/02 17:22:27 PT [2022/08/02 20:22:27 ET]
Table 'Skat II' 9-max Seat #8 is the button
Seat 1: baloune1964 ($0.82 in chips) 
Seat 2: ZéPequenno ($1.94 in chips) 
Seat 3: casual razor ($1.78 in chips) 
Seat 4: Dorex2007 ($2 in chips) 
Seat 5: Char P-3 ($2.22 in chips) 
Seat 6: RosemontTony ($2 in chips) 
Seat 8: Juagonzalez ($2.12 in chips) 
Seat 9: WilliamJBF ($1.90 in chips) 
WilliamJBF: posts small blind $0.01
baloune1964: posts big blind $0.02
*** HOLE CARDS ***
Dealt to Dorex2007 [8d Js]
ZéPequenno: folds 
casual razor: raises $0.08 to $0.10
Dorex2007: folds 
WG8978 joins the table at seat #7 
Char P-3: folds 
RosemontTony: folds 
Juagonzalez: folds 
WilliamJBF: folds 
baloune1964: folds 
Uncalled bet ($0.08) returned to casual razor
casual razor collected $0.05 from pot
casual razor: doesn't show hand 
*** SUMMARY ***
Total pot $0.05 | Rake $0 
Seat 1: baloune1964 (big blind) folded before Flop
Seat 2: ZéPequenno folded before Flop (didn't bet)
Seat 3: casual razor collected ($0.05)
Seat 4: Dorex2007 folded before Flop (didn't bet)
Seat 5: Char P-3 folded before Flop (didn't bet)
Seat 6: RosemontTony folded before Flop (didn't bet)
Seat 8: Juagonzalez (button) folded before Flop (didn't bet)
Seat 9: WilliamJBF (small blind) folded before Flop



PokerStars Hand #237754379354:  Hold'em No Limit ($0.01/$0.02 USD) - 2022/08/02 17:23:08 PT [2022/08/02 20:23:08 ET]
Table 'Skat II' 9-max Seat #9 is the button
Seat 1: baloune1964 ($0.80 in chips) 
Seat 2: ZéPequenno ($1.94 in chips) 
Seat 3: casual razor ($1.81 in chips) 
Seat 4: Dorex2007 ($2 in chips) 
Seat 5: Char P-3 ($2.22 in chips) 
Seat 6: RosemontTony ($2 in chips) 
Seat 8: Juagonzalez ($2.12 in chips) 
Seat 9: WilliamJBF ($1.89 in chips) 
baloune1964: posts small blind $0.01
ZéPequenno: posts big blind $0.02
WG8978: sits out 
*** HOLE CARDS ***
Dealt to Dorex2007 [7h 9d]
casual razor: folds 
Dorex2007: folds 
Char P-3 is disconnected 
Char P-3 is connected 
Char P-3 has timed out
Char P-3: folds 
RosemontTony: folds 
Juagonzalez: raises $0.03 to $0.05
WilliamJBF: folds 
baloune1964: folds 
ZéPequenno: folds 
Uncalled bet ($0.03) returned to Juagonzalez
Juagonzalez collected $0.05 from pot
Juagonzalez: doesn't show hand 
*** SUMMARY ***
Total pot $0.05 | Rake $0 
Seat 1: baloune1964 (small blind) folded before Flop
Seat 2: ZéPequenno (big blind) folded before Flop
Seat 3: casual razor folded before Flop (didn't bet)
Seat 4: Dorex2007 folded before Flop (didn't bet)
Seat 5: Char P-3 folded before Flop (didn't bet)
Seat 6: RosemontTony folded before Flop (didn't bet)
Seat 8: Juagonzalez collected ($0.05)
Seat 9: WilliamJBF (button) folded before Flop (didn't bet)



PokerStars Hand #237754387763:  Hold'em No Limit ($0.01/$0.02 USD) - 2022/08/02 17:23:44 PT [2022/08/02 20:23:44 ET]
Table 'Skat II' 9-max Seat #1 is the button
Seat 1: baloune1964 ($0.79 in chips) 
Seat 2: ZéPequenno ($1.92 in chips) 
Seat 3: casual razor ($1.81 in chips) 
Seat 4: Dorex2007 ($2 in chips) 
Seat 5: Char P-3 ($2.22 in chips) 
Seat 6: RosemontTony ($2 in chips) 
Seat 8: Juagonzalez ($2.15 in chips) 
Seat 9: WilliamJBF ($1.89 in chips) 
ZéPequenno: posts small blind $0.01
casual razor: posts big blind $0.02
WG8978: sits out 
*** HOLE CARDS ***
Dealt to Dorex2007 [As 9h]
Dorex2007: folds 
Char P-3: raises $0.04 to $0.06
RosemontTony: folds 
Juagonzalez: folds 
WilliamJBF: folds 
baloune1964: folds 
ZéPequenno: calls $0.05
casual razor: calls $0.04
*** FLOP *** [Kd 2h 4h]
ZéPequenno: checks 
casual razor: checks 
Char P-3: checks 
*** TURN *** [Kd 2h 4h] [Ac]
ZéPequenno: checks 
casual razor: checks 
Char P-3: checks 
*** RIVER *** [Kd 2h 4h Ac] [Tc]
ZéPequenno: checks 
casual razor: checks 
Char P-3: checks 
*** SHOW DOWN ***
ZéPequenno: shows [Td Jd] (a pair of Tens)
casual razor: mucks hand 
Char P-3: mucks hand 
ZéPequenno collected $0.17 from pot
*** SUMMARY ***
Total pot $0.18 | Rake $0.01 
Board [Kd 2h 4h Ac Tc]
Seat 1: baloune1964 (button) folded before Flop (didn't bet)
Seat 2: ZéPequenno (small blind) showed [Td Jd] and won ($0.17) with a pair of Tens
Seat 3: casual razor (big blind) mucked [6h 6s]
Seat 4: Dorex2007 folded before Flop (didn't bet)
Seat 5: Char P-3 mucked [8s 7s]
Seat 6: RosemontTony folded before Flop (didn't bet)
Seat 8: Juagonzalez folded before Flop (didn't bet)
Seat 9: WilliamJBF folded before Flop (didn't bet)



PokerStars Hand #237754409940:  Hold'em No Limit ($0.01/$0.02 USD) - 2022/08/02 17:25:18 PT [2022/08/02 20:25:18 ET]
Table 'Skat II' 9-max Seat #2 is the button
Seat 1: baloune1964 ($0.79 in chips) 
Seat 2: ZéPequenno ($2.03 in chips) 
Seat 3: casual razor ($1.75 in chips) 
Seat 4: Dorex2007 ($2 in chips) 
Seat 5: Char P-3 ($2.16 in chips) 
Seat 6: RosemontTony ($2 in chips) 
Seat 8: Juagonzalez ($2.15 in chips) 
Seat 9: WilliamJBF ($1.89 in chips) 
casual razor: posts small blind $0.01
Dorex2007: posts big blind $0.02
WG8978: sits out 
*** HOLE CARDS ***
Dealt to Dorex2007 [4h 8d]
Char P-3: folds 
RosemontTony: folds 
Juagonzalez: raises $0.04 to $0.06
WilliamJBF: calls $0.06
baloune1964: folds 
ZéPequenno: folds 
casual razor: folds 
Dorex2007: folds 
*** FLOP *** [Qd 2c 6h]
Juagonzalez: checks 
WilliamJBF: checks 
*** TURN *** [Qd 2c 6h] [7d]
Juagonzalez: bets $0.07
WilliamJBF: calls $0.07
*** RIVER *** [Qd 2c 6h 7d] [Ac]
Juagonzalez: checks 
WilliamJBF: bets $0.20
Juagonzalez is connected 
Juagonzalez: folds 
Uncalled bet ($0.20) returned to WilliamJBF
WilliamJBF collected $0.28 from pot
WilliamJBF: doesn't show hand 
*** SUMMARY ***
Total pot $0.29 | Rake $0.01 
Board [Qd 2c 6h 7d Ac]
Seat 1: baloune1964 folded before Flop (didn't bet)
Seat 2: ZéPequenno (button) folded before Flop (didn't bet)
Seat 3: casual razor (small blind) folded before Flop
Seat 4: Dorex2007 (big blind) folded before Flop
Seat 5: Char P-3 folded before Flop (didn't bet)
Seat 6: RosemontTony folded before Flop (didn't bet)
Seat 8: Juagonzalez folded on the River
Seat 9: WilliamJBF collected ($0.28)



PokerStars Hand #237754427782:  Hold'em No Limit ($0.01/$0.02 USD) - 2022/08/02 17:26:35 PT [2022/08/02 20:26:35 ET]
Table 'Skat II' 9-max Seat #3 is the button
Seat 1: baloune1964 ($0.79 in chips) 
Seat 2: ZéPequenno ($2.03 in chips) 
Seat 3: casual razor ($1.74 in chips) 
Seat 4: Dorex2007 ($2 in chips) 
Seat 5: Char P-3 ($2.16 in chips) 
Seat 6: RosemontTony ($2 in chips) 
Seat 8: Juagonzalez ($2.02 in chips) 
Seat 9: WilliamJBF ($2.04 in chips) 
Dorex2007: posts small blind $0.01
Char P-3: posts big blind $0.02
WG8978: sits out 
*** HOLE CARDS ***
Dealt to Dorex2007 [2h 9h]
RosemontTony: folds 
Juagonzalez: folds 
WilliamJBF: folds 
baloune1964: folds 
ZéPequenno: folds 
casual razor: folds 
Dorex2007: folds 
Uncalled bet ($0.01) returned to Char P-3
Char P-3 collected $0.02 from pot
Char P-3: doesn't show hand 
*** SUMMARY ***
Total pot $0.02 | Rake $0 
Seat 1: baloune1964 folded before Flop (didn't bet)
Seat 2: ZéPequenno folded before Flop (didn't bet)
Seat 3: casual razor (button) folded before Flop (didn't bet)
Seat 4: Dorex2007 (small blind) folded before Flop
Seat 5: Char P-3 (big blind) collected ($0.02)
Seat 6: RosemontTony folded before Flop (didn't bet)
Seat 8: Juagonzalez folded before Flop (didn't bet)
Seat 9: WilliamJBF folded before Flop (didn't bet)



PokerStars Hand #237754432014:  Hold'em No Limit ($0.01/$0.02 USD) - 2022/08/02 17:26:53 PT [2022/08/02 20:26:53 ET]
Table 'Skat II' 9-max Seat #4 is the button
Seat 1: baloune1964 ($0.79 in chips) 
Seat 2: ZéPequenno ($2.03 in chips) 
Seat 3: casual razor ($1.74 in chips) 
Seat 4: Dorex2007 ($2 in chips) 
Seat 5: Char P-3 ($2.17 in chips) 
Seat 6: RosemontTony ($2 in chips) 
Seat 8: Juagonzalez ($2.02 in chips) 
Seat 9: WilliamJBF ($2.04 in chips) 
Char P-3: posts small blind $0.01
RosemontTony: posts big blind $0.02
WG8978: sits out 
*** HOLE CARDS ***
Dealt to Dorex2007 [Qs 3s]
Juagonzalez: folds 
WilliamJBF: folds 
baloune1964: folds 
ZéPequenno: folds 
casual razor: folds 
Dorex2007: folds 
Char P-3: calls $0.01
RosemontTony: raises $0.04 to $0.06
Char P-3: calls $0.04
*** FLOP *** [9h Ah Jd]
Char P-3: checks 
RosemontTony: checks 
*** TURN *** [9h Ah Jd] [Js]
Char P-3: checks 
RosemontTony: checks 
*** RIVER *** [9h Ah Jd Js] [Ks]
Char P-3: bets $0.04
RosemontTony: folds 
Uncalled bet ($0.04) returned to Char P-3
Char P-3 collected $0.12 from pot
Char P-3: doesn't show hand 
*** SUMMARY ***
Total pot $0.12 | Rake $0 
Board [9h Ah Jd Js Ks]
Seat 1: baloune1964 folded before Flop (didn't bet)
Seat 2: ZéPequenno folded before Flop (didn't bet)
Seat 3: casual razor folded before Flop (didn't bet)
Seat 4: Dorex2007 (button) folded before Flop (didn't bet)
Seat 5: Char P-3 (small blind) collected ($0.12)
Seat 6: RosemontTony (big blind) folded on the River
Seat 8: Juagonzalez folded before Flop (didn't bet)
Seat 9: WilliamJBF folded before Flop (didn't bet)



PokerStars Hand #237754449559:  Hold'em No Limit ($0.01/$0.02 USD) - 2022/08/02 17:28:09 PT [2022/08/02 20:28:09 ET]
Table 'Skat II' 9-max Seat #5 is the button
Seat 1: baloune1964 ($0.79 in chips) 
Seat 2: ZéPequenno ($2.03 in chips) 
Seat 3: casual razor ($1.74 in chips) 
Seat 4: Dorex2007 ($2 in chips) 
Seat 5: Char P-3 ($2.23 in chips) 
Seat 6: RosemontTony ($1.94 in chips) 
Seat 7: WG8978 ($2 in chips) 
Seat 8: Juagonzalez ($2.02 in chips) 
Seat 9: WilliamJBF ($2.04 in chips) 
RosemontTony: posts small blind $0.01
WG8978: posts big blind $0.02
*** HOLE CARDS ***
Dealt to Dorex2007 [Ks Kd]
Juagonzalez: folds 
WilliamJBF: folds 
baloune1964: folds 
ZéPequenno: folds 
casual razor: folds 
Dorex2007: raises $0.04 to $0.06
Char P-3: folds 
RosemontTony: calls $0.05
WG8978: folds 
*** FLOP *** [3h 6d 5s]
RosemontTony: checks 
Dorex2007: bets $0.10
RosemontTony: folds 
Uncalled bet ($0.10) returned to Dorex2007
Dorex2007 collected $0.14 from pot
Dorex2007: doesn't show hand 
*** SUMMARY ***
Total pot $0.14 | Rake $0 
Board [3h 6d 5s]
Seat 1: baloune1964 folded before Flop (didn't bet)
Seat 2: ZéPequenno folded before Flop (didn't bet)
Seat 3: casual razor folded before Flop (didn't bet)
Seat 4: Dorex2007 collected ($0.14)
Seat 5: Char P-3 (button) folded before Flop (didn't bet)
Seat 6: RosemontTony (small blind) folded on the Flop
Seat 7: WG8978 (big blind) folded before Flop
Seat 8: Juagonzalez folded before Flop (didn't bet)
Seat 9: WilliamJBF folded before Flop (didn't bet)



PokerStars Hand #237754461516:  Hold'em No Limit ($0.01/$0.02 USD) - 2022/08/02 17:29:00 PT [2022/08/02 20:29:00 ET]
Table 'Skat II' 9-max Seat #6 is the button
Seat 1: baloune1964 ($0.79 in chips) 
Seat 2: ZéPequenno ($2.03 in chips) 
Seat 3: casual razor ($1.74 in chips) 
Seat 4: Dorex2007 ($2.08 in chips) 
Seat 5: Char P-3 ($2.23 in chips) 
Seat 6: RosemontTony ($1.88 in chips) 
Seat 7: WG8978 ($2 in chips) 
Seat 8: Juagonzalez ($2.02 in chips) 
Seat 9: WilliamJBF ($2.04 in chips) 
WG8978: posts small blind $0.01
Juagonzalez: posts big blind $0.02
*** HOLE CARDS ***
Dealt to Dorex2007 [Tc 6d]
WilliamJBF: folds 
baloune1964: folds 
ZéPequenno: raises $0.04 to $0.06
casual razor: calls $0.06
Dorex2007: folds 
Char P-3: folds 
RosemontTony: folds 
WG8978: folds 
Juagonzalez: folds 
*** FLOP *** [4s Ks 2d]
ZéPequenno: bets $0.06
casual razor: folds 
Uncalled bet ($0.06) returned to ZéPequenno
ZéPequenno collected $0.14 from pot
ZéPequenno: doesn't show hand 
*** SUMMARY ***
Total pot $0.15 | Rake $0.01 
Board [4s Ks 2d]
Seat 1: baloune1964 folded before Flop (didn't bet)
Seat 2: ZéPequenno collected ($0.14)
Seat 3: casual razor folded on the Flop
Seat 4: Dorex2007 folded before Flop (didn't bet)
Seat 5: Char P-3 folded before Flop (didn't bet)
Seat 6: RosemontTony (button) folded before Flop (didn't bet)
Seat 7: WG8978 (small blind) folded before Flop
Seat 8: Juagonzalez (big blind) folded before Flop
Seat 9: WilliamJBF folded before Flop (didn't bet)



PokerStars Hand #237754472791:  Hold'em No Limit ($0.01/$0.02 USD) - 2022/08/02 17:29:50 PT [2022/08/02 20:29:50 ET]
Table 'Skat II' 9-max Seat #7 is the button
Seat 1: baloune1964 ($0.79 in chips) 
Seat 2: ZéPequenno ($2.11 in chips) 
Seat 3: casual razor ($1.68 in chips) 
Seat 4: Dorex2007 ($2.08 in chips) 
Seat 5: Char P-3 ($2.23 in chips) 
Seat 6: RosemontTony ($1.88 in chips) 
Seat 7: WG8978 ($2 in chips) 
Seat 8: Juagonzalez ($2 in chips) 
Seat 9: WilliamJBF ($2.04 in chips) 
Juagonzalez: posts small blind $0.01
WilliamJBF: posts big blind $0.02
*** HOLE CARDS ***
Dealt to Dorex2007 [Th 9h]
baloune1964: folds 
ZéPequenno: folds 
casual razor: calls $0.02
Dorex2007: folds 
Char P-3 has timed out
Char P-3: folds 
RosemontTony: raises $0.07 to $0.09
WG8978: folds 
Juagonzalez: folds 
WilliamJBF: folds 
casual razor: calls $0.07
*** FLOP *** [7h 7c Tc]
casual razor: checks 
RosemontTony: bets $0.10
casual razor: calls $0.10
*** TURN *** [7h 7c Tc] [9s]
casual razor: checks 
RosemontTony: bets $0.27
casual razor: calls $0.27
*** RIVER *** [7h 7c Tc 9s] [6h]
casual razor: bets $0.28
RosemontTony: folds 
Uncalled bet ($0.28) returned to casual razor
casual razor collected $0.92 from pot
casual razor: doesn't show hand 
*** SUMMARY ***
Total pot $0.95 | Rake $0.03 
Board [7h 7c Tc 9s 6h]
Seat 1: baloune1964 folded before Flop (didn't bet)
Seat 2: ZéPequenno folded before Flop (didn't bet)
Seat 3: casual razor collected ($0.92)
Seat 4: Dorex2007 folded before Flop (didn't bet)
Seat 5: Char P-3 folded before Flop (didn't bet)
Seat 6: RosemontTony folded on the River
Seat 7: WG8978 (button) folded before Flop (didn't bet)
Seat 8: Juagonzalez (small blind) folded before Flop
Seat 9: WilliamJBF (big blind) folded before Flop



PokerStars Hand #237754511913:  Hold'em No Limit ($0.01/$0.02 USD) - 2022/08/02 17:31:50 PT [2022/08/02 20:31:50 ET]
Table 'Skat II' 9-max Seat #8 is the button
Seat 1: baloune1964 ($0.79 in chips) 
Seat 2: ZéPequenno ($2.11 in chips) 
Seat 3: casual razor ($2.14 in chips) 
Seat 4: Dorex2007 ($2.08 in chips) 
Seat 5: Char P-3 ($2.23 in chips) 
Seat 6: RosemontTony ($1.42 in chips) 
Seat 7: WG8978 ($2 in chips) 
Seat 8: Juagonzalez ($2 in chips) 
Seat 9: WilliamJBF ($2.02 in chips) 
WilliamJBF: posts small blind $0.01
baloune1964: posts big blind $0.02
*** HOLE CARDS ***
Dealt to Dorex2007 [As 4c]
ZéPequenno: folds 
casual razor: folds 
Dorex2007: folds 
Char P-3: folds 
RosemontTony: folds 
WG8978: raises $0.04 to $0.06
Juagonzalez: folds 
WilliamJBF: folds 
baloune1964: folds 
Uncalled bet ($0.04) returned to WG8978
WG8978 collected $0.05 from pot
WG8978: doesn't show hand 
*** SUMMARY ***
Total pot $0.05 | Rake $0 
Seat 1: baloune1964 (big blind) folded before Flop
Seat 2: ZéPequenno folded before Flop (didn't bet)
Seat 3: casual razor folded before Flop (didn't bet)
Seat 4: Dorex2007 folded before Flop (didn't bet)
Seat 5: Char P-3 folded before Flop (didn't bet)
Seat 6: RosemontTony folded before Flop (didn't bet)
Seat 7: WG8978 collected ($0.05)
Seat 8: Juagonzalez (button) folded before Flop (didn't bet)
Seat 9: WilliamJBF (small blind) folded before Flop



PokerStars Hand #237754516599:  Hold'em No Limit ($0.01/$0.02 USD) - 2022/08/02 17:32:11 PT [2022/08/02 20:32:11 ET]
Table 'Skat II' 9-max Seat #9 is the button
Seat 1: baloune1964 ($0.77 in chips) 
Seat 2: ZéPequenno ($2.11 in chips) 
Seat 3: casual razor ($2.14 in chips) 
Seat 4: Dorex2007 ($2.08 in chips) 
Seat 5: Char P-3 ($2.23 in chips) 
Seat 6: RosemontTony ($1.42 in chips) 
Seat 7: WG8978 ($2.03 in chips) 
Seat 8: Juagonzalez ($2 in chips) 
Seat 9: WilliamJBF ($2.01 in chips) 
baloune1964: posts small blind $0.01
ZéPequenno: posts big blind $0.02
*** HOLE CARDS ***
Dealt to Dorex2007 [5d 7s]
casual razor: folds 
Dorex2007: folds 
Char P-3: folds 
RosemontTony: folds 
WG8978: folds 
Juagonzalez: folds 
WilliamJBF: folds 
baloune1964: folds 
Uncalled bet ($0.01) returned to ZéPequenno
ZéPequenno collected $0.02 from pot
ZéPequenno: doesn't show hand 
*** SUMMARY ***
Total pot $0.02 | Rake $0 
Seat 1: baloune1964 (small blind) folded before Flop
Seat 2: ZéPequenno (big blind) collected ($0.02)
Seat 3: casual razor folded before Flop (didn't bet)
Seat 4: Dorex2007 folded before Flop (didn't bet)
Seat 5: Char P-3 folded before Flop (didn't bet)
Seat 6: RosemontTony folded before Flop (didn't bet)
Seat 7: WG8978 folded before Flop (didn't bet)
Seat 8: Juagonzalez folded before Flop (didn't bet)
Seat 9: WilliamJBF (button) folded before Flop (didn't bet)



PokerStars Hand #237754520320:  Hold'em No Limit ($0.01/$0.02 USD) - 2022/08/02 17:32:27 PT [2022/08/02 20:32:27 ET]
Table 'Skat II' 9-max Seat #1 is the button
Seat 1: baloune1964 ($0.76 in chips) 
Seat 2: ZéPequenno ($2.12 in chips) 
Seat 3: casual razor ($2.14 in chips) 
Seat 4: Dorex2007 ($2.08 in chips) 
Seat 5: Char P-3 ($2.23 in chips) 
Seat 6: RosemontTony ($1.42 in chips) 
Seat 7: WG8978 ($2.03 in chips) 
Seat 8: Juagonzalez ($2 in chips) 
Seat 9: WilliamJBF ($2.01 in chips) 
ZéPequenno: posts small blind $0.01
casual razor: posts big blind $0.02
*** HOLE CARDS ***
Dealt to Dorex2007 [5c Kd]
Dorex2007: folds 
Char P-3: calls $0.02
RosemontTony: raises $0.07 to $0.09
WG8978: folds 
Juagonzalez: calls $0.09
WilliamJBF: folds 
baloune1964: folds 
ZéPequenno: folds 
casual razor: folds 
Char P-3: calls $0.07
*** FLOP *** [Tc 6d 2h]
Char P-3: checks 
RosemontTony: bets $0.19
Juagonzalez: folds 
Char P-3: folds 
Uncalled bet ($0.19) returned to RosemontTony
RosemontTony collected $0.29 from pot
RosemontTony: doesn't show hand 
*** SUMMARY ***
Total pot $0.30 | Rake $0.01 
Board [Tc 6d 2h]
Seat 1: baloune1964 (button) folded before Flop (didn't bet)
Seat 2: ZéPequenno (small blind) folded before Flop
Seat 3: casual razor (big blind) folded before Flop
Seat 4: Dorex2007 folded before Flop (didn't bet)
Seat 5: Char P-3 folded on the Flop
Seat 6: RosemontTony collected ($0.29)
Seat 7: WG8978 folded before Flop (didn't bet)
Seat 8: Juagonzalez folded on the Flop
Seat 9: WilliamJBF folded before Flop (didn't bet)



PokerStars Hand #237754531902:  Hold'em No Limit ($0.01/$0.02 USD) - 2022/08/02 17:33:18 PT [2022/08/02 20:33:18 ET]
Table 'Skat II' 9-max Seat #2 is the button
Seat 1: baloune1964 ($0.76 in chips) 
Seat 2: ZéPequenno ($2.11 in chips) 
Seat 3: casual razor ($2.12 in chips) 
Seat 4: Dorex2007 ($2.08 in chips) 
Seat 5: Char P-3 ($2.14 in chips) 
Seat 6: RosemontTony ($1.62 in chips) 
Seat 7: WG8978 ($2.03 in chips) 
Seat 8: Juagonzalez ($2 in chips) 
Seat 9: WilliamJBF ($2.01 in chips) 
casual razor: posts small blind $0.01
Dorex2007: posts big blind $0.02
*** HOLE CARDS ***
Dealt to Dorex2007 [5c Ad]
Char P-3: folds 
RosemontTony: folds 
WG8978: folds 
Juagonzalez: folds 
WilliamJBF: folds 
baloune1964: folds 
ZéPequenno: folds 
casual razor: folds 
Uncalled bet ($0.01) returned to Dorex2007
Dorex2007 collected $0.02 from pot
Dorex2007: doesn't show hand 
*** SUMMARY ***
Total pot $0.02 | Rake $0 
Seat 1: baloune1964 folded before Flop (didn't bet)
Seat 2: ZéPequenno (button) folded before Flop (didn't bet)
Seat 3: casual razor (small blind) folded before Flop
Seat 4: Dorex2007 (big blind) collected ($0.02)
Seat 5: Char P-3 folded before Flop (didn't bet)
Seat 6: RosemontTony folded before Flop (didn't bet)
Seat 7: WG8978 folded before Flop (didn't bet)
Seat 8: Juagonzalez folded before Flop (didn't bet)
Seat 9: WilliamJBF folded before Flop (didn't bet)



PokerStars Hand #237754537455:  Hold'em No Limit ($0.01/$0.02 USD) - 2022/08/02 17:33:43 PT [2022/08/02 20:33:43 ET]
Table 'Skat II' 9-max Seat #3 is the button
Seat 1: baloune1964 ($0.76 in chips) 
Seat 2: ZéPequenno ($2.11 in chips) 
Seat 3: casual razor ($2.11 in chips) 
Seat 4: Dorex2007 ($2.09 in chips) 
Seat 5: Char P-3 ($2.14 in chips) 
Seat 6: RosemontTony ($1.62 in chips) 
Seat 7: WG8978 ($2.03 in chips) 
Seat 8: Juagonzalez ($2 in chips) 
Seat 9: WilliamJBF ($2.01 in chips) 
Dorex2007: posts small blind $0.01
Char P-3: posts big blind $0.02
*** HOLE CARDS ***
Dealt to Dorex2007 [8s 2c]
RosemontTony: folds 
WG8978: folds 
Juagonzalez: folds 
WilliamJBF: folds 
baloune1964: folds 
ZéPequenno: raises $0.02 to $0.04
WilliamJBF leaves the table
casual razor: calls $0.04
Dorex2007: folds 
Char P-3: calls $0.02
*** FLOP *** [2d Kc Kd]
Char P-3: bets $0.04
ZéPequenno: folds 
casual razor: folds 
Uncalled bet ($0.04) returned to Char P-3
Char P-3 collected $0.13 from pot
Char P-3: doesn't show hand 
*** SUMMARY ***
Total pot $0.13 | Rake $0 
Board [2d Kc Kd]
Seat 1: baloune1964 folded before Flop (didn't bet)
Seat 2: ZéPequenno folded on the Flop
Seat 3: casual razor (button) folded on the Flop
Seat 4: Dorex2007 (small blind) folded before Flop
Seat 5: Char P-3 (big blind) collected ($0.13)
Seat 6: RosemontTony folded before Flop (didn't bet)
Seat 7: WG8978 folded before Flop (didn't bet)
Seat 8: Juagonzalez folded before Flop (didn't bet)
Seat 9: WilliamJBF folded before Flop (didn't bet)



PokerStars Hand #237754558576:  Hold'em No Limit ($0.01/$0.02 USD) - 2022/08/02 17:34:56 PT [2022/08/02 20:34:56 ET]
Table 'Skat II' 9-max Seat #4 is the button
Seat 1: baloune1964 ($0.76 in chips) 
Seat 2: ZéPequenno ($2.07 in chips) 
Seat 3: casual razor ($2.07 in chips) 
Seat 4: Dorex2007 ($2.08 in chips) 
Seat 5: Char P-3 ($2.23 in chips) 
Seat 6: RosemontTony ($1.62 in chips) 
Seat 7: WG8978 ($2.03 in chips) 
Seat 8: Juagonzalez ($2 in chips) 
Char P-3: posts small blind $0.01
RosemontTony: posts big blind $0.02
*** HOLE CARDS ***
Dealt to Dorex2007 [Qc Qd]
WG8978: folds 
Juagonzalez: folds 
baloune1964: folds 
ZéPequenno: folds 
casual razor: folds 
Dorex2007: raises $0.04 to $0.06
Char P-3: calls $0.05
RosemontTony: folds 
*** FLOP *** [Jh 3h 9d]
Char P-3: checks 
ZéPequenno leaves the table
reech90 joins the table at seat #9 
Dorex2007: bets $0.14
Char P-3: folds 
Uncalled bet ($0.14) returned to Dorex2007
Dorex2007 collected $0.14 from pot
Dorex2007: doesn't show hand 
*** SUMMARY ***
Total pot $0.14 | Rake $0 
Board [Jh 3h 9d]
Seat 1: baloune1964 folded before Flop (didn't bet)
Seat 2: ZéPequenno folded before Flop (didn't bet)
Seat 3: casual razor folded before Flop (didn't bet)
Seat 4: Dorex2007 (button) collected ($0.14)
Seat 5: Char P-3 (small blind) folded on the Flop
Seat 6: RosemontTony (big blind) folded before Flop
Seat 7: WG8978 folded before Flop (didn't bet)
Seat 8: Juagonzalez folded before Flop (didn't bet)



PokerStars Hand #237754568129:  Hold'em No Limit ($0.01/$0.02 USD) - 2022/08/02 17:35:38 PT [2022/08/02 20:35:38 ET]
Table 'Skat II' 9-max Seat #5 is the button
Seat 1: baloune1964 ($0.76 in chips) 
Seat 3: casual razor ($2.07 in chips) 
Seat 4: Dorex2007 ($2.16 in chips) 
Seat 5: Char P-3 ($2.17 in chips) 
Seat 6: RosemontTony ($1.60 in chips) 
Seat 7: WG8978 ($2.03 in chips) 
Seat 8: Juagonzalez ($2 in chips) 
Seat 9: reech90 ($2 in chips) 
RosemontTony: posts small blind $0.01
WG8978: posts big blind $0.02
reech90: posts big blind $0.02
*** HOLE CARDS ***
Dealt to Dorex2007 [Ks Js]
Juagonzalez: raises $0.03 to $0.05
reech90: folds 
baloune1964: calls $0.05
casual razor: calls $0.05
ElNaziBenavente joins the table at seat #2 
Dorex2007: calls $0.05
Char P-3: folds 
RosemontTony: folds 
WG8978: folds 
*** FLOP *** [Kc Tc 4s]
Juagonzalez: checks 
baloune1964: checks 
casual razor: checks 
Dorex2007: bets $0.24
Juagonzalez: folds 
baloune1964: folds 
casual razor: calls $0.24
*** TURN *** [Kc Tc 4s] [2c]
casual razor: bets $0.41
Dorex2007: folds 
Uncalled bet ($0.41) returned to casual razor
casual razor collected $0.70 from pot
casual razor: doesn't show hand 
*** SUMMARY ***
Total pot $0.73 | Rake $0.03 
Board [Kc Tc 4s 2c]
Seat 1: baloune1964 folded on the Flop
Seat 3: casual razor collected ($0.70)
Seat 4: Dorex2007 folded on the Turn
Seat 5: Char P-3 (button) folded before Flop (didn't bet)
Seat 6: RosemontTony (small blind) folded before Flop
Seat 7: WG8978 (big blind) folded before Flop
Seat 8: Juagonzalez folded on the Flop
Seat 9: reech90 folded before Flop (didn't bet)



PokerStars Hand #237754582829:  Hold'em No Limit ($0.01/$0.02 USD) - 2022/08/02 17:36:43 PT [2022/08/02 20:36:43 ET]
Table 'Skat II' 9-max Seat #6 is the button
Seat 1: baloune1964 ($0.71 in chips) 
Seat 2: ElNaziBenavente ($2 in chips) 
Seat 3: casual razor ($2.48 in chips) 
Seat 4: Dorex2007 ($2 in chips) 
Seat 5: Char P-3 ($2.17 in chips) 
Seat 6: RosemontTony ($1.59 in chips) 
Seat 7: WG8978 ($2.01 in chips) 
Seat 8: Juagonzalez ($2 in chips) 
Seat 9: reech90 ($1.98 in chips) 
WG8978: posts small blind $0.01
Juagonzalez: posts big blind $0.02
ElNaziBenavente: posts big blind $0.02
*** HOLE CARDS ***
Dealt to Dorex2007 [4s Ks]
reech90: folds 
baloune1964: folds 
ElNaziBenavente: checks 
casual razor: folds 
Dorex2007: folds 
Char P-3: folds 
RosemontTony: raises $0.07 to $0.09
WG8978: folds 
Juagonzalez: folds 
ElNaziBenavente: folds 
Uncalled bet ($0.07) returned to RosemontTony
RosemontTony collected $0.07 from pot
RosemontTony: doesn't show hand 
*** SUMMARY ***
Total pot $0.07 | Rake $0 
Seat 1: baloune1964 folded before Flop (didn't bet)
Seat 2: ElNaziBenavente folded before Flop (didn't bet)
Seat 3: casual razor folded before Flop (didn't bet)
Seat 4: Dorex2007 folded before Flop (didn't bet)
Seat 5: Char P-3 folded before Flop (didn't bet)
Seat 6: RosemontTony (button) collected ($0.07)
Seat 7: WG8978 (small blind) folded before Flop
Seat 8: Juagonzalez (big blind) folded before Flop
Seat 9: reech90 folded before Flop (didn't bet)



PokerStars Hand #237754589027:  Hold'em No Limit ($0.01/$0.02 USD) - 2022/08/02 17:37:10 PT [2022/08/02 20:37:10 ET]
Table 'Skat II' 9-max Seat #7 is the button
Seat 1: baloune1964 ($0.71 in chips) 
Seat 2: ElNaziBenavente ($1.98 in chips) 
Seat 3: casual razor ($2.48 in chips) 
Seat 4: Dorex2007 ($2 in chips) 
Seat 5: Char P-3 ($2.17 in chips) 
Seat 6: RosemontTony ($1.64 in chips) 
Seat 7: WG8978 ($2 in chips) 
Seat 8: Juagonzalez ($2 in chips) 
Seat 9: reech90 ($1.98 in chips) 
Juagonzalez: posts small blind $0.01
reech90: posts big blind $0.02
*** HOLE CARDS ***
Dealt to Dorex2007 [9c 6s]
baloune1964: folds 
ElNaziBenavente: calls $0.02
casual razor: folds 
Dorex2007: folds 
Char P-3: raises $0.04 to $0.06
RosemontTony: folds 
WG8978: folds 
Juagonzalez: calls $0.05
reech90: raises $0.20 to $0.26
ElNaziBenavente: folds 
Char P-3: folds 
Juagonzalez: folds 
Uncalled bet ($0.20) returned to reech90
reech90 collected $0.20 from pot
reech90: doesn't show hand 
*** SUMMARY ***
Total pot $0.20 | Rake $0 
Seat 1: baloune1964 folded before Flop (didn't bet)
Seat 2: ElNaziBenavente folded before Flop
Seat 3: casual razor folded before Flop (didn't bet)
Seat 4: Dorex2007 folded before Flop (didn't bet)
Seat 5: Char P-3 folded before Flop
Seat 6: RosemontTony folded before Flop (didn't bet)
Seat 7: WG8978 (button) folded before Flop (didn't bet)
Seat 8: Juagonzalez (small blind) folded before Flop
Seat 9: reech90 (big blind) collected ($0.20)



PokerStars Hand #237754601335:  Hold'em No Limit ($0.01/$0.02 USD) - 2022/08/02 17:38:05 PT [2022/08/02 20:38:05 ET]
Table 'Skat II' 9-max Seat #8 is the button
Seat 1: baloune1964 ($0.71 in chips) 
Seat 2: ElNaziBenavente ($1.96 in chips) 
Seat 3: casual razor ($2.48 in chips) 
Seat 4: Dorex2007 ($2 in chips) 
Seat 5: Char P-3 ($2.11 in chips) 
Seat 6: RosemontTony ($1.64 in chips) 
Seat 7: WG8978 ($2 in chips) 
Seat 8: Juagonzalez ($2 in chips) 
Seat 9: reech90 ($2.12 in chips) 
reech90: posts small blind $0.01
baloune1964: posts big blind $0.02
*** HOLE CARDS ***
Dealt to Dorex2007 [5s 5h]
ElNaziBenavente: folds 
casual razor: folds 
Dorex2007: calls $0.02
Char P-3: calls $0.02
RosemontTony: folds 
WG8978: folds 
Juagonzalez: folds 
reech90: folds 
baloune1964: checks 
*** FLOP *** [4c Kc As]
baloune1964: checks 
Dorex2007: checks 
Char P-3: checks 
*** TURN *** [4c Kc As] [Kh]
baloune1964: bets $0.02
Dorex2007: folds 
Char P-3: calls $0.02
*** RIVER *** [4c Kc As Kh] [4s]
baloune1964: bets $0.04
Char P-3: calls $0.04
*** SHOW DOWN ***
baloune1964: shows [Ac 2c] (two pair, Aces and Kings)
Char P-3: mucks hand 
baloune1964 collected $0.18 from pot
*** SUMMARY ***
Total pot $0.19 | Rake $0.01 
Board [4c Kc As Kh 4s]
Seat 1: baloune1964 (big blind) showed [Ac 2c] and won ($0.18) with two pair, Aces and Kings
Seat 2: ElNaziBenavente folded before Flop (didn't bet)
Seat 3: casual razor folded before Flop (didn't bet)
Seat 4: Dorex2007 folded on the Turn
Seat 5: Char P-3 mucked [9c 9d]
Seat 6: RosemontTony folded before Flop (didn't bet)
Seat 7: WG8978 folded before Flop (didn't bet)
Seat 8: Juagonzalez (button) folded before Flop (didn't bet)
Seat 9: reech90 (small blind) folded before Flop



PokerStars Hand #237754613425:  Hold'em No Limit ($0.01/$0.02 USD) - 2022/08/02 17:38:58 PT [2022/08/02 20:38:58 ET]
Table 'Skat II' 9-max Seat #9 is the button
Seat 1: baloune1964 ($0.81 in chips) 
Seat 2: ElNaziBenavente ($1.96 in chips) 
Seat 3: casual razor ($2.48 in chips) 
Seat 4: Dorex2007 ($2 in chips) 
Seat 5: Char P-3 ($2.03 in chips) 
Seat 6: RosemontTony ($1.64 in chips) 
Seat 7: WG8978 ($2 in chips) 
Seat 8: Juagonzalez ($2 in chips) 
Seat 9: reech90 ($2.11 in chips) 
baloune1964: posts small blind $0.01
ElNaziBenavente: posts big blind $0.02
*** HOLE CARDS ***
Dealt to Dorex2007 [2s Qs]
casual razor: calls $0.02
Dorex2007: folds 
Char P-3: raises $0.04 to $0.06
RosemontTony: folds 
WG8978: folds 
Juagonzalez: folds 
reech90: folds 
baloune1964: folds 
ElNaziBenavente: calls $0.04
casual razor: calls $0.04
*** FLOP *** [9h Kh Th]
ElNaziBenavente: bets $0.09
casual razor: calls $0.09
Char P-3: folds 
*** TURN *** [9h Kh Th] [9d]
ElNaziBenavente: checks 
casual razor: checks 
*** RIVER *** [9h Kh Th 9d] [7s]
ElNaziBenavente: bets $0.18
casual razor: calls $0.18
*** SHOW DOWN ***
ElNaziBenavente: shows [7d Kd] (two pair, Kings and Nines)
casual razor: mucks hand 
ElNaziBenavente collected $0.70 from pot
*** SUMMARY ***
Total pot $0.73 | Rake $0.03 
Board [9h Kh Th 9d 7s]
Seat 1: baloune1964 (small blind) folded before Flop
Seat 2: ElNaziBenavente (big blind) showed [7d Kd] and won ($0.70) with two pair, Kings and Nines
Seat 3: casual razor mucked [8d Ah]
Seat 4: Dorex2007 folded before Flop (didn't bet)
Seat 5: Char P-3 folded on the Flop
Seat 6: RosemontTony folded before Flop (didn't bet)
Seat 7: WG8978 folded before Flop (didn't bet)
Seat 8: Juagonzalez folded before Flop (didn't bet)
Seat 9: reech90 (button) folded before Flop (didn't bet)



PokerStars Hand #237754630129:  Hold'em No Limit ($0.01/$0.02 USD) - 2022/08/02 17:40:12 PT [2022/08/02 20:40:12 ET]
Table 'Skat II' 9-max Seat #1 is the button
Seat 1: baloune1964 ($0.80 in chips) 
Seat 2: ElNaziBenavente ($2.33 in chips) 
Seat 3: casual razor ($2.15 in chips) 
Seat 4: Dorex2007 ($2 in chips) 
Seat 5: Char P-3 ($1.97 in chips) 
Seat 6: RosemontTony ($1.64 in chips) 
Seat 7: WG8978 ($2 in chips) 
Seat 8: Juagonzalez ($2 in chips) 
Seat 9: reech90 ($2.11 in chips) 
ElNaziBenavente: posts small blind $0.01
casual razor: posts big blind $0.02
*** HOLE CARDS ***
Dealt to Dorex2007 [5h Qh]
Dorex2007: folds 
Char P-3: folds 
RosemontTony: folds 
WG8978: raises $0.04 to $0.06
Juagonzalez: folds 
reech90: calls $0.06
baloune1964: folds 
ElNaziBenavente: folds 
casual razor is disconnected 
casual razor is connected 
casual razor: folds 
*** FLOP *** [Js Qs Ts]
WG8978: bets $0.07
reech90: calls $0.07
*** TURN *** [Js Qs Ts] [Jc]
WG8978: checks 
reech90: bets $0.14
WG8978: folds 
Uncalled bet ($0.14) returned to reech90
reech90 collected $0.28 from pot
reech90: doesn't show hand 
*** SUMMARY ***
Total pot $0.29 | Rake $0.01 
Board [Js Qs Ts Jc]
Seat 1: baloune1964 (button) folded before Flop (didn't bet)
Seat 2: ElNaziBenavente (small blind) folded before Flop
Seat 3: casual razor (big blind) folded before Flop
Seat 4: Dorex2007 folded before Flop (didn't bet)
Seat 5: Char P-3 folded before Flop (didn't bet)
Seat 6: RosemontTony folded before Flop (didn't bet)
Seat 7: WG8978 folded on the Turn
Seat 8: Juagonzalez folded before Flop (didn't bet)
Seat 9: reech90 collected ($0.28)



PokerStars Hand #237754644753:  Hold'em No Limit ($0.01/$0.02 USD) - 2022/08/02 17:41:17 PT [2022/08/02 20:41:17 ET]
Table 'Skat II' 9-max Seat #2 is the button
Seat 1: baloune1964 ($0.80 in chips) 
Seat 2: ElNaziBenavente ($2.32 in chips) 
Seat 3: casual razor ($2.13 in chips) 
Seat 4: Dorex2007 ($2 in chips) 
Seat 5: Char P-3 ($1.97 in chips) 
Seat 6: RosemontTony ($1.64 in chips) 
Seat 7: WG8978 ($2 in chips) 
Seat 8: Juagonzalez ($2 in chips) 
Seat 9: reech90 ($2.26 in chips) 
casual razor: posts small blind $0.01
Dorex2007: posts big blind $0.02
*** HOLE CARDS ***
Dealt to Dorex2007 [6s 3s]
Char P-3: folds 
RosemontTony: folds 
WG8978: folds 
Juagonzalez: folds 
reech90: folds 
baloune1964: folds 
ElNaziBenavente: folds 
casual razor: folds 
Uncalled bet ($0.01) returned to Dorex2007
Dorex2007 collected $0.02 from pot
Dorex2007: doesn't show hand 
*** SUMMARY ***
Total pot $0.02 | Rake $0 
Seat 1: baloune1964 folded before Flop (didn't bet)
Seat 2: ElNaziBenavente (button) folded before Flop (didn't bet)
Seat 3: casual razor (small blind) folded before Flop
Seat 4: Dorex2007 (big blind) collected ($0.02)
Seat 5: Char P-3 folded before Flop (didn't bet)
Seat 6: RosemontTony folded before Flop (didn't bet)
Seat 7: WG8978 folded before Flop (didn't bet)
Seat 8: Juagonzalez folded before Flop (didn't bet)
Seat 9: reech90 folded before Flop (didn't bet)



PokerStars Hand #237754649583:  Hold'em No Limit ($0.01/$0.02 USD) - 2022/08/02 17:41:39 PT [2022/08/02 20:41:39 ET]
Table 'Skat II' 9-max Seat #3 is the button
Seat 1: baloune1964 ($0.80 in chips) 
Seat 2: ElNaziBenavente ($2.32 in chips) 
Seat 3: casual razor ($2.12 in chips) 
Seat 4: Dorex2007 ($2.01 in chips) 
Seat 5: Char P-3 ($1.97 in chips) 
Seat 6: RosemontTony ($1.64 in chips) 
Seat 7: WG8978 ($2 in chips) 
Seat 8: Juagonzalez ($2 in chips) 
Seat 9: reech90 ($2.26 in chips) 
Dorex2007: posts small blind $0.01
Char P-3: posts big blind $0.02
*** HOLE CARDS ***
Dealt to Dorex2007 [4d 3h]
RosemontTony: raises $0.04 to $0.06
WG8978: calls $0.06
Juagonzalez: folds 
reech90: folds 
baloune1964: folds 
ElNaziBenavente: folds 
casual razor: folds 
Dorex2007: folds 
Char P-3: calls $0.04
*** FLOP *** [3s 8h As]
Char P-3: checks 
RosemontTony: checks 
WG8978: checks 
*** TURN *** [3s 8h As] [Ks]
Char P-3: checks 
RosemontTony: bets $0.05
WG8978: folds 
Char P-3: folds 
Uncalled bet ($0.05) returned to RosemontTony
RosemontTony collected $0.18 from pot
RosemontTony: doesn't show hand 
*** SUMMARY ***
Total pot $0.19 | Rake $0.01 
Board [3s 8h As Ks]
Seat 1: baloune1964 folded before Flop (didn't bet)
Seat 2: ElNaziBenavente folded before Flop (didn't bet)
Seat 3: casual razor (button) folded before Flop (didn't bet)
Seat 4: Dorex2007 (small blind) folded before Flop
Seat 5: Char P-3 (big blind) folded on the Turn
Seat 6: RosemontTony collected ($0.18)
Seat 7: WG8978 folded on the Turn
Seat 8: Juagonzalez folded before Flop (didn't bet)
Seat 9: reech90 folded before Flop (didn't bet)



PokerStars Hand #237754661330:  Hold'em No Limit ($0.01/$0.02 USD) - 2022/08/02 17:42:32 PT [2022/08/02 20:42:32 ET]
Table 'Skat II' 9-max Seat #4 is the button
Seat 1: baloune1964 ($0.80 in chips) 
Seat 2: ElNaziBenavente ($2.32 in chips) 
Seat 3: casual razor ($2.12 in chips) 
Seat 4: Dorex2007 ($2 in chips) 
Seat 5: Char P-3 ($1.91 in chips) 
Seat 6: RosemontTony ($1.76 in chips) 
Seat 7: WG8978 ($2 in chips) 
Seat 8: Juagonzalez ($2 in chips) 
Seat 9: reech90 ($2.26 in chips) 
Char P-3: posts small blind $0.01
RosemontTony: posts big blind $0.02
*** HOLE CARDS ***
Dealt to Dorex2007 [2h Kh]
WG8978: folds 
Juagonzalez: folds 
reech90: folds 
baloune1964: raises $0.02 to $0.04
ElNaziBenavente: calls $0.04
casual razor: folds 
Dorex2007: folds 
Char P-3: folds 
RosemontTony: folds 
*** FLOP *** [Js 5c Ts]
baloune1964: bets $0.11
ElNaziBenavente: folds 
Uncalled bet ($0.11) returned to baloune1964
baloune1964 collected $0.11 from pot
baloune1964: doesn't show hand 
*** SUMMARY ***
Total pot $0.11 | Rake $0 
Board [Js 5c Ts]
Seat 1: baloune1964 collected ($0.11)
Seat 2: ElNaziBenavente folded on the Flop
Seat 3: casual razor folded before Flop (didn't bet)
Seat 4: Dorex2007 (button) folded before Flop (didn't bet)
Seat 5: Char P-3 (small blind) folded before Flop
Seat 6: RosemontTony (big blind) folded before Flop
Seat 7: WG8978 folded before Flop (didn't bet)
Seat 8: Juagonzalez folded before Flop (didn't bet)
Seat 9: reech90 folded before Flop (didn't bet)



PokerStars Hand #237754670093:  Hold'em No Limit ($0.01/$0.02 USD) - 2022/08/02 17:43:12 PT [2022/08/02 20:43:12 ET]
Table 'Skat II' 9-max Seat #5 is the button
Seat 1: baloune1964 ($0.87 in chips) 
Seat 2: ElNaziBenavente ($2.28 in chips) 
Seat 3: casual razor ($2.12 in chips) 
Seat 4: Dorex2007 ($2 in chips) 
Seat 5: Char P-3 ($1.90 in chips) 
Seat 6: RosemontTony ($1.74 in chips) 
Seat 7: WG8978 ($2 in chips) 
Seat 8: Juagonzalez ($2 in chips) 
Seat 9: reech90 ($2.26 in chips) 
RosemontTony: posts small blind $0.01
WG8978: posts big blind $0.02
*** HOLE CARDS ***
Dealt to Dorex2007 [Ac 3s]
Juagonzalez: folds 
reech90: folds 
baloune1964: folds 
ElNaziBenavente: folds 
casual razor: calls $0.02
Dorex2007: folds 
Char P-3: calls $0.02
RosemontTony: folds 
WG8978: checks 
*** FLOP *** [Js 5h 4s]
WG8978: checks 
casual razor: bets $0.05
Char P-3: calls $0.05
WG8978: folds 
*** TURN *** [Js 5h 4s] [Kd]
casual razor: bets $0.12
Char P-3: folds 
Uncalled bet ($0.12) returned to casual razor
casual razor collected $0.16 from pot
casual razor: doesn't show hand 
*** SUMMARY ***
Total pot $0.17 | Rake $0.01 
Board [Js 5h 4s Kd]
Seat 1: baloune1964 folded before Flop (didn't bet)
Seat 2: ElNaziBenavente folded before Flop (didn't bet)
Seat 3: casual razor collected ($0.16)
Seat 4: Dorex2007 folded before Flop (didn't bet)
Seat 5: Char P-3 (button) folded on the Turn
Seat 6: RosemontTony (small blind) folded before Flop
Seat 7: WG8978 (big blind) folded on the Flop
Seat 8: Juagonzalez folded before Flop (didn't bet)
Seat 9: reech90 folded before Flop (didn't bet)



PokerStars Hand #237754689732:  Hold'em No Limit ($0.01/$0.02 USD) - 2022/08/02 17:44:07 PT [2022/08/02 20:44:07 ET]
Table 'Skat II' 9-max Seat #6 is the button
Seat 1: baloune1964 ($0.87 in chips) 
Seat 2: ElNaziBenavente ($2.28 in chips) 
Seat 3: casual razor ($2.21 in chips) 
Seat 4: Dorex2007 ($2 in chips) 
Seat 5: Char P-3 ($1.83 in chips) 
Seat 6: RosemontTony ($1.73 in chips) 
Seat 7: WG8978 ($2 in chips) 
Seat 8: Juagonzalez ($2 in chips) 
Seat 9: reech90 ($2.26 in chips) 
WG8978: posts small blind $0.01
Juagonzalez: posts big blind $0.02
*** HOLE CARDS ***
Dealt to Dorex2007 [8c Qh]
reech90: folds 
baloune1964: folds 
ElNaziBenavente: folds 
casual razor: folds 
Dorex2007: folds 
Char P-3: folds 
RosemontTony: folds 
WG8978: raises $0.04 to $0.06
Juagonzalez: folds 
Uncalled bet ($0.04) returned to WG8978
WG8978 collected $0.04 from pot
WG8978: doesn't show hand 
*** SUMMARY ***
Total pot $0.04 | Rake $0 
Seat 1: baloune1964 folded before Flop (didn't bet)
Seat 2: ElNaziBenavente folded before Flop (didn't bet)
Seat 3: casual razor folded before Flop (didn't bet)
Seat 4: Dorex2007 folded before Flop (didn't bet)
Seat 5: Char P-3 folded before Flop (didn't bet)
Seat 6: RosemontTony (button) folded before Flop (didn't bet)
Seat 7: WG8978 (small blind) collected ($0.04)
Seat 8: Juagonzalez (big blind) folded before Flop
Seat 9: reech90 folded before Flop (didn't bet)



PokerStars Hand #237754697098:  Hold'em No Limit ($0.01/$0.02 USD) - 2022/08/02 17:44:41 PT [2022/08/02 20:44:41 ET]
Table 'Skat II' 9-max Seat #7 is the button
Seat 1: baloune1964 ($0.87 in chips) 
Seat 2: ElNaziBenavente ($2.28 in chips) 
Seat 3: casual razor ($2.21 in chips) 
Seat 4: Dorex2007 ($2 in chips) 
Seat 5: Char P-3 ($1.83 in chips) 
Seat 6: RosemontTony ($1.73 in chips) 
Seat 7: WG8978 ($2.02 in chips) 
Seat 8: Juagonzalez ($2 in chips) 
Seat 9: reech90 ($2.26 in chips) 
Juagonzalez: posts small blind $0.01
reech90: posts big blind $0.02
*** HOLE CARDS ***
Dealt to Dorex2007 [Kd 7s]
baloune1964: folds 
ElNaziBenavente: folds 
casual razor: folds 
Dorex2007: folds 
Char P-3: raises $0.04 to $0.06
casual razor is disconnected 
RosemontTony: calls $0.06
WG8978: calls $0.06
Juagonzalez: folds 
reech90: calls $0.04
*** FLOP *** [5d 2c 8s]
reech90: checks 
Char P-3: bets $0.08
RosemontTony: calls $0.08
WG8978: folds 
reech90: folds 
*** TURN *** [5d 2c 8s] [Ts]
Char P-3: bets $0.12
RosemontTony: calls $0.12
*** RIVER *** [5d 2c 8s Ts] [Ks]
Char P-3: bets $0.30
RosemontTony: calls $0.30
*** SHOW DOWN ***
Char P-3: shows [Ad 3d] (high card Ace)
RosemontTony: shows [Js Qs] (a flush, King high)
RosemontTony collected $1.21 from pot
*** SUMMARY ***
Total pot $1.25 | Rake $0.04 
Board [5d 2c 8s Ts Ks]
Seat 1: baloune1964 folded before Flop (didn't bet)
Seat 2: ElNaziBenavente folded before Flop (didn't bet)
Seat 3: casual razor folded before Flop (didn't bet)
Seat 4: Dorex2007 folded before Flop (didn't bet)
Seat 5: Char P-3 showed [Ad 3d] and lost with high card Ace
Seat 6: RosemontTony showed [Js Qs] and won ($1.21) with a flush, King high
Seat 7: WG8978 (button) folded on the Flop
Seat 8: Juagonzalez (small blind) folded before Flop
Seat 9: reech90 (big blind) folded on the Flop



PokerStars Hand #237754712381:  Hold'em No Limit ($0.01/$0.02 USD) - 2022/08/02 17:45:51 PT [2022/08/02 20:45:51 ET]
Table 'Skat II' 9-max Seat #8 is the button
Seat 1: baloune1964 ($0.87 in chips) 
Seat 2: ElNaziBenavente ($2.28 in chips) 
Seat 3: casual razor ($2.21 in chips) 
Seat 4: Dorex2007 ($2 in chips) 
Seat 5: Char P-3 ($1.27 in chips) 
Seat 6: RosemontTony ($2.38 in chips) 
Seat 7: WG8978 ($2 in chips) 
Seat 8: Juagonzalez ($2 in chips) 
Seat 9: reech90 ($2.20 in chips) 
reech90: posts small blind $0.01
baloune1964: posts big blind $0.02
*** HOLE CARDS ***
Dealt to Dorex2007 [7h 9s]
ElNaziBenavente: folds 
casual razor: calls $0.02
Dorex2007: folds 
Char P-3: folds 
RosemontTony: folds 
WG8978: folds 
Juagonzalez: folds 
reech90: folds 
baloune1964: checks 
*** FLOP *** [Js 2h 8d]
baloune1964: checks 
casual razor: checks 
*** TURN *** [Js 2h 8d] [Kd]
baloune1964: checks 
casual razor: checks 
*** RIVER *** [Js 2h 8d Kd] [9d]
baloune1964: checks 
casual razor: bets $0.05
baloune1964: folds 
Uncalled bet ($0.05) returned to casual razor
casual razor collected $0.05 from pot
casual razor: doesn't show hand 
*** SUMMARY ***
Total pot $0.05 | Rake $0 
Board [Js 2h 8d Kd 9d]
Seat 1: baloune1964 (big blind) folded on the River
Seat 2: ElNaziBenavente folded before Flop (didn't bet)
Seat 3: casual razor collected ($0.05)
Seat 4: Dorex2007 folded before Flop (didn't bet)
Seat 5: Char P-3 folded before Flop (didn't bet)
Seat 6: RosemontTony folded before Flop (didn't bet)
Seat 7: WG8978 folded before Flop (didn't bet)
Seat 8: Juagonzalez (button) folded before Flop (didn't bet)
Seat 9: reech90 (small blind) folded before Flop



PokerStars Hand #237754730791:  Hold'em No Limit ($0.01/$0.02 USD) - 2022/08/02 17:47:14 PT [2022/08/02 20:47:14 ET]
Table 'Skat II' 9-max Seat #9 is the button
Seat 1: baloune1964 ($0.85 in chips) 
Seat 2: ElNaziBenavente ($2.28 in chips) 
Seat 3: casual razor ($2.24 in chips) 
Seat 4: Dorex2007 ($2 in chips) 
Seat 5: Char P-3 ($1.27 in chips) 
Seat 6: RosemontTony ($2.38 in chips) 
Seat 7: WG8978 ($2 in chips) 
Seat 8: Juagonzalez ($2 in chips) 
Seat 9: reech90 ($2.19 in chips) 
baloune1964: posts small blind $0.01
ElNaziBenavente: posts big blind $0.02
*** HOLE CARDS ***
Dealt to Dorex2007 [Ks 4h]
casual razor: folds 
Dorex2007: folds 
Char P-3: folds 
RosemontTony: folds 
WG8978: folds 
Juagonzalez: folds 
reech90: folds 
baloune1964: calls $0.01
ElNaziBenavente: raises $0.04 to $0.06
baloune1964: folds 
Uncalled bet ($0.04) returned to ElNaziBenavente
ElNaziBenavente collected $0.04 from pot
ElNaziBenavente: doesn't show hand 
*** SUMMARY ***
Total pot $0.04 | Rake $0 
Seat 1: baloune1964 (small blind) folded before Flop
Seat 2: ElNaziBenavente (big blind) collected ($0.04)
Seat 3: casual razor folded before Flop (didn't bet)
Seat 4: Dorex2007 folded before Flop (didn't bet)
Seat 5: Char P-3 folded before Flop (didn't bet)
Seat 6: RosemontTony folded before Flop (didn't bet)
Seat 7: WG8978 folded before Flop (didn't bet)
Seat 8: Juagonzalez folded before Flop (didn't bet)
Seat 9: reech90 (button) folded before Flop (didn't bet)



PokerStars Hand #237754736046:  Hold'em No Limit ($0.01/$0.02 USD) - 2022/08/02 17:47:39 PT [2022/08/02 20:47:39 ET]
Table 'Skat II' 9-max Seat #1 is the button
Seat 1: baloune1964 ($0.83 in chips) 
Seat 2: ElNaziBenavente ($2.30 in chips) 
Seat 3: casual razor ($2.24 in chips) 
Seat 4: Dorex2007 ($2 in chips) 
Seat 5: Char P-3 ($1.27 in chips) 
Seat 6: RosemontTony ($2.38 in chips) 
Seat 7: WG8978 ($2 in chips) 
Seat 8: Juagonzalez ($2 in chips) 
Seat 9: reech90 ($2.19 in chips) 
ElNaziBenavente: posts small blind $0.01
casual razor: posts big blind $0.02
*** HOLE CARDS ***
Dealt to Dorex2007 [Kh 5h]
Dorex2007: folds 
Char P-3: calls $0.02
RosemontTony: folds 
WG8978: folds 
Juagonzalez: folds 
reech90: folds 
baloune1964: calls $0.02
ElNaziBenavente: calls $0.01
casual razor: checks 
*** FLOP *** [4s 5c 6d]
ElNaziBenavente: bets $0.04
casual razor: folds 
Char P-3: calls $0.04
baloune1964: folds 
*** TURN *** [4s 5c 6d] [4d]
ElNaziBenavente: bets $0.07
Char P-3: raises $0.07 to $0.14
ElNaziBenavente: calls $0.07
*** RIVER *** [4s 5c 6d 4d] [As]
ElNaziBenavente: checks 
Char P-3: bets $0.20
ElNaziBenavente: folds 
Uncalled bet ($0.20) returned to Char P-3
Char P-3 collected $0.42 from pot
Char P-3: doesn't show hand 
*** SUMMARY ***
Total pot $0.44 | Rake $0.02 
Board [4s 5c 6d 4d As]
Seat 1: baloune1964 (button) folded on the Flop
Seat 2: ElNaziBenavente (small blind) folded on the River
Seat 3: casual razor (big blind) folded on the Flop
Seat 4: Dorex2007 folded before Flop (didn't bet)
Seat 5: Char P-3 collected ($0.42)
Seat 6: RosemontTony folded before Flop (didn't bet)
Seat 7: WG8978 folded before Flop (didn't bet)
Seat 8: Juagonzalez folded before Flop (didn't bet)
Seat 9: reech90 folded before Flop (didn't bet)



PokerStars Hand #237754758380:  Hold'em No Limit ($0.01/$0.02 USD) - 2022/08/02 17:48:35 PT [2022/08/02 20:48:35 ET]
Table 'Skat II' 9-max Seat #2 is the button
Seat 1: baloune1964 ($0.81 in chips) 
Seat 2: ElNaziBenavente ($2.10 in chips) 
Seat 3: casual razor ($2.22 in chips) 
Seat 4: Dorex2007 ($2 in chips) 
Seat 5: Char P-3 ($1.49 in chips) 
Seat 6: RosemontTony ($2.38 in chips) 
Seat 7: WG8978 ($2 in chips) 
Seat 8: Juagonzalez ($2 in chips) 
Seat 9: reech90 ($2.19 in chips) 
casual razor: posts small blind $0.01
Dorex2007: posts big blind $0.02
*** HOLE CARDS ***
Dealt to Dorex2007 [Ac Qc]
Char P-3: calls $0.02
RosemontTony: folds 
WG8978: folds 
Juagonzalez: folds 
reech90: folds 
baloune1964: folds 
baloune1964 leaves the table
ElNaziBenavente: folds 
casual razor: calls $0.01
Dorex2007: raises $0.04 to $0.06
Char P-3: calls $0.04
casual razor: calls $0.04
*** FLOP *** [8c 9s 3d]
casual razor: checks 
Dorex2007: bets $0.17
Char P-3: folds 
casual razor: calls $0.17
*** TURN *** [8c 9s 3d] [3c]
casual razor: checks 
Dorex2007: bets $1.52
casual razor: raises $0.47 to $1.99 and is all-in
Dorex2007: calls $0.25 and is all-in
Uncalled bet ($0.22) returned to casual razor
*** RIVER *** [8c 9s 3d 3c] [Ah]
*** SHOW DOWN ***
casual razor: shows [8s 8h] (a full house, Eights full of Threes)
Dorex2007: shows [Ac Qc] (two pair, Aces and Threes)
casual razor collected $3.92 from pot
*** SUMMARY ***
Total pot $4.06 | Rake $0.14 
Board [8c 9s 3d 3c Ah]
Seat 1: baloune1964 folded before Flop (didn't bet)
Seat 2: ElNaziBenavente (button) folded before Flop (didn't bet)
Seat 3: casual razor (small blind) showed [8s 8h] and won ($3.92) with a full house, Eights full of Threes
Seat 4: Dorex2007 (big blind) showed [Ac Qc] and lost with two pair, Aces and Threes
Seat 5: Char P-3 folded on the Flop
Seat 6: RosemontTony folded before Flop (didn't bet)
Seat 7: WG8978 folded before Flop (didn't bet)
Seat 8: Juagonzalez folded before Flop (didn't bet)
Seat 9: reech90 folded before Flop (didn't bet)



PokerStars Hand #237754773382:  Hold'em No Limit ($0.01/$0.02 USD) - 2022/08/02 17:49:44 PT [2022/08/02 20:49:44 ET]
Table 'Skat II' 9-max Seat #3 is the button
Seat 2: ElNaziBenavente ($2.10 in chips) 
Seat 3: casual razor ($4.14 in chips) 
Seat 4: Dorex2007 ($2 in chips) 
Seat 5: Char P-3 ($1.43 in chips) 
Seat 6: RosemontTony ($2.38 in chips) 
Seat 7: WG8978 ($2 in chips) 
Seat 8: Juagonzalez ($2 in chips) 
Seat 9: reech90 ($2.19 in chips) 
Dorex2007: posts small blind $0.01
Char P-3: posts big blind $0.02
*** HOLE CARDS ***
Dealt to Dorex2007 [5d 6c]
delao med joins the table at seat #1 
RosemontTony: folds 
WG8978: folds 
Juagonzalez: folds 
reech90: raises $0.02 to $0.04
ElNaziBenavente: folds 
casual razor: folds 
Dorex2007: folds 
Char P-3: calls $0.02
*** FLOP *** [As 5c 3d]
Char P-3: checks 
reech90: bets $0.04
Char P-3: folds 
Uncalled bet ($0.04) returned to reech90
reech90 collected $0.09 from pot
reech90: doesn't show hand 
*** SUMMARY ***
Total pot $0.09 | Rake $0 
Board [As 5c 3d]
Seat 2: ElNaziBenavente folded before Flop (didn't bet)
Seat 3: casual razor (button) folded before Flop (didn't bet)
Seat 4: Dorex2007 (small blind) folded before Flop
Seat 5: Char P-3 (big blind) folded on the Flop
Seat 6: RosemontTony folded before Flop (didn't bet)
Seat 7: WG8978 folded before Flop (didn't bet)
Seat 8: Juagonzalez folded before Flop (didn't bet)
Seat 9: reech90 collected ($0.09)



PokerStars Hand #237754782131:  Hold'em No Limit ($0.01/$0.02 USD) - 2022/08/02 17:50:25 PT [2022/08/02 20:50:25 ET]
Table 'Skat II' 9-max Seat #4 is the button
Seat 1: delao med ($2 in chips) 
Seat 2: ElNaziBenavente ($2.10 in chips) 
Seat 3: casual razor ($4.14 in chips) 
Seat 4: Dorex2007 ($2 in chips) 
Seat 5: Char P-3 ($1.39 in chips) 
Seat 6: RosemontTony ($2.38 in chips) 
Seat 7: WG8978 ($2 in chips) 
Seat 8: Juagonzalez ($2 in chips) 
Seat 9: reech90 ($2.24 in chips) 
Char P-3: posts small blind $0.01
RosemontTony: posts big blind $0.02
delao med: posts big blind $0.02
*** HOLE CARDS ***
Dealt to Dorex2007 [4c 8d]
WG8978: folds 
Juagonzalez: folds 
reech90: raises $0.02 to $0.04
delao med: folds 
ElNaziBenavente: folds 
casual razor: calls $0.04
Dorex2007: folds 
Char P-3: folds 
RosemontTony: folds 
*** FLOP *** [Js Jd Qs]
reech90: checks 
casual razor: bets $0.06
reech90: folds 
Uncalled bet ($0.06) returned to casual razor
casual razor collected $0.13 from pot
casual razor: doesn't show hand 
*** SUMMARY ***
Total pot $0.13 | Rake $0 
Board [Js Jd Qs]
Seat 1: delao med folded before Flop (didn't bet)
Seat 2: ElNaziBenavente folded before Flop (didn't bet)
Seat 3: casual razor collected ($0.13)
Seat 4: Dorex2007 (button) folded before Flop (didn't bet)
Seat 5: Char P-3 (small blind) folded before Flop
Seat 6: RosemontTony (big blind) folded before Flop
Seat 7: WG8978 folded before Flop (didn't bet)
Seat 8: Juagonzalez folded before Flop (didn't bet)
Seat 9: reech90 folded on the Flop



PokerStars Hand #237754790814:  Hold'em No Limit ($0.01/$0.02 USD) - 2022/08/02 17:51:04 PT [2022/08/02 20:51:04 ET]
Table 'Skat II' 9-max Seat #5 is the button
Seat 1: delao med ($1.98 in chips) 
Seat 2: ElNaziBenavente ($2.10 in chips) 
Seat 3: casual razor ($4.23 in chips) 
Seat 4: Dorex2007 ($2 in chips) 
Seat 5: Char P-3 ($1.38 in chips) 
Seat 6: RosemontTony ($2.36 in chips) 
Seat 7: WG8978 ($2 in chips) 
Seat 8: Juagonzalez ($2 in chips) 
Seat 9: reech90 ($2.20 in chips) 
RosemontTony: posts small blind $0.01
WG8978: posts big blind $0.02
*** HOLE CARDS ***
Dealt to Dorex2007 [8c Kc]
Juagonzalez: folds 
reech90: folds 
delao med: folds 
ElNaziBenavente: folds 
casual razor: folds 
Dorex2007: raises $0.02 to $0.04
Char P-3: calls $0.04
RosemontTony: calls $0.03
WG8978: folds 
*** FLOP *** [Td 7s 2s]
RosemontTony: bets $0.06
Dorex2007: folds 
Char P-3: calls $0.06
*** TURN *** [Td 7s 2s] [Kh]
RosemontTony: bets $0.12
Char P-3: calls $0.12
*** RIVER *** [Td 7s 2s Kh] [5d]
RosemontTony: checks 
Char P-3: checks 
*** SHOW DOWN ***
RosemontTony: shows [Kd Jc] (a pair of Kings)
Char P-3: mucks hand 
RosemontTony collected $0.48 from pot
*** SUMMARY ***
Total pot $0.50 | Rake $0.02 
Board [Td 7s 2s Kh 5d]
Seat 1: delao med folded before Flop (didn't bet)
Seat 2: ElNaziBenavente folded before Flop (didn't bet)
Seat 3: casual razor folded before Flop (didn't bet)
Seat 4: Dorex2007 folded on the Flop
Seat 5: Char P-3 (button) mucked [Th Js]
Seat 6: RosemontTony (small blind) showed [Kd Jc] and won ($0.48) with a pair of Kings
Seat 7: WG8978 (big blind) folded before Flop
Seat 8: Juagonzalez folded before Flop (didn't bet)
Seat 9: reech90 folded before Flop (didn't bet)



PokerStars Hand #237754811273:  Hold'em No Limit ($0.01/$0.02 USD) - 2022/08/02 17:52:39 PT [2022/08/02 20:52:39 ET]
Table 'Skat II' 9-max Seat #6 is the button
Seat 1: delao med ($1.98 in chips) 
Seat 2: ElNaziBenavente ($2.10 in chips) 
Seat 3: casual razor ($4.23 in chips) 
Seat 4: Dorex2007 ($2 in chips) 
Seat 5: Char P-3 ($1.16 in chips) 
Seat 6: RosemontTony ($2.62 in chips) 
Seat 7: WG8978 ($2 in chips) 
Seat 8: Juagonzalez ($2 in chips) 
Seat 9: reech90 ($2.20 in chips) 
WG8978: posts small blind $0.01
Juagonzalez: posts big blind $0.02
*** HOLE CARDS ***
Dealt to Dorex2007 [Ah 7s]
reech90: folds 
delao med: raises $0.05 to $0.07
ElNaziBenavente: folds 
casual razor: calls $0.07
Dorex2007: folds 
Char P-3: folds 
RosemontTony: folds 
WG8978: folds 
Juagonzalez: folds 
*** FLOP *** [2h 9h Js]
delao med: bets $0.16
casual razor: folds 
Uncalled bet ($0.16) returned to delao med
delao med collected $0.16 from pot
delao med: doesn't show hand 
*** SUMMARY ***
Total pot $0.17 | Rake $0.01 
Board [2h 9h Js]
Seat 1: delao med collected ($0.16)
Seat 2: ElNaziBenavente folded before Flop (didn't bet)
Seat 3: casual razor folded on the Flop
Seat 4: Dorex2007 folded before Flop (didn't bet)
Seat 5: Char P-3 folded before Flop (didn't bet)
Seat 6: RosemontTony (button) folded before Flop (didn't bet)
Seat 7: WG8978 (small blind) folded before Flop
Seat 8: Juagonzalez (big blind) folded before Flop
Seat 9: reech90 folded before Flop (didn't bet)



PokerStars Hand #237754823840:  Hold'em No Limit ($0.01/$0.02 USD) - 2022/08/02 17:53:38 PT [2022/08/02 20:53:38 ET]
Table 'Skat II' 9-max Seat #7 is the button
Seat 1: delao med ($2.07 in chips) 
Seat 2: ElNaziBenavente ($2.10 in chips) 
Seat 3: casual razor ($4.16 in chips) 
Seat 4: Dorex2007 ($2 in chips) 
Seat 5: Char P-3 ($1.16 in chips) 
Seat 6: RosemontTony ($2.62 in chips) 
Seat 7: WG8978 ($2 in chips) 
Seat 8: Juagonzalez ($2 in chips) 
Seat 9: reech90 ($2.20 in chips) 
Juagonzalez: posts small blind $0.01
reech90: posts big blind $0.02
*** HOLE CARDS ***
Dealt to Dorex2007 [9s Jc]
delao med: folds 
ElNaziBenavente: calls $0.02
casual razor: folds 
Dorex2007: folds 
Char P-3: folds 
RosemontTony: folds 
WG8978: folds 
Juagonzalez: folds 
reech90: raises $0.06 to $0.08
ElNaziBenavente: calls $0.06
*** FLOP *** [2h Qc 6c]
reech90: bets $0.06
ElNaziBenavente: folds 
Uncalled bet ($0.06) returned to reech90
reech90 collected $0.16 from pot
reech90: doesn't show hand 
*** SUMMARY ***
Total pot $0.17 | Rake $0.01 
Board [2h Qc 6c]
Seat 1: delao med folded before Flop (didn't bet)
Seat 2: ElNaziBenavente folded on the Flop
Seat 3: casual razor folded before Flop (didn't bet)
Seat 4: Dorex2007 folded before Flop (didn't bet)
Seat 5: Char P-3 folded before Flop (didn't bet)
Seat 6: RosemontTony folded before Flop (didn't bet)
Seat 7: WG8978 (button) folded before Flop (didn't bet)
Seat 8: Juagonzalez (small blind) folded before Flop
Seat 9: reech90 (big blind) collected ($0.16)



PokerStars Hand #237754835472:  Hold'em No Limit ($0.01/$0.02 USD) - 2022/08/02 17:54:31 PT [2022/08/02 20:54:31 ET]
Table 'Skat II' 9-max Seat #8 is the button
Seat 1: delao med ($2.07 in chips) 
Seat 2: ElNaziBenavente ($2.02 in chips) 
Seat 3: casual razor ($4.16 in chips) 
Seat 4: Dorex2007 ($2 in chips) 
Seat 5: Char P-3 ($1.16 in chips) 
Seat 6: RosemontTony ($2.62 in chips) 
Seat 7: WG8978 ($2 in chips) 
Seat 8: Juagonzalez ($2 in chips) 
Seat 9: reech90 ($2.28 in chips) 
reech90: posts small blind $0.01
delao med: posts big blind $0.02
*** HOLE CARDS ***
Dealt to Dorex2007 [Kd Kc]
ElNaziBenavente: calls $0.02
casual razor: folds 
Dorex2007: raises $0.04 to $0.06
Char P-3 has timed out
Char P-3: folds 
RosemontTony: folds 
WG8978: folds 
Juagonzalez: folds 
reech90: folds 
delao med: folds 
ElNaziBenavente: calls $0.04
*** FLOP *** [8s 9d 3c]
ElNaziBenavente: checks 
Dorex2007: bets $0.07
ElNaziBenavente: calls $0.07
*** TURN *** [8s 9d 3c] [4s]
ElNaziBenavente: checks 
Dorex2007: bets $0.19
ElNaziBenavente: calls $0.19
*** RIVER *** [8s 9d 3c 4s] [Jh]
ElNaziBenavente: checks 
Dorex2007: bets $0.65
ElNaziBenavente: calls $0.65
*** SHOW DOWN ***
Dorex2007: shows [Kd Kc] (a pair of Kings)
ElNaziBenavente: mucks hand 
Dorex2007 collected $1.90 from pot
*** SUMMARY ***
Total pot $1.97 | Rake $0.07 
Board [8s 9d 3c 4s Jh]
Seat 1: delao med (big blind) folded before Flop
Seat 2: ElNaziBenavente mucked [Ts Jd]
Seat 3: casual razor folded before Flop (didn't bet)
Seat 4: Dorex2007 showed [Kd Kc] and won ($1.90) with a pair of Kings
Seat 5: Char P-3 folded before Flop (didn't bet)
Seat 6: RosemontTony folded before Flop (didn't bet)
Seat 7: WG8978 folded before Flop (didn't bet)
Seat 8: Juagonzalez (button) folded before Flop (didn't bet)
Seat 9: reech90 (small blind) folded before Flop



PokerStars Hand #237754848885:  Hold'em No Limit ($0.01/$0.02 USD) - 2022/08/02 17:55:40 PT [2022/08/02 20:55:40 ET]
Table 'Skat II' 9-max Seat #9 is the button
Seat 1: delao med ($2.05 in chips) 
Seat 2: ElNaziBenavente ($1.05 in chips) 
Seat 3: casual razor ($4.16 in chips) 
Seat 4: Dorex2007 ($2.93 in chips) 
Seat 6: RosemontTony ($2.62 in chips) 
Seat 7: WG8978 ($2 in chips) 
Seat 8: Juagonzalez ($2 in chips) 
Seat 9: reech90 ($2.27 in chips) 
delao med: posts small blind $0.01
ElNaziBenavente: posts big blind $0.02
*** HOLE CARDS ***
Dealt to Dorex2007 [As Qh]
casual razor: calls $0.02
Dorex2007: raises $0.02 to $0.04
RosemontTony: calls $0.04
WG8978: folds 
Juagonzalez: folds 
reech90: folds 
delao med: folds 
ElNaziBenavente: folds 
casual razor: calls $0.02
*** FLOP *** [2c Kh 4c]
casual razor: checks 
reech90 leaves the table
Dorex2007: checks 
RosemontTony: bets $0.11
I With You joins the table at seat #9 
casual razor: folds 
Dorex2007: folds 
Uncalled bet ($0.11) returned to RosemontTony
RosemontTony collected $0.14 from pot
RosemontTony: doesn't show hand 
*** SUMMARY ***
Total pot $0.15 | Rake $0.01 
Board [2c Kh 4c]
Seat 1: delao med (small blind) folded before Flop
Seat 2: ElNaziBenavente (big blind) folded before Flop
Seat 3: casual razor folded on the Flop
Seat 4: Dorex2007 folded on the Flop
Seat 6: RosemontTony collected ($0.14)
Seat 7: WG8978 folded before Flop (didn't bet)
Seat 8: Juagonzalez folded before Flop (didn't bet)
Seat 9: reech90 (button) folded before Flop (didn't bet)



PokerStars Hand #237754856842:  Hold'em No Limit ($0.01/$0.02 USD) - 2022/08/02 17:56:24 PT [2022/08/02 20:56:24 ET]
Table 'Skat II' 9-max Seat #1 is the button
Seat 1: delao med ($2.04 in chips) 
Seat 2: ElNaziBenavente ($2 in chips) 
Seat 3: casual razor ($4.12 in chips) 
Seat 4: Dorex2007 ($2.89 in chips) 
Seat 6: RosemontTony ($2.72 in chips) 
Seat 7: WG8978 ($2 in chips) 
Seat 8: Juagonzalez ($2 in chips) 
ElNaziBenavente: posts small blind $0.01
casual razor: posts big blind $0.02
I With You: sits out 
*** HOLE CARDS ***
Dealt to Dorex2007 [9s Qc]
Dorex2007: folds 
RosemontTony: folds 
WG8978: folds 
Juagonzalez: folds 
delao med: raises $0.19 to $0.21
ElNaziBenavente: folds 
casual razor: folds 
Uncalled bet ($0.19) returned to delao med
delao med collected $0.05 from pot
delao med: doesn't show hand 
*** SUMMARY ***
Total pot $0.05 | Rake $0 
Seat 1: delao med (button) collected ($0.05)
Seat 2: ElNaziBenavente (small blind) folded before Flop
Seat 3: casual razor (big blind) folded before Flop
Seat 4: Dorex2007 folded before Flop (didn't bet)
Seat 6: RosemontTony folded before Flop (didn't bet)
Seat 7: WG8978 folded before Flop (didn't bet)
Seat 8: Juagonzalez folded before Flop (didn't bet)



PokerStars Hand #237754860846:  Hold'em No Limit ($0.01/$0.02 USD) - 2022/08/02 17:56:46 PT [2022/08/02 20:56:46 ET]
Table 'Skat II' 9-max Seat #2 is the button
Seat 1: delao med ($2.07 in chips) 
Seat 2: ElNaziBenavente ($1.99 in chips) 
Seat 3: casual razor ($4.10 in chips) 
Seat 4: Dorex2007 ($2.89 in chips) 
Seat 6: RosemontTony ($2.72 in chips) 
Seat 7: WG8978 ($2 in chips) 
Seat 8: Juagonzalez ($2 in chips) 
casual razor: posts small blind $0.01
Dorex2007: posts big blind $0.02
I With You: sits out 
*** HOLE CARDS ***
Dealt to Dorex2007 [8h 4d]
RosemontTony: folds 
WG8978: folds 
Juagonzalez: folds 
delao med: raises $0.09 to $0.11
ElNaziBenavente: folds 
casual razor: folds 
Dorex2007: folds 
Uncalled bet ($0.09) returned to delao med
delao med collected $0.05 from pot
*** SUMMARY ***
Total pot $0.05 | Rake $0 
Seat 1: delao med collected ($0.05)
Seat 2: ElNaziBenavente (button) folded before Flop (didn't bet)
Seat 3: casual razor (small blind) folded before Flop
Seat 4: Dorex2007 (big blind) folded before Flop
Seat 6: RosemontTony folded before Flop (didn't bet)
Seat 7: WG8978 folded before Flop (didn't bet)
Seat 8: Juagonzalez folded before Flop (didn't bet)



PokerStars Hand #237754865748:  Hold'em No Limit ($0.01/$0.02 USD) - 2022/08/02 17:57:14 PT [2022/08/02 20:57:14 ET]
Table 'Skat II' 9-max Seat #3 is the button
Seat 1: delao med ($2.10 in chips) 
Seat 2: ElNaziBenavente ($1.99 in chips) 
Seat 3: casual razor ($4.09 in chips) 
Seat 4: Dorex2007 ($2.87 in chips) 
Seat 6: RosemontTony ($2.72 in chips) 
Seat 7: WG8978 ($2 in chips) 
Seat 8: Juagonzalez ($2 in chips) 
Seat 9: I With You ($2 in chips) 
Dorex2007: posts small blind $0.01
RosemontTony: posts big blind $0.02
I With You: posts big blind $0.02
*** HOLE CARDS ***
Dealt to Dorex2007 [5c Ad]
WG8978: folds 
Juagonzalez: folds 
I With You: checks 
delao med: calls $0.02
ElNaziBenavente: folds 
casual razor: folds 
Dorex2007: folds 
RosemontTony: checks 
*** FLOP *** [7h 5d Qc]
RosemontTony: checks 
I With You: checks 
delao med: checks 
*** TURN *** [7h 5d Qc] [As]
RosemontTony: checks 
I With You: checks 
delao med: bets $0.13
RosemontTony: folds 
I With You: folds 
Uncalled bet ($0.13) returned to delao med
delao med collected $0.07 from pot
*** SUMMARY ***
Total pot $0.07 | Rake $0 
Board [7h 5d Qc As]
Seat 1: delao med collected ($0.07)
Seat 2: ElNaziBenavente folded before Flop (didn't bet)
Seat 3: casual razor (button) folded before Flop (didn't bet)
Seat 4: Dorex2007 (small blind) folded before Flop
Seat 6: RosemontTony (big blind) folded on the Turn
Seat 7: WG8978 folded before Flop (didn't bet)
Seat 8: Juagonzalez folded before Flop (didn't bet)
Seat 9: I With You folded on the Turn (didn't bet)



PokerStars Hand #237754880759:  Hold'em No Limit ($0.01/$0.02 USD) - 2022/08/02 17:58:39 PT [2022/08/02 20:58:39 ET]
Table 'Skat II' 9-max Seat #4 is the button
Seat 1: delao med ($2.15 in chips) 
Seat 2: ElNaziBenavente ($1.99 in chips) 
Seat 3: casual razor ($4.09 in chips) 
Seat 4: Dorex2007 ($2.86 in chips) 
Seat 6: RosemontTony ($2.70 in chips) 
Seat 7: WG8978 ($2 in chips) 
Seat 8: Juagonzalez ($2 in chips) 
Seat 9: I With You ($1.98 in chips) 
RosemontTony: posts small blind $0.01
WG8978: posts big blind $0.02
*** HOLE CARDS ***
Dealt to Dorex2007 [7c 4s]
Juagonzalez: folds 
I With You: folds 
delao med: raises $0.05 to $0.07
ElNaziBenavente: folds 
casual razor: folds 
Dorex2007: folds 
RosemontTony: raises $0.16 to $0.23
WG8978: folds 
delao med: calls $0.16
*** FLOP *** [9d 3h 2c]
RosemontTony: bets $0.12
delao med: calls $0.12
*** TURN *** [9d 3h 2c] [5h]
RosemontTony: bets $0.46
delao med: calls $0.46
*** RIVER *** [9d 3h 2c 5h] [As]
RosemontTony: checks 
delao med: bets $0.79
RosemontTony: calls $0.79
*** SHOW DOWN ***
delao med: shows [Qh 4d] (a straight, Ace to Five)
RosemontTony: mucks hand 
delao med collected $3.11 from pot
*** SUMMARY ***
Total pot $3.22 | Rake $0.11 
Board [9d 3h 2c 5h As]
Seat 1: delao med showed [Qh 4d] and won ($3.11) with a straight, Ace to Five
Seat 2: ElNaziBenavente folded before Flop (didn't bet)
Seat 3: casual razor folded before Flop (didn't bet)
Seat 4: Dorex2007 (button) folded before Flop (didn't bet)
Seat 6: RosemontTony (small blind) mucked [Js Ah]
Seat 7: WG8978 (big blind) folded before Flop
Seat 8: Juagonzalez folded before Flop (didn't bet)
Seat 9: I With You folded before Flop (didn't bet)



PokerStars Hand #237754901460:  Hold'em No Limit ($0.01/$0.02 USD) - 2022/08/02 18:00:15 PT [2022/08/02 21:00:15 ET]
Table 'Skat II' 9-max Seat #6 is the button
Seat 1: delao med ($3.66 in chips) 
Seat 2: ElNaziBenavente ($1.99 in chips) 
Seat 3: casual razor ($4.09 in chips) 
Seat 4: Dorex2007 ($2.86 in chips) 
Seat 6: RosemontTony ($1.10 in chips) 
Seat 7: WG8978 ($2 in chips) 
Seat 8: Juagonzalez ($2 in chips) 
Seat 9: I With You ($1.98 in chips) 
WG8978: posts small blind $0.01
Juagonzalez: posts big blind $0.02
*** HOLE CARDS ***
Dealt to Dorex2007 [4h 5d]
I With You: folds 
delao med: folds 
ElNaziBenavente: folds 
casual razor: folds 
Dorex2007: folds 
RosemontTony: raises $0.04 to $0.06
WG8978: folds 
Juagonzalez: folds 
Uncalled bet ($0.04) returned to RosemontTony
Juagonzalez leaves the table
RosemontTony collected $0.05 from pot
RosemontTony: doesn't show hand 
*** SUMMARY ***
Total pot $0.05 | Rake $0 
Seat 1: delao med folded before Flop (didn't bet)
Seat 2: ElNaziBenavente folded before Flop (didn't bet)
Seat 3: casual razor folded before Flop (didn't bet)
Seat 4: Dorex2007 folded before Flop (didn't bet)
Seat 6: RosemontTony (button) collected ($0.05)
Seat 7: WG8978 (small blind) folded before Flop
Seat 8: Juagonzalez (big blind) folded before Flop
Seat 9: I With You folded before Flop (didn't bet)



PokerStars Hand #237754906878:  Hold'em No Limit ($0.01/$0.02 USD) - 2022/08/02 18:00:43 PT [2022/08/02 21:00:43 ET]
Table 'Skat II' 9-max Seat #7 is the button
Seat 1: delao med ($3.66 in chips) 
Seat 2: ElNaziBenavente ($1.99 in chips) 
Seat 3: casual razor ($4.09 in chips) 
Seat 4: Dorex2007 ($2.86 in chips) 
Seat 6: RosemontTony ($1.13 in chips) 
Seat 7: WG8978 ($2 in chips) 
Seat 9: I With You ($1.98 in chips) 
I With You: posts small blind $0.01
delao med: posts big blind $0.02
*** HOLE CARDS ***
Dealt to Dorex2007 [5d Jh]
ElNaziBenavente: raises $0.04 to $0.06
casual razor: calls $0.06
Dorex2007: folds 
RosemontTony: folds 
WG8978: folds 
I With You: folds 
delao med: folds 
*** FLOP *** [As 2h 6h]
ElNaziBenavente: bets $0.07
casual razor: raises $0.12 to $0.19
ElNaziBenavente: folds 
Uncalled bet ($0.12) returned to casual razor
casual razor collected $0.28 from pot
casual razor: doesn't show hand 
*** SUMMARY ***
Total pot $0.29 | Rake $0.01 
Board [As 2h 6h]
Seat 1: delao med (big blind) folded before Flop
Seat 2: ElNaziBenavente folded on the Flop
Seat 3: casual razor collected ($0.28)
Seat 4: Dorex2007 folded before Flop (didn't bet)
Seat 6: RosemontTony folded before Flop (didn't bet)
Seat 7: WG8978 (button) folded before Flop (didn't bet)
Seat 9: I With You (small blind) folded before Flop



PokerStars Hand #237754918057:  Hold'em No Limit ($0.01/$0.02 USD) - 2022/08/02 18:01:37 PT [2022/08/02 21:01:37 ET]
Table 'Skat II' 9-max Seat #9 is the button
Seat 1: delao med ($3.64 in chips) 
Seat 2: ElNaziBenavente ($1.86 in chips) 
Seat 3: casual razor ($4.24 in chips) 
Seat 4: Dorex2007 ($2.86 in chips) 
Seat 6: RosemontTony ($1.13 in chips) 
Seat 7: WG8978 ($2 in chips) 
Seat 9: I With You ($1.97 in chips) 
delao med: posts small blind $0.01
ElNaziBenavente: posts big blind $0.02
*** HOLE CARDS ***
Dealt to Dorex2007 [Th Ah]
casual razor: folds 
Dorex2007: calls $0.02
RosemontTony has timed out
RosemontTony: folds 
WG8978: raises $0.04 to $0.06
I With You: folds 
delao med: folds 
ElNaziBenavente: folds 
Dorex2007: calls $0.04
*** FLOP *** [4s Ks 2h]
Dorex2007: checks 
WG8978: bets $0.07
tommyjack04 joins the table at seat #8 
Dorex2007: folds 
Uncalled bet ($0.07) returned to WG8978
WG8978 collected $0.14 from pot
WG8978: doesn't show hand 
*** SUMMARY ***
Total pot $0.15 | Rake $0.01 
Board [4s Ks 2h]
Seat 1: delao med (small blind) folded before Flop
Seat 2: ElNaziBenavente (big blind) folded before Flop
Seat 3: casual razor folded before Flop (didn't bet)
Seat 4: Dorex2007 folded on the Flop
Seat 6: RosemontTony folded before Flop (didn't bet)
Seat 7: WG8978 collected ($0.14)
Seat 9: I With You (button) folded before Flop (didn't bet)



PokerStars Hand #237754930365:  Hold'em No Limit ($0.01/$0.02 USD) - 2022/08/02 18:02:36 PT [2022/08/02 21:02:36 ET]
Table 'Skat II' 9-max Seat #1 is the button
Seat 1: delao med ($3.63 in chips) 
Seat 2: ElNaziBenavente ($1.84 in chips) 
Seat 3: casual razor ($4.24 in chips) 
Seat 4: Dorex2007 ($2.80 in chips) 
Seat 6: RosemontTony ($1.13 in chips) 
Seat 7: WG8978 ($2.08 in chips) 
Seat 9: I With You ($1.97 in chips) 
ElNaziBenavente: posts small blind $0.01
casual razor: posts big blind $0.02
tommyjack04: sits out 
*** HOLE CARDS ***
Dealt to Dorex2007 [3c 8h]
Dorex2007: folds 
RosemontTony: folds 
WG8978: folds 
tommyjack04 leaves the table
I With You: folds 
delao med: raises $0.05 to $0.07
ElNaziBenavente: folds 
casual razor: folds 
Uncalled bet ($0.05) returned to delao med
delao med collected $0.05 from pot
delao med: doesn't show hand 
*** SUMMARY ***
Total pot $0.05 | Rake $0 
Seat 1: delao med (button) collected ($0.05)
Seat 2: ElNaziBenavente (small blind) folded before Flop
Seat 3: casual razor (big blind) folded before Flop
Seat 4: Dorex2007 folded before Flop (didn't bet)
Seat 6: RosemontTony folded before Flop (didn't bet)
Seat 7: WG8978 folded before Flop (didn't bet)
Seat 9: I With You folded before Flop (didn't bet)



PokerStars Hand #237754938385:  Hold'em No Limit ($0.01/$0.02 USD) - 2022/08/02 18:03:14 PT [2022/08/02 21:03:14 ET]
Table 'Skat II' 9-max Seat #2 is the button
Seat 1: delao med ($3.66 in chips) 
Seat 2: ElNaziBenavente ($1.83 in chips) 
Seat 3: casual razor ($4.22 in chips) 
Seat 4: Dorex2007 ($2.80 in chips) 
Seat 6: RosemontTony ($1.13 in chips) 
Seat 7: WG8978 ($2.08 in chips) 
Seat 9: I With You ($1.97 in chips) 
casual razor: posts small blind $0.01
Dorex2007: posts big blind $0.02
*** HOLE CARDS ***
Dealt to Dorex2007 [5s 7h]
RosemontTony: folds 
WG8978: raises $0.04 to $0.06
I With You: raises $0.18 to $0.24
delao med: folds 
ElNaziBenavente: folds 
casual razor: folds 
Dorex2007: folds 
Char P-3 is disconnected 
WG8978: folds 
Uncalled bet ($0.18) returned to I With You
I With You collected $0.15 from pot
I With You: doesn't show hand 
*** SUMMARY ***
Total pot $0.15 | Rake $0 
Seat 1: delao med folded before Flop (didn't bet)
Seat 2: ElNaziBenavente (button) folded before Flop (didn't bet)
Seat 3: casual razor (small blind) folded before Flop
Seat 4: Dorex2007 (big blind) folded before Flop
Seat 6: RosemontTony folded before Flop (didn't bet)
Seat 7: WG8978 folded before Flop
Seat 9: I With You collected ($0.15)



PokerStars Hand #237754949308:  Hold'em No Limit ($0.01/$0.02 USD) - 2022/08/02 18:04:05 PT [2022/08/02 21:04:05 ET]
Table 'Skat II' 9-max Seat #3 is the button
Seat 1: delao med ($3.66 in chips) 
Seat 2: ElNaziBenavente ($1.83 in chips) 
Seat 3: casual razor ($4.21 in chips) 
Seat 4: Dorex2007 ($2.78 in chips) 
Seat 6: RosemontTony ($1.13 in chips) 
Seat 7: WG8978 ($2.02 in chips) 
Seat 9: I With You ($2.06 in chips) 
Dorex2007: posts small blind $0.01
RosemontTony: posts big blind $0.02
*** HOLE CARDS ***
Dealt to Dorex2007 [3d As]
WG8978: folds 
I With You: folds 
delao med: raises $0.05 to $0.07
ElNaziBenavente: folds 
casual razor: calls $0.07
Philii Ivey joins the table at seat #8 
Dorex2007: folds 
RosemontTony: folds 
*** FLOP *** [Kd Jd Kh]
delao med: bets $0.16
casual razor: calls $0.16
*** TURN *** [Kd Jd Kh] [Jc]
delao med: checks 
casual razor: checks 
*** RIVER *** [Kd Jd Kh Jc] [6h]
delao med: checks 
casual razor: bets $0.41
delao med: folds 
Uncalled bet ($0.41) returned to casual razor
casual razor collected $0.47 from pot
casual razor: doesn't show hand 
*** SUMMARY ***
Total pot $0.49 | Rake $0.02 
Board [Kd Jd Kh Jc 6h]
Seat 1: delao med folded on the River
Seat 2: ElNaziBenavente folded before Flop (didn't bet)
Seat 3: casual razor (button) collected ($0.47)
Seat 4: Dorex2007 (small blind) folded before Flop
Seat 6: RosemontTony (big blind) folded before Flop
Seat 7: WG8978 folded before Flop (didn't bet)
Seat 9: I With You folded before Flop (didn't bet)



PokerStars Hand #237754962870:  Hold'em No Limit ($0.01/$0.02 USD) - 2022/08/02 18:05:09 PT [2022/08/02 21:05:09 ET]
Table 'Skat II' 9-max Seat #4 is the button
Seat 1: delao med ($3.43 in chips) 
Seat 2: ElNaziBenavente ($1.83 in chips) 
Seat 3: casual razor ($4.45 in chips) 
Seat 4: Dorex2007 ($2.77 in chips) 
Seat 6: RosemontTony ($1.11 in chips) 
Seat 7: WG8978 ($2.02 in chips) 
Seat 9: I With You ($2.06 in chips) 
RosemontTony: posts small blind $0.01
WG8978: posts big blind $0.02
Philii Ivey: sits out 
*** HOLE CARDS ***
Dealt to Dorex2007 [6c Qh]
I With You: folds 
delao med: raises $0.19 to $0.21
ElNaziBenavente: folds 
casual razor: folds 
Dorex2007: folds 
RosemontTony: folds 
WG8978: folds 
Uncalled bet ($0.19) returned to delao med
delao med collected $0.05 from pot
delao med: doesn't show hand 
*** SUMMARY ***
Total pot $0.05 | Rake $0 
Seat 1: delao med collected ($0.05)
Seat 2: ElNaziBenavente folded before Flop (didn't bet)
Seat 3: casual razor folded before Flop (didn't bet)
Seat 4: Dorex2007 (button) folded before Flop (didn't bet)
Seat 6: RosemontTony (small blind) folded before Flop
Seat 7: WG8978 (big blind) folded before Flop
Seat 9: I With You folded before Flop (didn't bet)



PokerStars Hand #237754967469:  Hold'em No Limit ($0.01/$0.02 USD) - 2022/08/02 18:05:31 PT [2022/08/02 21:05:31 ET]
Table 'Skat II' 9-max Seat #6 is the button
Seat 1: delao med ($3.46 in chips) 
Seat 2: ElNaziBenavente ($1.83 in chips) 
Seat 3: casual razor ($4.45 in chips) 
Seat 4: Dorex2007 ($2.77 in chips) 
Seat 6: RosemontTony ($1.99 in chips) 
Seat 7: WG8978 ($2 in chips) 
Seat 8: Philii Ivey ($2 in chips) 
Seat 9: I With You ($2.06 in chips) 
WG8978: posts small blind $0.01
Philii Ivey: posts big blind $0.02
*** HOLE CARDS ***
Dealt to Dorex2007 [7h 6c]
I With You: folds 
delao med: raises $0.05 to $0.07
ElNaziBenavente: folds 
casual razor: raises $0.07 to $0.14
Dorex2007: folds 
RosemontTony: folds 
WG8978: folds 
Philii Ivey: calls $0.12
delao med: calls $0.07
*** FLOP *** [9d 7c Jd]
Philii Ivey: bets $0.20
delao med: folds 
casual razor: raises $0.41 to $0.61
Philii Ivey: calls $0.41
*** TURN *** [9d 7c Jd] [Kd]
Philii Ivey: bets $0.79
casual razor: calls $0.79
*** RIVER *** [9d 7c Jd Kd] [6d]
Philii Ivey: checks 
casual razor: bets $1.56
Philii Ivey: calls $0.46 and is all-in
Uncalled bet ($1.10) returned to casual razor
*** SHOW DOWN ***
casual razor: shows [Qd Qh] (a flush, King high)
Philii Ivey: shows [Jh Kc] (two pair, Kings and Jacks)
casual razor collected $4 from pot
*** SUMMARY ***
Total pot $4.15 | Rake $0.15 
Board [9d 7c Jd Kd 6d]
Seat 1: delao med folded on the Flop
Seat 2: ElNaziBenavente folded before Flop (didn't bet)
Seat 3: casual razor showed [Qd Qh] and won ($4) with a flush, King high
Seat 4: Dorex2007 folded before Flop (didn't bet)
Seat 6: RosemontTony (button) folded before Flop (didn't bet)
Seat 7: WG8978 (small blind) folded before Flop
Seat 8: Philii Ivey (big blind) showed [Jh Kc] and lost with two pair, Kings and Jacks
Seat 9: I With You folded before Flop (didn't bet)



PokerStars Hand #237754998068:  Hold'em No Limit ($0.01/$0.02 USD) - 2022/08/02 18:06:32 PT [2022/08/02 21:06:32 ET]
Table 'Skat II' 9-max Seat #7 is the button
Seat 1: delao med ($3.32 in chips) 
Seat 2: ElNaziBenavente ($1.83 in chips) 
Seat 3: casual razor ($6.45 in chips) 
Seat 4: Dorex2007 ($2.77 in chips) 
Seat 6: RosemontTony ($2 in chips) 
Seat 7: WG8978 ($2 in chips) 
Seat 9: I With You ($2.06 in chips) 
I With You: posts small blind $0.01
delao med: posts big blind $0.02
*** HOLE CARDS ***
Dealt to Dorex2007 [Ts Ah]
ElNaziBenavente: calls $0.02
casual razor: calls $0.02
Dorex2007: calls $0.02
RosemontTony: folds 
WG8978: folds 
I With You: folds 
delao med: checks 
*** FLOP *** [3c Tc 8c]
delao med: bets $0.09
ElNaziBenavente: folds 
casual razor: folds 
Dorex2007: raises $0.11 to $0.20
delao med: folds 
Uncalled bet ($0.11) returned to Dorex2007
Dorex2007 collected $0.26 from pot
Dorex2007: doesn't show hand 
*** SUMMARY ***
Total pot $0.27 | Rake $0.01 
Board [3c Tc 8c]
Seat 1: delao med (big blind) folded on the Flop
Seat 2: ElNaziBenavente folded on the Flop
Seat 3: casual razor folded on the Flop
Seat 4: Dorex2007 collected ($0.26)
Seat 6: RosemontTony folded before Flop (didn't bet)
Seat 7: WG8978 (button) folded before Flop (didn't bet)
Seat 9: I With You (small blind) folded before Flop



PokerStars Hand #237755006473:  Hold'em No Limit ($0.01/$0.02 USD) - 2022/08/02 18:07:13 PT [2022/08/02 21:07:13 ET]
Table 'Skat II' 9-max Seat #9 is the button
Seat 1: delao med ($3.21 in chips) 
Seat 2: ElNaziBenavente ($1.81 in chips) 
Seat 3: casual razor ($6.43 in chips) 
Seat 4: Dorex2007 ($2.92 in chips) 
Seat 6: RosemontTony ($2 in chips) 
Seat 7: WG8978 ($2 in chips) 
Seat 8: Philii Ivey ($2 in chips) 
Seat 9: I With You ($2.05 in chips) 
delao med: posts small blind $0.01
ElNaziBenavente: posts big blind $0.02
Philii Ivey: posts small blind $0.01
*** HOLE CARDS ***
Dealt to Dorex2007 [9d 7c]
casual razor: folds 
Dorex2007: folds 
RosemontTony: folds 
WG8978: folds 
Philii Ivey: calls $0.02
I With You: folds 
delao med: calls $0.01
ElNaziBenavente: checks 
*** FLOP *** [Jd 5s 4s]
delao med: checks 
ElNaziBenavente: bets $0.03
Philii Ivey: calls $0.03
delao med: folds 
*** TURN *** [Jd 5s 4s] [8s]
ElNaziBenavente: checks 
Philii Ivey: bets $0.06
ElNaziBenavente: calls $0.06
*** RIVER *** [Jd 5s 4s 8s] [2s]
ElNaziBenavente: checks 
Philii Ivey: bets $0.24
ElNaziBenavente: folds 
Uncalled bet ($0.24) returned to Philii Ivey
Philii Ivey collected $0.24 from pot
Philii Ivey: doesn't show hand 
*** SUMMARY ***
Total pot $0.25 | Rake $0.01 
Board [Jd 5s 4s 8s 2s]
Seat 1: delao med (small blind) folded on the Flop
Seat 2: ElNaziBenavente (big blind) folded on the River
Seat 3: casual razor folded before Flop (didn't bet)
Seat 4: Dorex2007 folded before Flop (didn't bet)
Seat 6: RosemontTony folded before Flop (didn't bet)
Seat 7: WG8978 folded before Flop (didn't bet)
Seat 8: Philii Ivey collected ($0.24)
Seat 9: I With You (button) folded before Flop (didn't bet)



PokerStars Hand #237755016498:  Hold'em No Limit ($0.01/$0.02 USD) - 2022/08/02 18:08:01 PT [2022/08/02 21:08:01 ET]
Table 'Skat II' 9-max Seat #1 is the button
Seat 1: delao med ($3.19 in chips) 
Seat 2: ElNaziBenavente ($1.70 in chips) 
Seat 3: casual razor ($6.43 in chips) 
Seat 4: Dorex2007 ($2.92 in chips) 
Seat 6: RosemontTony ($2 in chips) 
Seat 7: WG8978 ($2 in chips) 
Seat 8: Philii Ivey ($2.12 in chips) 
Seat 9: I With You ($2.05 in chips) 
ElNaziBenavente: posts small blind $0.01
casual razor: posts big blind $0.02
*** HOLE CARDS ***
Dealt to Dorex2007 [3s Kd]
Dorex2007: folds 
RosemontTony: folds 
WG8978: folds 
Philii Ivey: calls $0.02
I With You: folds 
delao med: raises $0.07 to $0.09
ElNaziBenavente: folds 
casual razor: folds 
Philii Ivey: folds 
Uncalled bet ($0.07) returned to delao med
delao med collected $0.07 from pot
delao med: doesn't show hand 
*** SUMMARY ***
Total pot $0.07 | Rake $0 
Seat 1: delao med (button) collected ($0.07)
Seat 2: ElNaziBenavente (small blind) folded before Flop
Seat 3: casual razor (big blind) folded before Flop
Seat 4: Dorex2007 folded before Flop (didn't bet)
Seat 6: RosemontTony folded before Flop (didn't bet)
Seat 7: WG8978 folded before Flop (didn't bet)
Seat 8: Philii Ivey folded before Flop
Seat 9: I With You folded before Flop (didn't bet)



PokerStars Hand #237755024340:  Hold'em No Limit ($0.01/$0.02 USD) - 2022/08/02 18:08:39 PT [2022/08/02 21:08:39 ET]
Table 'Skat II' 9-max Seat #2 is the button
Seat 1: delao med ($3.24 in chips) 
Seat 2: ElNaziBenavente ($1.69 in chips) 
Seat 3: casual razor ($6.41 in chips) 
Seat 4: Dorex2007 ($2.92 in chips) 
Seat 6: RosemontTony ($2 in chips) 
Seat 7: WG8978 ($2 in chips) 
Seat 8: Philii Ivey ($2.10 in chips) 
Seat 9: I With You ($2.05 in chips) 
casual razor: posts small blind $0.01
Dorex2007: posts big blind $0.02
*** HOLE CARDS ***
Dealt to Dorex2007 [Jh 8s]
RosemontTony: folds 
WG8978: raises $0.04 to $0.06
Philii Ivey: calls $0.06
I With You: folds 
delao med: folds 
ElNaziBenavente: folds 
casual razor: folds 
Dorex2007: folds 
*** FLOP *** [4d 7h 2c]
WG8978: bets $0.07
Philii Ivey: folds 
Uncalled bet ($0.07) returned to WG8978
WG8978 collected $0.14 from pot
WG8978: doesn't show hand 
*** SUMMARY ***
Total pot $0.15 | Rake $0.01 
Board [4d 7h 2c]
Seat 1: delao med folded before Flop (didn't bet)
Seat 2: ElNaziBenavente (button) folded before Flop (didn't bet)
Seat 3: casual razor (small blind) folded before Flop
Seat 4: Dorex2007 (big blind) folded before Flop
Seat 6: RosemontTony folded before Flop (didn't bet)
Seat 7: WG8978 collected ($0.14)
Seat 8: Philii Ivey folded on the Flop
Seat 9: I With You folded before Flop (didn't bet)



PokerStars Hand #237755034888:  Hold'em No Limit ($0.01/$0.02 USD) - 2022/08/02 18:09:29 PT [2022/08/02 21:09:29 ET]
Table 'Skat II' 9-max Seat #3 is the button
Seat 1: delao med ($3.24 in chips) 
Seat 2: ElNaziBenavente ($1.69 in chips) 
Seat 3: casual razor ($6.40 in chips) 
Seat 4: Dorex2007 ($2.90 in chips) 
Seat 6: RosemontTony ($2 in chips) 
Seat 7: WG8978 ($2.08 in chips) 
Seat 8: Philii Ivey ($2.04 in chips) 
Seat 9: I With You ($2.05 in chips) 
Dorex2007: posts small blind $0.01
RosemontTony: posts big blind $0.02
*** HOLE CARDS ***
Dealt to Dorex2007 [Ac 7d]
WG8978: folds 
Philii Ivey: folds 
I With You: raises $0.02 to $0.04
Philii Ivey leaves the table
delao med has timed out
delao med: folds 
ElNaziBenavente: raises $0.02 to $0.06
delao med is disconnected 
casual razor: calls $0.06
Dorex2007: folds 
RosemontTony: folds 
I With You: calls $0.02
*** FLOP *** [9h 8d Th]
I With You: bets $0.08
ElNaziBenavente: calls $0.08
casual razor: raises $0.44 to $0.52
I With You: calls $0.44
ElNaziBenavente: folds 
*** TURN *** [9h 8d Th] [7s]
LuckyGranpa joins the table at seat #8 
I With You: checks 
casual razor: bets $0.80
I With You: calls $0.80
*** RIVER *** [9h 8d Th 7s] [7h]
I With You: bets $0.67 and is all-in
casual razor: calls $0.67
*** SHOW DOWN ***
I With You: shows [Qh Jh] (a flush, Queen high)
casual razor: shows [Jd Js] (a straight, Seven to Jack)
I With You collected $4.12 from pot
*** SUMMARY ***
Total pot $4.27 | Rake $0.15 
Board [9h 8d Th 7s 7h]
Seat 1: delao med folded before Flop (didn't bet)
Seat 2: ElNaziBenavente folded on the Flop
Seat 3: casual razor (button) showed [Jd Js] and lost with a straight, Seven to Jack
Seat 4: Dorex2007 (small blind) folded before Flop
Seat 6: RosemontTony (big blind) folded before Flop
Seat 7: WG8978 folded before Flop (didn't bet)
Seat 8: Philii Ivey folded before Flop (didn't bet)
Seat 9: I With You showed [Qh Jh] and won ($4.12) with a flush, Queen high



PokerStars Hand #237755055708:  Hold'em No Limit ($0.01/$0.02 USD) - 2022/08/02 18:11:11 PT [2022/08/02 21:11:11 ET]
Table 'Skat II' 9-max Seat #4 is the button
Seat 2: ElNaziBenavente ($1.55 in chips) 
Seat 3: casual razor ($4.35 in chips) 
Seat 4: Dorex2007 ($2.89 in chips) 
Seat 6: RosemontTony ($1.98 in chips) 
Seat 7: WG8978 ($2.08 in chips) 
Seat 9: I With You ($4.12 in chips) 
RosemontTony: posts small blind $0.01
WG8978: posts big blind $0.02
LuckyGranpa has timed out
LuckyGranpa: is sitting out 
*** HOLE CARDS ***
Dealt to Dorex2007 [4c Ah]
I With You: raises $0.02 to $0.04
ElNaziBenavente: folds 
casual razor: calls $0.04
Dorex2007: folds 
RosemontTony: folds 
WG8978: folds 
*** FLOP *** [3d 4d As]
I With You: bets $0.04
casual razor: calls $0.04
*** TURN *** [3d 4d As] [2h]
LuckyGranpa leaves the table
I With You: bets $0.06
casual razor: calls $0.06
*** RIVER *** [3d 4d As 2h] [Jh]
I With You: checks 
MarceloRLC joins the table at seat #8 
casual razor: bets $0.27
I With You: calls $0.27
*** SHOW DOWN ***
casual razor: shows [Kd 7d] (high card Ace)
I With You: shows [Th Ac] (a pair of Aces)
I With You collected $0.82 from pot
*** SUMMARY ***
Total pot $0.85 | Rake $0.03 
Board [3d 4d As 2h Jh]
Seat 2: ElNaziBenavente folded before Flop (didn't bet)
Seat 3: casual razor showed [Kd 7d] and lost with high card Ace
Seat 4: Dorex2007 (button) folded before Flop (didn't bet)
Seat 6: RosemontTony (small blind) folded before Flop
Seat 7: WG8978 (big blind) folded before Flop
Seat 9: I With You showed [Th Ac] and won ($0.82) with a pair of Aces



PokerStars Hand #237755077536:  Hold'em No Limit ($0.01/$0.02 USD) - 2022/08/02 18:12:57 PT [2022/08/02 21:12:57 ET]
Table 'Skat II' 9-max Seat #6 is the button
Seat 2: ElNaziBenavente ($1.55 in chips) 
Seat 3: casual razor ($3.94 in chips) 
Seat 4: Dorex2007 ($2.89 in chips) 
Seat 6: RosemontTony ($1.97 in chips) 
Seat 7: WG8978 ($2.06 in chips) 
Seat 8: MarceloRLC ($0.80 in chips) 
Seat 9: I With You ($4.53 in chips) 
WG8978: posts small blind $0.01
MarceloRLC: posts big blind $0.02
*** HOLE CARDS ***
Dealt to Dorex2007 [6d Js]
I With You: folds 
ElNaziBenavente: folds 
casual razor: calls $0.02
Char P-3 is disconnected 
Dorex2007: folds 
RosemontTony: folds 
WG8978: calls $0.01
MarceloRLC: checks 
*** FLOP *** [9s Ks 7h]
WG8978: checks 
MarceloRLC: bets $0.04
casual razor: folds 
WG8978: folds 
Uncalled bet ($0.04) returned to MarceloRLC
MarceloRLC collected $0.06 from pot
*** SUMMARY ***
Total pot $0.06 | Rake $0 
Board [9s Ks 7h]
Seat 2: ElNaziBenavente folded before Flop (didn't bet)
Seat 3: casual razor folded on the Flop
Seat 4: Dorex2007 folded before Flop (didn't bet)
Seat 6: RosemontTony (button) folded before Flop (didn't bet)
Seat 7: WG8978 (small blind) folded on the Flop
Seat 8: MarceloRLC (big blind) collected ($0.06)
Seat 9: I With You folded before Flop (didn't bet)



PokerStars Hand #237755084198:  Hold'em No Limit ($0.01/$0.02 USD) - 2022/08/02 18:13:30 PT [2022/08/02 21:13:30 ET]
Table 'Skat II' 9-max Seat #7 is the button
Seat 2: ElNaziBenavente ($1.55 in chips) 
Seat 3: casual razor ($3.92 in chips) 
Seat 4: Dorex2007 ($2.89 in chips) 
Seat 6: RosemontTony ($1.97 in chips) 
Seat 7: WG8978 ($2.04 in chips) 
Seat 8: MarceloRLC ($0.84 in chips) 
Seat 9: I With You ($4.53 in chips) 
MarceloRLC: posts small blind $0.01
I With You: posts big blind $0.02
*** HOLE CARDS ***
Dealt to Dorex2007 [3s 7s]
ElNaziBenavente has timed out
ElNaziBenavente: folds 
casual razor: folds 
Dorex2007: folds 
RosemontTony: folds 
WG8978: raises $0.04 to $0.06
MarceloRLC: raises $0.12 to $0.18
I With You: folds 
WG8978: folds 
Uncalled bet ($0.12) returned to MarceloRLC
MarceloRLC collected $0.14 from pot
*** SUMMARY ***
Total pot $0.14 | Rake $0 
Seat 2: ElNaziBenavente folded before Flop (didn't bet)
Seat 3: casual razor folded before Flop (didn't bet)
Seat 4: Dorex2007 folded before Flop (didn't bet)
Seat 6: RosemontTony folded before Flop (didn't bet)
Seat 7: WG8978 (button) folded before Flop
Seat 8: MarceloRLC (small blind) collected ($0.14)
Seat 9: I With You (big blind) folded before Flop



PokerStars Hand #237755091212:  Hold'em No Limit ($0.01/$0.02 USD) - 2022/08/02 18:14:04 PT [2022/08/02 21:14:04 ET]
Table 'Skat II' 9-max Seat #8 is the button
Seat 2: ElNaziBenavente ($1.55 in chips) 
Seat 3: casual razor ($3.92 in chips) 
Seat 4: Dorex2007 ($2.89 in chips) 
Seat 6: RosemontTony ($1.97 in chips) 
Seat 7: WG8978 ($2 in chips) 
Seat 8: MarceloRLC ($0.92 in chips) 
Seat 9: I With You ($4.51 in chips) 
I With You: posts small blind $0.01
ElNaziBenavente: posts big blind $0.02
*** HOLE CARDS ***
Dealt to Dorex2007 [2d 8c]
casual razor: raises $0.04 to $0.06
Dorex2007: folds 
RosemontTony: calls $0.06
WG8978: folds 
MarceloRLC: folds 
I With You: folds 
ElNaziBenavente: calls $0.04
*** FLOP *** [7h 8s 9d]
ElNaziBenavente: checks 
casual razor: bets $0.11
RosemontTony: calls $0.11
ElNaziBenavente: calls $0.11
*** TURN *** [7h 8s 9d] [Jc]
ElNaziBenavente: checks 
casual razor: bets $0.33
RosemontTony: folds 
ElNaziBenavente: calls $0.33
*** RIVER *** [7h 8s 9d Jc] [Kh]
ElNaziBenavente: bets $0.57
casual razor: raises $0.57 to $1.14
ElNaziBenavente: calls $0.48 and is all-in
Uncalled bet ($0.09) returned to casual razor
*** SHOW DOWN ***
casual razor: shows [Qd Td] (a straight, Nine to King)
ElNaziBenavente: shows [Ts Ac] (a straight, Seven to Jack)
casual razor collected $3.17 from pot
*** SUMMARY ***
Total pot $3.28 | Rake $0.11 
Board [7h 8s 9d Jc Kh]
Seat 2: ElNaziBenavente (big blind) showed [Ts Ac] and lost with a straight, Seven to Jack
Seat 3: casual razor showed [Qd Td] and won ($3.17) with a straight, Nine to King
Seat 4: Dorex2007 folded before Flop (didn't bet)
Seat 6: RosemontTony folded on the Turn
Seat 7: WG8978 folded before Flop (didn't bet)
Seat 8: MarceloRLC (button) folded before Flop (didn't bet)
Seat 9: I With You (small blind) folded before Flop



PokerStars Hand #237755108246:  Hold'em No Limit ($0.01/$0.02 USD) - 2022/08/02 18:15:28 PT [2022/08/02 21:15:28 ET]
Table 'Skat II' 9-max Seat #9 is the button
Seat 3: casual razor ($5.54 in chips) 
Seat 4: Dorex2007 ($2.89 in chips) 
Seat 6: RosemontTony ($1.80 in chips) 
Seat 7: WG8978 ($2 in chips) 
Seat 8: MarceloRLC ($0.92 in chips) 
Seat 9: I With You ($4.50 in chips) 
casual razor: posts small blind $0.01
Dorex2007: posts big blind $0.02
*** HOLE CARDS ***
Dealt to Dorex2007 [Ac 6h]
RosemontTony: folds 
WG8978: folds 
MarceloRLC: folds 
I With You: folds 
ElNaziBenavente leaves the table
casual razor: folds 
Uncalled bet ($0.01) returned to Dorex2007
Dorex2007 collected $0.02 from pot
Dorex2007: doesn't show hand 
*** SUMMARY ***
Total pot $0.02 | Rake $0 
Seat 3: casual razor (small blind) folded before Flop
Seat 4: Dorex2007 (big blind) collected ($0.02)
Seat 6: RosemontTony folded before Flop (didn't bet)
Seat 7: WG8978 folded before Flop (didn't bet)
Seat 8: MarceloRLC folded before Flop (didn't bet)
Seat 9: I With You (button) folded before Flop (didn't bet)



PokerStars Hand #237755111431:  Hold'em No Limit ($0.01/$0.02 USD) - 2022/08/02 18:15:44 PT [2022/08/02 21:15:44 ET]
Table 'Skat II' 9-max Seat #3 is the button
Seat 3: casual razor ($5.53 in chips) 
Seat 4: Dorex2007 ($2.90 in chips) 
Seat 6: RosemontTony ($1.80 in chips) 
Seat 7: WG8978 ($2 in chips) 
Seat 8: MarceloRLC ($0.92 in chips) 
Seat 9: I With You ($4.50 in chips) 
Dorex2007: posts small blind $0.01
RosemontTony: posts big blind $0.02
*** HOLE CARDS ***
Dealt to Dorex2007 [8c 6d]
WG8978: folds 
MarceloRLC: folds 
vini_wontroba joins the table at seat #2 
I With You: folds 
casual razor: calls $0.02
Dorex2007: folds 
RosemontTony: raises $0.05 to $0.07
casual razor: folds 
Uncalled bet ($0.05) returned to RosemontTony
RosemontTony collected $0.05 from pot
Char P-3 leaves the table
RosemontTony: doesn't show hand 
*** SUMMARY ***
Total pot $0.05 | Rake $0 
Seat 3: casual razor (button) folded before Flop
Seat 4: Dorex2007 (small blind) folded before Flop
Seat 6: RosemontTony (big blind) collected ($0.05)
Seat 7: WG8978 folded before Flop (didn't bet)
Seat 8: MarceloRLC folded before Flop (didn't bet)
Seat 9: I With You folded before Flop (didn't bet)



PokerStars Hand #237755116018:  Hold'em No Limit ($0.01/$0.02 USD) - 2022/08/02 18:16:06 PT [2022/08/02 21:16:06 ET]
Table 'Skat II' 9-max Seat #4 is the button
Seat 3: casual razor ($5.51 in chips) 
Seat 4: Dorex2007 ($2.89 in chips) 
Seat 6: RosemontTony ($1.83 in chips) 
Seat 7: WG8978 ($2 in chips) 
Seat 8: MarceloRLC ($0.92 in chips) 
Seat 9: I With You ($4.50 in chips) 
RosemontTony: posts small blind $0.01
WG8978: posts big blind $0.02
vini_wontroba: sits out 
*** HOLE CARDS ***
Dealt to Dorex2007 [Jc Ad]
MarceloRLC: folds 
I With You: folds 
casual razor: folds 
Dorex2007: raises $0.02 to $0.04
RosemontTony: folds 
WG8978: folds 
Uncalled bet ($0.02) returned to Dorex2007
Dorex2007 collected $0.05 from pot
Dorex2007: doesn't show hand 
*** SUMMARY ***
Total pot $0.05 | Rake $0 
Seat 3: casual razor folded before Flop (didn't bet)
Seat 4: Dorex2007 (button) collected ($0.05)
Seat 6: RosemontTony (small blind) folded before Flop
Seat 7: WG8978 (big blind) folded before Flop
Seat 8: MarceloRLC folded before Flop (didn't bet)
Seat 9: I With You folded before Flop (didn't bet)



PokerStars Hand #237755119630:  Hold'em No Limit ($0.01/$0.02 USD) - 2022/08/02 18:16:24 PT [2022/08/02 21:16:24 ET]
Table 'Skat II' 9-max Seat #6 is the button
Seat 3: casual razor ($5.51 in chips) 
Seat 4: Dorex2007 ($2.92 in chips) 
Seat 6: RosemontTony ($1.82 in chips) 
Seat 7: WG8978 ($2 in chips) 
Seat 8: MarceloRLC ($0.92 in chips) 
Seat 9: I With You ($4.50 in chips) 
WG8978: posts small blind $0.01
MarceloRLC: posts big blind $0.02
vini_wontroba: sits out 
*** HOLE CARDS ***
Dealt to Dorex2007 [Td 3c]
gilsonfn joins the table at seat #5 
I With You: calls $0.02
casual razor: folds 
Dorex2007: folds 
RosemontTony: folds 
WG8978: calls $0.01
MarceloRLC: checks 
*** FLOP *** [9h 6h Jc]
WG8978: checks 
MarceloRLC: checks 
I With You: checks 
*** TURN *** [9h 6h Jc] [Ks]
WG8978: checks 
MarceloRLC: checks 
I With You: checks 
*** RIVER *** [9h 6h Jc Ks] [2c]
WG8978: checks 
MarceloRLC: bets $0.06
I With You: folds 
WG8978: folds 
Uncalled bet ($0.06) returned to MarceloRLC
MarceloRLC collected $0.06 from pot
*** SUMMARY ***
Total pot $0.06 | Rake $0 
Board [9h 6h Jc Ks 2c]
Seat 3: casual razor folded before Flop (didn't bet)
Seat 4: Dorex2007 folded before Flop (didn't bet)
Seat 6: RosemontTony (button) folded before Flop (didn't bet)
Seat 7: WG8978 (small blind) folded on the River
Seat 8: MarceloRLC (big blind) collected ($0.06)
Seat 9: I With You folded on the River



PokerStars Hand #237755131777:  Hold'em No Limit ($0.01/$0.02 USD) - 2022/08/02 18:17:23 PT [2022/08/02 21:17:23 ET]
Table 'Skat II' 9-max Seat #7 is the button
Seat 3: casual razor ($5.51 in chips) 
Seat 4: Dorex2007 ($2.92 in chips) 
Seat 5: gilsonfn ($2 in chips) 
Seat 6: RosemontTony ($1.82 in chips) 
Seat 7: WG8978 ($2 in chips) 
Seat 8: MarceloRLC ($0.96 in chips) 
Seat 9: I With You ($4.48 in chips) 
MarceloRLC: posts small blind $0.01
I With You: posts big blind $0.02
vini_wontroba: sits out 
gilsonfn: posts big blind $0.02
*** HOLE CARDS ***
Dealt to Dorex2007 [3s 2h]
casual razor has timed out
casual razor: folds 
Dorex2007: folds 
gilsonfn: checks 
RosemontTony: folds 
WG8978 has timed out
WG8978: folds 
MarceloRLC: calls $0.01
I With You: raises $0.04 to $0.06
gilsonfn: calls $0.04
MarceloRLC: folds 
*** FLOP *** [Jh Ts 6c]
I With You: bets $0.06
gilsonfn: folds 
Uncalled bet ($0.06) returned to I With You
I With You collected $0.14 from pot
I With You: doesn't show hand 
*** SUMMARY ***
Total pot $0.14 | Rake $0 
Board [Jh Ts 6c]
Seat 3: casual razor folded before Flop (didn't bet)
Seat 4: Dorex2007 folded before Flop (didn't bet)
Seat 5: gilsonfn folded on the Flop
Seat 6: RosemontTony folded before Flop (didn't bet)
Seat 7: WG8978 (button) folded before Flop (didn't bet)
Seat 8: MarceloRLC (small blind) folded before Flop
Seat 9: I With You (big blind) collected ($0.14)



PokerStars Hand #237755143788:  Hold'em No Limit ($0.01/$0.02 USD) - 2022/08/02 18:18:21 PT [2022/08/02 21:18:21 ET]
Table 'Skat II' 9-max Seat #8 is the button
Seat 2: vini_wontroba ($2 in chips) 
Seat 3: casual razor ($5.51 in chips) 
Seat 4: Dorex2007 ($2.92 in chips) 
Seat 5: gilsonfn ($1.94 in chips) 
Seat 6: RosemontTony ($1.82 in chips) 
Seat 7: WG8978 ($2 in chips) 
Seat 8: MarceloRLC ($0.94 in chips) 
Seat 9: I With You ($4.56 in chips) 
I With You: posts small blind $0.01
vini_wontroba: posts big blind $0.02
*** HOLE CARDS ***
Dealt to Dorex2007 [3h Kc]
casual razor: folds 
Dorex2007: folds 
gilsonfn: folds 
RosemontTony: folds 
WG8978: folds 
MarceloRLC: folds 
I With You: raises $0.06 to $0.08
vini_wontroba: folds 
Uncalled bet ($0.06) returned to I With You
I With You collected $0.04 from pot
I With You: doesn't show hand 
*** SUMMARY ***
Total pot $0.04 | Rake $0 
Seat 2: vini_wontroba (big blind) folded before Flop
Seat 3: casual razor folded before Flop (didn't bet)
Seat 4: Dorex2007 folded before Flop (didn't bet)
Seat 5: gilsonfn folded before Flop (didn't bet)
Seat 6: RosemontTony folded before Flop (didn't bet)
Seat 7: WG8978 folded before Flop (didn't bet)
Seat 8: MarceloRLC (button) folded before Flop (didn't bet)
Seat 9: I With You (small blind) collected ($0.04)



PokerStars Hand #237755149371:  Hold'em No Limit ($0.01/$0.02 USD) - 2022/08/02 18:18:48 PT [2022/08/02 21:18:48 ET]
Table 'Skat II' 9-max Seat #9 is the button
Seat 2: vini_wontroba ($1.98 in chips) 
Seat 3: casual razor ($5.51 in chips) 
Seat 4: Dorex2007 ($2.92 in chips) 
Seat 5: gilsonfn ($1.94 in chips) 
Seat 6: RosemontTony ($1.82 in chips) 
Seat 7: WG8978 ($2 in chips) 
Seat 8: MarceloRLC ($0.94 in chips) 
Seat 9: I With You ($4.58 in chips) 
vini_wontroba: posts small blind $0.01
casual razor: posts big blind $0.02
*** HOLE CARDS ***
Dealt to Dorex2007 [Jc 6c]
Dorex2007: folds 
gilsonfn: raises $0.12 to $0.14
RosemontTony: folds 
WG8978: folds 
MarceloRLC: folds 
I With You: folds 
vini_wontroba: folds 
casual razor: folds 
Uncalled bet ($0.12) returned to gilsonfn
gilsonfn collected $0.05 from pot
gilsonfn: doesn't show hand 
*** SUMMARY ***
Total pot $0.05 | Rake $0 
Seat 2: vini_wontroba (small blind) folded before Flop
Seat 3: casual razor (big blind) folded before Flop
Seat 4: Dorex2007 folded before Flop (didn't bet)
Seat 5: gilsonfn collected ($0.05)
Seat 6: RosemontTony folded before Flop (didn't bet)
Seat 7: WG8978 folded before Flop (didn't bet)
Seat 8: MarceloRLC folded before Flop (didn't bet)
Seat 9: I With You (button) folded before Flop (didn't bet)



