PokerStars Hand #237612603226:  Hold'em No Limit ($0.02/$0.05 USD) - 2022/07/26 21:00:01 PT [2022/07/27 0:00:01 ET]
Table 'Conrada' 9-max Seat #1 is the button
Seat 1: Dorex2007 ($5.09 in chips) 
Seat 2: PFelipe95 ($3.88 in chips) 
Seat 3: Maria1995587 ($4.88 in chips) 
Seat 4: Mikey J410 ($4.95 in chips) 
Seat 5: Luigiams ($7.20 in chips) 
Seat 6: XHerrTUMNUSX ($15.37 in chips) 
Seat 7: WLOLW rrrrr ($5.50 in chips) 
Seat 8: AIH303 ($4.66 in chips) 
Seat 9: enixblr ($6.76 in chips) 
PFelipe95: posts small blind $0.02
Maria1995587: posts big blind $0.05
*** HOLE CARDS ***
Dealt to Dorex2007 [6h 9s]
Mikey J410: folds 
Luigiams: folds 
XHerrTUMNUSX: folds 
WLOLW rrrrr: folds 
AIH303: folds 
enixblr: folds 
Dorex2007: folds 
PFelipe95: raises $0.10 to $0.15
Maria1995587: folds 
Uncalled bet ($0.10) returned to PFelipe95
PFelipe95 collected $0.10 from pot
PFelipe95: doesn't show hand 
*** SUMMARY ***
Total pot $0.10 | Rake $0 
Seat 1: Dorex2007 (button) folded before Flop (didn't bet)
Seat 2: PFelipe95 (small blind) collected ($0.10)
Seat 3: Maria1995587 (big blind) folded before Flop
Seat 4: Mikey J410 folded before Flop (didn't bet)
Seat 5: Luigiams folded before Flop (didn't bet)
Seat 6: XHerrTUMNUSX folded before Flop (didn't bet)
Seat 7: WLOLW rrrrr folded before Flop (didn't bet)
Seat 8: AIH303 folded before Flop (didn't bet)
Seat 9: enixblr folded before Flop (didn't bet)



PokerStars Hand #237612605944:  Hold'em No Limit ($0.02/$0.05 USD) - 2022/07/26 21:00:24 PT [2022/07/27 0:00:24 ET]
Table 'Conrada' 9-max Seat #2 is the button
Seat 1: Dorex2007 ($5.09 in chips) 
Seat 2: PFelipe95 ($3.93 in chips) 
Seat 3: Maria1995587 ($4.83 in chips) 
Seat 4: Mikey J410 ($4.95 in chips) 
Seat 5: Luigiams ($7.20 in chips) 
Seat 6: XHerrTUMNUSX ($15.37 in chips) 
Seat 7: WLOLW rrrrr ($5.50 in chips) 
Seat 8: AIH303 ($4.66 in chips) 
Seat 9: enixblr ($6.76 in chips) 
Maria1995587: posts small blind $0.02
Mikey J410: posts big blind $0.05
*** HOLE CARDS ***
Dealt to Dorex2007 [Ac 2c]
Luigiams: folds 
XHerrTUMNUSX: folds 
WLOLW rrrrr: folds 
AIH303: folds 
enixblr: folds 
Dorex2007: calls $0.05
PFelipe95: folds 
Maria1995587: calls $0.03
Mikey J410: checks 
*** FLOP *** [5c 4c Kc]
Maria1995587: checks 
Mikey J410: checks 
Dorex2007: checks 
*** TURN *** [5c 4c Kc] [3h]
Maria1995587: checks 
Mikey J410: checks 
Dorex2007: bets $0.09
Maria1995587: folds 
Mikey J410: folds 
Uncalled bet ($0.09) returned to Dorex2007
Dorex2007 collected $0.14 from pot
Dorex2007: doesn't show hand 
*** SUMMARY ***
Total pot $0.15 | Rake $0.01 
Board [5c 4c Kc 3h]
Seat 1: Dorex2007 collected ($0.14)
Seat 2: PFelipe95 (button) folded before Flop (didn't bet)
Seat 3: Maria1995587 (small blind) folded on the Turn
Seat 4: Mikey J410 (big blind) folded on the Turn
Seat 5: Luigiams folded before Flop (didn't bet)
Seat 6: XHerrTUMNUSX folded before Flop (didn't bet)
Seat 7: WLOLW rrrrr folded before Flop (didn't bet)
Seat 8: AIH303 folded before Flop (didn't bet)
Seat 9: enixblr folded before Flop (didn't bet)



PokerStars Hand #237612611926:  Hold'em No Limit ($0.02/$0.05 USD) - 2022/07/26 21:01:12 PT [2022/07/27 0:01:12 ET]
Table 'Conrada' 9-max Seat #3 is the button
Seat 1: Dorex2007 ($5.18 in chips) 
Seat 2: PFelipe95 ($3.93 in chips) 
Seat 3: Maria1995587 ($4.78 in chips) 
Seat 4: Mikey J410 ($4.90 in chips) 
Seat 5: Luigiams ($7.20 in chips) 
Seat 6: XHerrTUMNUSX ($15.37 in chips) 
Seat 7: WLOLW rrrrr ($5.50 in chips) 
Seat 8: AIH303 ($4.66 in chips) 
Seat 9: enixblr ($6.76 in chips) 
Mikey J410: posts small blind $0.02
Luigiams: posts big blind $0.05
*** HOLE CARDS ***
Dealt to Dorex2007 [6h 9s]
XHerrTUMNUSX: raises $0.10 to $0.15
WLOLW rrrrr: folds 
AIH303: folds 
enixblr: raises $0.30 to $0.45
Dorex2007: folds 
PFelipe95: folds 
Maria1995587: folds 
Mikey J410: folds 
Luigiams: folds 
XHerrTUMNUSX: raises $0.65 to $1.10
enixblr: calls $0.65
*** FLOP *** [Jd 2h Jc]
XHerrTUMNUSX: checks 
AIH303 leaves the table
enixblr: checks 
*** TURN *** [Jd 2h Jc] [As]
XHerrTUMNUSX: bets $0.25
enixblr: calls $0.25
*** RIVER *** [Jd 2h Jc As] [Qh]
XHerrTUMNUSX: checks 
enixblr: checks 
*** SHOW DOWN ***
XHerrTUMNUSX: shows [Ad Qc] (two pair, Aces and Queens)
enixblr: mucks hand 
XHerrTUMNUSX collected $2.63 from pot
*** SUMMARY ***
Total pot $2.77 | Rake $0.14 
Board [Jd 2h Jc As Qh]
Seat 1: Dorex2007 folded before Flop (didn't bet)
Seat 2: PFelipe95 folded before Flop (didn't bet)
Seat 3: Maria1995587 (button) folded before Flop (didn't bet)
Seat 4: Mikey J410 (small blind) folded before Flop
Seat 5: Luigiams (big blind) folded before Flop
Seat 6: XHerrTUMNUSX showed [Ad Qc] and won ($2.63) with two pair, Aces and Queens
Seat 7: WLOLW rrrrr folded before Flop (didn't bet)
Seat 8: AIH303 folded before Flop (didn't bet)
Seat 9: enixblr mucked [Kd Qd]



PokerStars Hand #237612619466:  Hold'em No Limit ($0.02/$0.05 USD) - 2022/07/26 21:02:10 PT [2022/07/27 0:02:10 ET]
Table 'Conrada' 9-max Seat #4 is the button
Seat 1: Dorex2007 ($5.18 in chips) 
Seat 2: PFelipe95 ($3.93 in chips) 
Seat 3: Maria1995587 ($4.78 in chips) 
Seat 4: Mikey J410 ($4.88 in chips) 
Seat 5: Luigiams ($7.15 in chips) 
Seat 6: XHerrTUMNUSX ($16.65 in chips) 
Seat 7: WLOLW rrrrr ($5.50 in chips) 
Seat 9: enixblr ($5.41 in chips) 
Luigiams: posts small blind $0.02
XHerrTUMNUSX: posts big blind $0.05
*** HOLE CARDS ***
Dealt to Dorex2007 [Kh 7d]
WLOLW rrrrr: folds 
enixblr: folds 
Dorex2007: folds 
PFelipe95: raises $0.07 to $0.12
Maria1995587: folds 
Mikey J410: folds 
Luigiams: calls $0.10
XHerrTUMNUSX: folds 
*** FLOP *** [Qh Th 4c]
Luigiams: checks 
PFelipe95: checks 
*** TURN *** [Qh Th 4c] [Qc]
Luigiams: checks 
PFelipe95: checks 
*** RIVER *** [Qh Th 4c Qc] [Td]
Luigiams: checks 
PFelipe95: bets $0.19
Luigiams: calls $0.19
*** SHOW DOWN ***
PFelipe95: shows [Qd Jc] (a full house, Queens full of Tens)
Luigiams: mucks hand 
PFelipe95 collected $0.64 from pot
*** SUMMARY ***
Total pot $0.67 | Rake $0.03 
Board [Qh Th 4c Qc Td]
Seat 1: Dorex2007 folded before Flop (didn't bet)
Seat 2: PFelipe95 showed [Qd Jc] and won ($0.64) with a full house, Queens full of Tens
Seat 3: Maria1995587 folded before Flop (didn't bet)
Seat 4: Mikey J410 (button) folded before Flop (didn't bet)
Seat 5: Luigiams (small blind) mucked [Ad 6d]
Seat 6: XHerrTUMNUSX (big blind) folded before Flop
Seat 7: WLOLW rrrrr folded before Flop (didn't bet)
Seat 9: enixblr folded before Flop (didn't bet)



PokerStars Hand #237612626290:  Hold'em No Limit ($0.02/$0.05 USD) - 2022/07/26 21:03:02 PT [2022/07/27 0:03:02 ET]
Table 'Conrada' 9-max Seat #5 is the button
Seat 1: Dorex2007 ($5.18 in chips) 
Seat 2: PFelipe95 ($4.26 in chips) 
Seat 3: Maria1995587 ($4.78 in chips) 
Seat 4: Mikey J410 ($4.88 in chips) 
Seat 5: Luigiams ($6.84 in chips) 
Seat 6: XHerrTUMNUSX ($16.60 in chips) 
Seat 7: WLOLW rrrrr ($5.50 in chips) 
Seat 9: enixblr ($5.41 in chips) 
XHerrTUMNUSX: posts small blind $0.02
WLOLW rrrrr: posts big blind $0.05
*** HOLE CARDS ***
Dealt to Dorex2007 [Qd 7c]
enixblr: folds 
Dorex2007: folds 
mooresie28 joins the table at seat #8 
PFelipe95: raises $0.07 to $0.12
Maria1995587: folds 
Mikey J410: raises $0.31 to $0.43
Luigiams: folds 
XHerrTUMNUSX: folds 
WLOLW rrrrr: folds 
PFelipe95: folds 
Uncalled bet ($0.31) returned to Mikey J410
Mikey J410 collected $0.31 from pot
Mikey J410: doesn't show hand 
*** SUMMARY ***
Total pot $0.31 | Rake $0 
Seat 1: Dorex2007 folded before Flop (didn't bet)
Seat 2: PFelipe95 folded before Flop
Seat 3: Maria1995587 folded before Flop (didn't bet)
Seat 4: Mikey J410 collected ($0.31)
Seat 5: Luigiams (button) folded before Flop (didn't bet)
Seat 6: XHerrTUMNUSX (small blind) folded before Flop
Seat 7: WLOLW rrrrr (big blind) folded before Flop
Seat 9: enixblr folded before Flop (didn't bet)



PokerStars Hand #237612629331:  Hold'em No Limit ($0.02/$0.05 USD) - 2022/07/26 21:03:25 PT [2022/07/27 0:03:25 ET]
Table 'Conrada' 9-max Seat #6 is the button
Seat 1: Dorex2007 ($5.18 in chips) 
Seat 2: PFelipe95 ($4.14 in chips) 
Seat 3: Maria1995587 ($4.78 in chips) 
Seat 4: Mikey J410 ($5.07 in chips) 
Seat 5: Luigiams ($6.84 in chips) 
Seat 6: XHerrTUMNUSX ($16.58 in chips) 
Seat 7: WLOLW rrrrr ($5.45 in chips) 
Seat 8: mooresie28 ($5 in chips) 
Seat 9: enixblr ($5.41 in chips) 
WLOLW rrrrr: posts small blind $0.02
mooresie28: posts big blind $0.05
*** HOLE CARDS ***
Dealt to Dorex2007 [4s 4d]
enixblr: folds 
Dorex2007: raises $0.10 to $0.15
PFelipe95: folds 
Maria1995587: calls $0.15
Mikey J410: folds 
Luigiams: calls $0.15
XHerrTUMNUSX: raises $0.60 to $0.75
WLOLW rrrrr: folds 
mooresie28: folds 
Dorex2007: folds 
Maria1995587: folds 
Luigiams: folds 
Uncalled bet ($0.60) returned to XHerrTUMNUSX
XHerrTUMNUSX collected $0.67 from pot
*** SUMMARY ***
Total pot $0.67 | Rake $0 
Seat 1: Dorex2007 folded before Flop
Seat 2: PFelipe95 folded before Flop (didn't bet)
Seat 3: Maria1995587 folded before Flop
Seat 4: Mikey J410 folded before Flop (didn't bet)
Seat 5: Luigiams folded before Flop
Seat 6: XHerrTUMNUSX (button) collected ($0.67)
Seat 7: WLOLW rrrrr (small blind) folded before Flop
Seat 8: mooresie28 (big blind) folded before Flop
Seat 9: enixblr folded before Flop (didn't bet)



PokerStars Hand #237612634489:  Hold'em No Limit ($0.02/$0.05 USD) - 2022/07/26 21:04:05 PT [2022/07/27 0:04:05 ET]
Table 'Conrada' 9-max Seat #7 is the button
Seat 1: Dorex2007 ($5.03 in chips) 
Seat 2: PFelipe95 ($4.14 in chips) 
Seat 3: Maria1995587 ($4.63 in chips) 
Seat 4: Mikey J410 ($5.07 in chips) 
Seat 5: Luigiams ($6.69 in chips) 
Seat 6: XHerrTUMNUSX ($17.10 in chips) 
Seat 7: WLOLW rrrrr ($5.43 in chips) 
Seat 8: mooresie28 ($4.95 in chips) 
Seat 9: enixblr ($5.41 in chips) 
mooresie28: posts small blind $0.02
enixblr: posts big blind $0.05
*** HOLE CARDS ***
Dealt to Dorex2007 [Ah Jc]
Dorex2007: raises $0.10 to $0.15
PFelipe95: folds 
Maria1995587: folds 
Mikey J410: folds 
Luigiams: folds 
XHerrTUMNUSX: calls $0.15
WLOLW rrrrr: folds 
mooresie28: folds 
Maria1995587 leaves the table
enixblr: folds 
*** FLOP *** [Jd 9c 3d]
Dorex2007: checks 
XHerrTUMNUSX: checks 
*** TURN *** [Jd 9c 3d] [2s]
Dorex2007: bets $0.35
XHerrTUMNUSX: calls $0.35
*** RIVER *** [Jd 9c 3d 2s] [2h]
Dorex2007: bets $1.03
XHerrTUMNUSX: calls $1.03
*** SHOW DOWN ***
Dorex2007: shows [Ah Jc] (two pair, Jacks and Deuces)
XHerrTUMNUSX: mucks hand 
Dorex2007 collected $3 from pot
*** SUMMARY ***
Total pot $3.13 | Rake $0.13 
Board [Jd 9c 3d 2s 2h]
Seat 1: Dorex2007 showed [Ah Jc] and won ($3) with two pair, Jacks and Deuces
Seat 2: PFelipe95 folded before Flop (didn't bet)
Seat 3: Maria1995587 folded before Flop (didn't bet)
Seat 4: Mikey J410 folded before Flop (didn't bet)
Seat 5: Luigiams folded before Flop (didn't bet)
Seat 6: XHerrTUMNUSX mucked [5c 5h]
Seat 7: WLOLW rrrrr (button) folded before Flop (didn't bet)
Seat 8: mooresie28 (small blind) folded before Flop
Seat 9: enixblr (big blind) folded before Flop



PokerStars Hand #237612638237:  Hold'em No Limit ($0.02/$0.05 USD) - 2022/07/26 21:04:35 PT [2022/07/27 0:04:35 ET]
Table 'Conrada' 9-max Seat #8 is the button
Seat 1: Dorex2007 ($6.50 in chips) 
Seat 2: PFelipe95 ($4.14 in chips) 
Seat 4: Mikey J410 ($5.07 in chips) 
Seat 5: Luigiams ($6.69 in chips) 
Seat 6: XHerrTUMNUSX ($15.57 in chips) 
Seat 7: WLOLW rrrrr ($5.43 in chips) 
Seat 8: mooresie28 ($4.93 in chips) 
Seat 9: enixblr ($5.36 in chips) 
enixblr: posts small blind $0.02
Dorex2007: posts big blind $0.05
*** HOLE CARDS ***
Dealt to Dorex2007 [9c Qc]
PFelipe95: raises $0.10 to $0.15
Mikey J410: calls $0.15
Luigiams: folds 
XHerrTUMNUSX: folds 
WLOLW rrrrr: folds 
burro54 joins the table at seat #3 
mooresie28: folds 
enixblr: folds 
Dorex2007: calls $0.10
*** FLOP *** [8s 3c 8c]
Dorex2007: checks 
PFelipe95: bets $0.22
Mikey J410: folds 
Dorex2007: calls $0.22
*** TURN *** [8s 3c 8c] [Kh]
Dorex2007: bets $0.43
PFelipe95: folds 
Uncalled bet ($0.43) returned to Dorex2007
Dorex2007 collected $0.87 from pot
Dorex2007: doesn't show hand 
*** SUMMARY ***
Total pot $0.91 | Rake $0.04 
Board [8s 3c 8c Kh]
Seat 1: Dorex2007 (big blind) collected ($0.87)
Seat 2: PFelipe95 folded on the Turn
Seat 4: Mikey J410 folded on the Flop
Seat 5: Luigiams folded before Flop (didn't bet)
Seat 6: XHerrTUMNUSX folded before Flop (didn't bet)
Seat 7: WLOLW rrrrr folded before Flop (didn't bet)
Seat 8: mooresie28 (button) folded before Flop (didn't bet)
Seat 9: enixblr (small blind) folded before Flop



PokerStars Hand #237612643113:  Hold'em No Limit ($0.02/$0.05 USD) - 2022/07/26 21:05:13 PT [2022/07/27 0:05:13 ET]
Table 'Conrada' 9-max Seat #9 is the button
Seat 1: Dorex2007 ($7 in chips) 
Seat 2: PFelipe95 ($3.77 in chips) 
Seat 4: Mikey J410 ($4.92 in chips) 
Seat 5: Luigiams ($6.69 in chips) 
Seat 6: XHerrTUMNUSX ($15.57 in chips) 
Seat 7: WLOLW rrrrr ($5.43 in chips) 
Seat 8: mooresie28 ($4.93 in chips) 
Seat 9: enixblr ($5.34 in chips) 
Dorex2007: posts small blind $0.02
PFelipe95: posts big blind $0.05
burro54: sits out 
*** HOLE CARDS ***
Dealt to Dorex2007 [Kh 9c]
Mikey J410: folds 
Luigiams: folds 
XHerrTUMNUSX: folds 
WLOLW rrrrr: folds 
mooresie28: folds 
enixblr: folds 
Dorex2007: calls $0.03
PFelipe95: raises $0.15 to $0.20
Dorex2007: folds 
Uncalled bet ($0.15) returned to PFelipe95
PFelipe95 collected $0.10 from pot
PFelipe95: doesn't show hand 
*** SUMMARY ***
Total pot $0.10 | Rake $0 
Seat 1: Dorex2007 (small blind) folded before Flop
Seat 2: PFelipe95 (big blind) collected ($0.10)
Seat 4: Mikey J410 folded before Flop (didn't bet)
Seat 5: Luigiams folded before Flop (didn't bet)
Seat 6: XHerrTUMNUSX folded before Flop (didn't bet)
Seat 7: WLOLW rrrrr folded before Flop (didn't bet)
Seat 8: mooresie28 folded before Flop (didn't bet)
Seat 9: enixblr (button) folded before Flop (didn't bet)



PokerStars Hand #237612646978:  Hold'em No Limit ($0.02/$0.05 USD) - 2022/07/26 21:05:43 PT [2022/07/27 0:05:43 ET]
Table 'Conrada' 9-max Seat #1 is the button
Seat 1: Dorex2007 ($6.95 in chips) 
Seat 2: PFelipe95 ($3.82 in chips) 
Seat 3: burro54 ($4 in chips) 
Seat 4: Mikey J410 ($4.92 in chips) 
Seat 5: Luigiams ($6.69 in chips) 
Seat 6: XHerrTUMNUSX ($15.57 in chips) 
Seat 7: WLOLW rrrrr ($5.43 in chips) 
Seat 8: mooresie28 ($4.93 in chips) 
Seat 9: enixblr ($5.34 in chips) 
PFelipe95: posts small blind $0.02
burro54: posts big blind $0.05
*** HOLE CARDS ***
Dealt to Dorex2007 [8d 4h]
Mikey J410: folds 
Luigiams: raises $0.10 to $0.15
XHerrTUMNUSX: folds 
WLOLW rrrrr: folds 
mooresie28: folds 
enixblr: folds 
Dorex2007: folds 
PFelipe95: folds 
burro54: calls $0.10
*** FLOP *** [Ah 6d Jc]
burro54: checks 
Luigiams: bets $0.25
burro54: calls $0.25
*** TURN *** [Ah 6d Jc] [Ad]
burro54: bets $0.39
Luigiams: calls $0.39
*** RIVER *** [Ah 6d Jc Ad] [2d]
burro54: checks 
Luigiams: bets $1.53
burro54: calls $1.53
*** SHOW DOWN ***
Luigiams: shows [Ac Jd] (a full house, Aces full of Jacks)
burro54: mucks hand 
Luigiams collected $4.47 from pot
*** SUMMARY ***
Total pot $4.66 | Rake $0.19 
Board [Ah 6d Jc Ad 2d]
Seat 1: Dorex2007 (button) folded before Flop (didn't bet)
Seat 2: PFelipe95 (small blind) folded before Flop
Seat 3: burro54 (big blind) mucked [3d Jh]
Seat 4: Mikey J410 folded before Flop (didn't bet)
Seat 5: Luigiams showed [Ac Jd] and won ($4.47) with a full house, Aces full of Jacks
Seat 6: XHerrTUMNUSX folded before Flop (didn't bet)
Seat 7: WLOLW rrrrr folded before Flop (didn't bet)
Seat 8: mooresie28 folded before Flop (didn't bet)
Seat 9: enixblr folded before Flop (didn't bet)



PokerStars Hand #237612654722:  Hold'em No Limit ($0.02/$0.05 USD) - 2022/07/26 21:06:44 PT [2022/07/27 0:06:44 ET]
Table 'Conrada' 9-max Seat #2 is the button
Seat 1: Dorex2007 ($6.95 in chips) 
Seat 2: PFelipe95 ($3.80 in chips) 
Seat 3: burro54 ($1.68 in chips) 
Seat 4: Mikey J410 ($4.92 in chips) 
Seat 5: Luigiams ($8.84 in chips) 
Seat 6: XHerrTUMNUSX ($15.57 in chips) 
Seat 7: WLOLW rrrrr ($5.43 in chips) 
Seat 8: mooresie28 ($4.93 in chips) 
Seat 9: enixblr ($5.34 in chips) 
burro54: posts small blind $0.02
Mikey J410: posts big blind $0.05
*** HOLE CARDS ***
Dealt to Dorex2007 [9h Tc]
Luigiams: folds 
XHerrTUMNUSX: folds 
WLOLW rrrrr: folds 
mooresie28: folds 
enixblr: folds 
Dorex2007: folds 
PFelipe95: raises $0.05 to $0.10
burro54: raises $0.25 to $0.35
Mikey J410: folds 
PFelipe95: calls $0.25
*** FLOP *** [Td Qs Js]
burro54: bets $0.72
PFelipe95: folds 
Uncalled bet ($0.72) returned to burro54
burro54 collected $0.72 from pot
burro54: doesn't show hand 
*** SUMMARY ***
Total pot $0.75 | Rake $0.03 
Board [Td Qs Js]
Seat 1: Dorex2007 folded before Flop (didn't bet)
Seat 2: PFelipe95 (button) folded on the Flop
Seat 3: burro54 (small blind) collected ($0.72)
Seat 4: Mikey J410 (big blind) folded before Flop
Seat 5: Luigiams folded before Flop (didn't bet)
Seat 6: XHerrTUMNUSX folded before Flop (didn't bet)
Seat 7: WLOLW rrrrr folded before Flop (didn't bet)
Seat 8: mooresie28 folded before Flop (didn't bet)
Seat 9: enixblr folded before Flop (didn't bet)



PokerStars Hand #237612659033:  Hold'em No Limit ($0.02/$0.05 USD) - 2022/07/26 21:07:17 PT [2022/07/27 0:07:17 ET]
Table 'Conrada' 9-max Seat #3 is the button
Seat 1: Dorex2007 ($6.95 in chips) 
Seat 2: PFelipe95 ($3.45 in chips) 
Seat 3: burro54 ($2.05 in chips) 
Seat 4: Mikey J410 ($4.87 in chips) 
Seat 5: Luigiams ($8.84 in chips) 
Seat 6: XHerrTUMNUSX ($15.57 in chips) 
Seat 7: WLOLW rrrrr ($5.43 in chips) 
Seat 8: mooresie28 ($4.93 in chips) 
Seat 9: enixblr ($5.34 in chips) 
Mikey J410: posts small blind $0.02
Luigiams: posts big blind $0.05
*** HOLE CARDS ***
Dealt to Dorex2007 [Js 8s]
XHerrTUMNUSX: folds 
WLOLW rrrrr: folds 
mooresie28: raises $0.05 to $0.10
enixblr: folds 
Dorex2007: folds 
PFelipe95: folds 
burro54: raises $0.27 to $0.37
Mikey J410: folds 
Luigiams: folds 
mooresie28: folds 
Uncalled bet ($0.27) returned to burro54
burro54 collected $0.27 from pot
burro54: doesn't show hand 
*** SUMMARY ***
Total pot $0.27 | Rake $0 
Seat 1: Dorex2007 folded before Flop (didn't bet)
Seat 2: PFelipe95 folded before Flop (didn't bet)
Seat 3: burro54 (button) collected ($0.27)
Seat 4: Mikey J410 (small blind) folded before Flop
Seat 5: Luigiams (big blind) folded before Flop
Seat 6: XHerrTUMNUSX folded before Flop (didn't bet)
Seat 7: WLOLW rrrrr folded before Flop (didn't bet)
Seat 8: mooresie28 folded before Flop
Seat 9: enixblr folded before Flop (didn't bet)



PokerStars Hand #237612662134:  Hold'em No Limit ($0.02/$0.05 USD) - 2022/07/26 21:07:41 PT [2022/07/27 0:07:41 ET]
Table 'Conrada' 9-max Seat #4 is the button
Seat 1: Dorex2007 ($6.95 in chips) 
Seat 2: PFelipe95 ($3.45 in chips) 
Seat 3: burro54 ($2.22 in chips) 
Seat 4: Mikey J410 ($4.85 in chips) 
Seat 5: Luigiams ($8.79 in chips) 
Seat 6: XHerrTUMNUSX ($15.57 in chips) 
Seat 7: WLOLW rrrrr ($5.43 in chips) 
Seat 8: mooresie28 ($4.83 in chips) 
Seat 9: enixblr ($5.34 in chips) 
Luigiams: posts small blind $0.02
XHerrTUMNUSX: posts big blind $0.05
*** HOLE CARDS ***
Dealt to Dorex2007 [5h 3h]
WLOLW rrrrr: folds 
mooresie28: folds 
enixblr: raises $0.10 to $0.15
Dorex2007: folds 
PFelipe95: folds 
burro54: raises $0.10 to $0.25
Mikey J410: folds 
Luigiams: folds 
XHerrTUMNUSX: calls $0.20
enixblr: calls $0.10
*** FLOP *** [Qc 7d 4c]
XHerrTUMNUSX: checks 
enixblr: checks 
burro54: bets $0.74
XHerrTUMNUSX: folds 
enixblr: raises $4.35 to $5.09 and is all-in
burro54: calls $1.23 and is all-in
Uncalled bet ($3.12) returned to enixblr
*** TURN *** [Qc 7d 4c] [Jd]
*** RIVER *** [Qc 7d 4c Jd] [4s]
*** SHOW DOWN ***
enixblr: shows [Qh Kc] (two pair, Queens and Fours)
burro54: shows [6s Ts] (a pair of Fours)
enixblr cashed out the hand for $4.21 | Cash Out Fee $0.04
*** SUMMARY ***
Total pot $4.71 | Rake $0.20 
Board [Qc 7d 4c Jd 4s]
Seat 1: Dorex2007 folded before Flop (didn't bet)
Seat 2: PFelipe95 folded before Flop (didn't bet)
Seat 3: burro54 showed [6s Ts] and lost with a pair of Fours
Seat 4: Mikey J410 (button) folded before Flop (didn't bet)
Seat 5: Luigiams (small blind) folded before Flop
Seat 6: XHerrTUMNUSX (big blind) folded on the Flop
Seat 7: WLOLW rrrrr folded before Flop (didn't bet)
Seat 8: mooresie28 folded before Flop (didn't bet)
Seat 9: enixblr showed [Qh Kc] and won ($4.51) with two pair, Queens and Fours (pot not awarded as player cashed out)



PokerStars Hand #237612670148:  Hold'em No Limit ($0.02/$0.05 USD) - 2022/07/26 21:08:43 PT [2022/07/27 0:08:43 ET]
Table 'Conrada' 9-max Seat #5 is the button
Seat 1: Dorex2007 ($6.95 in chips) 
Seat 2: PFelipe95 ($3.45 in chips) 
Seat 4: Mikey J410 ($4.85 in chips) 
Seat 5: Luigiams ($8.77 in chips) 
Seat 6: XHerrTUMNUSX ($15.32 in chips) 
Seat 7: WLOLW rrrrr ($5.43 in chips) 
Seat 8: mooresie28 ($4.83 in chips) 
Seat 9: enixblr ($7.33 in chips) 
XHerrTUMNUSX: posts small blind $0.02
WLOLW rrrrr: posts big blind $0.05
*** HOLE CARDS ***
Dealt to Dorex2007 [2s 6c]
mooresie28: folds 
enixblr: folds 
Dorex2007: folds 
PFelipe95: raises $0.07 to $0.12
Mikey J410: calls $0.12
Luigiams: folds 
XHerrTUMNUSX: raises $0.48 to $0.60
WLOLW rrrrr: folds 
PFelipe95: calls $0.48
burro54 leaves the table
Mikey J410: calls $0.48
*** FLOP *** [9h Ks 8h]
XHerrTUMNUSX: bets $1.25
PFelipe95: folds 
Mikey J410: folds 
Uncalled bet ($1.25) returned to XHerrTUMNUSX
XHerrTUMNUSX collected $1.75 from pot
*** SUMMARY ***
Total pot $1.85 | Rake $0.10 
Board [9h Ks 8h]
Seat 1: Dorex2007 folded before Flop (didn't bet)
Seat 2: PFelipe95 folded on the Flop
Seat 4: Mikey J410 folded on the Flop
Seat 5: Luigiams (button) folded before Flop (didn't bet)
Seat 6: XHerrTUMNUSX (small blind) collected ($1.75)
Seat 7: WLOLW rrrrr (big blind) folded before Flop
Seat 8: mooresie28 folded before Flop (didn't bet)
Seat 9: enixblr folded before Flop (didn't bet)



PokerStars Hand #237612682402:  Hold'em No Limit ($0.02/$0.05 USD) - 2022/07/26 21:09:25 PT [2022/07/27 0:09:25 ET]
Table 'Conrada' 9-max Seat #6 is the button
Seat 1: Dorex2007 ($6.95 in chips) 
Seat 2: PFelipe95 ($2.85 in chips) 
Seat 4: Mikey J410 ($4.25 in chips) 
Seat 5: Luigiams ($8.77 in chips) 
Seat 6: XHerrTUMNUSX ($16.47 in chips) 
Seat 7: WLOLW rrrrr ($5.38 in chips) 
Seat 8: mooresie28 ($4.83 in chips) 
Seat 9: enixblr ($7.33 in chips) 
WLOLW rrrrr: posts small blind $0.02
mooresie28: posts big blind $0.05
*** HOLE CARDS ***
Dealt to Dorex2007 [7h 6d]
enixblr: folds 
Dorex2007: folds 
PFelipe95: folds 
Mikey J410: folds 
Luigiams: folds 
XHerrTUMNUSX: folds 
WLOLW rrrrr: raises $0.10 to $0.15
mooresie28: calls $0.10
*** FLOP *** [4c 6s 7c]
WLOLW rrrrr: bets $0.14
mooresie28: calls $0.14
*** TURN *** [4c 6s 7c] [Ac]
Talkino85 joins the table at seat #3 
WLOLW rrrrr: checks 
mooresie28: checks 
*** RIVER *** [4c 6s 7c Ac] [Kh]
WLOLW rrrrr: checks 
mooresie28: checks 
*** SHOW DOWN ***
WLOLW rrrrr: shows [5d 3d] (a straight, Three to Seven)
mooresie28: mucks hand 
WLOLW rrrrr collected $0.56 from pot
*** SUMMARY ***
Total pot $0.58 | Rake $0.02 
Board [4c 6s 7c Ac Kh]
Seat 1: Dorex2007 folded before Flop (didn't bet)
Seat 2: PFelipe95 folded before Flop (didn't bet)
Seat 4: Mikey J410 folded before Flop (didn't bet)
Seat 5: Luigiams folded before Flop (didn't bet)
Seat 6: XHerrTUMNUSX (button) folded before Flop (didn't bet)
Seat 7: WLOLW rrrrr (small blind) showed [5d 3d] and won ($0.56) with a straight, Three to Seven
Seat 8: mooresie28 (big blind) mucked [Ks 5h]
Seat 9: enixblr folded before Flop (didn't bet)



PokerStars Hand #237612688658:  Hold'em No Limit ($0.02/$0.05 USD) - 2022/07/26 21:10:12 PT [2022/07/27 0:10:12 ET]
Table 'Conrada' 9-max Seat #7 is the button
Seat 1: Dorex2007 ($6.95 in chips) 
Seat 2: PFelipe95 ($2.85 in chips) 
Seat 4: Mikey J410 ($4.25 in chips) 
Seat 5: Luigiams ($8.77 in chips) 
Seat 6: XHerrTUMNUSX ($16.47 in chips) 
Seat 7: WLOLW rrrrr ($5.65 in chips) 
Seat 8: mooresie28 ($4.54 in chips) 
Seat 9: enixblr ($7.33 in chips) 
mooresie28: posts small blind $0.02
enixblr: posts big blind $0.05
Talkino85: sits out 
*** HOLE CARDS ***
Dealt to Dorex2007 [3d Jd]
Dorex2007: folds 
PFelipe95: folds 
Mikey J410: folds 
Luigiams: raises $0.05 to $0.10
XHerrTUMNUSX: calls $0.10
WLOLW rrrrr: folds 
mooresie28: folds 
enixblr: folds 
*** FLOP *** [Kc 6h Qh]
Luigiams: bets $0.20
XHerrTUMNUSX: calls $0.20
*** TURN *** [Kc 6h Qh] [5s]
Luigiams: bets $0.30
XHerrTUMNUSX: calls $0.30
*** RIVER *** [Kc 6h Qh 5s] [2c]
Luigiams: bets $0.45
XHerrTUMNUSX: folds 
Uncalled bet ($0.45) returned to Luigiams
Luigiams collected $1.22 from pot
*** SUMMARY ***
Total pot $1.27 | Rake $0.05 
Board [Kc 6h Qh 5s 2c]
Seat 1: Dorex2007 folded before Flop (didn't bet)
Seat 2: PFelipe95 folded before Flop (didn't bet)
Seat 4: Mikey J410 folded before Flop (didn't bet)
Seat 5: Luigiams collected ($1.22)
Seat 6: XHerrTUMNUSX folded on the River
Seat 7: WLOLW rrrrr (button) folded before Flop (didn't bet)
Seat 8: mooresie28 (small blind) folded before Flop
Seat 9: enixblr (big blind) folded before Flop



PokerStars Hand #237612694300:  Hold'em No Limit ($0.02/$0.05 USD) - 2022/07/26 21:10:55 PT [2022/07/27 0:10:55 ET]
Table 'Conrada' 9-max Seat #8 is the button
Seat 1: Dorex2007 ($6.95 in chips) 
Seat 2: PFelipe95 ($2.85 in chips) 
Seat 3: Talkino85 ($4.06 in chips) 
Seat 4: Mikey J410 ($4.25 in chips) 
Seat 5: Luigiams ($9.39 in chips) 
Seat 6: XHerrTUMNUSX ($15.87 in chips) 
Seat 7: WLOLW rrrrr ($5.65 in chips) 
Seat 8: mooresie28 ($4.52 in chips) 
Seat 9: enixblr ($7.28 in chips) 
enixblr: posts small blind $0.02
Dorex2007: posts big blind $0.05
Talkino85: posts big blind $0.05
*** HOLE CARDS ***
Dealt to Dorex2007 [Jc Ts]
PFelipe95: folds 
Talkino85: checks 
Mikey J410: raises $0.10 to $0.15
Luigiams: folds 
XHerrTUMNUSX: calls $0.15
WLOLW rrrrr: calls $0.15
mooresie28: folds 
enixblr: folds 
Dorex2007: calls $0.10
Talkino85: calls $0.10
*** FLOP *** [Td Ad 2d]
Dorex2007: checks 
Talkino85: checks 
Mikey J410: checks 
XHerrTUMNUSX: checks 
WLOLW rrrrr: checks 
*** TURN *** [Td Ad 2d] [7d]
Dorex2007: checks 
Talkino85: checks 
Mikey J410: checks 
XHerrTUMNUSX: checks 
WLOLW rrrrr: checks 
*** RIVER *** [Td Ad 2d 7d] [As]
Dorex2007: checks 
Talkino85: checks 
Mikey J410: checks 
XHerrTUMNUSX: checks 
WLOLW rrrrr: checks 
*** SHOW DOWN ***
Dorex2007: shows [Jc Ts] (two pair, Aces and Tens)
Talkino85: mucks hand 
Mikey J410: shows [Qh Qc] (two pair, Aces and Queens)
XHerrTUMNUSX: mucks hand 
WLOLW rrrrr: mucks hand 
Mikey J410 collected $0.74 from pot
*** SUMMARY ***
Total pot $0.77 | Rake $0.03 
Board [Td Ad 2d 7d As]
Seat 1: Dorex2007 (big blind) showed [Jc Ts] and lost with two pair, Aces and Tens
Seat 2: PFelipe95 folded before Flop (didn't bet)
Seat 3: Talkino85 mucked [5s 3c]
Seat 4: Mikey J410 showed [Qh Qc] and won ($0.74) with two pair, Aces and Queens
Seat 5: Luigiams folded before Flop (didn't bet)
Seat 6: XHerrTUMNUSX mucked [Kh Jh]
Seat 7: WLOLW rrrrr mucked [6h 6c]
Seat 8: mooresie28 (button) folded before Flop (didn't bet)
Seat 9: enixblr (small blind) folded before Flop



PokerStars Hand #237612701236:  Hold'em No Limit ($0.02/$0.05 USD) - 2022/07/26 21:11:49 PT [2022/07/27 0:11:49 ET]
Table 'Conrada' 9-max Seat #9 is the button
Seat 1: Dorex2007 ($6.80 in chips) 
Seat 2: PFelipe95 ($2.85 in chips) 
Seat 3: Talkino85 ($3.91 in chips) 
Seat 4: Mikey J410 ($4.84 in chips) 
Seat 5: Luigiams ($9.39 in chips) 
Seat 6: XHerrTUMNUSX ($15.72 in chips) 
Seat 7: WLOLW rrrrr ($5.50 in chips) 
Seat 8: mooresie28 ($4.52 in chips) 
Seat 9: enixblr ($7.26 in chips) 
Dorex2007: posts small blind $0.02
PFelipe95: posts big blind $0.05
*** HOLE CARDS ***
Dealt to Dorex2007 [7c 7s]
Talkino85: calls $0.05
Mikey J410: folds 
Luigiams: folds 
XHerrTUMNUSX: folds 
WLOLW rrrrr: folds 
mooresie28: folds 
enixblr: folds 
Dorex2007: raises $0.05 to $0.10
PFelipe95: calls $0.05
Talkino85: calls $0.05
*** FLOP *** [Kc 6d 6h]
Dorex2007: checks 
PFelipe95: checks 
Talkino85: checks 
*** TURN *** [Kc 6d 6h] [9h]
Dorex2007: checks 
PFelipe95: checks 
Talkino85: checks 
*** RIVER *** [Kc 6d 6h 9h] [8c]
Dorex2007: checks 
PFelipe95: checks 
Talkino85: checks 
*** SHOW DOWN ***
Dorex2007: shows [7c 7s] (two pair, Sevens and Sixes)
PFelipe95: mucks hand 
Talkino85: mucks hand 
Dorex2007 collected $0.29 from pot
*** SUMMARY ***
Total pot $0.30 | Rake $0.01 
Board [Kc 6d 6h 9h 8c]
Seat 1: Dorex2007 (small blind) showed [7c 7s] and won ($0.29) with two pair, Sevens and Sixes
Seat 2: PFelipe95 (big blind) mucked [2d As]
Seat 3: Talkino85 mucked [4h 4s]
Seat 4: Mikey J410 folded before Flop (didn't bet)
Seat 5: Luigiams folded before Flop (didn't bet)
Seat 6: XHerrTUMNUSX folded before Flop (didn't bet)
Seat 7: WLOLW rrrrr folded before Flop (didn't bet)
Seat 8: mooresie28 folded before Flop (didn't bet)
Seat 9: enixblr (button) folded before Flop (didn't bet)



PokerStars Hand #237612708479:  Hold'em No Limit ($0.02/$0.05 USD) - 2022/07/26 21:12:45 PT [2022/07/27 0:12:45 ET]
Table 'Conrada' 9-max Seat #1 is the button
Seat 1: Dorex2007 ($6.99 in chips) 
Seat 2: PFelipe95 ($2.75 in chips) 
Seat 3: Talkino85 ($3.81 in chips) 
Seat 4: Mikey J410 ($4.84 in chips) 
Seat 5: Luigiams ($9.39 in chips) 
Seat 6: XHerrTUMNUSX ($15.72 in chips) 
Seat 7: WLOLW rrrrr ($5.50 in chips) 
Seat 8: mooresie28 ($4.52 in chips) 
Seat 9: enixblr ($7.26 in chips) 
PFelipe95: posts small blind $0.02
Talkino85: posts big blind $0.05
*** HOLE CARDS ***
Dealt to Dorex2007 [Js 6h]
Mikey J410: folds 
Luigiams: folds 
XHerrTUMNUSX: folds 
WLOLW rrrrr: folds 
mooresie28: folds 
enixblr: folds 
Dorex2007: folds 
PFelipe95: folds 
Uncalled bet ($0.03) returned to Talkino85
Talkino85 collected $0.04 from pot
*** SUMMARY ***
Total pot $0.04 | Rake $0 
Seat 1: Dorex2007 (button) folded before Flop (didn't bet)
Seat 2: PFelipe95 (small blind) folded before Flop
Seat 3: Talkino85 (big blind) collected ($0.04)
Seat 4: Mikey J410 folded before Flop (didn't bet)
Seat 5: Luigiams folded before Flop (didn't bet)
Seat 6: XHerrTUMNUSX folded before Flop (didn't bet)
Seat 7: WLOLW rrrrr folded before Flop (didn't bet)
Seat 8: mooresie28 folded before Flop (didn't bet)
Seat 9: enixblr folded before Flop (didn't bet)



PokerStars Hand #237612711018:  Hold'em No Limit ($0.02/$0.05 USD) - 2022/07/26 21:13:05 PT [2022/07/27 0:13:05 ET]
Table 'Conrada' 9-max Seat #2 is the button
Seat 1: Dorex2007 ($6.99 in chips) 
Seat 2: PFelipe95 ($2.73 in chips) 
Seat 3: Talkino85 ($3.83 in chips) 
Seat 4: Mikey J410 ($4.84 in chips) 
Seat 5: Luigiams ($9.39 in chips) 
Seat 6: XHerrTUMNUSX ($15.72 in chips) 
Seat 7: WLOLW rrrrr ($5.50 in chips) 
Seat 8: mooresie28 ($4.52 in chips) 
Seat 9: enixblr ($7.26 in chips) 
Talkino85: posts small blind $0.02
Mikey J410: posts big blind $0.05
*** HOLE CARDS ***
Dealt to Dorex2007 [Tc Ad]
Luigiams: folds 
XHerrTUMNUSX: folds 
WLOLW rrrrr: folds 
mooresie28: raises $0.05 to $0.10
enixblr: folds 
Luigiams leaves the table
Dorex2007: calls $0.10
PFelipe95: folds 
Talkino85: raises $0.35 to $0.45
Mikey J410: calls $0.40
mooresie28: folds 
Dorex2007: folds 
*** FLOP *** [4h 9s Ts]
Talkino85: bets $1.05
Mikey J410: calls $1.05
*** TURN *** [4h 9s Ts] [6s]
Talkino85: bets $2.33 and is all-in
Mikey J410: calls $2.33
*** RIVER *** [4h 9s Ts 6s] [2s]
*** SHOW DOWN ***
Talkino85: shows [Qc Qh] (a pair of Queens)
Mikey J410: shows [9c 9d] (three of a kind, Nines)
Mikey J410 collected $7.53 from pot
*** SUMMARY ***
Total pot $7.86 | Rake $0.33 
Board [4h 9s Ts 6s 2s]
Seat 1: Dorex2007 folded before Flop
Seat 2: PFelipe95 (button) folded before Flop (didn't bet)
Seat 3: Talkino85 (small blind) showed [Qc Qh] and lost with a pair of Queens
Seat 4: Mikey J410 (big blind) showed [9c 9d] and won ($7.53) with three of a kind, Nines
Seat 5: Luigiams folded before Flop (didn't bet)
Seat 6: XHerrTUMNUSX folded before Flop (didn't bet)
Seat 7: WLOLW rrrrr folded before Flop (didn't bet)
Seat 8: mooresie28 folded before Flop
Seat 9: enixblr folded before Flop (didn't bet)



PokerStars Hand #237612721689:  Hold'em No Limit ($0.02/$0.05 USD) - 2022/07/26 21:14:05 PT [2022/07/27 0:14:05 ET]
Table 'Conrada' 9-max Seat #4 is the button
Seat 1: Dorex2007 ($6.89 in chips) 
Seat 2: PFelipe95 ($2.73 in chips) 
Seat 4: Mikey J410 ($8.54 in chips) 
Seat 6: XHerrTUMNUSX ($15.72 in chips) 
Seat 7: WLOLW rrrrr ($5.50 in chips) 
Seat 8: mooresie28 ($4.42 in chips) 
Seat 9: enixblr ($7.26 in chips) 
XHerrTUMNUSX: posts small blind $0.02
WLOLW rrrrr: posts big blind $0.05
*** HOLE CARDS ***
Dealt to Dorex2007 [6d 2c]
mooresie28: folds 
Talkino85 leaves the table
enixblr: folds 
Dorex2007: folds 
PFelipe95: folds 
Mikey J410: folds 
XHerrTUMNUSX: raises $0.10 to $0.15
WLOLW rrrrr: folds 
Uncalled bet ($0.10) returned to XHerrTUMNUSX
XHerrTUMNUSX collected $0.10 from pot
*** SUMMARY ***
Total pot $0.10 | Rake $0 
Seat 1: Dorex2007 folded before Flop (didn't bet)
Seat 2: PFelipe95 folded before Flop (didn't bet)
Seat 4: Mikey J410 (button) folded before Flop (didn't bet)
Seat 6: XHerrTUMNUSX (small blind) collected ($0.10)
Seat 7: WLOLW rrrrr (big blind) folded before Flop
Seat 8: mooresie28 folded before Flop (didn't bet)
Seat 9: enixblr folded before Flop (didn't bet)



PokerStars Hand #237612724403:  Hold'em No Limit ($0.02/$0.05 USD) - 2022/07/26 21:14:26 PT [2022/07/27 0:14:26 ET]
Table 'Conrada' 9-max Seat #6 is the button
Seat 1: Dorex2007 ($6.89 in chips) 
Seat 2: PFelipe95 ($2.73 in chips) 
Seat 4: Mikey J410 ($8.54 in chips) 
Seat 6: XHerrTUMNUSX ($15.77 in chips) 
Seat 7: WLOLW rrrrr ($5.45 in chips) 
Seat 8: mooresie28 ($4.42 in chips) 
Seat 9: enixblr ($7.26 in chips) 
WLOLW rrrrr: posts small blind $0.02
mooresie28: posts big blind $0.05
*** HOLE CARDS ***
Dealt to Dorex2007 [2h 8d]
enixblr: folds 
Dorex2007: folds 
PFelipe95: folds 
Mikey J410: calls $0.05
XHerrTUMNUSX: folds 
WLOLW rrrrr: folds 
mooresie28: checks 
*** FLOP *** [5c Th Ts]
mooresie28: checks 
Mikey J410: checks 
*** TURN *** [5c Th Ts] [3c]
mooresie28: checks 
Mikey J410: checks 
*** RIVER *** [5c Th Ts 3c] [7d]
mooresie28: checks 
Mikey J410: checks 
*** SHOW DOWN ***
mooresie28: shows [8s Ac] (a pair of Tens)
Mikey J410: shows [3d Kd] (two pair, Tens and Threes)
Mikey J410 collected $0.12 from pot
*** SUMMARY ***
Total pot $0.12 | Rake $0 
Board [5c Th Ts 3c 7d]
Seat 1: Dorex2007 folded before Flop (didn't bet)
Seat 2: PFelipe95 folded before Flop (didn't bet)
Seat 4: Mikey J410 showed [3d Kd] and won ($0.12) with two pair, Tens and Threes
Seat 6: XHerrTUMNUSX (button) folded before Flop (didn't bet)
Seat 7: WLOLW rrrrr (small blind) folded before Flop
Seat 8: mooresie28 (big blind) showed [8s Ac] and lost with a pair of Tens
Seat 9: enixblr folded before Flop (didn't bet)



PokerStars Hand #237612729742:  Hold'em No Limit ($0.02/$0.05 USD) - 2022/07/26 21:15:07 PT [2022/07/27 0:15:07 ET]
Table 'Conrada' 9-max Seat #7 is the button
Seat 1: Dorex2007 ($6.89 in chips) 
Seat 2: PFelipe95 ($2.73 in chips) 
Seat 4: Mikey J410 ($8.61 in chips) 
Seat 6: XHerrTUMNUSX ($15.77 in chips) 
Seat 7: WLOLW rrrrr ($5.43 in chips) 
Seat 8: mooresie28 ($4.37 in chips) 
Seat 9: enixblr ($7.26 in chips) 
mooresie28: posts small blind $0.02
enixblr: posts big blind $0.05
*** HOLE CARDS ***
Dealt to Dorex2007 [Ad Jh]
Dorex2007: folds 
PFelipe95: folds 
Mikey J410: raises $0.10 to $0.15
XHerrTUMNUSX: folds 
WLOLW rrrrr: folds 
mooresie28: folds 
enixblr: folds 
Uncalled bet ($0.10) returned to Mikey J410
Mikey J410 collected $0.12 from pot
Mikey J410: doesn't show hand 
*** SUMMARY ***
Total pot $0.12 | Rake $0 
Seat 1: Dorex2007 folded before Flop (didn't bet)
Seat 2: PFelipe95 folded before Flop (didn't bet)
Seat 4: Mikey J410 collected ($0.12)
Seat 6: XHerrTUMNUSX folded before Flop (didn't bet)
Seat 7: WLOLW rrrrr (button) folded before Flop (didn't bet)
Seat 8: mooresie28 (small blind) folded before Flop
Seat 9: enixblr (big blind) folded before Flop



PokerStars Hand #237612731893:  Hold'em No Limit ($0.02/$0.05 USD) - 2022/07/26 21:15:23 PT [2022/07/27 0:15:23 ET]
Table 'Conrada' 9-max Seat #8 is the button
Seat 1: Dorex2007 ($6.89 in chips) 
Seat 2: PFelipe95 ($2.73 in chips) 
Seat 4: Mikey J410 ($8.68 in chips) 
Seat 6: XHerrTUMNUSX ($15.77 in chips) 
Seat 7: WLOLW rrrrr ($5.43 in chips) 
Seat 8: mooresie28 ($4.35 in chips) 
Seat 9: enixblr ($7.21 in chips) 
enixblr: posts small blind $0.02
Dorex2007: posts big blind $0.05
*** HOLE CARDS ***
Dealt to Dorex2007 [4d Kh]
PFelipe95: folds 
Mikey J410: folds 
XHerrTUMNUSX: folds 
WLOLW rrrrr: folds 
mooresie28: raises $0.05 to $0.10
enixblr: folds 
Dorex2007: folds 
Uncalled bet ($0.05) returned to mooresie28
mooresie28 collected $0.12 from pot
mooresie28: doesn't show hand 
*** SUMMARY ***
Total pot $0.12 | Rake $0 
Seat 1: Dorex2007 (big blind) folded before Flop
Seat 2: PFelipe95 folded before Flop (didn't bet)
Seat 4: Mikey J410 folded before Flop (didn't bet)
Seat 6: XHerrTUMNUSX folded before Flop (didn't bet)
Seat 7: WLOLW rrrrr folded before Flop (didn't bet)
Seat 8: mooresie28 (button) collected ($0.12)
Seat 9: enixblr (small blind) folded before Flop



PokerStars Hand #237612733914:  Hold'em No Limit ($0.02/$0.05 USD) - 2022/07/26 21:15:39 PT [2022/07/27 0:15:39 ET]
Table 'Conrada' 9-max Seat #9 is the button
Seat 1: Dorex2007 ($6.84 in chips) 
Seat 2: PFelipe95 ($2.73 in chips) 
Seat 4: Mikey J410 ($8.68 in chips) 
Seat 6: XHerrTUMNUSX ($15.77 in chips) 
Seat 7: WLOLW rrrrr ($5.43 in chips) 
Seat 8: mooresie28 ($4.42 in chips) 
Seat 9: enixblr ($7.19 in chips) 
Dorex2007: posts small blind $0.02
PFelipe95: posts big blind $0.05
*** HOLE CARDS ***
Dealt to Dorex2007 [5s As]
Mikey J410: raises $0.10 to $0.15
XHerrTUMNUSX: folds 
WLOLW rrrrr: folds 
mooresie28: folds 
enixblr: folds 
Dorex2007: folds 
PFelipe95: calls $0.10
*** FLOP *** [Kc 4s 9h]
PFelipe95: checks 
Mikey J410: checks 
*** TURN *** [Kc 4s 9h] [Qh]
PFelipe95: checks 
Mikey J410: bets $0.15
PFelipe95: calls $0.15
*** RIVER *** [Kc 4s 9h Qh] [9c]
PFelipe95: checks 
Mikey J410: bets $0.29
PFelipe95: raises $0.51 to $0.80
Mikey J410: raises $7.58 to $8.38 and is all-in
PFelipe95: calls $1.63 and is all-in
Uncalled bet ($5.95) returned to Mikey J410
*** SHOW DOWN ***
Mikey J410: shows [Kd 9d] (a full house, Nines full of Kings)
PFelipe95: shows [Ks 6d] (two pair, Kings and Nines)
Mikey J410 collected $5.25 from pot
*** SUMMARY ***
Total pot $5.48 | Rake $0.23 
Board [Kc 4s 9h Qh 9c]
Seat 1: Dorex2007 (small blind) folded before Flop
Seat 2: PFelipe95 (big blind) showed [Ks 6d] and lost with two pair, Kings and Nines
Seat 4: Mikey J410 showed [Kd 9d] and won ($5.25) with a full house, Nines full of Kings
Seat 6: XHerrTUMNUSX folded before Flop (didn't bet)
Seat 7: WLOLW rrrrr folded before Flop (didn't bet)
Seat 8: mooresie28 folded before Flop (didn't bet)
Seat 9: enixblr (button) folded before Flop (didn't bet)



PokerStars Hand #237612744789:  Hold'em No Limit ($0.02/$0.05 USD) - 2022/07/26 21:17:04 PT [2022/07/27 0:17:04 ET]
Table 'Conrada' 9-max Seat #1 is the button
Seat 1: Dorex2007 ($6.82 in chips) 
Seat 4: Mikey J410 ($11.20 in chips) 
Seat 6: XHerrTUMNUSX ($15.77 in chips) 
Seat 7: WLOLW rrrrr ($5.43 in chips) 
Seat 8: mooresie28 ($4.42 in chips) 
Seat 9: enixblr ($7.19 in chips) 
Mikey J410: posts small blind $0.02
XHerrTUMNUSX: posts big blind $0.05
*** HOLE CARDS ***
Dealt to Dorex2007 [Ah 9s]
WLOLW rrrrr: folds 
mooresie28: folds 
enixblr: folds 
Dorex2007: folds 
Mikey J410: folds 
Uncalled bet ($0.03) returned to XHerrTUMNUSX
XHerrTUMNUSX collected $0.04 from pot
*** SUMMARY ***
Total pot $0.04 | Rake $0 
Seat 1: Dorex2007 (button) folded before Flop (didn't bet)
Seat 4: Mikey J410 (small blind) folded before Flop
Seat 6: XHerrTUMNUSX (big blind) collected ($0.04)
Seat 7: WLOLW rrrrr folded before Flop (didn't bet)
Seat 8: mooresie28 folded before Flop (didn't bet)
Seat 9: enixblr folded before Flop (didn't bet)



PokerStars Hand #237612746130:  Hold'em No Limit ($0.02/$0.05 USD) - 2022/07/26 21:17:14 PT [2022/07/27 0:17:14 ET]
Table 'Conrada' 9-max Seat #6 is the button
Seat 1: Dorex2007 ($6.82 in chips) 
Seat 6: XHerrTUMNUSX ($15.79 in chips) 
Seat 7: WLOLW rrrrr ($5.43 in chips) 
Seat 8: mooresie28 ($4.42 in chips) 
Seat 9: enixblr ($7.19 in chips) 
WLOLW rrrrr: posts small blind $0.02
mooresie28: posts big blind $0.05
*** HOLE CARDS ***
Dealt to Dorex2007 [4h 4d]
enixblr: folds 
Dorex2007: calls $0.05
XHerrTUMNUSX: raises $0.20 to $0.25
PFelipe95 leaves the table
WLOLW rrrrr: folds 
mooresie28: folds 
Dorex2007: folds 
Uncalled bet ($0.20) returned to XHerrTUMNUSX
XHerrTUMNUSX collected $0.17 from pot
*** SUMMARY ***
Total pot $0.17 | Rake $0 
Seat 1: Dorex2007 folded before Flop
Seat 6: XHerrTUMNUSX (button) collected ($0.17)
Seat 7: WLOLW rrrrr (small blind) folded before Flop
Seat 8: mooresie28 (big blind) folded before Flop
Seat 9: enixblr folded before Flop (didn't bet)



PokerStars Hand #237613854145:  Hold'em No Limit ($0.02/$0.05 USD) - 2022/07/26 23:54:52 PT [2022/07/27 2:54:52 ET]
Table 'Conrada' 9-max Seat #4 is the button
Seat 1: SweWhiteWolf ($21.38 in chips) 
Seat 2: zanozaN1 ($6.30 in chips) 
Seat 3: Dorex2007 ($5 in chips) 
Seat 4: yur4ik777 ($4.58 in chips) 
Seat 5: TheBlade8525 ($6.37 in chips) 
Seat 6: XHerrTUMNUSX ($5 in chips) 
Seat 7: snogge94 ($4.85 in chips) 
Seat 8: JORGE_JOCELIA ($10.66 in chips) 
Seat 9: enixblr ($17.32 in chips) 
TheBlade8525: posts small blind $0.02
XHerrTUMNUSX: posts big blind $0.05
Dorex2007: posts big blind $0.05
*** HOLE CARDS ***
Dealt to Dorex2007 [7s Th]
snogge94: folds 
JORGE_JOCELIA: folds 
enixblr: folds 
SweWhiteWolf: folds 
SweWhiteWolf leaves the table
zanozaN1: raises $0.15 to $0.20
Dorex2007: folds 
yur4ik777: calls $0.20
TheBlade8525: folds 
XHerrTUMNUSX: folds 
*** FLOP *** [Jc Tc 6s]
Kohinur186 joins the table at seat #1 
zanozaN1: checks 
yur4ik777: checks 
*** TURN *** [Jc Tc 6s] [7h]
zanozaN1: bets $0.25
yur4ik777: calls $0.25
*** RIVER *** [Jc Tc 6s 7h] [Qs]
zanozaN1: checks 
yur4ik777: checks 
*** SHOW DOWN ***
zanozaN1: shows [Ac Jh] (a pair of Jacks)
yur4ik777: shows [Qd Ks] (a pair of Queens)
yur4ik777 collected $0.98 from pot
*** SUMMARY ***
Total pot $1.02 | Rake $0.04 
Board [Jc Tc 6s 7h Qs]
Seat 1: SweWhiteWolf folded before Flop (didn't bet)
Seat 2: zanozaN1 showed [Ac Jh] and lost with a pair of Jacks
Seat 3: Dorex2007 folded before Flop (didn't bet)
Seat 4: yur4ik777 (button) showed [Qd Ks] and won ($0.98) with a pair of Queens
Seat 5: TheBlade8525 (small blind) folded before Flop
Seat 6: XHerrTUMNUSX (big blind) folded before Flop
Seat 7: snogge94 folded before Flop (didn't bet)
Seat 8: JORGE_JOCELIA folded before Flop (didn't bet)
Seat 9: enixblr folded before Flop (didn't bet)



