PokerStars Hand #238654191087:  Hold'em No Limit ($0.02/$0.05 USD) - 2022/09/15 18:01:47 PT [2022/09/15 21:01:47 ET]
Table 'Burgundia III' 9-max Seat #9 is the button
Seat 1: layschan ($5.02 in chips) 
Seat 2: juniorsgo ($9.44 in chips) 
Seat 3: MarkMPC ($1.71 in chips) 
Seat 4: MarKo Rankovic ($6.42 in chips) 
Seat 5: Sr ÁviIa ($5.56 in chips) 
Seat 6: Almanza63 ($11.17 in chips) 
Seat 7: Xaptal ($8.63 in chips) 
Seat 8: Dorex2007 ($5 in chips) 
Seat 9: enixblr ($5.13 in chips) 
layschan: posts small blind $0.02
juniorsgo: posts big blind $0.05
Dorex2007: posts big blind $0.05
*** HOLE CARDS ***
Dealt to Dorex2007 [As 4h]
MarkMPC: folds 
MarKo Rankovic: raises $0.05 to $0.10
Sr ÁviIa: folds 
Almanza63: folds 
Xaptal: raises $0.05 to $0.15
Dorex2007: folds 
enixblr: calls $0.15
layschan: folds 
juniorsgo: calls $0.10
MarKo Rankovic: calls $0.05
*** FLOP *** [8c 9c 3h]
juniorsgo: checks 
MarKo Rankovic: checks 
Xaptal: checks 
enixblr: checks 
*** TURN *** [8c 9c 3h] [5d]
juniorsgo: checks 
MarKo Rankovic: bets $0.32
Xaptal: folds 
enixblr: folds 
juniorsgo: folds 
Uncalled bet ($0.32) returned to MarKo Rankovic
MarKo Rankovic collected $0.64 from pot
*** SUMMARY ***
Total pot $0.67 | Rake $0.03 
Board [8c 9c 3h 5d]
Seat 1: layschan (small blind) folded before Flop
Seat 2: juniorsgo (big blind) folded on the Turn
Seat 3: MarkMPC folded before Flop (didn't bet)
Seat 4: MarKo Rankovic collected ($0.64)
Seat 5: Sr ÁviIa folded before Flop (didn't bet)
Seat 6: Almanza63 folded before Flop (didn't bet)
Seat 7: Xaptal folded on the Turn
Seat 8: Dorex2007 folded before Flop (didn't bet)
Seat 9: enixblr (button) folded on the Turn



PokerStars Hand #238654202731:  Hold'em No Limit ($0.02/$0.05 USD) - 2022/09/15 18:02:44 PT [2022/09/15 21:02:44 ET]
Table 'Burgundia III' 9-max Seat #1 is the button
Seat 1: layschan ($5 in chips) 
Seat 2: juniorsgo ($9.29 in chips) 
Seat 3: MarkMPC ($1.71 in chips) 
Seat 4: MarKo Rankovic ($6.91 in chips) 
Seat 5: Sr ÁviIa ($5.56 in chips) 
Seat 6: Almanza63 ($11.17 in chips) 
Seat 7: Xaptal ($8.48 in chips) 
Seat 8: Dorex2007 ($5 in chips) 
Seat 9: enixblr ($5 in chips) 
juniorsgo: posts small blind $0.02
MarkMPC: posts big blind $0.05
*** HOLE CARDS ***
Dealt to Dorex2007 [4c 2h]
MarKo Rankovic: folds 
Sr ÁviIa: folds 
Almanza63: folds 
Xaptal: folds 
Dorex2007: folds 
enixblr has timed out
enixblr: folds 
layschan: folds 
juniorsgo: folds 
Uncalled bet ($0.03) returned to MarkMPC
MarkMPC collected $0.04 from pot
MarkMPC: doesn't show hand 
*** SUMMARY ***
Total pot $0.04 | Rake $0 
Seat 1: layschan (button) folded before Flop (didn't bet)
Seat 2: juniorsgo (small blind) folded before Flop
Seat 3: MarkMPC (big blind) collected ($0.04)
Seat 4: MarKo Rankovic folded before Flop (didn't bet)
Seat 5: Sr ÁviIa folded before Flop (didn't bet)
Seat 6: Almanza63 folded before Flop (didn't bet)
Seat 7: Xaptal folded before Flop (didn't bet)
Seat 8: Dorex2007 folded before Flop (didn't bet)
Seat 9: enixblr folded before Flop (didn't bet)



PokerStars Hand #238654208380:  Hold'em No Limit ($0.02/$0.05 USD) - 2022/09/15 18:03:12 PT [2022/09/15 21:03:12 ET]
Table 'Burgundia III' 9-max Seat #2 is the button
Seat 1: layschan ($5 in chips) 
Seat 2: juniorsgo ($9.27 in chips) 
Seat 3: MarkMPC ($1.73 in chips) 
Seat 4: MarKo Rankovic ($6.91 in chips) 
Seat 5: Sr ÁviIa ($5.56 in chips) 
Seat 6: Almanza63 ($11.17 in chips) 
Seat 7: Xaptal ($8.48 in chips) 
Seat 8: Dorex2007 ($5 in chips) 
Seat 9: enixblr ($5 in chips) 
MarkMPC: posts small blind $0.02
MarKo Rankovic: posts big blind $0.05
*** HOLE CARDS ***
Dealt to Dorex2007 [Kh 6c]
Sr ÁviIa: folds 
Almanza63: raises $0.10 to $0.15
Xaptal: folds 
Dorex2007: folds 
enixblr: folds 
layschan: folds 
juniorsgo: calls $0.15
MarkMPC: folds 
MarKo Rankovic: folds 
*** FLOP *** [8s 5d Ac]
Almanza63: bets $0.17
juniorsgo: folds 
Uncalled bet ($0.17) returned to Almanza63
Almanza63 collected $0.35 from pot
Almanza63: doesn't show hand 
*** SUMMARY ***
Total pot $0.37 | Rake $0.02 
Board [8s 5d Ac]
Seat 1: layschan folded before Flop (didn't bet)
Seat 2: juniorsgo (button) folded on the Flop
Seat 3: MarkMPC (small blind) folded before Flop
Seat 4: MarKo Rankovic (big blind) folded before Flop
Seat 5: Sr ÁviIa folded before Flop (didn't bet)
Seat 6: Almanza63 collected ($0.35)
Seat 7: Xaptal folded before Flop (didn't bet)
Seat 8: Dorex2007 folded before Flop (didn't bet)
Seat 9: enixblr folded before Flop (didn't bet)



PokerStars Hand #238654214755:  Hold'em No Limit ($0.02/$0.05 USD) - 2022/09/15 18:03:44 PT [2022/09/15 21:03:44 ET]
Table 'Burgundia III' 9-max Seat #3 is the button
Seat 1: layschan ($5 in chips) 
Seat 2: juniorsgo ($9.12 in chips) 
Seat 3: MarkMPC ($1.71 in chips) 
Seat 4: MarKo Rankovic ($6.86 in chips) 
Seat 5: Sr ÁviIa ($5.56 in chips) 
Seat 6: Almanza63 ($11.37 in chips) 
Seat 7: Xaptal ($8.48 in chips) 
Seat 8: Dorex2007 ($5 in chips) 
Seat 9: enixblr ($5 in chips) 
MarKo Rankovic: posts small blind $0.02
Sr ÁviIa: posts big blind $0.05
*** HOLE CARDS ***
Dealt to Dorex2007 [7h 4h]
Almanza63: folds 
Xaptal: folds 
Dorex2007: folds 
enixblr has timed out
enixblr: folds 
layschan: folds 
juniorsgo: raises $0.10 to $0.15
MarkMPC: folds 
MarKo Rankovic: folds 
Sr ÁviIa: calls $0.10
*** FLOP *** [3s 3h 8d]
Sr ÁviIa: checks 
juniorsgo: bets $0.15
Sr ÁviIa: folds 
Uncalled bet ($0.15) returned to juniorsgo
juniorsgo collected $0.31 from pot
*** SUMMARY ***
Total pot $0.32 | Rake $0.01 
Board [3s 3h 8d]
Seat 1: layschan folded before Flop (didn't bet)
Seat 2: juniorsgo collected ($0.31)
Seat 3: MarkMPC (button) folded before Flop (didn't bet)
Seat 4: MarKo Rankovic (small blind) folded before Flop
Seat 5: Sr ÁviIa (big blind) folded on the Flop
Seat 6: Almanza63 folded before Flop (didn't bet)
Seat 7: Xaptal folded before Flop (didn't bet)
Seat 8: Dorex2007 folded before Flop (didn't bet)
Seat 9: enixblr folded before Flop (didn't bet)



PokerStars Hand #238654226194:  Hold'em No Limit ($0.02/$0.05 USD) - 2022/09/15 18:04:39 PT [2022/09/15 21:04:39 ET]
Table 'Burgundia III' 9-max Seat #4 is the button
Seat 1: layschan ($5 in chips) 
Seat 2: juniorsgo ($9.28 in chips) 
Seat 3: MarkMPC ($1.71 in chips) 
Seat 4: MarKo Rankovic ($6.84 in chips) 
Seat 5: Sr ÁviIa ($5.41 in chips) 
Seat 6: Almanza63 ($11.37 in chips) 
Seat 7: Xaptal ($8.48 in chips) 
Seat 8: Dorex2007 ($5 in chips) 
Seat 9: enixblr ($5 in chips) 
Sr ÁviIa: posts small blind $0.02
Almanza63: posts big blind $0.05
*** HOLE CARDS ***
Dealt to Dorex2007 [Jh 6s]
Xaptal: folds 
Dorex2007: folds 
enixblr: raises $0.07 to $0.12
layschan: folds 
juniorsgo: folds 
MarkMPC: calls $0.12
MarKo Rankovic: raises $0.12 to $0.24
Sr ÁviIa: folds 
Almanza63: folds 
enixblr: calls $0.12
MarkMPC: calls $0.12
*** FLOP *** [5c 3c As]
enixblr: checks 
MarkMPC: bets $0.30
MarKo Rankovic: raises $0.40 to $0.70
enixblr: folds 
MarkMPC: raises $0.77 to $1.47 and is all-in
MarKo Rankovic: calls $0.77
*** TURN *** [5c 3c As] [3d]
*** RIVER *** [5c 3c As 3d] [2d]
*** SHOW DOWN ***
MarkMPC: shows [Ad 7c] (two pair, Aces and Threes)
MarKo Rankovic: shows [Ac Ts] (two pair, Aces and Threes - Ten kicker)
MarKo Rankovic collected $3.58 from pot
MarkMPC cashed out the hand for $0.67 | Cash Out Fee $0.01
*** SUMMARY ***
Total pot $3.73 | Rake $0.15 
Board [5c 3c As 3d 2d]
Seat 1: layschan folded before Flop (didn't bet)
Seat 2: juniorsgo folded before Flop (didn't bet)
Seat 3: MarkMPC showed [Ad 7c] and lost with two pair, Aces and Threes (cashed out).
Seat 4: MarKo Rankovic (button) showed [Ac Ts] and won ($3.58) with two pair, Aces and Threes
Seat 5: Sr ÁviIa (small blind) folded before Flop
Seat 6: Almanza63 (big blind) folded before Flop
Seat 7: Xaptal folded before Flop (didn't bet)
Seat 8: Dorex2007 folded before Flop (didn't bet)
Seat 9: enixblr folded on the Flop



PokerStars Hand #238654240241:  Hold'em No Limit ($0.02/$0.05 USD) - 2022/09/15 18:05:46 PT [2022/09/15 21:05:46 ET]
Table 'Burgundia III' 9-max Seat #5 is the button
Seat 1: layschan ($5 in chips) 
Seat 2: juniorsgo ($9.28 in chips) 
Seat 3: MarkMPC ($0.67 in chips) 
Seat 4: MarKo Rankovic ($8.71 in chips) 
Seat 5: Sr ÁviIa ($5.39 in chips) 
Seat 6: Almanza63 ($11.32 in chips) 
Seat 8: Dorex2007 ($5 in chips) 
Seat 9: enixblr ($5 in chips) 
Almanza63: posts small blind $0.02
Dorex2007: posts big blind $0.05
*** HOLE CARDS ***
Dealt to Dorex2007 [4h 6d]
enixblr: folds 
layschan: folds 
juniorsgo: raises $0.05 to $0.10
MarkMPC: folds 
MarKo Rankovic: raises $0.05 to $0.15
Sr ÁviIa: folds 
Almanza63: folds 
Dorex2007: folds 
juniorsgo: calls $0.05
*** FLOP *** [6h 7s 3c]
juniorsgo: checks 
MarKo Rankovic: checks 
*** TURN *** [6h 7s 3c] [5c]
juniorsgo: checks 
MarKo Rankovic: bets $0.17
juniorsgo: calls $0.17
*** RIVER *** [6h 7s 3c 5c] [3s]
juniorsgo: checks 
MarKo Rankovic: bets $0.34
juniorsgo: calls $0.34
*** SHOW DOWN ***
MarKo Rankovic: shows [Th Ad] (a pair of Threes)
juniorsgo: mucks hand 
MarKo Rankovic collected $1.33 from pot
*** SUMMARY ***
Total pot $1.39 | Rake $0.06 
Board [6h 7s 3c 5c 3s]
Seat 1: layschan folded before Flop (didn't bet)
Seat 2: juniorsgo mucked [Ah 8h]
Seat 3: MarkMPC folded before Flop (didn't bet)
Seat 4: MarKo Rankovic showed [Th Ad] and won ($1.33) with a pair of Threes
Seat 5: Sr ÁviIa (button) folded before Flop (didn't bet)
Seat 6: Almanza63 (small blind) folded before Flop
Seat 8: Dorex2007 (big blind) folded before Flop
Seat 9: enixblr folded before Flop (didn't bet)



PokerStars Hand #238654250494:  Hold'em No Limit ($0.02/$0.05 USD) - 2022/09/15 18:06:36 PT [2022/09/15 21:06:36 ET]
Table 'Burgundia III' 9-max Seat #6 is the button
Seat 1: layschan ($5 in chips) 
Seat 2: juniorsgo ($8.62 in chips) 
Seat 3: MarkMPC ($0.67 in chips) 
Seat 4: MarKo Rankovic ($9.38 in chips) 
Seat 5: Sr ÁviIa ($5.39 in chips) 
Seat 6: Almanza63 ($11.30 in chips) 
Seat 8: Dorex2007 ($5 in chips) 
Seat 9: enixblr ($5 in chips) 
Dorex2007: posts small blind $0.02
enixblr: posts big blind $0.05
*** HOLE CARDS ***
Dealt to Dorex2007 [4c 6h]
layschan: folds 
juniorsgo: folds 
MarkMPC: folds 
MarKo Rankovic: raises $0.10 to $0.15
Sr ÁviIa: folds 
Almanza63: folds 
Dorex2007: folds 
enixblr: raises $0.60 to $0.75
MarKo Rankovic: calls $0.60
*** FLOP *** [2h Ah 4s]
enixblr: checks 
MarKo Rankovic: checks 
*** TURN *** [2h Ah 4s] [6d]
enixblr: checks 
MarKo Rankovic: checks 
*** RIVER *** [2h Ah 4s 6d] [4h]
enixblr: bets $0.45
MarKo Rankovic: folds 
Uncalled bet ($0.45) returned to enixblr
enixblr collected $1.46 from pot
enixblr: doesn't show hand 
*** SUMMARY ***
Total pot $1.52 | Rake $0.06 
Board [2h Ah 4s 6d 4h]
Seat 1: layschan folded before Flop (didn't bet)
Seat 2: juniorsgo folded before Flop (didn't bet)
Seat 3: MarkMPC folded before Flop (didn't bet)
Seat 4: MarKo Rankovic folded on the River
Seat 5: Sr ÁviIa folded before Flop (didn't bet)
Seat 6: Almanza63 (button) folded before Flop (didn't bet)
Seat 8: Dorex2007 (small blind) folded before Flop
Seat 9: enixblr (big blind) collected ($1.46)



PokerStars Hand #238654257780:  Hold'em No Limit ($0.02/$0.05 USD) - 2022/09/15 18:07:11 PT [2022/09/15 21:07:11 ET]
Table 'Burgundia III' 9-max Seat #8 is the button
Seat 1: layschan ($5 in chips) 
Seat 2: juniorsgo ($8.62 in chips) 
Seat 3: MarkMPC ($0.67 in chips) 
Seat 4: MarKo Rankovic ($8.63 in chips) 
Seat 5: Sr ÁviIa ($5.39 in chips) 
Seat 6: Almanza63 ($11.30 in chips) 
Seat 8: Dorex2007 ($5 in chips) 
Seat 9: enixblr ($5.71 in chips) 
enixblr: posts small blind $0.02
layschan: posts big blind $0.05
*** HOLE CARDS ***
Dealt to Dorex2007 [Ah 2s]
juniorsgo: calls $0.05
MarkMPC: folds 
MarKo Rankovic: folds 
Sr ÁviIa: calls $0.05
Almanza63: folds 
Dorex2007: folds 
enixblr: calls $0.03
layschan: checks 
*** FLOP *** [3s Js Qh]
enixblr: checks 
layschan: bets $0.10
juniorsgo: folds 
Sr ÁviIa: folds 
enixblr: calls $0.10
*** TURN *** [3s Js Qh] [Kc]
enixblr: checks 
layschan: bets $0.19
enixblr: folds 
Uncalled bet ($0.19) returned to layschan
layschan collected $0.38 from pot
layschan: doesn't show hand 
*** SUMMARY ***
Total pot $0.40 | Rake $0.02 
Board [3s Js Qh Kc]
Seat 1: layschan (big blind) collected ($0.38)
Seat 2: juniorsgo folded on the Flop
Seat 3: MarkMPC folded before Flop (didn't bet)
Seat 4: MarKo Rankovic folded before Flop (didn't bet)
Seat 5: Sr ÁviIa folded on the Flop
Seat 6: Almanza63 folded before Flop (didn't bet)
Seat 8: Dorex2007 (button) folded before Flop (didn't bet)
Seat 9: enixblr (small blind) folded on the Turn



PokerStars Hand #238654271873:  Hold'em No Limit ($0.02/$0.05 USD) - 2022/09/15 18:08:19 PT [2022/09/15 21:08:19 ET]
Table 'Burgundia III' 9-max Seat #9 is the button
Seat 1: layschan ($5.23 in chips) 
Seat 2: juniorsgo ($8.57 in chips) 
Seat 3: MarkMPC ($0.67 in chips) 
Seat 4: MarKo Rankovic ($8.63 in chips) 
Seat 5: Sr ÁviIa ($5.34 in chips) 
Seat 6: Almanza63 ($11.30 in chips) 
Seat 8: Dorex2007 ($5 in chips) 
Seat 9: enixblr ($5.56 in chips) 
layschan: posts small blind $0.02
juniorsgo: posts big blind $0.05
*** HOLE CARDS ***
Dealt to Dorex2007 [Ts Th]
MarkMPC: folds 
MarKo Rankovic: folds 
Sr ÁviIa: folds 
Almanza63: folds 
Dorex2007: raises $0.10 to $0.15
enixblr: folds 
layschan: folds 
juniorsgo: calls $0.10
*** FLOP *** [Js Qd 6d]
juniorsgo: checks 
Dorex2007: checks 
*** TURN *** [Js Qd 6d] [6c]
juniorsgo: checks 
Dorex2007: checks 
*** RIVER *** [Js Qd 6d 6c] [Ac]
juniorsgo: bets $0.31
Dorex2007: folds 
Uncalled bet ($0.31) returned to juniorsgo
juniorsgo collected $0.31 from pot
*** SUMMARY ***
Total pot $0.32 | Rake $0.01 
Board [Js Qd 6d 6c Ac]
Seat 1: layschan (small blind) folded before Flop
Seat 2: juniorsgo (big blind) collected ($0.31)
Seat 3: MarkMPC folded before Flop (didn't bet)
Seat 4: MarKo Rankovic folded before Flop (didn't bet)
Seat 5: Sr ÁviIa folded before Flop (didn't bet)
Seat 6: Almanza63 folded before Flop (didn't bet)
Seat 8: Dorex2007 folded on the River
Seat 9: enixblr (button) folded before Flop (didn't bet)



PokerStars Hand #238654281094:  Hold'em No Limit ($0.02/$0.05 USD) - 2022/09/15 18:09:05 PT [2022/09/15 21:09:05 ET]
Table 'Burgundia III' 9-max Seat #1 is the button
Seat 1: layschan ($5.21 in chips) 
Seat 2: juniorsgo ($8.73 in chips) 
Seat 3: MarkMPC ($0.67 in chips) 
Seat 4: MarKo Rankovic ($8.63 in chips) 
Seat 5: Sr ÁviIa ($5.34 in chips) 
Seat 6: Almanza63 ($11.30 in chips) 
Seat 8: Dorex2007 ($5 in chips) 
Seat 9: enixblr ($5.56 in chips) 
juniorsgo: posts small blind $0.02
MarkMPC: posts big blind $0.05
*** HOLE CARDS ***
Dealt to Dorex2007 [2h 3s]
MarKo Rankovic: folds 
Sr ÁviIa: folds 
Almanza63: folds 
Dorex2007: folds 
enixblr: raises $0.07 to $0.12
layschan: folds 
juniorsgo: calls $0.10
MarkMPC: folds 
*** FLOP *** [4h 9h 9c]
juniorsgo: checks 
enixblr: checks 
*** TURN *** [4h 9h 9c] [Qs]
juniorsgo: bets $0.14
enixblr: folds 
Uncalled bet ($0.14) returned to juniorsgo
juniorsgo collected $0.28 from pot
*** SUMMARY ***
Total pot $0.29 | Rake $0.01 
Board [4h 9h 9c Qs]
Seat 1: layschan (button) folded before Flop (didn't bet)
Seat 2: juniorsgo (small blind) collected ($0.28)
Seat 3: MarkMPC (big blind) folded before Flop
Seat 4: MarKo Rankovic folded before Flop (didn't bet)
Seat 5: Sr ÁviIa folded before Flop (didn't bet)
Seat 6: Almanza63 folded before Flop (didn't bet)
Seat 8: Dorex2007 folded before Flop (didn't bet)
Seat 9: enixblr folded on the Turn



PokerStars Hand #238654288281:  Hold'em No Limit ($0.02/$0.05 USD) - 2022/09/15 18:09:40 PT [2022/09/15 21:09:40 ET]
Table 'Burgundia III' 9-max Seat #2 is the button
Seat 2: juniorsgo ($8.89 in chips) 
Seat 3: MarkMPC ($0.62 in chips) 
Seat 4: MarKo Rankovic ($8.63 in chips) 
Seat 5: Sr ÁviIa ($5.34 in chips) 
Seat 6: Almanza63 ($11.30 in chips) 
Seat 8: Dorex2007 ($5 in chips) 
Seat 9: enixblr ($5.44 in chips) 
MarkMPC: posts small blind $0.02
MarKo Rankovic: posts big blind $0.05
Xaptal: sits out 
*** HOLE CARDS ***
Dealt to Dorex2007 [7s 9d]
Sr ÁviIa: folds 
Almanza63: folds 
Dorex2007: folds 
enixblr: folds 
juniorsgo: calls $0.05
MarkMPC: folds 
MarKo Rankovic: checks 
*** FLOP *** [8h 3h 5h]
MarKo Rankovic: checks 
juniorsgo: checks 
*** TURN *** [8h 3h 5h] [5c]
MarKo Rankovic: checks 
juniorsgo: checks 
*** RIVER *** [8h 3h 5h 5c] [4h]
MarKo Rankovic: bets $0.12
juniorsgo: folds 
Uncalled bet ($0.12) returned to MarKo Rankovic
MarKo Rankovic collected $0.12 from pot
*** SUMMARY ***
Total pot $0.12 | Rake $0 
Board [8h 3h 5h 5c 4h]
Seat 2: juniorsgo (button) folded on the River
Seat 3: MarkMPC (small blind) folded before Flop
Seat 4: MarKo Rankovic (big blind) collected ($0.12)
Seat 5: Sr ÁviIa folded before Flop (didn't bet)
Seat 6: Almanza63 folded before Flop (didn't bet)
Seat 8: Dorex2007 folded before Flop (didn't bet)
Seat 9: enixblr folded before Flop (didn't bet)



PokerStars Hand #238654296955:  Hold'em No Limit ($0.02/$0.05 USD) - 2022/09/15 18:10:23 PT [2022/09/15 21:10:23 ET]
Table 'Burgundia III' 9-max Seat #3 is the button
Seat 2: juniorsgo ($8.84 in chips) 
Seat 3: MarkMPC ($0.60 in chips) 
Seat 4: MarKo Rankovic ($8.70 in chips) 
Seat 5: Sr ÁviIa ($5.34 in chips) 
Seat 6: Almanza63 ($11.30 in chips) 
Seat 8: Dorex2007 ($5 in chips) 
Seat 9: enixblr ($5.44 in chips) 
MarKo Rankovic: posts small blind $0.02
Sr ÁviIa: posts big blind $0.05
Xaptal: sits out 
*** HOLE CARDS ***
Dealt to Dorex2007 [6c Kh]
Almanza63: folds 
Dorex2007: folds 
enixblr: folds 
juniorsgo: calls $0.05
MarkMPC: folds 
MarKo Rankovic: calls $0.03
Sr ÁviIa: checks 
*** FLOP *** [8s 6h 8d]
MarKo Rankovic: checks 
Sr ÁviIa: checks 
juniorsgo: checks 
*** TURN *** [8s 6h 8d] [9h]
MarKo Rankovic: checks 
Sr ÁviIa: checks 
juniorsgo: checks 
*** RIVER *** [8s 6h 8d 9h] [Ad]
MarKo Rankovic: bets $0.07
Sr ÁviIa: folds 
juniorsgo: folds 
Uncalled bet ($0.07) returned to MarKo Rankovic
MarKo Rankovic collected $0.14 from pot
*** SUMMARY ***
Total pot $0.15 | Rake $0.01 
Board [8s 6h 8d 9h Ad]
Seat 2: juniorsgo folded on the River
Seat 3: MarkMPC (button) folded before Flop (didn't bet)
Seat 4: MarKo Rankovic (small blind) collected ($0.14)
Seat 5: Sr ÁviIa (big blind) folded on the River
Seat 6: Almanza63 folded before Flop (didn't bet)
Seat 8: Dorex2007 folded before Flop (didn't bet)
Seat 9: enixblr folded before Flop (didn't bet)



PokerStars Hand #238654305261:  Hold'em No Limit ($0.02/$0.05 USD) - 2022/09/15 18:11:03 PT [2022/09/15 21:11:03 ET]
Table 'Burgundia III' 9-max Seat #4 is the button
Seat 2: juniorsgo ($8.79 in chips) 
Seat 3: MarkMPC ($0.60 in chips) 
Seat 4: MarKo Rankovic ($8.79 in chips) 
Seat 5: Sr ÁviIa ($5.29 in chips) 
Seat 6: Almanza63 ($11.30 in chips) 
Seat 8: Dorex2007 ($5 in chips) 
Seat 9: enixblr ($5.44 in chips) 
Sr ÁviIa: posts small blind $0.02
Almanza63: posts big blind $0.05
Xaptal: sits out 
*** HOLE CARDS ***
Dealt to Dorex2007 [5c Kd]
Dorex2007: folds 
enixblr has timed out
enixblr: folds 
juniorsgo: raises $0.05 to $0.10
MarkMPC: folds 
MarKo Rankovic: calls $0.10
Sr ÁviIa: folds 
Almanza63: folds 
*** FLOP *** [6s 3s Qd]
juniorsgo: bets $0.13
MarKo Rankovic: folds 
Uncalled bet ($0.13) returned to juniorsgo
juniorsgo collected $0.26 from pot
*** SUMMARY ***
Total pot $0.27 | Rake $0.01 
Board [6s 3s Qd]
Seat 2: juniorsgo collected ($0.26)
Seat 3: MarkMPC folded before Flop (didn't bet)
Seat 4: MarKo Rankovic (button) folded on the Flop
Seat 5: Sr ÁviIa (small blind) folded before Flop
Seat 6: Almanza63 (big blind) folded before Flop
Seat 8: Dorex2007 folded before Flop (didn't bet)
Seat 9: enixblr folded before Flop (didn't bet)



PokerStars Hand #238654313141:  Hold'em No Limit ($0.02/$0.05 USD) - 2022/09/15 18:11:41 PT [2022/09/15 21:11:41 ET]
Table 'Burgundia III' 9-max Seat #5 is the button
Seat 2: juniorsgo ($8.95 in chips) 
Seat 3: MarkMPC ($0.60 in chips) 
Seat 4: MarKo Rankovic ($8.69 in chips) 
Seat 5: Sr ÁviIa ($5.27 in chips) 
Seat 6: Almanza63 ($11.25 in chips) 
Seat 7: Xaptal ($8.48 in chips) 
Seat 8: Dorex2007 ($5 in chips) 
Seat 9: enixblr ($5.44 in chips) 
Almanza63: posts small blind $0.02
Xaptal: posts big blind $0.05
*** HOLE CARDS ***
Dealt to Dorex2007 [Td Qc]
Dorex2007: folds 
enixblr: folds 
juniorsgo: calls $0.05
MarkMPC: folds 
MarKo Rankovic: raises $0.10 to $0.15
Sr ÁviIa: folds 
Almanza63: folds 
Xaptal: folds 
juniorsgo: calls $0.10
*** FLOP *** [Qd 3s Ts]
juniorsgo: checks 
MarKo Rankovic: checks 
*** TURN *** [Qd 3s Ts] [9c]
juniorsgo: bets $0.17
MarKo Rankovic: calls $0.17
*** RIVER *** [Qd 3s Ts 9c] [2h]
juniorsgo: bets $0.34
MarKo Rankovic: calls $0.34
*** SHOW DOWN ***
juniorsgo: shows [Qh 3h] (two pair, Queens and Threes)
MarKo Rankovic: mucks hand 
juniorsgo collected $1.33 from pot
*** SUMMARY ***
Total pot $1.39 | Rake $0.06 
Board [Qd 3s Ts 9c 2h]
Seat 2: juniorsgo showed [Qh 3h] and won ($1.33) with two pair, Queens and Threes
Seat 3: MarkMPC folded before Flop (didn't bet)
Seat 4: MarKo Rankovic mucked [9h 7h]
Seat 5: Sr ÁviIa (button) folded before Flop (didn't bet)
Seat 6: Almanza63 (small blind) folded before Flop
Seat 7: Xaptal (big blind) folded before Flop
Seat 8: Dorex2007 folded before Flop (didn't bet)
Seat 9: enixblr folded before Flop (didn't bet)



PokerStars Hand #238654322971:  Hold'em No Limit ($0.02/$0.05 USD) - 2022/09/15 18:12:28 PT [2022/09/15 21:12:28 ET]
Table 'Burgundia III' 9-max Seat #6 is the button
Seat 2: juniorsgo ($9.62 in chips) 
Seat 3: MarkMPC ($0.60 in chips) 
Seat 4: MarKo Rankovic ($8.03 in chips) 
Seat 5: Sr ÁviIa ($5.27 in chips) 
Seat 6: Almanza63 ($11.23 in chips) 
Seat 7: Xaptal ($8.43 in chips) 
Seat 8: Dorex2007 ($5 in chips) 
Seat 9: enixblr ($5.44 in chips) 
Xaptal: posts small blind $0.02
Dorex2007: posts big blind $0.05
*** HOLE CARDS ***
Dealt to Dorex2007 [7h 9d]
enixblr has timed out
enixblr: folds 
juniorsgo: calls $0.05
MarkMPC: folds 
MarKo Rankovic: raises $0.10 to $0.15
Sr ÁviIa: folds 
Almanza63: raises $0.34 to $0.49
Xaptal: folds 
Dorex2007: folds 
juniorsgo: folds 
MarKo Rankovic: calls $0.34
*** FLOP *** [8c Kh 3d]
MarKo Rankovic: checks 
Almanza63: bets $0.52
MarKo Rankovic: folds 
Uncalled bet ($0.52) returned to Almanza63
Almanza63 collected $1.05 from pot
Almanza63: doesn't show hand 
*** SUMMARY ***
Total pot $1.10 | Rake $0.05 
Board [8c Kh 3d]
Seat 2: juniorsgo folded before Flop
Seat 3: MarkMPC folded before Flop (didn't bet)
Seat 4: MarKo Rankovic folded on the Flop
Seat 5: Sr ÁviIa folded before Flop (didn't bet)
Seat 6: Almanza63 (button) collected ($1.05)
Seat 7: Xaptal (small blind) folded before Flop
Seat 8: Dorex2007 (big blind) folded before Flop
Seat 9: enixblr folded before Flop (didn't bet)



PokerStars Hand #238654331688:  Hold'em No Limit ($0.02/$0.05 USD) - 2022/09/15 18:13:10 PT [2022/09/15 21:13:10 ET]
Table 'Burgundia III' 9-max Seat #7 is the button
Seat 2: juniorsgo ($9.57 in chips) 
Seat 3: MarkMPC ($0.60 in chips) 
Seat 4: MarKo Rankovic ($7.54 in chips) 
Seat 5: Sr ÁviIa ($5.27 in chips) 
Seat 6: Almanza63 ($11.79 in chips) 
Seat 7: Xaptal ($8.41 in chips) 
Seat 8: Dorex2007 ($5 in chips) 
Seat 9: enixblr ($5.44 in chips) 
Dorex2007: posts small blind $0.02
enixblr: posts big blind $0.05
*** HOLE CARDS ***
Dealt to Dorex2007 [6c 2d]
juniorsgo: calls $0.05
MarkMPC: folds 
MarKo Rankovic: folds 
Sr ÁviIa: folds 
Almanza63: folds 
Xaptal: raises $0.05 to $0.10
Dorex2007: folds 
enixblr: folds 
juniorsgo: calls $0.05
*** FLOP *** [3c 9h Ad]
juniorsgo: checks 
Xaptal: bets $0.20
juniorsgo: calls $0.20
*** TURN *** [3c 9h Ad] [5c]
juniorsgo: checks 
Xaptal: checks 
*** RIVER *** [3c 9h Ad 5c] [4c]
juniorsgo: bets $0.32
Xaptal: folds 
Uncalled bet ($0.32) returned to juniorsgo
juniorsgo collected $0.64 from pot
*** SUMMARY ***
Total pot $0.67 | Rake $0.03 
Board [3c 9h Ad 5c 4c]
Seat 2: juniorsgo collected ($0.64)
Seat 3: MarkMPC folded before Flop (didn't bet)
Seat 4: MarKo Rankovic folded before Flop (didn't bet)
Seat 5: Sr ÁviIa folded before Flop (didn't bet)
Seat 6: Almanza63 folded before Flop (didn't bet)
Seat 7: Xaptal (button) folded on the River
Seat 8: Dorex2007 (small blind) folded before Flop
Seat 9: enixblr (big blind) folded before Flop



PokerStars Hand #238654342781:  Hold'em No Limit ($0.02/$0.05 USD) - 2022/09/15 18:14:03 PT [2022/09/15 21:14:03 ET]
Table 'Burgundia III' 9-max Seat #8 is the button
Seat 2: juniorsgo ($9.91 in chips) 
Seat 3: MarkMPC ($0.60 in chips) 
Seat 4: MarKo Rankovic ($7.54 in chips) 
Seat 5: Sr ÁviIa ($5.27 in chips) 
Seat 6: Almanza63 ($11.79 in chips) 
Seat 7: Xaptal ($8.11 in chips) 
Seat 8: Dorex2007 ($5 in chips) 
Seat 9: enixblr ($5.39 in chips) 
enixblr: posts small blind $0.02
juniorsgo: posts big blind $0.05
*** HOLE CARDS ***
Dealt to Dorex2007 [8c 6s]
MarkMPC: folds 
MarKo Rankovic: raises $0.10 to $0.15
Sr ÁviIa: folds 
Almanza63: folds 
Xaptal: calls $0.15
Dorex2007: folds 
enixblr: folds 
juniorsgo: calls $0.10
*** FLOP *** [Ad 6d Kd]
juniorsgo: checks 
MarKo Rankovic: bets $0.22
enixblr leaves the table
Xaptal: raises $0.45 to $0.67
juniorsgo: folds 
MarKo Rankovic: calls $0.45
*** TURN *** [Ad 6d Kd] [Qh]
MarKo Rankovic: checks 
Xaptal: bets $1.10
MarKo Rankovic: raises $3.93 to $5.03
Xaptal: raises $2.26 to $7.29 and is all-in
MarKo Rankovic: calls $1.69 and is all-in
Uncalled bet ($0.57) returned to Xaptal
*** RIVER *** [Ad 6d Kd Qh] [7h]
*** SHOW DOWN ***
MarKo Rankovic: shows [As 9c] (a pair of Aces)
Xaptal: shows [Td Qd] (a flush, Ace high)
Xaptal collected $14.62 from pot
*** SUMMARY ***
Total pot $15.25 | Rake $0.63 
Board [Ad 6d Kd Qh 7h]
Seat 2: juniorsgo (big blind) folded on the Flop
Seat 3: MarkMPC folded before Flop (didn't bet)
Seat 4: MarKo Rankovic showed [As 9c] and lost with a pair of Aces
Seat 5: Sr ÁviIa folded before Flop (didn't bet)
Seat 6: Almanza63 folded before Flop (didn't bet)
Seat 7: Xaptal showed [Td Qd] and won ($14.62) with a flush, Ace high
Seat 8: Dorex2007 (button) folded before Flop (didn't bet)
Seat 9: enixblr (small blind) folded before Flop



PokerStars Hand #238654354200:  Hold'em No Limit ($0.02/$0.05 USD) - 2022/09/15 18:14:59 PT [2022/09/15 21:14:59 ET]
Table 'Burgundia III' 9-max Seat #2 is the button
Seat 1: layschan ($5.21 in chips) 
Seat 2: juniorsgo ($9.76 in chips) 
Seat 3: MarkMPC ($0.60 in chips) 
Seat 5: Sr ÁviIa ($5.27 in chips) 
Seat 6: Almanza63 ($11.79 in chips) 
Seat 7: Xaptal ($15.19 in chips) 
Seat 8: Dorex2007 ($5 in chips) 
MarkMPC: posts small blind $0.02
Sr ÁviIa: posts big blind $0.05
layschan: posts big blind $0.05
*** HOLE CARDS ***
Dealt to Dorex2007 [9c Ah]
Almanza63: folds 
Xaptal: folds 
Dorex2007: folds 
layschan: checks 
juniorsgo: folds 
MarkMPC: folds 
Sr ÁviIa: checks 
*** FLOP *** [3c 8h 6h]
MarKo Rankovic leaves the table
Sr ÁviIa: checks 
layschan: checks 
*** TURN *** [3c 8h 6h] [3d]
Sr ÁviIa: bets $0.06
layschan: folds 
Uncalled bet ($0.06) returned to Sr ÁviIa
Sr ÁviIa collected $0.12 from pot
Sr ÁviIa: doesn't show hand 
*** SUMMARY ***
Total pot $0.12 | Rake $0 
Board [3c 8h 6h 3d]
Seat 1: layschan folded on the Turn (didn't bet)
Seat 2: juniorsgo (button) folded before Flop (didn't bet)
Seat 3: MarkMPC (small blind) folded before Flop
Seat 5: Sr ÁviIa (big blind) collected ($0.12)
Seat 6: Almanza63 folded before Flop (didn't bet)
Seat 7: Xaptal folded before Flop (didn't bet)
Seat 8: Dorex2007 folded before Flop (didn't bet)



PokerStars Hand #238654362039:  Hold'em No Limit ($0.02/$0.05 USD) - 2022/09/15 18:15:37 PT [2022/09/15 21:15:37 ET]
Table 'Burgundia III' 9-max Seat #3 is the button
Seat 1: layschan ($5.16 in chips) 
Seat 2: juniorsgo ($9.76 in chips) 
Seat 3: MarkMPC ($0.58 in chips) 
Seat 5: Sr ÁviIa ($5.34 in chips) 
Seat 6: Almanza63 ($11.79 in chips) 
Seat 7: Xaptal ($15.19 in chips) 
Seat 8: Dorex2007 ($5 in chips) 
Sr ÁviIa: posts small blind $0.02
Almanza63: posts big blind $0.05
*** HOLE CARDS ***
Dealt to Dorex2007 [4c 9c]
Xaptal: folds 
Dorex2007: folds 
layschan: folds 
juniorsgo: calls $0.05
MarkMPC: raises $0.05 to $0.10
Sr ÁviIa: calls $0.08
Almanza63: folds 
juniorsgo: calls $0.05
*** FLOP *** [Kc 9d 7d]
Sr ÁviIa: checks 
juniorsgo: checks 
MarkMPC: bets $0.10
Sr ÁviIa: calls $0.10
juniorsgo: folds 
*** TURN *** [Kc 9d 7d] [2d]
Sr ÁviIa: checks 
MarkMPC: checks 
*** RIVER *** [Kc 9d 7d 2d] [5h]
Sr ÁviIa: checks 
MarkMPC: bets $0.38 and is all-in
Sr ÁviIa: folds 
Uncalled bet ($0.38) returned to MarkMPC
MarkMPC collected $0.53 from pot
MarkMPC: doesn't show hand 
*** SUMMARY ***
Total pot $0.55 | Rake $0.02 
Board [Kc 9d 7d 2d 5h]
Seat 1: layschan folded before Flop (didn't bet)
Seat 2: juniorsgo folded on the Flop
Seat 3: MarkMPC (button) collected ($0.53)
Seat 5: Sr ÁviIa (small blind) folded on the River
Seat 6: Almanza63 (big blind) folded before Flop
Seat 7: Xaptal folded before Flop (didn't bet)
Seat 8: Dorex2007 folded before Flop (didn't bet)



PokerStars Hand #238654376001:  Hold'em No Limit ($0.02/$0.05 USD) - 2022/09/15 18:16:43 PT [2022/09/15 21:16:43 ET]
Table 'Burgundia III' 9-max Seat #5 is the button
Seat 1: layschan ($5.16 in chips) 
Seat 2: juniorsgo ($9.66 in chips) 
Seat 3: MarkMPC ($0.91 in chips) 
Seat 5: Sr ÁviIa ($5.14 in chips) 
Seat 6: Almanza63 ($11.74 in chips) 
Seat 7: Xaptal ($15.19 in chips) 
Seat 8: Dorex2007 ($5 in chips) 
Almanza63: posts small blind $0.02
Xaptal: posts big blind $0.05
*** HOLE CARDS ***
Dealt to Dorex2007 [Js Td]
Dorex2007: folds 
layschan: raises $0.10 to $0.15
juniorsgo: calls $0.15
MarkMPC: folds 
Sr ÁviIa: folds 
Almanza63: folds 
Xaptal: folds 
*** FLOP *** [6d 2c 7s]
layschan: checks 
juniorsgo: checks 
*** TURN *** [6d 2c 7s] [2d]
layschan: bets $0.17
juniorsgo: folds 
Uncalled bet ($0.17) returned to layschan
layschan collected $0.35 from pot
layschan: doesn't show hand 
*** SUMMARY ***
Total pot $0.37 | Rake $0.02 
Board [6d 2c 7s 2d]
Seat 1: layschan collected ($0.35)
Seat 2: juniorsgo folded on the Turn
Seat 3: MarkMPC folded before Flop (didn't bet)
Seat 5: Sr ÁviIa (button) folded before Flop (didn't bet)
Seat 6: Almanza63 (small blind) folded before Flop
Seat 7: Xaptal (big blind) folded before Flop
Seat 8: Dorex2007 folded before Flop (didn't bet)



PokerStars Hand #238654383206:  Hold'em No Limit ($0.02/$0.05 USD) - 2022/09/15 18:17:17 PT [2022/09/15 21:17:17 ET]
Table 'Burgundia III' 9-max Seat #6 is the button
Seat 1: layschan ($5.36 in chips) 
Seat 2: juniorsgo ($9.51 in chips) 
Seat 3: MarkMPC ($0.91 in chips) 
Seat 5: Sr ÁviIa ($5.14 in chips) 
Seat 6: Almanza63 ($11.72 in chips) 
Seat 7: Xaptal ($15.14 in chips) 
Seat 8: Dorex2007 ($5 in chips) 
Xaptal: posts small blind $0.02
Dorex2007: posts big blind $0.05
*** HOLE CARDS ***
Dealt to Dorex2007 [Jh Jc]
layschan: folds 
juniorsgo: calls $0.05
MarkMPC: folds 
Sr ÁviIa: folds 
Almanza63: folds 
Xaptal: folds 
tanyaa1956 joins the table at seat #4 
Dorex2007: raises $0.15 to $0.20
juniorsgo: calls $0.15
*** FLOP *** [Ac 7s 3h]
Dorex2007: bets $0.20
juniorsgo: calls $0.20
*** TURN *** [Ac 7s 3h] [4d]
Dorex2007: checks 
juniorsgo: bets $0.39
Dorex2007: folds 
Uncalled bet ($0.39) returned to juniorsgo
juniorsgo collected $0.79 from pot
*** SUMMARY ***
Total pot $0.82 | Rake $0.03 
Board [Ac 7s 3h 4d]
Seat 1: layschan folded before Flop (didn't bet)
Seat 2: juniorsgo collected ($0.79)
Seat 3: MarkMPC folded before Flop (didn't bet)
Seat 5: Sr ÁviIa folded before Flop (didn't bet)
Seat 6: Almanza63 (button) folded before Flop (didn't bet)
Seat 7: Xaptal (small blind) folded before Flop
Seat 8: Dorex2007 (big blind) folded on the Turn



PokerStars Hand #238654390920:  Hold'em No Limit ($0.02/$0.05 USD) - 2022/09/15 18:17:55 PT [2022/09/15 21:17:55 ET]
Table 'Burgundia III' 9-max Seat #7 is the button
Seat 1: layschan ($5.36 in chips) 
Seat 2: juniorsgo ($9.90 in chips) 
Seat 3: MarkMPC ($0.91 in chips) 
Seat 5: Sr ÁviIa ($5.14 in chips) 
Seat 6: Almanza63 ($11.72 in chips) 
Seat 7: Xaptal ($15.12 in chips) 
Seat 8: Dorex2007 ($5 in chips) 
Dorex2007: posts small blind $0.02
layschan: posts big blind $0.05
tanyaa1956: sits out 
*** HOLE CARDS ***
Dealt to Dorex2007 [9h 7c]
juniorsgo: folds 
MarkMPC: folds 
Sr ÁviIa: folds 
Almanza63: folds 
Xaptal: folds 
Dorex2007: folds 
Uncalled bet ($0.03) returned to layschan
layschan collected $0.04 from pot
layschan: doesn't show hand 
*** SUMMARY ***
Total pot $0.04 | Rake $0 
Seat 1: layschan (big blind) collected ($0.04)
Seat 2: juniorsgo folded before Flop (didn't bet)
Seat 3: MarkMPC folded before Flop (didn't bet)
Seat 5: Sr ÁviIa folded before Flop (didn't bet)
Seat 6: Almanza63 folded before Flop (didn't bet)
Seat 7: Xaptal (button) folded before Flop (didn't bet)
Seat 8: Dorex2007 (small blind) folded before Flop



PokerStars Hand #238654392950:  Hold'em No Limit ($0.02/$0.05 USD) - 2022/09/15 18:18:05 PT [2022/09/15 21:18:05 ET]
Table 'Burgundia III' 9-max Seat #8 is the button
Seat 1: layschan ($5.38 in chips) 
Seat 2: juniorsgo ($9.90 in chips) 
Seat 3: MarkMPC ($0.91 in chips) 
Seat 5: Sr ÁviIa ($5.14 in chips) 
Seat 6: Almanza63 ($11.72 in chips) 
Seat 7: Xaptal ($15.12 in chips) 
Seat 8: Dorex2007 ($5 in chips) 
layschan: posts small blind $0.02
juniorsgo: posts big blind $0.05
tanyaa1956: sits out 
*** HOLE CARDS ***
Dealt to Dorex2007 [4d Qs]
MarkMPC: folds 
Sr ÁviIa: folds 
Almanza63: folds 
Xaptal: folds 
Dorex2007: folds 
layschan: folds 
Uncalled bet ($0.03) returned to juniorsgo
juniorsgo collected $0.04 from pot
*** SUMMARY ***
Total pot $0.04 | Rake $0 
Seat 1: layschan (small blind) folded before Flop
Seat 2: juniorsgo (big blind) collected ($0.04)
Seat 3: MarkMPC folded before Flop (didn't bet)
Seat 5: Sr ÁviIa folded before Flop (didn't bet)
Seat 6: Almanza63 folded before Flop (didn't bet)
Seat 7: Xaptal folded before Flop (didn't bet)
Seat 8: Dorex2007 (button) folded before Flop (didn't bet)



PokerStars Hand #238654395550:  Hold'em No Limit ($0.02/$0.05 USD) - 2022/09/15 18:18:17 PT [2022/09/15 21:18:17 ET]
Table 'Burgundia III' 9-max Seat #1 is the button
Seat 1: layschan ($5.36 in chips) 
Seat 2: juniorsgo ($9.92 in chips) 
Seat 3: MarkMPC ($0.91 in chips) 
Seat 5: Sr ÁviIa ($5.14 in chips) 
Seat 6: Almanza63 ($11.72 in chips) 
Seat 7: Xaptal ($15.12 in chips) 
Seat 8: Dorex2007 ($5 in chips) 
juniorsgo: posts small blind $0.02
MarkMPC: posts big blind $0.05
tanyaa1956: sits out 
*** HOLE CARDS ***
Dealt to Dorex2007 [7s 7h]
Sr ÁviIa: folds 
Almanza63: raises $0.10 to $0.15
Xaptal: folds 
YouThey joins the table at seat #9 
Dorex2007: calls $0.15
layschan: calls $0.15
juniorsgo: raises $0.10 to $0.25
MarkMPC: folds 
Almanza63: calls $0.10
Dorex2007: calls $0.10
layschan: calls $0.10
*** FLOP *** [Ah 7c Ad]
juniorsgo: checks 
Almanza63: checks 
Dorex2007: bets $0.50
layschan: calls $0.50
juniorsgo: folds 
Almanza63: folds 
*** TURN *** [Ah 7c Ad] [8c]
Dorex2007: bets $4.25 and is all-in
layschan: calls $4.25
*** RIVER *** [Ah 7c Ad 8c] [5s]
*** SHOW DOWN ***
Dorex2007: shows [7s 7h] (a full house, Sevens full of Aces)
layschan: shows [Th As] (three of a kind, Aces)
Dorex2007 cashed out the hand for $8.42 | Cash Out Fee $0.09
*** SUMMARY ***
Total pot $10.55 | Rake $0.44 
Board [Ah 7c Ad 8c 5s]
Seat 1: layschan (button) showed [Th As] and lost with three of a kind, Aces
Seat 2: juniorsgo (small blind) folded on the Flop
Seat 3: MarkMPC (big blind) folded before Flop
Seat 5: Sr ÁviIa folded before Flop (didn't bet)
Seat 6: Almanza63 folded on the Flop
Seat 7: Xaptal folded before Flop (didn't bet)
Seat 8: Dorex2007 showed [7s 7h] and won ($10.11) with a full house, Sevens full of Aces (pot not awarded as player cashed out)



PokerStars Hand #238654423012:  Hold'em No Limit ($0.02/$0.05 USD) - 2022/09/15 18:20:31 PT [2022/09/15 21:20:31 ET]
Table 'Burgundia III' 9-max Seat #2 is the button
Seat 1: layschan ($5 in chips) 
Seat 2: juniorsgo ($9.67 in chips) 
Seat 3: MarkMPC ($0.86 in chips) 
Seat 4: tanyaa1956 ($5 in chips) 
Seat 5: Sr ÁviIa ($5.14 in chips) 
Seat 6: Almanza63 ($11.47 in chips) 
Seat 7: Xaptal ($15.12 in chips) 
Seat 8: Dorex2007 ($8.42 in chips) 
MarkMPC: posts small blind $0.02
tanyaa1956: posts big blind $0.05
YouThey: sits out 
*** HOLE CARDS ***
Dealt to Dorex2007 [As Qh]
Sr ÁviIa: folds 
Almanza63: folds 
Xaptal: folds 
Dorex2007: folds 
layschan: raises $0.10 to $0.15
juniorsgo: folds 
MarkMPC: folds 
tanyaa1956: folds 
Uncalled bet ($0.10) returned to layschan
layschan collected $0.12 from pot
layschan: doesn't show hand 
*** SUMMARY ***
Total pot $0.12 | Rake $0 
Seat 1: layschan collected ($0.12)
Seat 2: juniorsgo (button) folded before Flop (didn't bet)
Seat 3: MarkMPC (small blind) folded before Flop
Seat 4: tanyaa1956 (big blind) folded before Flop
Seat 5: Sr ÁviIa folded before Flop (didn't bet)
Seat 6: Almanza63 folded before Flop (didn't bet)
Seat 7: Xaptal folded before Flop (didn't bet)
Seat 8: Dorex2007 folded before Flop (didn't bet)



PokerStars Hand #238654426403:  Hold'em No Limit ($0.02/$0.05 USD) - 2022/09/15 18:20:47 PT [2022/09/15 21:20:47 ET]
Table 'Burgundia III' 9-max Seat #3 is the button
Seat 1: layschan ($5.07 in chips) 
Seat 2: juniorsgo ($9.67 in chips) 
Seat 3: MarkMPC ($0.84 in chips) 
Seat 4: tanyaa1956 ($5 in chips) 
Seat 5: Sr ÁviIa ($5.14 in chips) 
Seat 6: Almanza63 ($11.47 in chips) 
Seat 7: Xaptal ($15.12 in chips) 
Seat 8: Dorex2007 ($8.42 in chips) 
tanyaa1956: posts small blind $0.02
Sr ÁviIa: posts big blind $0.05
YouThey: sits out 
*** HOLE CARDS ***
Dealt to Dorex2007 [4h As]
Almanza63: folds 
Xaptal: folds 
Dorex2007: folds 
layschan: folds 
juniorsgo: calls $0.05
MarkMPC: calls $0.05
tanyaa1956: folds 
Sr ÁviIa: checks 
*** FLOP *** [5c 9h Jc]
Sr ÁviIa: checks 
juniorsgo: bets $0.05
MarkMPC: calls $0.05
Sr ÁviIa: folds 
*** TURN *** [5c 9h Jc] [Ah]
juniorsgo: bets $0.05
MarkMPC: raises $0.10 to $0.15
juniorsgo: folds 
Uncalled bet ($0.10) returned to MarkMPC
MarkMPC collected $0.35 from pot
MarkMPC: doesn't show hand 
*** SUMMARY ***
Total pot $0.37 | Rake $0.02 
Board [5c 9h Jc Ah]
Seat 1: layschan folded before Flop (didn't bet)
Seat 2: juniorsgo folded on the Turn
Seat 3: MarkMPC (button) collected ($0.35)
Seat 4: tanyaa1956 (small blind) folded before Flop
Seat 5: Sr ÁviIa (big blind) folded on the Flop
Seat 6: Almanza63 folded before Flop (didn't bet)
Seat 7: Xaptal folded before Flop (didn't bet)
Seat 8: Dorex2007 folded before Flop (didn't bet)



PokerStars Hand #238654438983:  Hold'em No Limit ($0.02/$0.05 USD) - 2022/09/15 18:21:49 PT [2022/09/15 21:21:49 ET]
Table 'Burgundia III' 9-max Seat #4 is the button
Seat 1: layschan ($5.07 in chips) 
Seat 2: juniorsgo ($9.52 in chips) 
Seat 3: MarkMPC ($1.04 in chips) 
Seat 4: tanyaa1956 ($5 in chips) 
Seat 5: Sr ÁviIa ($5.09 in chips) 
Seat 6: Almanza63 ($11.47 in chips) 
Seat 7: Xaptal ($15.12 in chips) 
Seat 8: Dorex2007 ($8.42 in chips) 
Seat 9: YouThey ($4 in chips) 
Sr ÁviIa: posts small blind $0.02
Almanza63: posts big blind $0.05
YouThey: posts big blind $0.05
*** HOLE CARDS ***
Dealt to Dorex2007 [8c Td]
Xaptal: folds 
Dorex2007: folds 
YouThey: checks 
layschan: folds 
juniorsgo: folds 
MarkMPC: folds 
tanyaa1956: folds 
Sr ÁviIa: folds 
Almanza63: checks 
*** FLOP *** [Kc Jd 9s]
Almanza63: checks 
YouThey: checks 
*** TURN *** [Kc Jd 9s] [2s]
Almanza63: checks 
YouThey: checks 
*** RIVER *** [Kc Jd 9s 2s] [Jh]
Almanza63: checks 
YouThey: checks 
*** SHOW DOWN ***
Almanza63: shows [7s 8h] (a pair of Jacks)
YouThey: shows [2c 8d] (two pair, Jacks and Deuces)
YouThey collected $0.12 from pot
*** SUMMARY ***
Total pot $0.12 | Rake $0 
Board [Kc Jd 9s 2s Jh]
Seat 1: layschan folded before Flop (didn't bet)
Seat 2: juniorsgo folded before Flop (didn't bet)
Seat 3: MarkMPC folded before Flop (didn't bet)
Seat 4: tanyaa1956 (button) folded before Flop (didn't bet)
Seat 5: Sr ÁviIa (small blind) folded before Flop
Seat 6: Almanza63 (big blind) showed [7s 8h] and lost with a pair of Jacks
Seat 7: Xaptal folded before Flop (didn't bet)
Seat 8: Dorex2007 folded before Flop (didn't bet)
Seat 9: YouThey showed [2c 8d] and won ($0.12) with two pair, Jacks and Deuces



PokerStars Hand #238654448214:  Hold'em No Limit ($0.02/$0.05 USD) - 2022/09/15 18:22:33 PT [2022/09/15 21:22:33 ET]
Table 'Burgundia III' 9-max Seat #5 is the button
Seat 1: layschan ($5.07 in chips) 
Seat 2: juniorsgo ($9.52 in chips) 
Seat 3: MarkMPC ($1.04 in chips) 
Seat 4: tanyaa1956 ($5 in chips) 
Seat 5: Sr ÁviIa ($5.07 in chips) 
Seat 6: Almanza63 ($11.42 in chips) 
Seat 7: Xaptal ($15.12 in chips) 
Seat 8: Dorex2007 ($8.42 in chips) 
Seat 9: YouThey ($4.07 in chips) 
Almanza63: posts small blind $0.02
Xaptal: posts big blind $0.05
*** HOLE CARDS ***
Dealt to Dorex2007 [7d 7h]
Dorex2007: raises $0.05 to $0.10
YouThey: folds 
layschan: folds 
juniorsgo: calls $0.10
MarkMPC: calls $0.10
tanyaa1956: folds 
Sr ÁviIa: folds 
Almanza63: folds 
Xaptal: folds 
*** FLOP *** [9d Jd 7c]
Dorex2007: bets $0.35
juniorsgo: folds 
MarkMPC: raises $0.59 to $0.94 and is all-in
Dorex2007: calls $0.59
*** TURN *** [9d Jd 7c] [Td]
*** RIVER *** [9d Jd 7c Td] [6h]
*** SHOW DOWN ***
Dorex2007: shows [7d 7h] (three of a kind, Sevens)
MarkMPC: shows [6d Ad] (a flush, Ace high)
MarkMPC collected $2.16 from pot
Dorex2007 cashed out the hand for $1.59 | Cash Out Fee $0.02
*** SUMMARY ***
Total pot $2.25 | Rake $0.09 
Board [9d Jd 7c Td 6h]
Seat 1: layschan folded before Flop (didn't bet)
Seat 2: juniorsgo folded on the Flop
Seat 3: MarkMPC showed [6d Ad] and won ($2.16) with a flush, Ace high
Seat 4: tanyaa1956 folded before Flop (didn't bet)
Seat 5: Sr ÁviIa (button) folded before Flop (didn't bet)
Seat 6: Almanza63 (small blind) folded before Flop
Seat 7: Xaptal (big blind) folded before Flop
Seat 8: Dorex2007 showed [7d 7h] and lost with three of a kind, Sevens (cashed out).
Seat 9: YouThey folded before Flop (didn't bet)



PokerStars Hand #238654459860:  Hold'em No Limit ($0.02/$0.05 USD) - 2022/09/15 18:23:31 PT [2022/09/15 21:23:31 ET]
Table 'Burgundia III' 9-max Seat #6 is the button
Seat 1: layschan ($5.07 in chips) 
Seat 2: juniorsgo ($9.42 in chips) 
Seat 3: MarkMPC ($2.16 in chips) 
Seat 4: tanyaa1956 ($5 in chips) 
Seat 5: Sr ÁviIa ($5.07 in chips) 
Seat 6: Almanza63 ($11.40 in chips) 
Seat 7: Xaptal ($15.07 in chips) 
Seat 8: Dorex2007 ($8.97 in chips) 
Seat 9: YouThey ($4.07 in chips) 
Xaptal: posts small blind $0.02
Dorex2007: posts big blind $0.05
*** HOLE CARDS ***
Dealt to Dorex2007 [3c 9s]
YouThey: folds 
layschan: folds 
juniorsgo: calls $0.05
MarkMPC: folds 
tanyaa1956: folds 
Sr ÁviIa: calls $0.05
Almanza63: folds 
Xaptal: folds 
Dorex2007: checks 
*** FLOP *** [Ah Qs Ts]
Dorex2007: checks 
juniorsgo: checks 
Sr ÁviIa: checks 
*** TURN *** [Ah Qs Ts] [3h]
Dorex2007: checks 
juniorsgo: bets $0.16
Sr ÁviIa: folds 
Dorex2007: folds 
Uncalled bet ($0.16) returned to juniorsgo
juniorsgo collected $0.16 from pot
*** SUMMARY ***
Total pot $0.17 | Rake $0.01 
Board [Ah Qs Ts 3h]
Seat 1: layschan folded before Flop (didn't bet)
Seat 2: juniorsgo collected ($0.16)
Seat 3: MarkMPC folded before Flop (didn't bet)
Seat 4: tanyaa1956 folded before Flop (didn't bet)
Seat 5: Sr ÁviIa folded on the Turn
Seat 6: Almanza63 (button) folded before Flop (didn't bet)
Seat 7: Xaptal (small blind) folded before Flop
Seat 8: Dorex2007 (big blind) folded on the Turn
Seat 9: YouThey folded before Flop (didn't bet)



PokerStars Hand #238654468775:  Hold'em No Limit ($0.02/$0.05 USD) - 2022/09/15 18:24:15 PT [2022/09/15 21:24:15 ET]
Table 'Burgundia III' 9-max Seat #7 is the button
Seat 1: layschan ($5.07 in chips) 
Seat 2: juniorsgo ($9.53 in chips) 
Seat 3: MarkMPC ($2.16 in chips) 
Seat 4: tanyaa1956 ($5 in chips) 
Seat 5: Sr ÁviIa ($5.02 in chips) 
Seat 6: Almanza63 ($11.40 in chips) 
Seat 7: Xaptal ($15.05 in chips) 
Seat 8: Dorex2007 ($8.92 in chips) 
Seat 9: YouThey ($4.07 in chips) 
Dorex2007: posts small blind $0.02
YouThey: posts big blind $0.05
*** HOLE CARDS ***
Dealt to Dorex2007 [9h 6c]
layschan: folds 
juniorsgo: raises $0.10 to $0.15
MarkMPC: folds 
tanyaa1956: folds 
Sr ÁviIa: folds 
Almanza63: raises $0.30 to $0.45
Xaptal: folds 
Dorex2007: folds 
YouThey: folds 
juniorsgo: calls $0.30
*** FLOP *** [4c 8c Kd]
juniorsgo: checks 
Almanza63: bets $0.49
juniorsgo: calls $0.49
*** TURN *** [4c 8c Kd] [2c]
juniorsgo: checks 
Almanza63: checks 
*** RIVER *** [4c 8c Kd 2c] [5d]
juniorsgo: checks 
Almanza63: bets $0.99
juniorsgo: folds 
Uncalled bet ($0.99) returned to Almanza63
Almanza63 collected $1.87 from pot
Almanza63: doesn't show hand 
*** SUMMARY ***
Total pot $1.95 | Rake $0.08 
Board [4c 8c Kd 2c 5d]
Seat 1: layschan folded before Flop (didn't bet)
Seat 2: juniorsgo folded on the River
Seat 3: MarkMPC folded before Flop (didn't bet)
Seat 4: tanyaa1956 folded before Flop (didn't bet)
Seat 5: Sr ÁviIa folded before Flop (didn't bet)
Seat 6: Almanza63 collected ($1.87)
Seat 7: Xaptal (button) folded before Flop (didn't bet)
Seat 8: Dorex2007 (small blind) folded before Flop
Seat 9: YouThey (big blind) folded before Flop



PokerStars Hand #238654484953:  Hold'em No Limit ($0.02/$0.05 USD) - 2022/09/15 18:25:35 PT [2022/09/15 21:25:35 ET]
Table 'Burgundia III' 9-max Seat #8 is the button
Seat 1: layschan ($5.07 in chips) 
Seat 2: juniorsgo ($8.59 in chips) 
Seat 3: MarkMPC ($2.16 in chips) 
Seat 4: tanyaa1956 ($5 in chips) 
Seat 5: Sr ÁviIa ($5.02 in chips) 
Seat 6: Almanza63 ($12.33 in chips) 
Seat 7: Xaptal ($15.05 in chips) 
Seat 8: Dorex2007 ($8.90 in chips) 
Seat 9: YouThey ($4.02 in chips) 
YouThey: posts small blind $0.02
layschan: posts big blind $0.05
*** HOLE CARDS ***
Dealt to Dorex2007 [3d 8d]
juniorsgo: calls $0.05
MarkMPC: folds 
tanyaa1956: folds 
Sr ÁviIa: raises $0.10 to $0.15
Almanza63: folds 
Xaptal: folds 
Dorex2007: folds 
YouThey: folds 
layschan: calls $0.10
juniorsgo: calls $0.10
*** FLOP *** [Qh 6d 2d]
layschan: checks 
juniorsgo: checks 
Sr ÁviIa: checks 
*** TURN *** [Qh 6d 2d] [Tc]
layschan: checks 
juniorsgo: bets $0.22
Sr ÁviIa: folds 
layschan: folds 
Uncalled bet ($0.22) returned to juniorsgo
juniorsgo collected $0.45 from pot
*** SUMMARY ***
Total pot $0.47 | Rake $0.02 
Board [Qh 6d 2d Tc]
Seat 1: layschan (big blind) folded on the Turn
Seat 2: juniorsgo collected ($0.45)
Seat 3: MarkMPC folded before Flop (didn't bet)
Seat 4: tanyaa1956 folded before Flop (didn't bet)
Seat 5: Sr ÁviIa folded on the Turn
Seat 6: Almanza63 folded before Flop (didn't bet)
Seat 7: Xaptal folded before Flop (didn't bet)
Seat 8: Dorex2007 (button) folded before Flop (didn't bet)
Seat 9: YouThey (small blind) folded before Flop



PokerStars Hand #238654492279:  Hold'em No Limit ($0.02/$0.05 USD) - 2022/09/15 18:26:11 PT [2022/09/15 21:26:11 ET]
Table 'Burgundia III' 9-max Seat #9 is the button
Seat 1: layschan ($5 in chips) 
Seat 2: juniorsgo ($8.89 in chips) 
Seat 3: MarkMPC ($2.16 in chips) 
Seat 4: tanyaa1956 ($5 in chips) 
Seat 5: Sr ÁviIa ($4.87 in chips) 
Seat 6: Almanza63 ($12.33 in chips) 
Seat 7: Xaptal ($15.05 in chips) 
Seat 8: Dorex2007 ($8.90 in chips) 
Seat 9: YouThey ($4 in chips) 
layschan: posts small blind $0.02
juniorsgo: posts big blind $0.05
*** HOLE CARDS ***
Dealt to Dorex2007 [5c 9c]
MarkMPC: raises $0.05 to $0.10
tanyaa1956: folds 
Sr ÁviIa: folds 
Almanza63: folds 
Xaptal: folds 
Dorex2007: folds 
YouThey: folds 
layschan: folds 
juniorsgo: calls $0.05
*** FLOP *** [Jd Ks 4d]
juniorsgo: bets $0.21
MarkMPC: folds 
Uncalled bet ($0.21) returned to juniorsgo
juniorsgo collected $0.21 from pot
*** SUMMARY ***
Total pot $0.22 | Rake $0.01 
Board [Jd Ks 4d]
Seat 1: layschan (small blind) folded before Flop
Seat 2: juniorsgo (big blind) collected ($0.21)
Seat 3: MarkMPC folded on the Flop
Seat 4: tanyaa1956 folded before Flop (didn't bet)
Seat 5: Sr ÁviIa folded before Flop (didn't bet)
Seat 6: Almanza63 folded before Flop (didn't bet)
Seat 7: Xaptal folded before Flop (didn't bet)
Seat 8: Dorex2007 folded before Flop (didn't bet)
Seat 9: YouThey (button) folded before Flop (didn't bet)



PokerStars Hand #238654498450:  Hold'em No Limit ($0.02/$0.05 USD) - 2022/09/15 18:26:43 PT [2022/09/15 21:26:43 ET]
Table 'Burgundia III' 9-max Seat #1 is the button
Seat 1: layschan ($5 in chips) 
Seat 2: juniorsgo ($9 in chips) 
Seat 3: MarkMPC ($2.06 in chips) 
Seat 4: tanyaa1956 ($5 in chips) 
Seat 5: Sr ÁviIa ($4.87 in chips) 
Seat 6: Almanza63 ($12.33 in chips) 
Seat 7: Xaptal ($15.05 in chips) 
Seat 8: Dorex2007 ($8.90 in chips) 
Seat 9: YouThey ($4 in chips) 
juniorsgo: posts small blind $0.02
MarkMPC: posts big blind $0.05
*** HOLE CARDS ***
Dealt to Dorex2007 [Kd Ad]
tanyaa1956: folds 
Sr ÁviIa: folds 
Almanza63: folds 
Xaptal: folds 
Dorex2007: raises $0.12 to $0.17
YouThey: folds 
layschan: calls $0.17
juniorsgo: calls $0.15
MarkMPC: calls $0.12
*** FLOP *** [8s 9s 7s]
juniorsgo: checks 
MarkMPC: checks 
Dorex2007: checks 
layschan: bets $0.32
juniorsgo: calls $0.32
MarkMPC: calls $0.32
Dorex2007: folds 
*** TURN *** [8s 9s 7s] [5h]
juniorsgo: checks 
MarkMPC: checks 
layschan: bets $0.78
juniorsgo: calls $0.78
MarkMPC: calls $0.78
*** RIVER *** [8s 9s 7s 5h] [3c]
juniorsgo: checks 
MarkMPC: bets $0.79 and is all-in
layschan: raises $0.79 to $1.58
juniorsgo: folds 
Uncalled bet ($0.79) returned to layschan
*** SHOW DOWN ***
layschan: shows [6s 4s] (a flush, Nine high)
MarkMPC: shows [Ac Th] (high card Ace)
layschan collected $5.33 from pot
*** SUMMARY ***
Total pot $5.56 | Rake $0.23 
Board [8s 9s 7s 5h 3c]
Seat 1: layschan (button) showed [6s 4s] and won ($5.33) with a flush, Nine high
Seat 2: juniorsgo (small blind) folded on the River
Seat 3: MarkMPC (big blind) showed [Ac Th] and lost with high card Ace
Seat 4: tanyaa1956 folded before Flop (didn't bet)
Seat 5: Sr ÁviIa folded before Flop (didn't bet)
Seat 6: Almanza63 folded before Flop (didn't bet)
Seat 7: Xaptal folded before Flop (didn't bet)
Seat 8: Dorex2007 folded on the Flop
Seat 9: YouThey folded before Flop (didn't bet)



PokerStars Hand #238654513730:  Hold'em No Limit ($0.02/$0.05 USD) - 2022/09/15 18:28:00 PT [2022/09/15 21:28:00 ET]
Table 'Burgundia III' 9-max Seat #2 is the button
Seat 1: layschan ($8.27 in chips) 
Seat 2: juniorsgo ($7.73 in chips) 
Seat 4: tanyaa1956 ($5 in chips) 
Seat 5: Sr ÁviIa ($4.87 in chips) 
Seat 6: Almanza63 ($12.33 in chips) 
Seat 7: Xaptal ($15.05 in chips) 
Seat 8: Dorex2007 ($8.73 in chips) 
Seat 9: YouThey ($4 in chips) 
tanyaa1956: posts small blind $0.02
Sr ÁviIa: posts big blind $0.05
*** HOLE CARDS ***
Dealt to Dorex2007 [6d Kc]
MarkMPC leaves the table
Almanza63: folds 
Xaptal: folds 
Dorex2007: folds 
YouThey: folds 
layschan: raises $0.10 to $0.15
juniorsgo: folds 
tanyaa1956: folds 
Sr ÁviIa: folds 
Uncalled bet ($0.10) returned to layschan
layschan collected $0.12 from pot
layschan: doesn't show hand 
*** SUMMARY ***
Total pot $0.12 | Rake $0 
Seat 1: layschan collected ($0.12)
Seat 2: juniorsgo (button) folded before Flop (didn't bet)
Seat 4: tanyaa1956 (small blind) folded before Flop
Seat 5: Sr ÁviIa (big blind) folded before Flop
Seat 6: Almanza63 folded before Flop (didn't bet)
Seat 7: Xaptal folded before Flop (didn't bet)
Seat 8: Dorex2007 folded before Flop (didn't bet)
Seat 9: YouThey folded before Flop (didn't bet)



PokerStars Hand #238654519712:  Hold'em No Limit ($0.02/$0.05 USD) - 2022/09/15 18:28:30 PT [2022/09/15 21:28:30 ET]
Table 'Burgundia III' 9-max Seat #4 is the button
Seat 1: layschan ($8.34 in chips) 
Seat 2: juniorsgo ($7.73 in chips) 
Seat 4: tanyaa1956 ($5 in chips) 
Seat 5: Sr ÁviIa ($4.82 in chips) 
Seat 6: Almanza63 ($12.33 in chips) 
Seat 7: Xaptal ($15.05 in chips) 
Seat 8: Dorex2007 ($8.73 in chips) 
Seat 9: YouThey ($4 in chips) 
Sr ÁviIa: posts small blind $0.02
Almanza63: posts big blind $0.05
*** HOLE CARDS ***
Dealt to Dorex2007 [2s 7h]
Xaptal: folds 
Dorex2007: folds 
YouThey: folds 
layschan: folds 
juniorsgo: calls $0.05
tanyaa1956: folds 
Sr ÁviIa: calls $0.03
Almanza63: checks 
*** FLOP *** [Jh Ts 9h]
Sr ÁviIa: checks 
Almanza63: checks 
juniorsgo: checks 
*** TURN *** [Jh Ts 9h] [4h]
Sr ÁviIa: checks 
Almanza63: checks 
thierrythug joins the table at seat #3 
juniorsgo: checks 
*** RIVER *** [Jh Ts 9h 4h] [6s]
Sr ÁviIa: checks 
Almanza63: checks 
juniorsgo: checks 
*** SHOW DOWN ***
Sr ÁviIa: shows [7s Ad] (high card Ace)
Almanza63: shows [Qd Th] (a pair of Tens)
juniorsgo: mucks hand 
Almanza63 collected $0.14 from pot
*** SUMMARY ***
Total pot $0.15 | Rake $0.01 
Board [Jh Ts 9h 4h 6s]
Seat 1: layschan folded before Flop (didn't bet)
Seat 2: juniorsgo mucked [5d Qc]
Seat 4: tanyaa1956 (button) folded before Flop (didn't bet)
Seat 5: Sr ÁviIa (small blind) showed [7s Ad] and lost with high card Ace
Seat 6: Almanza63 (big blind) showed [Qd Th] and won ($0.14) with a pair of Tens
Seat 7: Xaptal folded before Flop (didn't bet)
Seat 8: Dorex2007 folded before Flop (didn't bet)
Seat 9: YouThey folded before Flop (didn't bet)



PokerStars Hand #238654532487:  Hold'em No Limit ($0.02/$0.05 USD) - 2022/09/15 18:29:35 PT [2022/09/15 21:29:35 ET]
Table 'Burgundia III' 9-max Seat #5 is the button
Seat 1: layschan ($8.34 in chips) 
Seat 2: juniorsgo ($7.68 in chips) 
Seat 4: tanyaa1956 ($5 in chips) 
Seat 5: Sr ÁviIa ($4.77 in chips) 
Seat 6: Almanza63 ($12.42 in chips) 
Seat 7: Xaptal ($15.05 in chips) 
Seat 8: Dorex2007 ($8.73 in chips) 
Seat 9: YouThey ($4 in chips) 
Almanza63: posts small blind $0.02
Xaptal: posts big blind $0.05
thierrythug: sits out 
*** HOLE CARDS ***
Dealt to Dorex2007 [Th 6d]
Dorex2007: folds 
YouThey: folds 
layschan: folds 
juniorsgo: calls $0.05
tanyaa1956: raises $0.15 to $0.20
Sr ÁviIa: folds 
Almanza63: folds 
Xaptal: folds 
juniorsgo: calls $0.15
*** FLOP *** [8c 8s Ac]
juniorsgo: checks 
tanyaa1956: bets $0.30
juniorsgo: folds 
Uncalled bet ($0.30) returned to tanyaa1956
tanyaa1956 collected $0.45 from pot
tanyaa1956: doesn't show hand 
*** SUMMARY ***
Total pot $0.47 | Rake $0.02 
Board [8c 8s Ac]
Seat 1: layschan folded before Flop (didn't bet)
Seat 2: juniorsgo folded on the Flop
Seat 4: tanyaa1956 collected ($0.45)
Seat 5: Sr ÁviIa (button) folded before Flop (didn't bet)
Seat 6: Almanza63 (small blind) folded before Flop
Seat 7: Xaptal (big blind) folded before Flop
Seat 8: Dorex2007 folded before Flop (didn't bet)
Seat 9: YouThey folded before Flop (didn't bet)



PokerStars Hand #238654540169:  Hold'em No Limit ($0.02/$0.05 USD) - 2022/09/15 18:30:13 PT [2022/09/15 21:30:13 ET]
Table 'Burgundia III' 9-max Seat #6 is the button
Seat 1: layschan ($8.34 in chips) 
Seat 2: juniorsgo ($7.48 in chips) 
Seat 4: tanyaa1956 ($5.25 in chips) 
Seat 5: Sr ÁviIa ($4.77 in chips) 
Seat 6: Almanza63 ($12.40 in chips) 
Seat 7: Xaptal ($15 in chips) 
Seat 8: Dorex2007 ($8.73 in chips) 
Seat 9: YouThey ($4 in chips) 
Xaptal: posts small blind $0.02
Dorex2007: posts big blind $0.05
thierrythug: sits out 
*** HOLE CARDS ***
Dealt to Dorex2007 [Kd 6s]
YouThey: folds 
layschan: raises $0.10 to $0.15
juniorsgo: calls $0.15
tanyaa1956: folds 
Sr ÁviIa: folds 
Almanza63: folds 
Xaptal: calls $0.13
Dorex2007: folds 
*** FLOP *** [5s Jd Ts]
Xaptal: checks 
layschan: bets $0.24
juniorsgo: folds 
Xaptal: folds 
Uncalled bet ($0.24) returned to layschan
layschan collected $0.48 from pot
layschan: doesn't show hand 
*** SUMMARY ***
Total pot $0.50 | Rake $0.02 
Board [5s Jd Ts]
Seat 1: layschan collected ($0.48)
Seat 2: juniorsgo folded on the Flop
Seat 4: tanyaa1956 folded before Flop (didn't bet)
Seat 5: Sr ÁviIa folded before Flop (didn't bet)
Seat 6: Almanza63 (button) folded before Flop (didn't bet)
Seat 7: Xaptal (small blind) folded on the Flop
Seat 8: Dorex2007 (big blind) folded before Flop
Seat 9: YouThey folded before Flop (didn't bet)



PokerStars Hand #238654546979:  Hold'em No Limit ($0.02/$0.05 USD) - 2022/09/15 18:30:48 PT [2022/09/15 21:30:48 ET]
Table 'Burgundia III' 9-max Seat #7 is the button
Seat 1: layschan ($8.67 in chips) 
Seat 2: juniorsgo ($7.33 in chips) 
Seat 4: tanyaa1956 ($5.25 in chips) 
Seat 5: Sr ÁviIa ($4.77 in chips) 
Seat 6: Almanza63 ($12.40 in chips) 
Seat 7: Xaptal ($14.85 in chips) 
Seat 8: Dorex2007 ($8.68 in chips) 
Seat 9: YouThey ($4 in chips) 
Dorex2007: posts small blind $0.02
YouThey: posts big blind $0.05
thierrythug: sits out 
*** HOLE CARDS ***
Dealt to Dorex2007 [8d 2c]
layschan: folds 
juniorsgo: folds 
tanyaa1956: folds 
Sr ÁviIa: folds 
Almanza63: folds 
Xaptal: raises $0.12 to $0.17
Dorex2007: folds 
YouThey: calls $0.12
*** FLOP *** [Th Ad 6c]
YouThey: checks 
Xaptal: bets $0.25
YouThey: calls $0.25
*** TURN *** [Th Ad 6c] [Qc]
YouThey: checks 
Xaptal: bets $0.55
YouThey: folds 
Uncalled bet ($0.55) returned to Xaptal
Xaptal collected $0.82 from pot
*** SUMMARY ***
Total pot $0.86 | Rake $0.04 
Board [Th Ad 6c Qc]
Seat 1: layschan folded before Flop (didn't bet)
Seat 2: juniorsgo folded before Flop (didn't bet)
Seat 4: tanyaa1956 folded before Flop (didn't bet)
Seat 5: Sr ÁviIa folded before Flop (didn't bet)
Seat 6: Almanza63 folded before Flop (didn't bet)
Seat 7: Xaptal (button) collected ($0.82)
Seat 8: Dorex2007 (small blind) folded before Flop
Seat 9: YouThey (big blind) folded on the Turn



PokerStars Hand #238654560046:  Hold'em No Limit ($0.02/$0.05 USD) - 2022/09/15 18:31:53 PT [2022/09/15 21:31:53 ET]
Table 'Burgundia III' 9-max Seat #8 is the button
Seat 1: layschan ($8.67 in chips) 
Seat 2: juniorsgo ($7.33 in chips) 
Seat 4: tanyaa1956 ($5.25 in chips) 
Seat 5: Sr ÁviIa ($4.77 in chips) 
Seat 6: Almanza63 ($12.40 in chips) 
Seat 7: Xaptal ($15.25 in chips) 
Seat 8: Dorex2007 ($8.66 in chips) 
Seat 9: YouThey ($3.58 in chips) 
YouThey: posts small blind $0.02
layschan: posts big blind $0.05
thierrythug: sits out 
*** HOLE CARDS ***
Dealt to Dorex2007 [Ad Kd]
juniorsgo: folds 
tanyaa1956: folds 
Sr ÁviIa: folds 
Almanza63: folds 
Xaptal: raises $0.12 to $0.17
Dorex2007: calls $0.17
YouThey: folds 
layschan: folds 
*** FLOP *** [As 7s 5d]
Xaptal: bets $0.25
Dorex2007: raises $0.34 to $0.59
Xaptal: folds 
Uncalled bet ($0.34) returned to Dorex2007
Dorex2007 collected $0.87 from pot
Dorex2007: doesn't show hand 
*** SUMMARY ***
Total pot $0.91 | Rake $0.04 
Board [As 7s 5d]
Seat 1: layschan (big blind) folded before Flop
Seat 2: juniorsgo folded before Flop (didn't bet)
Seat 4: tanyaa1956 folded before Flop (didn't bet)
Seat 5: Sr ÁviIa folded before Flop (didn't bet)
Seat 6: Almanza63 folded before Flop (didn't bet)
Seat 7: Xaptal folded on the Flop
Seat 8: Dorex2007 (button) collected ($0.87)
Seat 9: YouThey (small blind) folded before Flop



PokerStars Hand #238654568905:  Hold'em No Limit ($0.02/$0.05 USD) - 2022/09/15 18:32:38 PT [2022/09/15 21:32:38 ET]
Table 'Burgundia III' 9-max Seat #9 is the button
Seat 1: layschan ($8.62 in chips) 
Seat 2: juniorsgo ($7.33 in chips) 
Seat 4: tanyaa1956 ($5.25 in chips) 
Seat 5: Sr ÁviIa ($4.77 in chips) 
Seat 6: Almanza63 ($12.40 in chips) 
Seat 8: Dorex2007 ($9.11 in chips) 
Seat 9: YouThey ($3.56 in chips) 
layschan: posts small blind $0.02
juniorsgo: posts big blind $0.05
thierrythug: sits out 
*** HOLE CARDS ***
Dealt to Dorex2007 [4d 8c]
tanyaa1956: folds 
Sr ÁviIa: folds 
Almanza63: folds 
Dorex2007: folds 
YouThey: raises $0.10 to $0.15
layschan: folds 
juniorsgo: calls $0.10
*** FLOP *** [2h 8h 3d]
juniorsgo: checks 
YouThey: bets $0.15
juniorsgo: calls $0.15
*** TURN *** [2h 8h 3d] [8s]
juniorsgo: checks 
YouThey: bets $0.15
juniorsgo: calls $0.15
*** RIVER *** [2h 8h 3d 8s] [Ad]
juniorsgo: checks 
YouThey: bets $0.15
juniorsgo: raises $0.59 to $0.74
YouThey: calls $0.59
*** SHOW DOWN ***
juniorsgo: shows [8d Ks] (three of a kind, Eights)
YouThey: mucks hand 
juniorsgo collected $2.30 from pot
*** SUMMARY ***
Total pot $2.40 | Rake $0.10 
Board [2h 8h 3d 8s Ad]
Seat 1: layschan (small blind) folded before Flop
Seat 2: juniorsgo (big blind) showed [8d Ks] and won ($2.30) with three of a kind, Eights
Seat 4: tanyaa1956 folded before Flop (didn't bet)
Seat 5: Sr ÁviIa folded before Flop (didn't bet)
Seat 6: Almanza63 folded before Flop (didn't bet)
Seat 8: Dorex2007 folded before Flop (didn't bet)
Seat 9: YouThey (button) mucked [9c Ah]



PokerStars Hand #238654583863:  Hold'em No Limit ($0.02/$0.05 USD) - 2022/09/15 18:33:52 PT [2022/09/15 21:33:52 ET]
Table 'Burgundia III' 9-max Seat #1 is the button
Seat 1: layschan ($8.60 in chips) 
Seat 2: juniorsgo ($8.44 in chips) 
Seat 3: thierrythug ($5 in chips) 
Seat 4: tanyaa1956 ($5.25 in chips) 
Seat 5: Sr ÁviIa ($4.77 in chips) 
Seat 6: Almanza63 ($12.40 in chips) 
Seat 8: Dorex2007 ($9.11 in chips) 
Seat 9: YouThey ($2.37 in chips) 
juniorsgo: posts small blind $0.02
thierrythug: posts big blind $0.05
*** HOLE CARDS ***
Dealt to Dorex2007 [Ah Tc]
tanyaa1956: folds 
Sr ÁviIa: folds 
Almanza63 is disconnected 
Almanza63 has timed out while being disconnected
Almanza63: folds 
Dorex2007: raises $0.10 to $0.15
YouThey: folds 
layschan: calls $0.15
juniorsgo: calls $0.13
thierrythug: folds 
*** FLOP *** [Jh 9h Kh]
juniorsgo: checks 
Dorex2007: bets $0.48
layschan: calls $0.48
juniorsgo: folds 
*** TURN *** [Jh 9h Kh] [Qd]
Dorex2007: bets $1.40
layschan: calls $1.40
*** RIVER *** [Jh 9h Kh Qd] [3h]
Dorex2007: bets $4.08
layschan: folds [Ac Th]
Uncalled bet ($4.08) returned to Dorex2007
Dorex2007 collected $4.08 from pot
Dorex2007: doesn't show hand 
*** SUMMARY ***
Total pot $4.26 | Rake $0.18 
Board [Jh 9h Kh Qd 3h]
Seat 1: layschan (button) folded on the River
Seat 2: juniorsgo (small blind) folded on the Flop
Seat 3: thierrythug (big blind) folded before Flop
Seat 4: tanyaa1956 folded before Flop (didn't bet)
Seat 5: Sr ÁviIa folded before Flop (didn't bet)
Seat 6: Almanza63 folded before Flop (didn't bet)
Seat 8: Dorex2007 collected ($4.08)
Seat 9: YouThey folded before Flop (didn't bet)



PokerStars Hand #238654604987:  Hold'em No Limit ($0.02/$0.05 USD) - 2022/09/15 18:35:38 PT [2022/09/15 21:35:38 ET]
Table 'Burgundia III' 9-max Seat #2 is the button
Seat 1: layschan ($6.57 in chips) 
Seat 2: juniorsgo ($8.29 in chips) 
Seat 3: thierrythug ($4.95 in chips) 
Seat 4: tanyaa1956 ($5.25 in chips) 
Seat 5: Sr ÁviIa ($4.77 in chips) 
Seat 6: Almanza63 ($12.40 in chips) 
Seat 8: Dorex2007 ($11.16 in chips) 
Seat 9: YouThey ($2.37 in chips) 
thierrythug: posts small blind $0.02
tanyaa1956: posts big blind $0.05
*** HOLE CARDS ***
Dealt to Dorex2007 [Kd Td]
Sr ÁviIa: raises $0.10 to $0.15
Almanza63: folds 
Dorex2007: calls $0.15
YouThey: folds 
layschan: folds 
juniorsgo: calls $0.15
thierrythug: calls $0.13
tanyaa1956: folds 
*** FLOP *** [9s Js 4h]
thierrythug: bets $0.40
Sr ÁviIa: folds 
Dorex2007: folds 
juniorsgo: calls $0.40
*** TURN *** [9s Js 4h] [8s]
thierrythug: checks 
juniorsgo: bets $0.69
thierrythug: folds 
Uncalled bet ($0.69) returned to juniorsgo
juniorsgo collected $1.39 from pot
*** SUMMARY ***
Total pot $1.45 | Rake $0.06 
Board [9s Js 4h 8s]
Seat 1: layschan folded before Flop (didn't bet)
Seat 2: juniorsgo (button) collected ($1.39)
Seat 3: thierrythug (small blind) folded on the Turn
Seat 4: tanyaa1956 (big blind) folded before Flop
Seat 5: Sr ÁviIa folded on the Flop
Seat 6: Almanza63 folded before Flop (didn't bet)
Seat 8: Dorex2007 folded on the Flop
Seat 9: YouThey folded before Flop (didn't bet)



PokerStars Hand #238654618807:  Hold'em No Limit ($0.02/$0.05 USD) - 2022/09/15 18:36:45 PT [2022/09/15 21:36:45 ET]
Table 'Burgundia III' 9-max Seat #3 is the button
Seat 1: layschan ($6.57 in chips) 
Seat 2: juniorsgo ($9.13 in chips) 
Seat 3: thierrythug ($4.40 in chips) 
Seat 4: tanyaa1956 ($5.20 in chips) 
Seat 5: Sr ÁviIa ($4.62 in chips) 
Seat 6: Almanza63 ($12.40 in chips) 
Seat 8: Dorex2007 ($11.01 in chips) 
Seat 9: YouThey ($2.37 in chips) 
tanyaa1956: posts small blind $0.02
Sr ÁviIa: posts big blind $0.05
*** HOLE CARDS ***
Dealt to Dorex2007 [Kh 9c]
Almanza63: folds 
Dorex2007: folds 
YouThey: folds 
layschan: folds 
juniorsgo: calls $0.05
thierrythug: calls $0.05
tanyaa1956: calls $0.03
Sr ÁviIa: checks 
*** FLOP *** [8d 3d Ts]
tanyaa1956: checks 
Sr ÁviIa: checks 
juniorsgo: checks 
thierrythug: checks 
*** TURN *** [8d 3d Ts] [9s]
tanyaa1956: checks 
Sr ÁviIa: checks 
juniorsgo: checks 
thierrythug: bets $0.09
tanyaa1956: calls $0.09
Sr ÁviIa: folds 
juniorsgo: calls $0.09
*** RIVER *** [8d 3d Ts 9s] [6s]
tanyaa1956: checks 
juniorsgo: checks 
thierrythug: bets $0.22
tanyaa1956: folds 
juniorsgo: folds 
Uncalled bet ($0.22) returned to thierrythug
thierrythug collected $0.45 from pot
thierrythug: doesn't show hand 
*** SUMMARY ***
Total pot $0.47 | Rake $0.02 
Board [8d 3d Ts 9s 6s]
Seat 1: layschan folded before Flop (didn't bet)
Seat 2: juniorsgo folded on the River
Seat 3: thierrythug (button) collected ($0.45)
Seat 4: tanyaa1956 (small blind) folded on the River
Seat 5: Sr ÁviIa (big blind) folded on the Turn
Seat 6: Almanza63 folded before Flop (didn't bet)
Seat 8: Dorex2007 folded before Flop (didn't bet)
Seat 9: YouThey folded before Flop (didn't bet)



PokerStars Hand #238654637904:  Hold'em No Limit ($0.02/$0.05 USD) - 2022/09/15 18:38:20 PT [2022/09/15 21:38:20 ET]
Table 'Burgundia III' 9-max Seat #4 is the button
Seat 1: layschan ($6.57 in chips) 
Seat 2: juniorsgo ($8.99 in chips) 
Seat 3: thierrythug ($4.71 in chips) 
Seat 4: tanyaa1956 ($5.06 in chips) 
Seat 5: Sr ÁviIa ($4.57 in chips) 
Seat 6: Almanza63 ($12.40 in chips) 
Seat 8: Dorex2007 ($11.01 in chips) 
Seat 9: YouThey ($2.37 in chips) 
Sr ÁviIa: posts small blind $0.02
Almanza63: posts big blind $0.05
*** HOLE CARDS ***
Dealt to Dorex2007 [Jc 9h]
Dorex2007: folds 
YouThey: folds 
layschan: folds 
juniorsgo: calls $0.05
thierrythug: calls $0.05
tanyaa1956: folds 
Sr ÁviIa: calls $0.03
Almanza63: checks 
*** FLOP *** [9d 7h 8c]
Sr ÁviIa: checks 
Almanza63: checks 
juniorsgo: checks 
thierrythug: bets $0.10
Sr ÁviIa: calls $0.10
Almanza63: folds 
juniorsgo: folds 
*** TURN *** [9d 7h 8c] [2c]
Sr ÁviIa: checks 
thierrythug: bets $0.25
Sr ÁviIa: folds 
Uncalled bet ($0.25) returned to thierrythug
thierrythug collected $0.38 from pot
thierrythug: doesn't show hand 
*** SUMMARY ***
Total pot $0.40 | Rake $0.02 
Board [9d 7h 8c 2c]
Seat 1: layschan folded before Flop (didn't bet)
Seat 2: juniorsgo folded on the Flop
Seat 3: thierrythug collected ($0.38)
Seat 4: tanyaa1956 (button) folded before Flop (didn't bet)
Seat 5: Sr ÁviIa (small blind) folded on the Turn
Seat 6: Almanza63 (big blind) folded on the Flop
Seat 8: Dorex2007 folded before Flop (didn't bet)
Seat 9: YouThey folded before Flop (didn't bet)



PokerStars Hand #238654653887:  Hold'em No Limit ($0.02/$0.05 USD) - 2022/09/15 18:39:38 PT [2022/09/15 21:39:38 ET]
Table 'Burgundia III' 9-max Seat #5 is the button
Seat 1: layschan ($6.57 in chips) 
Seat 2: juniorsgo ($8.94 in chips) 
Seat 3: thierrythug ($4.94 in chips) 
Seat 4: tanyaa1956 ($5.06 in chips) 
Seat 5: Sr ÁviIa ($4.42 in chips) 
Seat 6: Almanza63 ($12.35 in chips) 
Seat 7: Xaptal ($14.83 in chips) 
Seat 8: Dorex2007 ($11.01 in chips) 
Seat 9: YouThey ($2.37 in chips) 
Almanza63: posts small blind $0.02
Xaptal: posts big blind $0.05
*** HOLE CARDS ***
Dealt to Dorex2007 [9c 3d]
Dorex2007: folds 
YouThey: folds 
layschan: folds 
juniorsgo: folds 
thierrythug: raises $0.05 to $0.10
tanyaa1956: folds 
Sr ÁviIa: folds 
Almanza63: folds 
Xaptal: folds 
Uncalled bet ($0.05) returned to thierrythug
thierrythug collected $0.12 from pot
thierrythug: doesn't show hand 
*** SUMMARY ***
Total pot $0.12 | Rake $0 
Seat 1: layschan folded before Flop (didn't bet)
Seat 2: juniorsgo folded before Flop (didn't bet)
Seat 3: thierrythug collected ($0.12)
Seat 4: tanyaa1956 folded before Flop (didn't bet)
Seat 5: Sr ÁviIa (button) folded before Flop (didn't bet)
Seat 6: Almanza63 (small blind) folded before Flop
Seat 7: Xaptal (big blind) folded before Flop
Seat 8: Dorex2007 folded before Flop (didn't bet)
Seat 9: YouThey folded before Flop (didn't bet)



PokerStars Hand #238654659056:  Hold'em No Limit ($0.02/$0.05 USD) - 2022/09/15 18:40:04 PT [2022/09/15 21:40:04 ET]
Table 'Burgundia III' 9-max Seat #6 is the button
Seat 1: layschan ($6.57 in chips) 
Seat 2: juniorsgo ($8.94 in chips) 
Seat 3: thierrythug ($5.01 in chips) 
Seat 4: tanyaa1956 ($5.06 in chips) 
Seat 5: Sr ÁviIa ($4.42 in chips) 
Seat 6: Almanza63 ($12.33 in chips) 
Seat 7: Xaptal ($14.78 in chips) 
Seat 8: Dorex2007 ($11.01 in chips) 
Seat 9: YouThey ($2.37 in chips) 
Xaptal: posts small blind $0.02
Dorex2007: posts big blind $0.05
*** HOLE CARDS ***
Dealt to Dorex2007 [6h Js]
YouThey: folds 
layschan: folds 
juniorsgo: folds 
thierrythug: folds 
tanyaa1956: raises $0.10 to $0.15
Sr ÁviIa: folds 
Almanza63: raises $0.33 to $0.48
Xaptal: folds 
Dorex2007: folds 
tanyaa1956: raises $0.77 to $1.25
Almanza63: calls $0.77
*** FLOP *** [Qh 4d 8d]
tanyaa1956: bets $1.30
Almanza63: folds 
Uncalled bet ($1.30) returned to tanyaa1956
tanyaa1956 collected $2.46 from pot
tanyaa1956: doesn't show hand 
*** SUMMARY ***
Total pot $2.57 | Rake $0.11 
Board [Qh 4d 8d]
Seat 1: layschan folded before Flop (didn't bet)
Seat 2: juniorsgo folded before Flop (didn't bet)
Seat 3: thierrythug folded before Flop (didn't bet)
Seat 4: tanyaa1956 collected ($2.46)
Seat 5: Sr ÁviIa folded before Flop (didn't bet)
Seat 6: Almanza63 (button) folded on the Flop
Seat 7: Xaptal (small blind) folded before Flop
Seat 8: Dorex2007 (big blind) folded before Flop
Seat 9: YouThey folded before Flop (didn't bet)



PokerStars Hand #238654675877:  Hold'em No Limit ($0.02/$0.05 USD) - 2022/09/15 18:41:27 PT [2022/09/15 21:41:27 ET]
Table 'Burgundia III' 9-max Seat #7 is the button
Seat 1: layschan ($6.57 in chips) 
Seat 2: juniorsgo ($8.94 in chips) 
Seat 3: thierrythug ($5.01 in chips) 
Seat 4: tanyaa1956 ($6.27 in chips) 
Seat 5: Sr ÁviIa ($4.42 in chips) 
Seat 6: Almanza63 ($11.08 in chips) 
Seat 7: Xaptal ($14.76 in chips) 
Seat 8: Dorex2007 ($10.96 in chips) 
Seat 9: YouThey ($2.37 in chips) 
Dorex2007: posts small blind $0.02
YouThey: posts big blind $0.05
*** HOLE CARDS ***
Dealt to Dorex2007 [4s 8h]
layschan: folds 
juniorsgo: folds 
thierrythug: folds 
tanyaa1956: folds 
Sr ÁviIa: folds 
Almanza63: folds 
Xaptal: folds 
Dorex2007: folds 
Uncalled bet ($0.03) returned to YouThey
YouThey collected $0.04 from pot
*** SUMMARY ***
Total pot $0.04 | Rake $0 
Seat 1: layschan folded before Flop (didn't bet)
Seat 2: juniorsgo folded before Flop (didn't bet)
Seat 3: thierrythug folded before Flop (didn't bet)
Seat 4: tanyaa1956 folded before Flop (didn't bet)
Seat 5: Sr ÁviIa folded before Flop (didn't bet)
Seat 6: Almanza63 folded before Flop (didn't bet)
Seat 7: Xaptal (button) folded before Flop (didn't bet)
Seat 8: Dorex2007 (small blind) folded before Flop
Seat 9: YouThey (big blind) collected ($0.04)



PokerStars Hand #238654679357:  Hold'em No Limit ($0.02/$0.05 USD) - 2022/09/15 18:41:44 PT [2022/09/15 21:41:44 ET]
Table 'Burgundia III' 9-max Seat #8 is the button
Seat 1: layschan ($6.57 in chips) 
Seat 2: juniorsgo ($8.94 in chips) 
Seat 3: thierrythug ($5.01 in chips) 
Seat 4: tanyaa1956 ($6.27 in chips) 
Seat 5: Sr ÁviIa ($4.42 in chips) 
Seat 6: Almanza63 ($11.08 in chips) 
Seat 7: Xaptal ($14.76 in chips) 
Seat 8: Dorex2007 ($10.94 in chips) 
Seat 9: YouThey ($2.39 in chips) 
YouThey: posts small blind $0.02
layschan: posts big blind $0.05
*** HOLE CARDS ***
Dealt to Dorex2007 [Qh Jh]
juniorsgo: calls $0.05
thierrythug: folds 
tanyaa1956: calls $0.05
Sr ÁviIa: folds 
Almanza63: folds 
Xaptal: folds 
Dorex2007: calls $0.05
YouThey: calls $0.03
layschan: checks 
*** FLOP *** [Kd Qs 6h]
YouThey: checks 
layschan: checks 
juniorsgo: checks 
tanyaa1956: checks 
Dorex2007: checks 
*** TURN *** [Kd Qs 6h] [8s]
YouThey: checks 
layschan: bets $0.12
juniorsgo: folds 
tanyaa1956: folds 
Dorex2007: folds 
YouThey: folds 
Uncalled bet ($0.12) returned to layschan
layschan collected $0.24 from pot
layschan: doesn't show hand 
*** SUMMARY ***
Total pot $0.25 | Rake $0.01 
Board [Kd Qs 6h 8s]
Seat 1: layschan (big blind) collected ($0.24)
Seat 2: juniorsgo folded on the Turn
Seat 3: thierrythug folded before Flop (didn't bet)
Seat 4: tanyaa1956 folded on the Turn
Seat 5: Sr ÁviIa folded before Flop (didn't bet)
Seat 6: Almanza63 folded before Flop (didn't bet)
Seat 7: Xaptal folded before Flop (didn't bet)
Seat 8: Dorex2007 (button) folded on the Turn
Seat 9: YouThey (small blind) folded on the Turn



PokerStars Hand #238654695966:  Hold'em No Limit ($0.02/$0.05 USD) - 2022/09/15 18:43:06 PT [2022/09/15 21:43:06 ET]
Table 'Burgundia III' 9-max Seat #9 is the button
Seat 1: layschan ($6.76 in chips) 
Seat 2: juniorsgo ($8.89 in chips) 
Seat 3: thierrythug ($5.01 in chips) 
Seat 4: tanyaa1956 ($6.22 in chips) 
Seat 5: Sr ÁviIa ($4.42 in chips) 
Seat 6: Almanza63 ($11.08 in chips) 
Seat 7: Xaptal ($14.76 in chips) 
Seat 8: Dorex2007 ($10.89 in chips) 
Seat 9: YouThey ($2.34 in chips) 
layschan: posts small blind $0.02
juniorsgo: posts big blind $0.05
*** HOLE CARDS ***
Dealt to Dorex2007 [Js 8d]
thierrythug: raises $0.05 to $0.10
tanyaa1956: folds 
Sr ÁviIa: calls $0.10
Almanza63: folds 
Xaptal: folds 
Dorex2007: folds 
YouThey: calls $0.10
layschan: calls $0.08
juniorsgo: raises $0.05 to $0.15
thierrythug: calls $0.05
Sr ÁviIa: calls $0.05
YouThey: calls $0.05
layschan: calls $0.05
*** FLOP *** [Jd 9d 9h]
layschan: checks 
juniorsgo: bets $0.36
thierrythug: folds 
Sr ÁviIa: folds 
YouThey: calls $0.36
layschan: folds 
*** TURN *** [Jd 9d 9h] [8s]
juniorsgo: bets $0.70
YouThey: calls $0.70
*** RIVER *** [Jd 9d 9h 8s] [Ts]
juniorsgo: checks 
YouThey: bets $0.35
juniorsgo: calls $0.35
*** SHOW DOWN ***
YouThey: shows [Kd Tc] (two pair, Tens and Nines)
juniorsgo: shows [Ac Jh] (two pair, Jacks and Nines)
juniorsgo collected $3.42 from pot
*** SUMMARY ***
Total pot $3.57 | Rake $0.15 
Board [Jd 9d 9h 8s Ts]
Seat 1: layschan (small blind) folded on the Flop
Seat 2: juniorsgo (big blind) showed [Ac Jh] and won ($3.42) with two pair, Jacks and Nines
Seat 3: thierrythug folded on the Flop
Seat 4: tanyaa1956 folded before Flop (didn't bet)
Seat 5: Sr ÁviIa folded on the Flop
Seat 6: Almanza63 folded before Flop (didn't bet)
Seat 7: Xaptal folded before Flop (didn't bet)
Seat 8: Dorex2007 folded before Flop (didn't bet)
Seat 9: YouThey (button) showed [Kd Tc] and lost with two pair, Tens and Nines



PokerStars Hand #238654717646:  Hold'em No Limit ($0.02/$0.05 USD) - 2022/09/15 18:44:53 PT [2022/09/15 21:44:53 ET]
Table 'Burgundia III' 9-max Seat #1 is the button
Seat 1: layschan ($6.61 in chips) 
Seat 2: juniorsgo ($10.75 in chips) 
Seat 3: thierrythug ($4.86 in chips) 
Seat 4: tanyaa1956 ($6.22 in chips) 
Seat 5: Sr ÁviIa ($4.27 in chips) 
Seat 6: Almanza63 ($11.08 in chips) 
Seat 7: Xaptal ($14.76 in chips) 
Seat 8: Dorex2007 ($10.89 in chips) 
Seat 9: YouThey ($0.78 in chips) 
juniorsgo: posts small blind $0.02
thierrythug: posts big blind $0.05
*** HOLE CARDS ***
Dealt to Dorex2007 [8h 5h]
tanyaa1956: folds 
Sr ÁviIa: folds 
Almanza63: folds 
Xaptal: folds 
Dorex2007: folds 
YouThey: folds 
layschan: folds 
juniorsgo: calls $0.03
thierrythug: raises $0.05 to $0.10
juniorsgo: calls $0.05
*** FLOP *** [Qh 8s Jd]
juniorsgo: checks 
thierrythug: bets $0.05
juniorsgo: calls $0.05
*** TURN *** [Qh 8s Jd] [5d]
juniorsgo: checks 
thierrythug: bets $0.05
juniorsgo: calls $0.05
*** RIVER *** [Qh 8s Jd 5d] [Jh]
juniorsgo: checks 
thierrythug: checks 
*** SHOW DOWN ***
juniorsgo: shows [Ks 5s] (two pair, Jacks and Fives)
thierrythug: mucks hand 
juniorsgo collected $0.38 from pot
*** SUMMARY ***
Total pot $0.40 | Rake $0.02 
Board [Qh 8s Jd 5d Jh]
Seat 1: layschan (button) folded before Flop (didn't bet)
Seat 2: juniorsgo (small blind) showed [Ks 5s] and won ($0.38) with two pair, Jacks and Fives
Seat 3: thierrythug (big blind) mucked [Ah Kh]
Seat 4: tanyaa1956 folded before Flop (didn't bet)
Seat 5: Sr ÁviIa folded before Flop (didn't bet)
Seat 6: Almanza63 folded before Flop (didn't bet)
Seat 7: Xaptal folded before Flop (didn't bet)
Seat 8: Dorex2007 folded before Flop (didn't bet)
Seat 9: YouThey folded before Flop (didn't bet)



PokerStars Hand #238654728109:  Hold'em No Limit ($0.02/$0.05 USD) - 2022/09/15 18:45:44 PT [2022/09/15 21:45:44 ET]
Table 'Burgundia III' 9-max Seat #2 is the button
Seat 1: layschan ($6.61 in chips) 
Seat 2: juniorsgo ($10.93 in chips) 
Seat 3: thierrythug ($4.66 in chips) 
Seat 4: tanyaa1956 ($6.22 in chips) 
Seat 5: Sr ÁviIa ($4.27 in chips) 
Seat 6: Almanza63 ($11.08 in chips) 
Seat 7: Xaptal ($14.76 in chips) 
Seat 8: Dorex2007 ($10.89 in chips) 
Seat 9: YouThey ($0.78 in chips) 
thierrythug: posts small blind $0.02
tanyaa1956: posts big blind $0.05
*** HOLE CARDS ***
Dealt to Dorex2007 [Ah 8s]
Sr ÁviIa: raises $0.05 to $0.10
Almanza63: folds 
Xaptal: folds 
Dorex2007: folds 
YouThey: raises $0.05 to $0.15
layschan: folds 
juniorsgo: calls $0.15
thierrythug: folds 
tanyaa1956: folds 
Sr ÁviIa: calls $0.05
*** FLOP *** [2c Jc Th]
Sr ÁviIa: checks 
YouThey: checks 
juniorsgo: bets $0.25
Sr ÁviIa: folds 
YouThey: calls $0.25
*** TURN *** [2c Jc Th] [Js]
YouThey: checks 
juniorsgo: bets $0.40
YouThey: folds 
Uncalled bet ($0.40) returned to juniorsgo
juniorsgo collected $0.98 from pot
*** SUMMARY ***
Total pot $1.02 | Rake $0.04 
Board [2c Jc Th Js]
Seat 1: layschan folded before Flop (didn't bet)
Seat 2: juniorsgo (button) collected ($0.98)
Seat 3: thierrythug (small blind) folded before Flop
Seat 4: tanyaa1956 (big blind) folded before Flop
Seat 5: Sr ÁviIa folded on the Flop
Seat 6: Almanza63 folded before Flop (didn't bet)
Seat 7: Xaptal folded before Flop (didn't bet)
Seat 8: Dorex2007 folded before Flop (didn't bet)
Seat 9: YouThey folded on the Turn



PokerStars Hand #238654741995:  Hold'em No Limit ($0.02/$0.05 USD) - 2022/09/15 18:46:52 PT [2022/09/15 21:46:52 ET]
Table 'Burgundia III' 9-max Seat #3 is the button
Seat 1: layschan ($6.61 in chips) 
Seat 2: juniorsgo ($11.51 in chips) 
Seat 3: thierrythug ($4.64 in chips) 
Seat 4: tanyaa1956 ($6.17 in chips) 
Seat 5: Sr ÁviIa ($4.12 in chips) 
Seat 6: Almanza63 ($11.08 in chips) 
Seat 7: Xaptal ($14.76 in chips) 
Seat 8: Dorex2007 ($10.89 in chips) 
Seat 9: YouThey ($0.38 in chips) 
tanyaa1956: posts small blind $0.02
Sr ÁviIa: posts big blind $0.05
*** HOLE CARDS ***
Dealt to Dorex2007 [8s Ts]
Almanza63: folds 
Xaptal: folds 
Dorex2007: folds 
YouThey: folds 
layschan: folds 
juniorsgo: folds 
thierrythug: raises $0.05 to $0.10
tanyaa1956: folds 
Sr ÁviIa: folds 
Uncalled bet ($0.05) returned to thierrythug
thierrythug collected $0.12 from pot
thierrythug: doesn't show hand 
*** SUMMARY ***
Total pot $0.12 | Rake $0 
Seat 1: layschan folded before Flop (didn't bet)
Seat 2: juniorsgo folded before Flop (didn't bet)
Seat 3: thierrythug (button) collected ($0.12)
Seat 4: tanyaa1956 (small blind) folded before Flop
Seat 5: Sr ÁviIa (big blind) folded before Flop
Seat 6: Almanza63 folded before Flop (didn't bet)
Seat 7: Xaptal folded before Flop (didn't bet)
Seat 8: Dorex2007 folded before Flop (didn't bet)
Seat 9: YouThey folded before Flop (didn't bet)



PokerStars Hand #238654749270:  Hold'em No Limit ($0.02/$0.05 USD) - 2022/09/15 18:47:28 PT [2022/09/15 21:47:28 ET]
Table 'Burgundia III' 9-max Seat #4 is the button
Seat 1: layschan ($6.61 in chips) 
Seat 2: juniorsgo ($11.51 in chips) 
Seat 3: thierrythug ($4.71 in chips) 
Seat 4: tanyaa1956 ($6.15 in chips) 
Seat 5: Sr ÁviIa ($4.07 in chips) 
Seat 6: Almanza63 ($11.08 in chips) 
Seat 7: Xaptal ($14.76 in chips) 
Seat 8: Dorex2007 ($10.89 in chips) 
Seat 9: YouThey ($0.38 in chips) 
Sr ÁviIa: posts small blind $0.02
Almanza63: posts big blind $0.05
*** HOLE CARDS ***
Dealt to Dorex2007 [Ad Jd]
Xaptal: raises $0.05 to $0.10
Dorex2007: calls $0.10
YouThey: raises $0.28 to $0.38 and is all-in
layschan: folds 
juniorsgo: folds 
thierrythug: calls $0.38
tanyaa1956: folds 
Sr ÁviIa: folds 
Almanza63: folds 
Xaptal: calls $0.28
Dorex2007: calls $0.28
*** FLOP *** [9h 7h 5d]
Xaptal: checks 
Dorex2007: checks 
thierrythug: bets $1.05
Xaptal: folds 
Dorex2007: folds 
Uncalled bet ($1.05) returned to thierrythug
*** TURN *** [9h 7h 5d] [7s]
*** RIVER *** [9h 7h 5d 7s] [6h]
*** SHOW DOWN ***
YouThey: shows [Ks 8s] (a straight, Five to Nine)
thierrythug: shows [Kd Kh] (two pair, Kings and Sevens)
YouThey collected $1.52 from pot
thierrythug cashed out the hand for $1.24 | Cash Out Fee $0.01
*** SUMMARY ***
Total pot $1.59 | Rake $0.07 
Board [9h 7h 5d 7s 6h]
Seat 1: layschan folded before Flop (didn't bet)
Seat 2: juniorsgo folded before Flop (didn't bet)
Seat 3: thierrythug showed [Kd Kh] and lost with two pair, Kings and Sevens (cashed out).
Seat 4: tanyaa1956 (button) folded before Flop (didn't bet)
Seat 5: Sr ÁviIa (small blind) folded before Flop
Seat 6: Almanza63 (big blind) folded before Flop
Seat 7: Xaptal folded on the Flop
Seat 8: Dorex2007 folded on the Flop
Seat 9: YouThey showed [Ks 8s] and won ($1.52) with a straight, Five to Nine



PokerStars Hand #238654762108:  Hold'em No Limit ($0.02/$0.05 USD) - 2022/09/15 18:48:32 PT [2022/09/15 21:48:32 ET]
Table 'Burgundia III' 9-max Seat #5 is the button
Seat 1: layschan ($6.61 in chips) 
Seat 2: juniorsgo ($11.51 in chips) 
Seat 3: thierrythug ($5.57 in chips) 
Seat 4: tanyaa1956 ($6.15 in chips) 
Seat 5: Sr ÁviIa ($4.05 in chips) 
Seat 6: Almanza63 ($11.03 in chips) 
Seat 7: Xaptal ($14.38 in chips) 
Seat 8: Dorex2007 ($10.51 in chips) 
Seat 9: YouThey ($1.52 in chips) 
Almanza63: posts small blind $0.02
Xaptal: posts big blind $0.05
*** HOLE CARDS ***
Dealt to Dorex2007 [Kd 3d]
Dorex2007: folds 
YouThey: folds 
layschan: raises $0.10 to $0.15
juniorsgo: folds 
thierrythug: folds 
tanyaa1956: folds 
Sr ÁviIa: calls $0.15
Almanza63: folds 
Xaptal: folds 
*** FLOP *** [3s Ah 7h]
layschan: checks 
Sr ÁviIa: bets $0.17
layschan: folds 
Uncalled bet ($0.17) returned to Sr ÁviIa
Sr ÁviIa collected $0.35 from pot
Sr ÁviIa: doesn't show hand 
*** SUMMARY ***
Total pot $0.37 | Rake $0.02 
Board [3s Ah 7h]
Seat 1: layschan folded on the Flop
Seat 2: juniorsgo folded before Flop (didn't bet)
Seat 3: thierrythug folded before Flop (didn't bet)
Seat 4: tanyaa1956 folded before Flop (didn't bet)
Seat 5: Sr ÁviIa (button) collected ($0.35)
Seat 6: Almanza63 (small blind) folded before Flop
Seat 7: Xaptal (big blind) folded before Flop
Seat 8: Dorex2007 folded before Flop (didn't bet)
Seat 9: YouThey folded before Flop (didn't bet)



PokerStars Hand #238654768328:  Hold'em No Limit ($0.02/$0.05 USD) - 2022/09/15 18:49:03 PT [2022/09/15 21:49:03 ET]
Table 'Burgundia III' 9-max Seat #6 is the button
Seat 1: layschan ($6.46 in chips) 
Seat 2: juniorsgo ($11.51 in chips) 
Seat 3: thierrythug ($5.57 in chips) 
Seat 4: tanyaa1956 ($6.15 in chips) 
Seat 5: Sr ÁviIa ($4.25 in chips) 
Seat 6: Almanza63 ($11.01 in chips) 
Seat 7: Xaptal ($14.33 in chips) 
Seat 8: Dorex2007 ($10.51 in chips) 
Seat 9: YouThey ($1.52 in chips) 
Xaptal: posts small blind $0.02
Dorex2007: posts big blind $0.05
*** HOLE CARDS ***
Dealt to Dorex2007 [Ts Jh]
YouThey: folds 
layschan: folds 
juniorsgo: folds 
thierrythug: folds 
tanyaa1956: raises $0.10 to $0.15
Sr ÁviIa: folds 
Almanza63: folds 
Xaptal: calls $0.13
Dorex2007: folds 
*** FLOP *** [6d 2s 4h]
Xaptal: checks 
tanyaa1956: bets $0.23
Xaptal: folds 
Uncalled bet ($0.23) returned to tanyaa1956
tanyaa1956 collected $0.34 from pot
tanyaa1956: doesn't show hand 
*** SUMMARY ***
Total pot $0.35 | Rake $0.01 
Board [6d 2s 4h]
Seat 1: layschan folded before Flop (didn't bet)
Seat 2: juniorsgo folded before Flop (didn't bet)
Seat 3: thierrythug folded before Flop (didn't bet)
Seat 4: tanyaa1956 collected ($0.34)
Seat 5: Sr ÁviIa folded before Flop (didn't bet)
Seat 6: Almanza63 (button) folded before Flop (didn't bet)
Seat 7: Xaptal (small blind) folded on the Flop
Seat 8: Dorex2007 (big blind) folded before Flop
Seat 9: YouThey folded before Flop (didn't bet)



PokerStars Hand #238654777002:  Hold'em No Limit ($0.02/$0.05 USD) - 2022/09/15 18:49:46 PT [2022/09/15 21:49:46 ET]
Table 'Burgundia III' 9-max Seat #7 is the button
Seat 1: layschan ($6.46 in chips) 
Seat 2: juniorsgo ($11.51 in chips) 
Seat 3: thierrythug ($5.57 in chips) 
Seat 4: tanyaa1956 ($6.34 in chips) 
Seat 5: Sr ÁviIa ($4.25 in chips) 
Seat 6: Almanza63 ($11.01 in chips) 
Seat 7: Xaptal ($14.18 in chips) 
Seat 8: Dorex2007 ($10.46 in chips) 
Seat 9: YouThey ($1.52 in chips) 
Dorex2007: posts small blind $0.02
YouThey: posts big blind $0.05
*** HOLE CARDS ***
Dealt to Dorex2007 [Jd 3c]
layschan: folds 
juniorsgo: folds 
thierrythug: folds 
tanyaa1956: folds 
Sr ÁviIa: raises $0.05 to $0.10
Almanza63: raises $0.05 to $0.15
Xaptal: folds 
Dorex2007: folds 
YouThey: folds 
Sr ÁviIa: calls $0.05
*** FLOP *** [9d Td 8c]
Sr ÁviIa: bets $0.35
Almanza63: folds 
Uncalled bet ($0.35) returned to Sr ÁviIa
Sr ÁviIa collected $0.35 from pot
Sr ÁviIa: doesn't show hand 
*** SUMMARY ***
Total pot $0.37 | Rake $0.02 
Board [9d Td 8c]
Seat 1: layschan folded before Flop (didn't bet)
Seat 2: juniorsgo folded before Flop (didn't bet)
Seat 3: thierrythug folded before Flop (didn't bet)
Seat 4: tanyaa1956 folded before Flop (didn't bet)
Seat 5: Sr ÁviIa collected ($0.35)
Seat 6: Almanza63 folded on the Flop
Seat 7: Xaptal (button) folded before Flop (didn't bet)
Seat 8: Dorex2007 (small blind) folded before Flop
Seat 9: YouThey (big blind) folded before Flop



PokerStars Hand #238654783467:  Hold'em No Limit ($0.02/$0.05 USD) - 2022/09/15 18:50:19 PT [2022/09/15 21:50:19 ET]
Table 'Burgundia III' 9-max Seat #8 is the button
Seat 1: layschan ($6.46 in chips) 
Seat 2: juniorsgo ($11.51 in chips) 
Seat 3: thierrythug ($5.57 in chips) 
Seat 4: tanyaa1956 ($6.34 in chips) 
Seat 5: Sr ÁviIa ($4.45 in chips) 
Seat 6: Almanza63 ($10.86 in chips) 
Seat 7: Xaptal ($14.18 in chips) 
Seat 8: Dorex2007 ($10.44 in chips) 
Seat 9: YouThey ($1.47 in chips) 
YouThey: posts small blind $0.02
layschan: posts big blind $0.05
*** HOLE CARDS ***
Dealt to Dorex2007 [As Ac]
juniorsgo: calls $0.05
thierrythug: folds 
tanyaa1956: folds 
Sr ÁviIa: folds 
Almanza63 has timed out
Almanza63: folds 
Xaptal: folds 
Dorex2007: raises $0.17 to $0.22
YouThey: folds 
layschan: folds 
juniorsgo: calls $0.17
*** FLOP *** [6c 5c 9s]
juniorsgo: checks 
Dorex2007: bets $10.22 and is all-in
juniorsgo: folds 
Uncalled bet ($10.22) returned to Dorex2007
Dorex2007 collected $0.49 from pot
Dorex2007: doesn't show hand 
*** SUMMARY ***
Total pot $0.51 | Rake $0.02 
Board [6c 5c 9s]
Seat 1: layschan (big blind) folded before Flop
Seat 2: juniorsgo folded on the Flop
Seat 3: thierrythug folded before Flop (didn't bet)
Seat 4: tanyaa1956 folded before Flop (didn't bet)
Seat 5: Sr ÁviIa folded before Flop (didn't bet)
Seat 6: Almanza63 folded before Flop (didn't bet)
Seat 7: Xaptal folded before Flop (didn't bet)
Seat 8: Dorex2007 (button) collected ($0.49)
Seat 9: YouThey (small blind) folded before Flop



PokerStars Hand #238654797307:  Hold'em No Limit ($0.02/$0.05 USD) - 2022/09/15 18:51:29 PT [2022/09/15 21:51:29 ET]
Table 'Burgundia III' 9-max Seat #9 is the button
Seat 1: layschan ($6.41 in chips) 
Seat 2: juniorsgo ($11.29 in chips) 
Seat 3: thierrythug ($5.57 in chips) 
Seat 4: tanyaa1956 ($6.34 in chips) 
Seat 5: Sr ÁviIa ($4.45 in chips) 
Seat 6: Almanza63 ($10.86 in chips) 
Seat 7: Xaptal ($14.18 in chips) 
Seat 8: Dorex2007 ($10.71 in chips) 
Seat 9: YouThey ($1.45 in chips) 
layschan: posts small blind $0.02
juniorsgo: posts big blind $0.05
*** HOLE CARDS ***
Dealt to Dorex2007 [Kc 6s]
thierrythug: raises $0.05 to $0.10
tanyaa1956: folds 
Sr ÁviIa: raises $0.10 to $0.20
Almanza63: raises $0.41 to $0.61
Xaptal: folds 
Dorex2007: folds 
YouThey: folds 
layschan: folds 
juniorsgo: folds 
thierrythug: calls $0.51
Sr ÁviIa: folds 
*** FLOP *** [9s Qh Ad]
thierrythug: checks 
Almanza63: checks 
*** TURN *** [9s Qh Ad] [Jc]
thierrythug: bets $0.71
Almanza63: calls $0.71
*** RIVER *** [9s Qh Ad Jc] [7d]
thierrythug: bets $1.39
Almanza63: raises $1.59 to $2.98
thierrythug: calls $1.59
*** SHOW DOWN ***
Almanza63: shows [Js Jd] (three of a kind, Jacks)
thierrythug: mucks hand 
Almanza63 collected $8.50 from pot
*** SUMMARY ***
Total pot $8.87 | Rake $0.37 
Board [9s Qh Ad Jc 7d]
Seat 1: layschan (small blind) folded before Flop
Seat 2: juniorsgo (big blind) folded before Flop
Seat 3: thierrythug mucked [As Ks]
Seat 4: tanyaa1956 folded before Flop (didn't bet)
Seat 5: Sr ÁviIa folded before Flop
Seat 6: Almanza63 showed [Js Jd] and won ($8.50) with three of a kind, Jacks
Seat 7: Xaptal folded before Flop (didn't bet)
Seat 8: Dorex2007 folded before Flop (didn't bet)
Seat 9: YouThey (button) folded before Flop (didn't bet)



PokerStars Hand #238654813910:  Hold'em No Limit ($0.02/$0.05 USD) - 2022/09/15 18:52:53 PT [2022/09/15 21:52:53 ET]
Table 'Burgundia III' 9-max Seat #1 is the button
Seat 1: layschan ($6.39 in chips) 
Seat 2: juniorsgo ($11.24 in chips) 
Seat 3: thierrythug ($1.27 in chips) 
Seat 4: tanyaa1956 ($6.34 in chips) 
Seat 5: Sr ÁviIa ($4.25 in chips) 
Seat 6: Almanza63 ($15.06 in chips) 
Seat 7: Xaptal ($14.18 in chips) 
Seat 8: Dorex2007 ($10.71 in chips) 
Seat 9: YouThey ($1.45 in chips) 
juniorsgo: posts small blind $0.02
thierrythug: posts big blind $0.05
*** HOLE CARDS ***
Dealt to Dorex2007 [3d Kc]
tanyaa1956: folds 
Sr ÁviIa: folds 
Almanza63: folds 
Xaptal: folds 
Dorex2007: folds 
YouThey has timed out
YouThey: folds 
layschan: raises $0.10 to $0.15
juniorsgo: folds 
thierrythug: calls $0.10
*** FLOP *** [Kh 8c 8h]
thierrythug: checks 
layschan: checks 
*** TURN *** [Kh 8c 8h] [Jc]
thierrythug: checks 
layschan: checks 
*** RIVER *** [Kh 8c 8h Jc] [4s]
thierrythug: checks 
layschan: checks 
*** SHOW DOWN ***
thierrythug: shows [8s 6c] (three of a kind, Eights)
layschan: mucks hand 
thierrythug collected $0.31 from pot
*** SUMMARY ***
Total pot $0.32 | Rake $0.01 
Board [Kh 8c 8h Jc 4s]
Seat 1: layschan (button) mucked [Qs 6s]
Seat 2: juniorsgo (small blind) folded before Flop
Seat 3: thierrythug (big blind) showed [8s 6c] and won ($0.31) with three of a kind, Eights
Seat 4: tanyaa1956 folded before Flop (didn't bet)
Seat 5: Sr ÁviIa folded before Flop (didn't bet)
Seat 6: Almanza63 folded before Flop (didn't bet)
Seat 7: Xaptal folded before Flop (didn't bet)
Seat 8: Dorex2007 folded before Flop (didn't bet)
Seat 9: YouThey folded before Flop (didn't bet)



PokerStars Hand #238654825177:  Hold'em No Limit ($0.02/$0.05 USD) - 2022/09/15 18:53:50 PT [2022/09/15 21:53:50 ET]
Table 'Burgundia III' 9-max Seat #2 is the button
Seat 1: layschan ($6.24 in chips) 
Seat 2: juniorsgo ($11.22 in chips) 
Seat 3: thierrythug ($1.43 in chips) 
Seat 4: tanyaa1956 ($6.34 in chips) 
Seat 5: Sr ÁviIa ($4.25 in chips) 
Seat 6: Almanza63 ($15.06 in chips) 
Seat 7: Xaptal ($14.18 in chips) 
Seat 8: Dorex2007 ($10.71 in chips) 
thierrythug: posts small blind $0.02
tanyaa1956: posts big blind $0.05
*** HOLE CARDS ***
Dealt to Dorex2007 [2s 7d]
Sr ÁviIa: raises $0.10 to $0.15
Almanza63: folds 
Xaptal: folds 
Dorex2007: folds 
layschan: folds 
juniorsgo: folds 
thierrythug: folds 
tanyaa1956: folds 
Uncalled bet ($0.10) returned to Sr ÁviIa
Sr ÁviIa collected $0.12 from pot
Sr ÁviIa: doesn't show hand 
*** SUMMARY ***
Total pot $0.12 | Rake $0 
Seat 1: layschan folded before Flop (didn't bet)
Seat 2: juniorsgo (button) folded before Flop (didn't bet)
Seat 3: thierrythug (small blind) folded before Flop
Seat 4: tanyaa1956 (big blind) folded before Flop
Seat 5: Sr ÁviIa collected ($0.12)
Seat 6: Almanza63 folded before Flop (didn't bet)
Seat 7: Xaptal folded before Flop (didn't bet)
Seat 8: Dorex2007 folded before Flop (didn't bet)



PokerStars Hand #238654828671:  Hold'em No Limit ($0.02/$0.05 USD) - 2022/09/15 18:54:09 PT [2022/09/15 21:54:09 ET]
Table 'Burgundia III' 9-max Seat #3 is the button
Seat 1: layschan ($6.24 in chips) 
Seat 2: juniorsgo ($11.22 in chips) 
Seat 3: thierrythug ($1.41 in chips) 
Seat 4: tanyaa1956 ($6.29 in chips) 
Seat 5: Sr ÁviIa ($4.32 in chips) 
Seat 6: Almanza63 ($15.06 in chips) 
Seat 7: Xaptal ($14.18 in chips) 
Seat 8: Dorex2007 ($10.71 in chips) 
tanyaa1956: posts small blind $0.02
Sr ÁviIa: posts big blind $0.05
*** HOLE CARDS ***
Dealt to Dorex2007 [4h Th]
Almanza63: folds 
Xaptal: folds 
Dorex2007: folds 
layschan: folds 
juniorsgo: folds 
thierrythug: raises $0.05 to $0.10
tanyaa1956: folds 
Sr ÁviIa: calls $0.05
*** FLOP *** [Js Ac As]
Sr ÁviIa: checks 
thierrythug: bets $0.10
Sr ÁviIa: folds 
Uncalled bet ($0.10) returned to thierrythug
thierrythug collected $0.21 from pot
thierrythug: doesn't show hand 
*** SUMMARY ***
Total pot $0.22 | Rake $0.01 
Board [Js Ac As]
Seat 1: layschan folded before Flop (didn't bet)
Seat 2: juniorsgo folded before Flop (didn't bet)
Seat 3: thierrythug (button) collected ($0.21)
Seat 4: tanyaa1956 (small blind) folded before Flop
Seat 5: Sr ÁviIa (big blind) folded on the Flop
Seat 6: Almanza63 folded before Flop (didn't bet)
Seat 7: Xaptal folded before Flop (didn't bet)
Seat 8: Dorex2007 folded before Flop (didn't bet)



PokerStars Hand #238654835801:  Hold'em No Limit ($0.02/$0.05 USD) - 2022/09/15 18:54:45 PT [2022/09/15 21:54:45 ET]
Table 'Burgundia III' 9-max Seat #4 is the button
Seat 1: layschan ($6.24 in chips) 
Seat 2: juniorsgo ($11.22 in chips) 
Seat 3: thierrythug ($1.52 in chips) 
Seat 4: tanyaa1956 ($6.27 in chips) 
Seat 5: Sr ÁviIa ($4.22 in chips) 
Seat 6: Almanza63 ($15.06 in chips) 
Seat 7: Xaptal ($14.18 in chips) 
Seat 8: Dorex2007 ($10.71 in chips) 
Sr ÁviIa: posts small blind $0.02
Almanza63: posts big blind $0.05
*** HOLE CARDS ***
Dealt to Dorex2007 [8s 2h]
Xaptal: folds 
Dorex2007: folds 
layschan: raises $0.10 to $0.15
juniorsgo: calls $0.15
thierrythug: folds 
tanyaa1956: folds 
Sr ÁviIa: calls $0.13
Almanza63: raises $0.34 to $0.49
layschan: calls $0.34
juniorsgo: folds 
Sr ÁviIa: folds 
*** FLOP *** [4d 6s 8c]
Almanza63: checks 
layschan: checks 
*** TURN *** [4d 6s 8c] [3c]
Almanza63: checks 
layschan: checks 
*** RIVER *** [4d 6s 8c 3c] [9d]
Almanza63: checks 
layschan: checks 
*** SHOW DOWN ***
Almanza63: shows [Kd Qd] (high card King)
layschan: shows [Td Ad] (high card Ace)
layschan collected $1.23 from pot
*** SUMMARY ***
Total pot $1.28 | Rake $0.05 
Board [4d 6s 8c 3c 9d]
Seat 1: layschan showed [Td Ad] and won ($1.23) with high card Ace
Seat 2: juniorsgo folded before Flop
Seat 3: thierrythug folded before Flop (didn't bet)
Seat 4: tanyaa1956 (button) folded before Flop (didn't bet)
Seat 5: Sr ÁviIa (small blind) folded before Flop
Seat 6: Almanza63 (big blind) showed [Kd Qd] and lost with high card King
Seat 7: Xaptal folded before Flop (didn't bet)
Seat 8: Dorex2007 folded before Flop (didn't bet)



