PokerStars Hand #238018559992:  Hold'em No Limit ($0.05/$0.10 USD) - 2022/08/15 21:00:02 PT [2022/08/16 0:00:02 ET]
Table 'Iguassu III' 9-max Seat #4 is the button
Seat 1: Ruan metal ($10 in chips) 
Seat 2: zubr768 ($12.07 in chips) 
Seat 3: unkapete ($9.45 in chips) 
Seat 4: naxal2012 ($10.19 in chips) 
Seat 5: jaman4life ($7.43 in chips) 
Seat 6: wagneryt ($10.91 in chips) 
Seat 7: Bigpaparoy.300 ($4.96 in chips) 
Seat 8: Count Mole ($17.55 in chips) 
Seat 9: Dorex2007 ($15.05 in chips) 
jaman4life: posts small blind $0.05
wagneryt: posts big blind $0.10
*** HOLE CARDS ***
Dealt to Dorex2007 [5d 9c]
Bigpaparoy.300: folds 
Count Mole: folds 
Dorex2007: folds 
Ruan metal: folds 
zubr768: folds 
unkapete: folds 
naxal2012: raises $0.20 to $0.30
jaman4life: folds 
wagneryt: calls $0.20
*** FLOP *** [3d 5s 4s]
wagneryt: bets $0.62
naxal2012: calls $0.62
*** TURN *** [3d 5s 4s] [3c]
wagneryt: bets $0.90
naxal2012: calls $0.90
*** RIVER *** [3d 5s 4s 3c] [6h]
wagneryt: bets $1.76
naxal2012: folds 
Uncalled bet ($1.76) returned to wagneryt
wagneryt collected $3.52 from pot
*** SUMMARY ***
Total pot $3.69 | Rake $0.17 
Board [3d 5s 4s 3c 6h]
Seat 1: Ruan metal folded before Flop (didn't bet)
Seat 2: zubr768 folded before Flop (didn't bet)
Seat 3: unkapete folded before Flop (didn't bet)
Seat 4: naxal2012 (button) folded on the River
Seat 5: jaman4life (small blind) folded before Flop
Seat 6: wagneryt (big blind) collected ($3.52)
Seat 7: Bigpaparoy.300 folded before Flop (didn't bet)
Seat 8: Count Mole folded before Flop (didn't bet)
Seat 9: Dorex2007 folded before Flop (didn't bet)



PokerStars Hand #238018569892:  Hold'em No Limit ($0.05/$0.10 USD) - 2022/08/15 21:01:27 PT [2022/08/16 0:01:27 ET]
Table 'Iguassu III' 9-max Seat #5 is the button
Seat 1: Ruan metal ($10 in chips) 
Seat 2: zubr768 ($12.07 in chips) 
Seat 3: unkapete ($9.45 in chips) 
Seat 4: naxal2012 ($10 in chips) 
Seat 5: jaman4life ($7.38 in chips) 
Seat 6: wagneryt ($12.61 in chips) 
Seat 7: Bigpaparoy.300 ($4.96 in chips) 
Seat 8: Count Mole ($17.55 in chips) 
Seat 9: Dorex2007 ($15.05 in chips) 
wagneryt: posts small blind $0.05
Bigpaparoy.300: posts big blind $0.10
*** HOLE CARDS ***
Dealt to Dorex2007 [6c Kh]
Count Mole: folds 
Dorex2007: folds 
Ruan metal: folds 
zubr768: folds 
unkapete: folds 
naxal2012: folds 
jaman4life: calls $0.10
wagneryt: calls $0.05
Bigpaparoy.300: raises $0.20 to $0.30
jaman4life: calls $0.20
wagneryt: calls $0.20
*** FLOP *** [Qd 5h Td]
wagneryt: checks 
Bigpaparoy.300: bets $2.50
jaman4life: folds 
wagneryt: folds 
Uncalled bet ($2.50) returned to Bigpaparoy.300
Bigpaparoy.300 collected $0.86 from pot
*** SUMMARY ***
Total pot $0.90 | Rake $0.04 
Board [Qd 5h Td]
Seat 1: Ruan metal folded before Flop (didn't bet)
Seat 2: zubr768 folded before Flop (didn't bet)
Seat 3: unkapete folded before Flop (didn't bet)
Seat 4: naxal2012 folded before Flop (didn't bet)
Seat 5: jaman4life (button) folded on the Flop
Seat 6: wagneryt (small blind) folded on the Flop
Seat 7: Bigpaparoy.300 (big blind) collected ($0.86)
Seat 8: Count Mole folded before Flop (didn't bet)
Seat 9: Dorex2007 folded before Flop (didn't bet)



PokerStars Hand #238018581081:  Hold'em No Limit ($0.05/$0.10 USD) - 2022/08/15 21:02:58 PT [2022/08/16 0:02:58 ET]
Table 'Iguassu III' 9-max Seat #6 is the button
Seat 1: Ruan metal ($10 in chips) 
Seat 2: zubr768 ($12.07 in chips) 
Seat 3: unkapete ($9.45 in chips) 
Seat 4: naxal2012 ($10 in chips) 
Seat 5: jaman4life ($7.08 in chips) 
Seat 6: wagneryt ($12.31 in chips) 
Seat 7: Bigpaparoy.300 ($5.52 in chips) 
Seat 8: Count Mole ($17.55 in chips) 
Seat 9: Dorex2007 ($15.05 in chips) 
Bigpaparoy.300: posts small blind $0.05
Count Mole: posts big blind $0.10
*** HOLE CARDS ***
Dealt to Dorex2007 [8h Qs]
Dorex2007: folds 
Ruan metal: folds 
zubr768: folds 
unkapete: folds 
naxal2012: folds 
jaman4life: folds 
wagneryt: folds 
Bigpaparoy.300: calls $0.05
Count Mole: checks 
*** FLOP *** [2d 7d 4c]
Bigpaparoy.300: bets $0.10
Count Mole: calls $0.10
*** TURN *** [2d 7d 4c] [5d]
Bigpaparoy.300: bets $0.10
Count Mole: calls $0.10
*** RIVER *** [2d 7d 4c 5d] [Js]
Bigpaparoy.300: bets $0.10
Count Mole: calls $0.10
*** SHOW DOWN ***
Bigpaparoy.300: shows [Kc Ts] (high card King)
Count Mole: shows [4s 6d] (a pair of Fours)
Count Mole collected $0.76 from pot
*** SUMMARY ***
Total pot $0.80 | Rake $0.04 
Board [2d 7d 4c 5d Js]
Seat 1: Ruan metal folded before Flop (didn't bet)
Seat 2: zubr768 folded before Flop (didn't bet)
Seat 3: unkapete folded before Flop (didn't bet)
Seat 4: naxal2012 folded before Flop (didn't bet)
Seat 5: jaman4life folded before Flop (didn't bet)
Seat 6: wagneryt (button) folded before Flop (didn't bet)
Seat 7: Bigpaparoy.300 (small blind) showed [Kc Ts] and lost with high card King
Seat 8: Count Mole (big blind) showed [4s 6d] and won ($0.76) with a pair of Fours
Seat 9: Dorex2007 folded before Flop (didn't bet)



PokerStars Hand #238018584928:  Hold'em No Limit ($0.05/$0.10 USD) - 2022/08/15 21:03:29 PT [2022/08/16 0:03:29 ET]
Table 'Iguassu III' 9-max Seat #7 is the button
Seat 1: Ruan metal ($10 in chips) 
Seat 2: zubr768 ($12.07 in chips) 
Seat 3: unkapete ($9.45 in chips) 
Seat 4: naxal2012 ($10 in chips) 
Seat 5: jaman4life ($7.08 in chips) 
Seat 6: wagneryt ($12.31 in chips) 
Seat 7: Bigpaparoy.300 ($5.12 in chips) 
Seat 8: Count Mole ($17.91 in chips) 
Seat 9: Dorex2007 ($15.05 in chips) 
Count Mole: posts small blind $0.05
Dorex2007: posts big blind $0.10
*** HOLE CARDS ***
Dealt to Dorex2007 [6d 8s]
Ruan metal: folds 
zubr768: folds 
unkapete: folds 
naxal2012: raises $0.20 to $0.30
jaman4life: folds 
wagneryt: folds 
Bigpaparoy.300: folds 
Count Mole: folds 
Dorex2007: folds 
Uncalled bet ($0.20) returned to naxal2012
naxal2012 collected $0.25 from pot
*** SUMMARY ***
Total pot $0.25 | Rake $0 
Seat 1: Ruan metal folded before Flop (didn't bet)
Seat 2: zubr768 folded before Flop (didn't bet)
Seat 3: unkapete folded before Flop (didn't bet)
Seat 4: naxal2012 collected ($0.25)
Seat 5: jaman4life folded before Flop (didn't bet)
Seat 6: wagneryt folded before Flop (didn't bet)
Seat 7: Bigpaparoy.300 (button) folded before Flop (didn't bet)
Seat 8: Count Mole (small blind) folded before Flop
Seat 9: Dorex2007 (big blind) folded before Flop



PokerStars Hand #238018588077:  Hold'em No Limit ($0.05/$0.10 USD) - 2022/08/15 21:03:54 PT [2022/08/16 0:03:54 ET]
Table 'Iguassu III' 9-max Seat #8 is the button
Seat 1: Ruan metal ($10 in chips) 
Seat 2: zubr768 ($12.07 in chips) 
Seat 3: unkapete ($9.45 in chips) 
Seat 4: naxal2012 ($10.15 in chips) 
Seat 5: jaman4life ($7.08 in chips) 
Seat 6: wagneryt ($12.31 in chips) 
Seat 7: Bigpaparoy.300 ($5.12 in chips) 
Seat 8: Count Mole ($17.86 in chips) 
Seat 9: Dorex2007 ($14.95 in chips) 
Dorex2007: posts small blind $0.05
Ruan metal: posts big blind $0.10
*** HOLE CARDS ***
Dealt to Dorex2007 [9c 4d]
zubr768: folds 
unkapete: folds 
naxal2012: folds 
jaman4life: folds 
wagneryt: folds 
Bigpaparoy.300: folds 
Count Mole: folds 
Dorex2007: folds 
Uncalled bet ($0.05) returned to Ruan metal
Ruan metal collected $0.10 from pot
Ruan metal: doesn't show hand 
*** SUMMARY ***
Total pot $0.10 | Rake $0 
Seat 1: Ruan metal (big blind) collected ($0.10)
Seat 2: zubr768 folded before Flop (didn't bet)
Seat 3: unkapete folded before Flop (didn't bet)
Seat 4: naxal2012 folded before Flop (didn't bet)
Seat 5: jaman4life folded before Flop (didn't bet)
Seat 6: wagneryt folded before Flop (didn't bet)
Seat 7: Bigpaparoy.300 folded before Flop (didn't bet)
Seat 8: Count Mole (button) folded before Flop (didn't bet)
Seat 9: Dorex2007 (small blind) folded before Flop



PokerStars Hand #238018590936:  Hold'em No Limit ($0.05/$0.10 USD) - 2022/08/15 21:04:18 PT [2022/08/16 0:04:18 ET]
Table 'Iguassu III' 9-max Seat #9 is the button
Seat 1: Ruan metal ($10.05 in chips) 
Seat 2: zubr768 ($12.07 in chips) 
Seat 3: unkapete ($9.45 in chips) 
Seat 4: naxal2012 ($10.15 in chips) 
Seat 5: jaman4life ($7.08 in chips) 
Seat 6: wagneryt ($12.31 in chips) 
Seat 7: Bigpaparoy.300 ($5.12 in chips) 
Seat 8: Count Mole ($17.86 in chips) 
Seat 9: Dorex2007 ($14.90 in chips) 
Ruan metal: posts small blind $0.05
zubr768: posts big blind $0.10
*** HOLE CARDS ***
Dealt to Dorex2007 [Ac 2h]
unkapete: folds 
naxal2012: folds 
jaman4life: folds 
wagneryt: folds 
Bigpaparoy.300: calls $0.10
Count Mole: raises $0.30 to $0.40
Dorex2007: folds 
Ruan metal: folds 
zubr768: folds 
Bigpaparoy.300: calls $0.30
*** FLOP *** [9d 9c Qd]
Bigpaparoy.300: bets $0.91
Count Mole: calls $0.91
*** TURN *** [9d 9c Qd] [5c]
Bigpaparoy.300: bets $3.81 and is all-in
Count Mole: folds 
Uncalled bet ($3.81) returned to Bigpaparoy.300
Bigpaparoy.300 collected $2.65 from pot
*** SUMMARY ***
Total pot $2.77 | Rake $0.12 
Board [9d 9c Qd 5c]
Seat 1: Ruan metal (small blind) folded before Flop
Seat 2: zubr768 (big blind) folded before Flop
Seat 3: unkapete folded before Flop (didn't bet)
Seat 4: naxal2012 folded before Flop (didn't bet)
Seat 5: jaman4life folded before Flop (didn't bet)
Seat 6: wagneryt folded before Flop (didn't bet)
Seat 7: Bigpaparoy.300 collected ($2.65)
Seat 8: Count Mole folded on the Turn
Seat 9: Dorex2007 (button) folded before Flop (didn't bet)



PokerStars Hand #238018597021:  Hold'em No Limit ($0.05/$0.10 USD) - 2022/08/15 21:05:07 PT [2022/08/16 0:05:07 ET]
Table 'Iguassu III' 9-max Seat #1 is the button
Seat 1: Ruan metal ($10 in chips) 
Seat 2: zubr768 ($11.97 in chips) 
Seat 3: unkapete ($9.45 in chips) 
Seat 4: naxal2012 ($10.15 in chips) 
Seat 5: jaman4life ($7.08 in chips) 
Seat 6: wagneryt ($12.31 in chips) 
Seat 7: Bigpaparoy.300 ($6.46 in chips) 
Seat 8: Count Mole ($16.55 in chips) 
Seat 9: Dorex2007 ($14.90 in chips) 
zubr768: posts small blind $0.05
unkapete: posts big blind $0.10
*** HOLE CARDS ***
Dealt to Dorex2007 [Kh Qh]
naxal2012: folds 
jaman4life: calls $0.10
wagneryt: folds 
Bigpaparoy.300: calls $0.10
Count Mole: folds 
Dorex2007: raises $0.30 to $0.40
Ruan metal: folds 
zubr768: folds 
unkapete: folds 
jaman4life: calls $0.30
Bigpaparoy.300: calls $0.30
*** FLOP *** [6c 3h Ad]
jaman4life: checks 
Bigpaparoy.300: checks 
Dorex2007: bets $0.64
jaman4life: calls $0.64
Bigpaparoy.300: folds 
*** TURN *** [6c 3h Ad] [9c]
jaman4life: checks 
Dorex2007: checks 
*** RIVER *** [6c 3h Ad 9c] [9d]
jaman4life: checks 
Dorex2007: bets $1.25
jaman4life: calls $1.25
*** SHOW DOWN ***
Dorex2007: shows [Kh Qh] (a pair of Nines)
jaman4life: shows [4h Ah] (two pair, Aces and Nines)
jaman4life collected $4.90 from pot
*** SUMMARY ***
Total pot $5.13 | Rake $0.23 
Board [6c 3h Ad 9c 9d]
Seat 1: Ruan metal (button) folded before Flop (didn't bet)
Seat 2: zubr768 (small blind) folded before Flop
Seat 3: unkapete (big blind) folded before Flop
Seat 4: naxal2012 folded before Flop (didn't bet)
Seat 5: jaman4life showed [4h Ah] and won ($4.90) with two pair, Aces and Nines
Seat 6: wagneryt folded before Flop (didn't bet)
Seat 7: Bigpaparoy.300 folded on the Flop
Seat 8: Count Mole folded before Flop (didn't bet)
Seat 9: Dorex2007 showed [Kh Qh] and lost with a pair of Nines



PokerStars Hand #238018604209:  Hold'em No Limit ($0.05/$0.10 USD) - 2022/08/15 21:06:05 PT [2022/08/16 0:06:05 ET]
Table 'Iguassu III' 9-max Seat #2 is the button
Seat 1: Ruan metal ($10 in chips) 
Seat 2: zubr768 ($11.92 in chips) 
Seat 3: unkapete ($9.35 in chips) 
Seat 4: naxal2012 ($10.15 in chips) 
Seat 5: jaman4life ($9.69 in chips) 
Seat 6: wagneryt ($12.31 in chips) 
Seat 7: Bigpaparoy.300 ($6.06 in chips) 
Seat 8: Count Mole ($16.55 in chips) 
Seat 9: Dorex2007 ($12.61 in chips) 
unkapete: posts small blind $0.05
naxal2012: posts big blind $0.10
*** HOLE CARDS ***
Dealt to Dorex2007 [2d 6h]
jaman4life: folds 
wagneryt: folds 
Bigpaparoy.300: calls $0.10
Count Mole: folds 
Dorex2007: folds 
Ruan metal: folds 
zubr768: raises $0.20 to $0.30
unkapete: folds 
naxal2012: raises $0.75 to $1.05
Bigpaparoy.300: folds 
zubr768: folds 
Uncalled bet ($0.75) returned to naxal2012
naxal2012 collected $0.75 from pot
*** SUMMARY ***
Total pot $0.75 | Rake $0 
Seat 1: Ruan metal folded before Flop (didn't bet)
Seat 2: zubr768 (button) folded before Flop
Seat 3: unkapete (small blind) folded before Flop
Seat 4: naxal2012 (big blind) collected ($0.75)
Seat 5: jaman4life folded before Flop (didn't bet)
Seat 6: wagneryt folded before Flop (didn't bet)
Seat 7: Bigpaparoy.300 folded before Flop
Seat 8: Count Mole folded before Flop (didn't bet)
Seat 9: Dorex2007 folded before Flop (didn't bet)



PokerStars Hand #238018609106:  Hold'em No Limit ($0.05/$0.10 USD) - 2022/08/15 21:06:45 PT [2022/08/16 0:06:45 ET]
Table 'Iguassu III' 9-max Seat #3 is the button
Seat 1: Ruan metal ($10 in chips) 
Seat 2: zubr768 ($11.62 in chips) 
Seat 3: unkapete ($9.30 in chips) 
Seat 4: naxal2012 ($10.60 in chips) 
Seat 5: jaman4life ($9.69 in chips) 
Seat 6: wagneryt ($12.31 in chips) 
Seat 7: Bigpaparoy.300 ($5.96 in chips) 
Seat 8: Count Mole ($16.55 in chips) 
Seat 9: Dorex2007 ($12.61 in chips) 
naxal2012: posts small blind $0.05
jaman4life: posts big blind $0.10
*** HOLE CARDS ***
Dealt to Dorex2007 [5c Kc]
wagneryt: calls $0.10
Bigpaparoy.300: folds 
Count Mole: folds 
Dorex2007: folds 
Ruan metal: folds 
zubr768: calls $0.10
unkapete: calls $0.10
naxal2012: calls $0.05
jaman4life: checks 
*** FLOP *** [5d 8h 8s]
naxal2012: checks 
jaman4life: checks 
wagneryt: checks 
zubr768: checks 
unkapete: checks 
*** TURN *** [5d 8h 8s] [6c]
naxal2012: bets $0.24
jaman4life: folds 
wagneryt: folds 
zubr768: calls $0.24
unkapete: folds 
*** RIVER *** [5d 8h 8s 6c] [Jd]
naxal2012: checks 
zubr768: checks 
*** SHOW DOWN ***
naxal2012: shows [8c 4h] (three of a kind, Eights)
zubr768: mucks hand 
naxal2012 collected $0.94 from pot
*** SUMMARY ***
Total pot $0.98 | Rake $0.04 
Board [5d 8h 8s 6c Jd]
Seat 1: Ruan metal folded before Flop (didn't bet)
Seat 2: zubr768 mucked [Qc 7c]
Seat 3: unkapete (button) folded on the Turn
Seat 4: naxal2012 (small blind) showed [8c 4h] and won ($0.94) with three of a kind, Eights
Seat 5: jaman4life (big blind) folded on the Turn
Seat 6: wagneryt folded on the Turn
Seat 7: Bigpaparoy.300 folded before Flop (didn't bet)
Seat 8: Count Mole folded before Flop (didn't bet)
Seat 9: Dorex2007 folded before Flop (didn't bet)



PokerStars Hand #238018619253:  Hold'em No Limit ($0.05/$0.10 USD) - 2022/08/15 21:08:08 PT [2022/08/16 0:08:08 ET]
Table 'Iguassu III' 9-max Seat #4 is the button
Seat 1: Ruan metal ($10 in chips) 
Seat 2: zubr768 ($11.28 in chips) 
Seat 3: unkapete ($9.20 in chips) 
Seat 4: naxal2012 ($11.20 in chips) 
Seat 5: jaman4life ($9.59 in chips) 
Seat 6: wagneryt ($12.21 in chips) 
Seat 7: Bigpaparoy.300 ($5.96 in chips) 
Seat 8: Count Mole ($16.55 in chips) 
Seat 9: Dorex2007 ($12.61 in chips) 
jaman4life: posts small blind $0.05
wagneryt: posts big blind $0.10
*** HOLE CARDS ***
Dealt to Dorex2007 [Th 8h]
Bigpaparoy.300: calls $0.10
Count Mole: folds 
Dorex2007: folds 
Ruan metal: folds 
zubr768: folds 
unkapete: folds 
naxal2012: calls $0.10
jaman4life: folds 
wagneryt: checks 
*** FLOP *** [4d 5h Jd]
wagneryt: checks 
Bigpaparoy.300: checks 
naxal2012: checks 
*** TURN *** [4d 5h Jd] [3d]
wagneryt: checks 
Bigpaparoy.300: checks 
naxal2012: bets $0.17
wagneryt: calls $0.17
Bigpaparoy.300: calls $0.17
*** RIVER *** [4d 5h Jd 3d] [Qc]
wagneryt: checks 
Bigpaparoy.300: checks 
naxal2012: bets $0.41
wagneryt: folds 
Bigpaparoy.300: folds 
Uncalled bet ($0.41) returned to naxal2012
naxal2012 collected $0.82 from pot
*** SUMMARY ***
Total pot $0.86 | Rake $0.04 
Board [4d 5h Jd 3d Qc]
Seat 1: Ruan metal folded before Flop (didn't bet)
Seat 2: zubr768 folded before Flop (didn't bet)
Seat 3: unkapete folded before Flop (didn't bet)
Seat 4: naxal2012 (button) collected ($0.82)
Seat 5: jaman4life (small blind) folded before Flop
Seat 6: wagneryt (big blind) folded on the River
Seat 7: Bigpaparoy.300 folded on the River
Seat 8: Count Mole folded before Flop (didn't bet)
Seat 9: Dorex2007 folded before Flop (didn't bet)



PokerStars Hand #238018627283:  Hold'em No Limit ($0.05/$0.10 USD) - 2022/08/15 21:09:15 PT [2022/08/16 0:09:15 ET]
Table 'Iguassu III' 9-max Seat #5 is the button
Seat 1: Ruan metal ($10 in chips) 
Seat 2: zubr768 ($11.28 in chips) 
Seat 3: unkapete ($9.20 in chips) 
Seat 4: naxal2012 ($11.75 in chips) 
Seat 5: jaman4life ($9.54 in chips) 
Seat 6: wagneryt ($11.94 in chips) 
Seat 7: Bigpaparoy.300 ($5.69 in chips) 
Seat 8: Count Mole ($16.55 in chips) 
Seat 9: Dorex2007 ($12.61 in chips) 
wagneryt: posts small blind $0.05
Bigpaparoy.300: posts big blind $0.10
*** HOLE CARDS ***
Dealt to Dorex2007 [Qc Kd]
Count Mole: folds 
Dorex2007: raises $0.20 to $0.30
Ruan metal: folds 
zubr768: folds 
unkapete: folds 
naxal2012: folds 
jaman4life: folds 
wagneryt: calls $0.25
Bigpaparoy.300: folds 
*** FLOP *** [Jh Jd Th]
wagneryt: checks 
Dorex2007: checks 
*** TURN *** [Jh Jd Th] [4c]
wagneryt: bets $0.10
Dorex2007: calls $0.10
*** RIVER *** [Jh Jd Th 4c] [6d]
wagneryt: bets $2.80
Dorex2007: folds 
Uncalled bet ($2.80) returned to wagneryt
wagneryt collected $0.86 from pot
*** SUMMARY ***
Total pot $0.90 | Rake $0.04 
Board [Jh Jd Th 4c 6d]
Seat 1: Ruan metal folded before Flop (didn't bet)
Seat 2: zubr768 folded before Flop (didn't bet)
Seat 3: unkapete folded before Flop (didn't bet)
Seat 4: naxal2012 folded before Flop (didn't bet)
Seat 5: jaman4life (button) folded before Flop (didn't bet)
Seat 6: wagneryt (small blind) collected ($0.86)
Seat 7: Bigpaparoy.300 (big blind) folded before Flop
Seat 8: Count Mole folded before Flop (didn't bet)
Seat 9: Dorex2007 folded on the River



PokerStars Hand #238018636512:  Hold'em No Limit ($0.05/$0.10 USD) - 2022/08/15 21:10:32 PT [2022/08/16 0:10:32 ET]
Table 'Iguassu III' 9-max Seat #6 is the button
Seat 1: Ruan metal ($10 in chips) 
Seat 2: zubr768 ($11.28 in chips) 
Seat 3: unkapete ($9.20 in chips) 
Seat 4: naxal2012 ($11.75 in chips) 
Seat 5: jaman4life ($9.54 in chips) 
Seat 6: wagneryt ($12.40 in chips) 
Seat 7: Bigpaparoy.300 ($5.59 in chips) 
Seat 8: Count Mole ($16.55 in chips) 
Seat 9: Dorex2007 ($12.21 in chips) 
Bigpaparoy.300: posts small blind $0.05
Count Mole: posts big blind $0.10
*** HOLE CARDS ***
Dealt to Dorex2007 [Jd Td]
Dorex2007: folds 
Ruan metal: folds 
zubr768: folds 
unkapete: folds 
naxal2012: folds 
jaman4life: raises $0.20 to $0.30
wagneryt: folds 
Bigpaparoy.300: folds 
Count Mole: folds 
Uncalled bet ($0.20) returned to jaman4life
jaman4life collected $0.25 from pot
jaman4life: doesn't show hand 
*** SUMMARY ***
Total pot $0.25 | Rake $0 
Seat 1: Ruan metal folded before Flop (didn't bet)
Seat 2: zubr768 folded before Flop (didn't bet)
Seat 3: unkapete folded before Flop (didn't bet)
Seat 4: naxal2012 folded before Flop (didn't bet)
Seat 5: jaman4life collected ($0.25)
Seat 6: wagneryt (button) folded before Flop (didn't bet)
Seat 7: Bigpaparoy.300 (small blind) folded before Flop
Seat 8: Count Mole (big blind) folded before Flop
Seat 9: Dorex2007 folded before Flop (didn't bet)



PokerStars Hand #238018639415:  Hold'em No Limit ($0.05/$0.10 USD) - 2022/08/15 21:10:56 PT [2022/08/16 0:10:56 ET]
Table 'Iguassu III' 9-max Seat #7 is the button
Seat 1: Ruan metal ($10 in chips) 
Seat 2: zubr768 ($11.28 in chips) 
Seat 3: unkapete ($9.20 in chips) 
Seat 4: naxal2012 ($11.75 in chips) 
Seat 5: jaman4life ($9.69 in chips) 
Seat 6: wagneryt ($12.40 in chips) 
Seat 7: Bigpaparoy.300 ($5.54 in chips) 
Seat 8: Count Mole ($16.45 in chips) 
Seat 9: Dorex2007 ($12.21 in chips) 
Count Mole: posts small blind $0.05
Dorex2007: posts big blind $0.10
*** HOLE CARDS ***
Dealt to Dorex2007 [4s Qd]
Ruan metal: raises $0.20 to $0.30
zubr768: calls $0.30
unkapete: folds 
naxal2012: folds 
jaman4life: calls $0.30
wagneryt: folds 
Bigpaparoy.300: folds 
Count Mole: calls $0.25
Dorex2007: folds 
*** FLOP *** [6h 2c 7d]
Count Mole: checks 
Ruan metal: checks 
zubr768: checks 
jaman4life: checks 
*** TURN *** [6h 2c 7d] [4c]
Count Mole: checks 
Ruan metal: checks 
zubr768: checks 
jaman4life: checks 
*** RIVER *** [6h 2c 7d 4c] [8d]
Count Mole: checks 
Ruan metal: checks 
zubr768: checks 
jaman4life: checks 
*** SHOW DOWN ***
Count Mole: shows [Ks Td] (high card King)
Ruan metal: shows [Ac Jd] (high card Ace)
zubr768: shows [Jh Ah] (high card Ace)
jaman4life: mucks hand 
Ruan metal collected $0.62 from pot
zubr768 collected $0.62 from pot
*** SUMMARY ***
Total pot $1.30 | Rake $0.06 
Board [6h 2c 7d 4c 8d]
Seat 1: Ruan metal showed [Ac Jd] and won ($0.62) with high card Ace
Seat 2: zubr768 showed [Jh Ah] and won ($0.62) with high card Ace
Seat 3: unkapete folded before Flop (didn't bet)
Seat 4: naxal2012 folded before Flop (didn't bet)
Seat 5: jaman4life mucked [Kc Qs]
Seat 6: wagneryt folded before Flop (didn't bet)
Seat 7: Bigpaparoy.300 (button) folded before Flop (didn't bet)
Seat 8: Count Mole (small blind) showed [Ks Td] and lost with high card King
Seat 9: Dorex2007 (big blind) folded before Flop



PokerStars Hand #238018647622:  Hold'em No Limit ($0.05/$0.10 USD) - 2022/08/15 21:12:03 PT [2022/08/16 0:12:03 ET]
Table 'Iguassu III' 9-max Seat #8 is the button
Seat 1: Ruan metal ($10.32 in chips) 
Seat 2: zubr768 ($11.60 in chips) 
Seat 3: unkapete ($9.20 in chips) 
Seat 4: naxal2012 ($11.75 in chips) 
Seat 5: jaman4life ($9.39 in chips) 
Seat 6: wagneryt ($12.40 in chips) 
Seat 7: Bigpaparoy.300 ($5.54 in chips) 
Seat 8: Count Mole ($16.15 in chips) 
Seat 9: Dorex2007 ($12.11 in chips) 
Dorex2007: posts small blind $0.05
Ruan metal: posts big blind $0.10
*** HOLE CARDS ***
Dealt to Dorex2007 [4s Ts]
zubr768: folds 
unkapete: folds 
naxal2012: folds 
jaman4life: folds 
wagneryt: folds 
Bigpaparoy.300: folds 
Count Mole: folds 
Dorex2007: folds 
Uncalled bet ($0.05) returned to Ruan metal
Ruan metal collected $0.10 from pot
Ruan metal: doesn't show hand 
*** SUMMARY ***
Total pot $0.10 | Rake $0 
Seat 1: Ruan metal (big blind) collected ($0.10)
Seat 2: zubr768 folded before Flop (didn't bet)
Seat 3: unkapete folded before Flop (didn't bet)
Seat 4: naxal2012 folded before Flop (didn't bet)
Seat 5: jaman4life folded before Flop (didn't bet)
Seat 6: wagneryt folded before Flop (didn't bet)
Seat 7: Bigpaparoy.300 folded before Flop (didn't bet)
Seat 8: Count Mole (button) folded before Flop (didn't bet)
Seat 9: Dorex2007 (small blind) folded before Flop



PokerStars Hand #238018649140:  Hold'em No Limit ($0.05/$0.10 USD) - 2022/08/15 21:12:15 PT [2022/08/16 0:12:15 ET]
Table 'Iguassu III' 9-max Seat #9 is the button
Seat 1: Ruan metal ($10.37 in chips) 
Seat 2: zubr768 ($11.60 in chips) 
Seat 3: unkapete ($9.20 in chips) 
Seat 4: naxal2012 ($11.75 in chips) 
Seat 5: jaman4life ($9.39 in chips) 
Seat 6: wagneryt ($12.40 in chips) 
Seat 7: Bigpaparoy.300 ($5.54 in chips) 
Seat 8: Count Mole ($16.15 in chips) 
Seat 9: Dorex2007 ($12.06 in chips) 
Ruan metal: posts small blind $0.05
zubr768: posts big blind $0.10
*** HOLE CARDS ***
Dealt to Dorex2007 [7h 2c]
unkapete: folds 
naxal2012: folds 
jaman4life: raises $0.20 to $0.30
wagneryt: calls $0.30
Bigpaparoy.300: calls $0.30
Count Mole: calls $0.30
Dorex2007: folds 
Ruan metal: folds 
zubr768: folds 
*** FLOP *** [5d Qs 6h]
jaman4life: checks 
wagneryt: checks 
Bigpaparoy.300: checks 
Count Mole: bets $0.64
jaman4life: folds 
wagneryt: folds 
Bigpaparoy.300: folds 
Uncalled bet ($0.64) returned to Count Mole
Count Mole collected $1.29 from pot
Count Mole: doesn't show hand 
*** SUMMARY ***
Total pot $1.35 | Rake $0.06 
Board [5d Qs 6h]
Seat 1: Ruan metal (small blind) folded before Flop
Seat 2: zubr768 (big blind) folded before Flop
Seat 3: unkapete folded before Flop (didn't bet)
Seat 4: naxal2012 folded before Flop (didn't bet)
Seat 5: jaman4life folded on the Flop
Seat 6: wagneryt folded on the Flop
Seat 7: Bigpaparoy.300 folded on the Flop
Seat 8: Count Mole collected ($1.29)
Seat 9: Dorex2007 (button) folded before Flop (didn't bet)



PokerStars Hand #238018655757:  Hold'em No Limit ($0.05/$0.10 USD) - 2022/08/15 21:13:09 PT [2022/08/16 0:13:09 ET]
Table 'Iguassu III' 9-max Seat #1 is the button
Seat 1: Ruan metal ($10.32 in chips) 
Seat 2: zubr768 ($11.50 in chips) 
Seat 3: unkapete ($9.20 in chips) 
Seat 4: naxal2012 ($11.75 in chips) 
Seat 5: jaman4life ($9.09 in chips) 
Seat 6: wagneryt ($12.10 in chips) 
Seat 7: Bigpaparoy.300 ($5.24 in chips) 
Seat 8: Count Mole ($17.14 in chips) 
Seat 9: Dorex2007 ($12.06 in chips) 
zubr768: posts small blind $0.05
unkapete: posts big blind $0.10
*** HOLE CARDS ***
Dealt to Dorex2007 [7d 3s]
naxal2012: folds 
jaman4life: folds 
wagneryt: calls $0.10
Bigpaparoy.300: folds 
Count Mole: folds 
Dorex2007: folds 
Ruan metal: folds 
zubr768: folds 
unkapete: checks 
*** FLOP *** [Jc Th 4h]
unkapete: checks 
wagneryt: bets $0.24
unkapete: folds 
Uncalled bet ($0.24) returned to wagneryt
wagneryt collected $0.24 from pot
*** SUMMARY ***
Total pot $0.25 | Rake $0.01 
Board [Jc Th 4h]
Seat 1: Ruan metal (button) folded before Flop (didn't bet)
Seat 2: zubr768 (small blind) folded before Flop
Seat 3: unkapete (big blind) folded on the Flop
Seat 4: naxal2012 folded before Flop (didn't bet)
Seat 5: jaman4life folded before Flop (didn't bet)
Seat 6: wagneryt collected ($0.24)
Seat 7: Bigpaparoy.300 folded before Flop (didn't bet)
Seat 8: Count Mole folded before Flop (didn't bet)
Seat 9: Dorex2007 folded before Flop (didn't bet)



PokerStars Hand #238018661006:  Hold'em No Limit ($0.05/$0.10 USD) - 2022/08/15 21:13:49 PT [2022/08/16 0:13:49 ET]
Table 'Iguassu III' 9-max Seat #2 is the button
Seat 1: Ruan metal ($10.32 in chips) 
Seat 2: zubr768 ($11.45 in chips) 
Seat 3: unkapete ($9.10 in chips) 
Seat 4: naxal2012 ($11.75 in chips) 
Seat 5: jaman4life ($9.09 in chips) 
Seat 6: wagneryt ($12.24 in chips) 
Seat 7: Bigpaparoy.300 ($5.24 in chips) 
Seat 8: Count Mole ($17.14 in chips) 
Seat 9: Dorex2007 ($12.06 in chips) 
unkapete: posts small blind $0.05
naxal2012: posts big blind $0.10
*** HOLE CARDS ***
Dealt to Dorex2007 [6c Ah]
jaman4life: folds 
wagneryt: folds 
Bigpaparoy.300: folds 
Count Mole: folds 
Dorex2007: folds 
Ruan metal: raises $0.20 to $0.30
zubr768: folds 
unkapete: folds 
naxal2012: folds 
Uncalled bet ($0.20) returned to Ruan metal
Ruan metal collected $0.25 from pot
Ruan metal: doesn't show hand 
*** SUMMARY ***
Total pot $0.25 | Rake $0 
Seat 1: Ruan metal collected ($0.25)
Seat 2: zubr768 (button) folded before Flop (didn't bet)
Seat 3: unkapete (small blind) folded before Flop
Seat 4: naxal2012 (big blind) folded before Flop
Seat 5: jaman4life folded before Flop (didn't bet)
Seat 6: wagneryt folded before Flop (didn't bet)
Seat 7: Bigpaparoy.300 folded before Flop (didn't bet)
Seat 8: Count Mole folded before Flop (didn't bet)
Seat 9: Dorex2007 folded before Flop (didn't bet)



PokerStars Hand #238018663103:  Hold'em No Limit ($0.05/$0.10 USD) - 2022/08/15 21:14:06 PT [2022/08/16 0:14:06 ET]
Table 'Iguassu III' 9-max Seat #3 is the button
Seat 1: Ruan metal ($10.47 in chips) 
Seat 2: zubr768 ($11.45 in chips) 
Seat 3: unkapete ($9.05 in chips) 
Seat 4: naxal2012 ($11.65 in chips) 
Seat 5: jaman4life ($9.09 in chips) 
Seat 6: wagneryt ($12.24 in chips) 
Seat 7: Bigpaparoy.300 ($5.24 in chips) 
Seat 8: Count Mole ($17.14 in chips) 
Seat 9: Dorex2007 ($12.06 in chips) 
naxal2012: posts small blind $0.05
jaman4life: posts big blind $0.10
*** HOLE CARDS ***
Dealt to Dorex2007 [6s 9s]
wagneryt: folds 
Bigpaparoy.300: calls $0.10
Count Mole: folds 
Dorex2007: folds 
Ruan metal: raises $0.20 to $0.30
zubr768: folds 
unkapete: calls $0.30
naxal2012: folds 
jaman4life: calls $0.20
Bigpaparoy.300: calls $0.20
*** FLOP *** [2h 8s 5d]
jaman4life: checks 
Bigpaparoy.300: bets $0.10
Ruan metal: raises $0.90 to $1
unkapete: folds 
jaman4life: folds 
Bigpaparoy.300: folds 
Uncalled bet ($0.90) returned to Ruan metal
Ruan metal collected $1.38 from pot
Ruan metal: doesn't show hand 
*** SUMMARY ***
Total pot $1.45 | Rake $0.07 
Board [2h 8s 5d]
Seat 1: Ruan metal collected ($1.38)
Seat 2: zubr768 folded before Flop (didn't bet)
Seat 3: unkapete (button) folded on the Flop
Seat 4: naxal2012 (small blind) folded before Flop
Seat 5: jaman4life (big blind) folded on the Flop
Seat 6: wagneryt folded before Flop (didn't bet)
Seat 7: Bigpaparoy.300 folded on the Flop
Seat 8: Count Mole folded before Flop (didn't bet)
Seat 9: Dorex2007 folded before Flop (didn't bet)



PokerStars Hand #238018668641:  Hold'em No Limit ($0.05/$0.10 USD) - 2022/08/15 21:14:51 PT [2022/08/16 0:14:51 ET]
Table 'Iguassu III' 9-max Seat #4 is the button
Seat 1: Ruan metal ($11.45 in chips) 
Seat 2: zubr768 ($11.45 in chips) 
Seat 3: unkapete ($8.75 in chips) 
Seat 4: naxal2012 ($11.60 in chips) 
Seat 5: jaman4life ($8.79 in chips) 
Seat 6: wagneryt ($12.24 in chips) 
Seat 7: Bigpaparoy.300 ($4.84 in chips) 
Seat 8: Count Mole ($17.14 in chips) 
Seat 9: Dorex2007 ($12.06 in chips) 
jaman4life: posts small blind $0.05
wagneryt: posts big blind $0.10
*** HOLE CARDS ***
Dealt to Dorex2007 [Kd Kc]
Bigpaparoy.300: calls $0.10
Count Mole: folds 
Dorex2007: raises $0.20 to $0.30
Ruan metal: folds 
zubr768: folds 
unkapete: folds 
naxal2012: folds 
jaman4life: folds 
wagneryt: folds 
Bigpaparoy.300: folds 
Uncalled bet ($0.20) returned to Dorex2007
Dorex2007 collected $0.35 from pot
Dorex2007: doesn't show hand 
*** SUMMARY ***
Total pot $0.35 | Rake $0 
Seat 1: Ruan metal folded before Flop (didn't bet)
Seat 2: zubr768 folded before Flop (didn't bet)
Seat 3: unkapete folded before Flop (didn't bet)
Seat 4: naxal2012 (button) folded before Flop (didn't bet)
Seat 5: jaman4life (small blind) folded before Flop
Seat 6: wagneryt (big blind) folded before Flop
Seat 7: Bigpaparoy.300 folded before Flop
Seat 8: Count Mole folded before Flop (didn't bet)
Seat 9: Dorex2007 collected ($0.35)



PokerStars Hand #238018672668:  Hold'em No Limit ($0.05/$0.10 USD) - 2022/08/15 21:15:21 PT [2022/08/16 0:15:21 ET]
Table 'Iguassu III' 9-max Seat #5 is the button
Seat 1: Ruan metal ($11.45 in chips) 
Seat 2: zubr768 ($11.45 in chips) 
Seat 3: unkapete ($8.75 in chips) 
Seat 4: naxal2012 ($11.60 in chips) 
Seat 5: jaman4life ($8.74 in chips) 
Seat 6: wagneryt ($12.14 in chips) 
Seat 7: Bigpaparoy.300 ($4.74 in chips) 
Seat 8: Count Mole ($17.14 in chips) 
Seat 9: Dorex2007 ($12.31 in chips) 
wagneryt: posts small blind $0.05
Bigpaparoy.300: posts big blind $0.10
*** HOLE CARDS ***
Dealt to Dorex2007 [7d 9d]
Count Mole: folds 
Dorex2007: folds 
Ruan metal: raises $0.20 to $0.30
zubr768: folds 
unkapete: calls $0.30
naxal2012: folds 
jaman4life: folds 
wagneryt: folds 
Bigpaparoy.300: calls $0.20
*** FLOP *** [9h 9c Kd]
Bigpaparoy.300: checks 
Ruan metal: checks 
unkapete: bets $0.45
Bigpaparoy.300: calls $0.45
Ruan metal: folds 
*** TURN *** [9h 9c Kd] [Th]
Bigpaparoy.300: checks 
unkapete: checks 
*** RIVER *** [9h 9c Kd Th] [Qh]
Bigpaparoy.300: checks 
unkapete: bets $0.88
Bigpaparoy.300: folds 
Uncalled bet ($0.88) returned to unkapete
unkapete collected $1.77 from pot
*** SUMMARY ***
Total pot $1.85 | Rake $0.08 
Board [9h 9c Kd Th Qh]
Seat 1: Ruan metal folded on the Flop
Seat 2: zubr768 folded before Flop (didn't bet)
Seat 3: unkapete collected ($1.77)
Seat 4: naxal2012 folded before Flop (didn't bet)
Seat 5: jaman4life (button) folded before Flop (didn't bet)
Seat 6: wagneryt (small blind) folded before Flop
Seat 7: Bigpaparoy.300 (big blind) folded on the River
Seat 8: Count Mole folded before Flop (didn't bet)
Seat 9: Dorex2007 folded before Flop (didn't bet)



PokerStars Hand #238018680023:  Hold'em No Limit ($0.05/$0.10 USD) - 2022/08/15 21:16:15 PT [2022/08/16 0:16:15 ET]
Table 'Iguassu III' 9-max Seat #6 is the button
Seat 1: Ruan metal ($11.15 in chips) 
Seat 2: zubr768 ($11.45 in chips) 
Seat 3: unkapete ($9.77 in chips) 
Seat 4: naxal2012 ($11.60 in chips) 
Seat 5: jaman4life ($8.74 in chips) 
Seat 6: wagneryt ($12.09 in chips) 
Seat 7: Bigpaparoy.300 ($3.99 in chips) 
Seat 8: Count Mole ($17.14 in chips) 
Seat 9: Dorex2007 ($12.31 in chips) 
Bigpaparoy.300: posts small blind $0.05
Count Mole: posts big blind $0.10
*** HOLE CARDS ***
Dealt to Dorex2007 [Ad 7d]
Dorex2007: calls $0.10
Ruan metal: folds 
zubr768: raises $0.20 to $0.30
unkapete: folds 
naxal2012: folds 
jaman4life: folds 
wagneryt: folds 
Bigpaparoy.300: folds 
Count Mole: folds 
Dorex2007: calls $0.20
*** FLOP *** [Ac 8s 4h]
Dorex2007: bets $0.36
zubr768: calls $0.36
*** TURN *** [Ac 8s 4h] [Jd]
Dorex2007: checks 
zubr768: bets $0.70
Dorex2007: calls $0.70
*** RIVER *** [Ac 8s 4h Jd] [3h]
Dorex2007: checks 
zubr768: checks 
*** SHOW DOWN ***
Dorex2007: shows [Ad 7d] (a pair of Aces)
zubr768: mucks hand 
Dorex2007 collected $2.74 from pot
*** SUMMARY ***
Total pot $2.87 | Rake $0.13 
Board [Ac 8s 4h Jd 3h]
Seat 1: Ruan metal folded before Flop (didn't bet)
Seat 2: zubr768 mucked [9s 9h]
Seat 3: unkapete folded before Flop (didn't bet)
Seat 4: naxal2012 folded before Flop (didn't bet)
Seat 5: jaman4life folded before Flop (didn't bet)
Seat 6: wagneryt (button) folded before Flop (didn't bet)
Seat 7: Bigpaparoy.300 (small blind) folded before Flop
Seat 8: Count Mole (big blind) folded before Flop
Seat 9: Dorex2007 showed [Ad 7d] and won ($2.74) with a pair of Aces



PokerStars Hand #238018686563:  Hold'em No Limit ($0.05/$0.10 USD) - 2022/08/15 21:17:08 PT [2022/08/16 0:17:08 ET]
Table 'Iguassu III' 9-max Seat #7 is the button
Seat 1: Ruan metal ($11.15 in chips) 
Seat 2: zubr768 ($10.09 in chips) 
Seat 3: unkapete ($9.77 in chips) 
Seat 4: naxal2012 ($11.60 in chips) 
Seat 5: jaman4life ($8.74 in chips) 
Seat 6: wagneryt ($12.09 in chips) 
Seat 7: Bigpaparoy.300 ($3.94 in chips) 
Seat 8: Count Mole ($17.04 in chips) 
Seat 9: Dorex2007 ($13.69 in chips) 
Count Mole: posts small blind $0.05
Dorex2007: posts big blind $0.10
*** HOLE CARDS ***
Dealt to Dorex2007 [4c 3c]
Ruan metal: folds 
zubr768: folds 
unkapete: folds 
Ruan metal leaves the table
naxal2012: raises $0.15 to $0.25
jaman4life: folds 
wagneryt: calls $0.25
Bigpaparoy.300: folds 
Count Mole: folds 
Dorex2007: folds 
*** FLOP *** [9c Ad Kc]
naxal2012: bets $0.31
wagneryt: calls $0.31
*** TURN *** [9c Ad Kc] [4s]
naxal2012: bets $0.61
wagneryt: calls $0.61
*** RIVER *** [9c Ad Kc 4s] [Ac]
naxal2012: checks 
wagneryt: checks 
*** SHOW DOWN ***
naxal2012: shows [Td As] (three of a kind, Aces)
wagneryt: mucks hand 
naxal2012 collected $2.38 from pot
*** SUMMARY ***
Total pot $2.49 | Rake $0.11 
Board [9c Ad Kc 4s Ac]
Seat 1: Ruan metal folded before Flop (didn't bet)
Seat 2: zubr768 folded before Flop (didn't bet)
Seat 3: unkapete folded before Flop (didn't bet)
Seat 4: naxal2012 showed [Td As] and won ($2.38) with three of a kind, Aces
Seat 5: jaman4life folded before Flop (didn't bet)
Seat 6: wagneryt mucked [Ks Qh]
Seat 7: Bigpaparoy.300 (button) folded before Flop (didn't bet)
Seat 8: Count Mole (small blind) folded before Flop
Seat 9: Dorex2007 (big blind) folded before Flop



PokerStars Hand #238018694900:  Hold'em No Limit ($0.05/$0.10 USD) - 2022/08/15 21:18:18 PT [2022/08/16 0:18:18 ET]
Table 'Iguassu III' 9-max Seat #8 is the button
Seat 2: zubr768 ($10.09 in chips) 
Seat 3: unkapete ($9.77 in chips) 
Seat 4: naxal2012 ($12.81 in chips) 
Seat 5: jaman4life ($8.74 in chips) 
Seat 6: wagneryt ($10.92 in chips) 
Seat 7: Bigpaparoy.300 ($3.94 in chips) 
Seat 8: Count Mole ($16.99 in chips) 
Seat 9: Dorex2007 ($13.59 in chips) 
Dorex2007: posts small blind $0.05
zubr768: posts big blind $0.10
*** HOLE CARDS ***
Dealt to Dorex2007 [7c Js]
unkapete: folds 
naxal2012: folds 
jaman4life: folds 
wagneryt: calls $0.10
Bigpaparoy.300: folds 
Count Mole: folds 
Dorex2007: calls $0.05
zubr768: checks 
*** FLOP *** [Ah 2s 9h]
Dorex2007: checks 
zubr768: checks 
wagneryt: bets $0.29
Dorex2007: folds 
zubr768: folds 
Uncalled bet ($0.29) returned to wagneryt
wagneryt collected $0.29 from pot
*** SUMMARY ***
Total pot $0.30 | Rake $0.01 
Board [Ah 2s 9h]
Seat 2: zubr768 (big blind) folded on the Flop
Seat 3: unkapete folded before Flop (didn't bet)
Seat 4: naxal2012 folded before Flop (didn't bet)
Seat 5: jaman4life folded before Flop (didn't bet)
Seat 6: wagneryt collected ($0.29)
Seat 7: Bigpaparoy.300 folded before Flop (didn't bet)
Seat 8: Count Mole (button) folded before Flop (didn't bet)
Seat 9: Dorex2007 (small blind) folded on the Flop



PokerStars Hand #238018699668:  Hold'em No Limit ($0.05/$0.10 USD) - 2022/08/15 21:18:57 PT [2022/08/16 0:18:57 ET]
Table 'Iguassu III' 9-max Seat #9 is the button
Seat 2: zubr768 ($10 in chips) 
Seat 3: unkapete ($9.77 in chips) 
Seat 4: naxal2012 ($12.81 in chips) 
Seat 5: jaman4life ($8.74 in chips) 
Seat 6: wagneryt ($11.11 in chips) 
Seat 7: Bigpaparoy.300 ($3.94 in chips) 
Seat 8: Count Mole ($16.99 in chips) 
Seat 9: Dorex2007 ($13.49 in chips) 
zubr768: posts small blind $0.05
unkapete: posts big blind $0.10
*** HOLE CARDS ***
Dealt to Dorex2007 [Tc 8s]
naxal2012: raises $0.15 to $0.25
jaman4life: folds 
wagneryt: calls $0.25
Bigpaparoy.300: folds 
Count Mole: folds 
Dorex2007: folds 
zubr768: folds 
unkapete: calls $0.15
*** FLOP *** [7c 6h Ts]
unkapete: checks 
naxal2012: checks 
wagneryt: checks 
*** TURN *** [7c 6h Ts] [5h]
unkapete: bets $0.38
naxal2012: folds 
wagneryt: calls $0.38
*** RIVER *** [7c 6h Ts 5h] [2d]
gabrieldouber joins the table at seat #1 
unkapete: checks 
wagneryt: checks 
*** SHOW DOWN ***
unkapete: shows [Qc 9s] (high card Queen)
wagneryt: shows [4h 4s] (a pair of Fours)
wagneryt collected $1.49 from pot
*** SUMMARY ***
Total pot $1.56 | Rake $0.07 
Board [7c 6h Ts 5h 2d]
Seat 2: zubr768 (small blind) folded before Flop
Seat 3: unkapete (big blind) showed [Qc 9s] and lost with high card Queen
Seat 4: naxal2012 folded on the Turn
Seat 5: jaman4life folded before Flop (didn't bet)
Seat 6: wagneryt showed [4h 4s] and won ($1.49) with a pair of Fours
Seat 7: Bigpaparoy.300 folded before Flop (didn't bet)
Seat 8: Count Mole folded before Flop (didn't bet)
Seat 9: Dorex2007 (button) folded before Flop (didn't bet)



PokerStars Hand #238018712064:  Hold'em No Limit ($0.05/$0.10 USD) - 2022/08/15 21:19:40 PT [2022/08/16 0:19:40 ET]
Table 'Iguassu III' 9-max Seat #2 is the button
Seat 2: zubr768 ($10 in chips) 
Seat 3: unkapete ($9.14 in chips) 
Seat 4: naxal2012 ($12.56 in chips) 
Seat 5: jaman4life ($8.74 in chips) 
Seat 6: wagneryt ($11.97 in chips) 
Seat 7: Bigpaparoy.300 ($3.94 in chips) 
Seat 8: Count Mole ($16.99 in chips) 
Seat 9: Dorex2007 ($13.49 in chips) 
unkapete: posts small blind $0.05
naxal2012: posts big blind $0.10
gabrieldouber: sits out 
*** HOLE CARDS ***
Dealt to Dorex2007 [2d 2s]
jaman4life: folds 
wagneryt: folds 
Bigpaparoy.300: folds 
Count Mole: folds 
Dorex2007: calls $0.10
zubr768: raises $0.40 to $0.50
unkapete: folds 
naxal2012: folds 
Dorex2007: folds 
Uncalled bet ($0.40) returned to zubr768
zubr768 collected $0.35 from pot
zubr768: doesn't show hand 
*** SUMMARY ***
Total pot $0.35 | Rake $0 
Seat 2: zubr768 (button) collected ($0.35)
Seat 3: unkapete (small blind) folded before Flop
Seat 4: naxal2012 (big blind) folded before Flop
Seat 5: jaman4life folded before Flop (didn't bet)
Seat 6: wagneryt folded before Flop (didn't bet)
Seat 7: Bigpaparoy.300 folded before Flop (didn't bet)
Seat 8: Count Mole folded before Flop (didn't bet)
Seat 9: Dorex2007 folded before Flop



PokerStars Hand #238018715421:  Hold'em No Limit ($0.05/$0.10 USD) - 2022/08/15 21:20:08 PT [2022/08/16 0:20:08 ET]
Table 'Iguassu III' 9-max Seat #3 is the button
Seat 2: zubr768 ($10.25 in chips) 
Seat 3: unkapete ($9.09 in chips) 
Seat 4: naxal2012 ($12.46 in chips) 
Seat 5: jaman4life ($8.74 in chips) 
Seat 6: wagneryt ($11.97 in chips) 
Seat 7: Bigpaparoy.300 ($3.94 in chips) 
Seat 8: Count Mole ($16.99 in chips) 
Seat 9: Dorex2007 ($13.39 in chips) 
naxal2012: posts small blind $0.05
jaman4life: posts big blind $0.10
gabrieldouber: sits out 
*** HOLE CARDS ***
Dealt to Dorex2007 [5s 8s]
wagneryt: calls $0.10
Bigpaparoy.300: raises $0.10 to $0.20
Count Mole: folds 
Dorex2007: folds 
zubr768: folds 
unkapete: folds 
naxal2012: calls $0.15
jaman4life: calls $0.10
wagneryt: calls $0.10
*** FLOP *** [3h 9d 2d]
naxal2012: checks 
jaman4life: checks 
wagneryt: checks 
Bigpaparoy.300: bets $0.76
naxal2012: folds 
jaman4life: folds 
wagneryt: calls $0.76
*** TURN *** [3h 9d 2d] [4h]
wagneryt: bets $11.01 and is all-in
Bigpaparoy.300: calls $2.98 and is all-in
Uncalled bet ($8.03) returned to wagneryt
*** RIVER *** [3h 9d 2d 4h] [Js]
*** SHOW DOWN ***
wagneryt: shows [4d 3d] (two pair, Fours and Threes)
Bigpaparoy.300: shows [Ah Ad] (a pair of Aces)
wagneryt collected $7.91 from pot
*** SUMMARY ***
Total pot $8.28 | Rake $0.37 
Board [3h 9d 2d 4h Js]
Seat 2: zubr768 folded before Flop (didn't bet)
Seat 3: unkapete (button) folded before Flop (didn't bet)
Seat 4: naxal2012 (small blind) folded on the Flop
Seat 5: jaman4life (big blind) folded on the Flop
Seat 6: wagneryt showed [4d 3d] and won ($7.91) with two pair, Fours and Threes
Seat 7: Bigpaparoy.300 showed [Ah Ad] and lost with a pair of Aces
Seat 8: Count Mole folded before Flop (didn't bet)
Seat 9: Dorex2007 folded before Flop (didn't bet)



PokerStars Hand #238018726451:  Hold'em No Limit ($0.05/$0.10 USD) - 2022/08/15 21:21:42 PT [2022/08/16 0:21:42 ET]
Table 'Iguassu III' 9-max Seat #4 is the button
Seat 2: zubr768 ($10.25 in chips) 
Seat 3: unkapete ($9.09 in chips) 
Seat 4: naxal2012 ($12.26 in chips) 
Seat 5: jaman4life ($8.54 in chips) 
Seat 6: wagneryt ($15.94 in chips) 
Seat 8: Count Mole ($16.99 in chips) 
Seat 9: Dorex2007 ($13.39 in chips) 
jaman4life: posts small blind $0.05
wagneryt: posts big blind $0.10
gabrieldouber: sits out 
*** HOLE CARDS ***
Dealt to Dorex2007 [2c 3d]
Count Mole: folds 
Dorex2007: folds 
zubr768: raises $0.20 to $0.30
unkapete: calls $0.30
naxal2012: folds 
jaman4life: calls $0.25
wagneryt: folds 
*** FLOP *** [3h 7s Qd]
jaman4life: checks 
zubr768: bets $0.48
unkapete: calls $0.48
jaman4life: folds 
*** TURN *** [3h 7s Qd] [Th]
zubr768: bets $0.93
unkapete: calls $0.93
*** RIVER *** [3h 7s Qd Th] [Qc]
zubr768: checks 
Bigpaparoy.300 is disconnected 
unkapete: checks 
*** SHOW DOWN ***
zubr768: shows [Tc Ac] (two pair, Queens and Tens)
unkapete: shows [Js Jd] (two pair, Queens and Jacks)
unkapete collected $3.65 from pot
*** SUMMARY ***
Total pot $3.82 | Rake $0.17 
Board [3h 7s Qd Th Qc]
Seat 2: zubr768 showed [Tc Ac] and lost with two pair, Queens and Tens
Seat 3: unkapete showed [Js Jd] and won ($3.65) with two pair, Queens and Jacks
Seat 4: naxal2012 (button) folded before Flop (didn't bet)
Seat 5: jaman4life (small blind) folded on the Flop
Seat 6: wagneryt (big blind) folded before Flop
Seat 8: Count Mole folded before Flop (didn't bet)
Seat 9: Dorex2007 folded before Flop (didn't bet)



PokerStars Hand #238018734639:  Hold'em No Limit ($0.05/$0.10 USD) - 2022/08/15 21:22:50 PT [2022/08/16 0:22:50 ET]
Table 'Iguassu III' 9-max Seat #5 is the button
Seat 1: gabrieldouber ($10 in chips) 
Seat 2: zubr768 ($10 in chips) 
Seat 3: unkapete ($11.03 in chips) 
Seat 4: naxal2012 ($12.26 in chips) 
Seat 5: jaman4life ($8.24 in chips) 
Seat 6: wagneryt ($15.84 in chips) 
Seat 8: Count Mole ($16.99 in chips) 
Seat 9: Dorex2007 ($13.39 in chips) 
wagneryt: posts small blind $0.05
Count Mole: posts big blind $0.10
gabrieldouber: posts big blind $0.10
*** HOLE CARDS ***
Dealt to Dorex2007 [Ac Qc]
Dorex2007: calls $0.10
gabrieldouber: checks 
zubr768: folds 
unkapete: raises $0.20 to $0.30
naxal2012: folds 
jaman4life: calls $0.30
wagneryt: folds 
Count Mole: folds 
Dorex2007: calls $0.20
gabrieldouber: calls $0.20
*** FLOP *** [7d 2c 3h]
Dorex2007: checks 
gabrieldouber: checks 
unkapete: bets $0.64
jaman4life: folds 
Dorex2007: folds 
gabrieldouber: folds 
Uncalled bet ($0.64) returned to unkapete
unkapete collected $1.29 from pot
*** SUMMARY ***
Total pot $1.35 | Rake $0.06 
Board [7d 2c 3h]
Seat 1: gabrieldouber folded on the Flop
Seat 2: zubr768 folded before Flop (didn't bet)
Seat 3: unkapete collected ($1.29)
Seat 4: naxal2012 folded before Flop (didn't bet)
Seat 5: jaman4life (button) folded on the Flop
Seat 6: wagneryt (small blind) folded before Flop
Seat 8: Count Mole (big blind) folded before Flop
Seat 9: Dorex2007 folded on the Flop



PokerStars Hand #238018743414:  Hold'em No Limit ($0.05/$0.10 USD) - 2022/08/15 21:24:03 PT [2022/08/16 0:24:03 ET]
Table 'Iguassu III' 9-max Seat #6 is the button
Seat 1: gabrieldouber ($9.70 in chips) 
Seat 2: zubr768 ($10 in chips) 
Seat 3: unkapete ($12.02 in chips) 
Seat 4: naxal2012 ($12.26 in chips) 
Seat 5: jaman4life ($7.94 in chips) 
Seat 6: wagneryt ($15.79 in chips) 
Seat 8: Count Mole ($16.89 in chips) 
Seat 9: Dorex2007 ($13.09 in chips) 
Count Mole: posts small blind $0.05
Dorex2007: posts big blind $0.10
*** HOLE CARDS ***
Dealt to Dorex2007 [8c 4c]
gabrieldouber: folds 
zubr768: folds 
unkapete: folds 
naxal2012: folds 
jaman4life: folds 
wagneryt: calls $0.10
Count Mole: folds 
Dorex2007: checks 
*** FLOP *** [3s As Kh]
Dorex2007: checks 
wagneryt: bets $0.12
Dorex2007: folds 
Uncalled bet ($0.12) returned to wagneryt
wagneryt collected $0.24 from pot
*** SUMMARY ***
Total pot $0.25 | Rake $0.01 
Board [3s As Kh]
Seat 1: gabrieldouber folded before Flop (didn't bet)
Seat 2: zubr768 folded before Flop (didn't bet)
Seat 3: unkapete folded before Flop (didn't bet)
Seat 4: naxal2012 folded before Flop (didn't bet)
Seat 5: jaman4life folded before Flop (didn't bet)
Seat 6: wagneryt (button) collected ($0.24)
Seat 8: Count Mole (small blind) folded before Flop
Seat 9: Dorex2007 (big blind) folded on the Flop



PokerStars Hand #238018748086:  Hold'em No Limit ($0.05/$0.10 USD) - 2022/08/15 21:24:43 PT [2022/08/16 0:24:43 ET]
Table 'Iguassu III' 9-max Seat #8 is the button
Seat 1: gabrieldouber ($9.70 in chips) 
Seat 2: zubr768 ($10 in chips) 
Seat 3: unkapete ($12.02 in chips) 
Seat 4: naxal2012 ($12.26 in chips) 
Seat 5: jaman4life ($7.94 in chips) 
Seat 6: wagneryt ($15.93 in chips) 
Seat 8: Count Mole ($16.84 in chips) 
Seat 9: Dorex2007 ($12.99 in chips) 
Dorex2007: posts small blind $0.05
gabrieldouber: posts big blind $0.10
*** HOLE CARDS ***
Dealt to Dorex2007 [Kc 9c]
zubr768: folds 
unkapete: folds 
naxal2012: folds 
jaman4life: folds 
wagneryt: folds 
Count Mole: folds 
Dorex2007: raises $0.10 to $0.20
gabrieldouber: calls $0.10
*** FLOP *** [4s 7c As]
Dorex2007: checks 
gabrieldouber: checks 
*** TURN *** [4s 7c As] [5c]
Dorex2007: checks 
gabrieldouber: checks 
*** RIVER *** [4s 7c As 5c] [Ah]
Dorex2007: bets $0.19
gabrieldouber: calls $0.19
*** SHOW DOWN ***
Dorex2007: shows [Kc 9c] (a pair of Aces)
gabrieldouber: shows [8h 8s] (two pair, Aces and Eights)
gabrieldouber collected $0.74 from pot
*** SUMMARY ***
Total pot $0.78 | Rake $0.04 
Board [4s 7c As 5c Ah]
Seat 1: gabrieldouber (big blind) showed [8h 8s] and won ($0.74) with two pair, Aces and Eights
Seat 2: zubr768 folded before Flop (didn't bet)
Seat 3: unkapete folded before Flop (didn't bet)
Seat 4: naxal2012 folded before Flop (didn't bet)
Seat 5: jaman4life folded before Flop (didn't bet)
Seat 6: wagneryt folded before Flop (didn't bet)
Seat 8: Count Mole (button) folded before Flop (didn't bet)
Seat 9: Dorex2007 (small blind) showed [Kc 9c] and lost with a pair of Aces



PokerStars Hand #238018754473:  Hold'em No Limit ($0.05/$0.10 USD) - 2022/08/15 21:25:37 PT [2022/08/16 0:25:37 ET]
Table 'Iguassu III' 9-max Seat #9 is the button
Seat 1: gabrieldouber ($10.05 in chips) 
Seat 2: zubr768 ($10 in chips) 
Seat 3: unkapete ($12.02 in chips) 
Seat 4: naxal2012 ($12.26 in chips) 
Seat 5: jaman4life ($7.94 in chips) 
Seat 6: wagneryt ($15.93 in chips) 
Seat 8: Count Mole ($16.84 in chips) 
Seat 9: Dorex2007 ($12.60 in chips) 
gabrieldouber: posts small blind $0.05
zubr768: posts big blind $0.10
*** HOLE CARDS ***
Dealt to Dorex2007 [3d 9s]
unkapete: folds 
naxal2012: folds 
jaman4life: calls $0.10
wagneryt: folds 
Count Mole: folds 
Dorex2007: folds 
gabrieldouber: calls $0.05
zubr768: checks 
*** FLOP *** [Ac 8c Jd]
gabrieldouber: checks 
zubr768: checks 
jaman4life: bets $0.29
gabrieldouber: folds 
zubr768: folds 
Uncalled bet ($0.29) returned to jaman4life
jaman4life collected $0.29 from pot
jaman4life: doesn't show hand 
*** SUMMARY ***
Total pot $0.30 | Rake $0.01 
Board [Ac 8c Jd]
Seat 1: gabrieldouber (small blind) folded on the Flop
Seat 2: zubr768 (big blind) folded on the Flop
Seat 3: unkapete folded before Flop (didn't bet)
Seat 4: naxal2012 folded before Flop (didn't bet)
Seat 5: jaman4life collected ($0.29)
Seat 6: wagneryt folded before Flop (didn't bet)
Seat 8: Count Mole folded before Flop (didn't bet)
Seat 9: Dorex2007 (button) folded before Flop (didn't bet)



PokerStars Hand #238018758265:  Hold'em No Limit ($0.05/$0.10 USD) - 2022/08/15 21:26:09 PT [2022/08/16 0:26:09 ET]
Table 'Iguassu III' 9-max Seat #1 is the button
Seat 1: gabrieldouber ($9.95 in chips) 
Seat 2: zubr768 ($10 in chips) 
Seat 3: unkapete ($12.02 in chips) 
Seat 4: naxal2012 ($12.26 in chips) 
Seat 5: jaman4life ($8.13 in chips) 
Seat 6: wagneryt ($15.93 in chips) 
Seat 8: Count Mole ($16.84 in chips) 
Seat 9: Dorex2007 ($12.60 in chips) 
zubr768: posts small blind $0.05
unkapete: posts big blind $0.10
*** HOLE CARDS ***
Dealt to Dorex2007 [Tc 6s]
naxal2012: raises $0.20 to $0.30
jaman4life: folds 
wagneryt: folds 
Count Mole: folds 
Dorex2007: folds 
gabrieldouber: folds 
zubr768: calls $0.25
unkapete: folds 
*** FLOP *** [7d 2h 4d]
zubr768: checks 
naxal2012: bets $0.34
zubr768: calls $0.34
*** TURN *** [7d 2h 4d] [3d]
zubr768: checks 
naxal2012: checks 
*** RIVER *** [7d 2h 4d 3d] [Jc]
zubr768: checks 
naxal2012: checks 
*** SHOW DOWN ***
zubr768: shows [Qc Ad] (high card Ace)
naxal2012: shows [Qd Qs] (a pair of Queens)
naxal2012 collected $1.32 from pot
*** SUMMARY ***
Total pot $1.38 | Rake $0.06 
Board [7d 2h 4d 3d Jc]
Seat 1: gabrieldouber (button) folded before Flop (didn't bet)
Seat 2: zubr768 (small blind) showed [Qc Ad] and lost with high card Ace
Seat 3: unkapete (big blind) folded before Flop
Seat 4: naxal2012 showed [Qd Qs] and won ($1.32) with a pair of Queens
Seat 5: jaman4life folded before Flop (didn't bet)
Seat 6: wagneryt folded before Flop (didn't bet)
Seat 8: Count Mole folded before Flop (didn't bet)
Seat 9: Dorex2007 folded before Flop (didn't bet)



PokerStars Hand #238018764024:  Hold'em No Limit ($0.05/$0.10 USD) - 2022/08/15 21:26:56 PT [2022/08/16 0:26:56 ET]
Table 'Iguassu III' 9-max Seat #2 is the button
Seat 1: gabrieldouber ($9.95 in chips) 
Seat 2: zubr768 ($10 in chips) 
Seat 3: unkapete ($11.92 in chips) 
Seat 4: naxal2012 ($12.94 in chips) 
Seat 5: jaman4life ($8.13 in chips) 
Seat 6: wagneryt ($15.93 in chips) 
Seat 8: Count Mole ($16.84 in chips) 
Seat 9: Dorex2007 ($12.60 in chips) 
unkapete: posts small blind $0.05
naxal2012: posts big blind $0.10
*** HOLE CARDS ***
Dealt to Dorex2007 [Kh Qh]
jaman4life: folds 
wagneryt: folds 
Count Mole: folds 
Dorex2007: raises $0.20 to $0.30
gabrieldouber: calls $0.30
zubr768: folds 
unkapete: folds 
naxal2012: folds 
*** FLOP *** [9h Jh Jc]
Dorex2007: bets $0.48
gabrieldouber: folds 
Uncalled bet ($0.48) returned to Dorex2007
Dorex2007 collected $0.72 from pot
Dorex2007: doesn't show hand 
*** SUMMARY ***
Total pot $0.75 | Rake $0.03 
Board [9h Jh Jc]
Seat 1: gabrieldouber folded on the Flop
Seat 2: zubr768 (button) folded before Flop (didn't bet)
Seat 3: unkapete (small blind) folded before Flop
Seat 4: naxal2012 (big blind) folded before Flop
Seat 5: jaman4life folded before Flop (didn't bet)
Seat 6: wagneryt folded before Flop (didn't bet)
Seat 8: Count Mole folded before Flop (didn't bet)
Seat 9: Dorex2007 collected ($0.72)



PokerStars Hand #238018767869:  Hold'em No Limit ($0.05/$0.10 USD) - 2022/08/15 21:27:29 PT [2022/08/16 0:27:29 ET]
Table 'Iguassu III' 9-max Seat #3 is the button
Seat 1: gabrieldouber ($9.65 in chips) 
Seat 2: zubr768 ($10 in chips) 
Seat 3: unkapete ($11.87 in chips) 
Seat 4: naxal2012 ($12.84 in chips) 
Seat 5: jaman4life ($8.13 in chips) 
Seat 6: wagneryt ($15.93 in chips) 
Seat 8: Count Mole ($16.84 in chips) 
Seat 9: Dorex2007 ($13.02 in chips) 
naxal2012: posts small blind $0.05
jaman4life: posts big blind $0.10
*** HOLE CARDS ***
Dealt to Dorex2007 [3c Jd]
wagneryt: calls $0.10
Count Mole: folds 
Dorex2007: folds 
gabrieldouber: calls $0.10
zubr768: folds 
unkapete: calls $0.10
naxal2012: calls $0.05
jaman4life: checks 
*** FLOP *** [Ac 7c 5s]
naxal2012: checks 
jaman4life: checks 
wagneryt: checks 
gabrieldouber: checks 
unkapete: checks 
*** TURN *** [Ac 7c 5s] [5h]
naxal2012: checks 
jaman4life: checks 
wagneryt: bets $0.24
gabrieldouber: folds 
unkapete: folds 
naxal2012: folds 
jaman4life: folds 
Uncalled bet ($0.24) returned to wagneryt
wagneryt collected $0.48 from pot
*** SUMMARY ***
Total pot $0.50 | Rake $0.02 
Board [Ac 7c 5s 5h]
Seat 1: gabrieldouber folded on the Turn
Seat 2: zubr768 folded before Flop (didn't bet)
Seat 3: unkapete (button) folded on the Turn
Seat 4: naxal2012 (small blind) folded on the Turn
Seat 5: jaman4life (big blind) folded on the Turn
Seat 6: wagneryt collected ($0.48)
Seat 8: Count Mole folded before Flop (didn't bet)
Seat 9: Dorex2007 folded before Flop (didn't bet)



PokerStars Hand #238018774983:  Hold'em No Limit ($0.05/$0.10 USD) - 2022/08/15 21:28:28 PT [2022/08/16 0:28:28 ET]
Table 'Iguassu III' 9-max Seat #4 is the button
Seat 1: gabrieldouber ($9.55 in chips) 
Seat 2: zubr768 ($10 in chips) 
Seat 3: unkapete ($11.77 in chips) 
Seat 4: naxal2012 ($12.74 in chips) 
Seat 5: jaman4life ($8.03 in chips) 
Seat 6: wagneryt ($16.31 in chips) 
Seat 8: Count Mole ($16.84 in chips) 
Seat 9: Dorex2007 ($13.02 in chips) 
jaman4life: posts small blind $0.05
wagneryt: posts big blind $0.10
*** HOLE CARDS ***
Dealt to Dorex2007 [3c Qs]
Count Mole: folds 
Dorex2007: folds 
gabrieldouber: calls $0.10
zubr768: folds 
unkapete: folds 
naxal2012: calls $0.10
jaman4life: calls $0.05
wagneryt: checks 
*** FLOP *** [5s Jd 2s]
jaman4life: checks 
wagneryt: checks 
gabrieldouber: checks 
naxal2012: bets $0.19
jaman4life: folds 
wagneryt: folds 
gabrieldouber: calls $0.19
*** TURN *** [5s Jd 2s] [7h]
gabrieldouber: checks 
naxal2012: bets $0.37
gabrieldouber: folds 
Uncalled bet ($0.37) returned to naxal2012
naxal2012 collected $0.74 from pot
*** SUMMARY ***
Total pot $0.78 | Rake $0.04 
Board [5s Jd 2s 7h]
Seat 1: gabrieldouber folded on the Turn
Seat 2: zubr768 folded before Flop (didn't bet)
Seat 3: unkapete folded before Flop (didn't bet)
Seat 4: naxal2012 (button) collected ($0.74)
Seat 5: jaman4life (small blind) folded on the Flop
Seat 6: wagneryt (big blind) folded on the Flop
Seat 8: Count Mole folded before Flop (didn't bet)
Seat 9: Dorex2007 folded before Flop (didn't bet)



PokerStars Hand #238018791183:  Hold'em No Limit ($0.05/$0.10 USD) - 2022/08/15 21:29:25 PT [2022/08/16 0:29:25 ET]
Table 'Iguassu III' 9-max Seat #5 is the button
Seat 1: gabrieldouber ($9.26 in chips) 
Seat 2: zubr768 ($10 in chips) 
Seat 3: unkapete ($11.77 in chips) 
Seat 4: naxal2012 ($13.19 in chips) 
Seat 5: jaman4life ($7.93 in chips) 
Seat 6: wagneryt ($16.21 in chips) 
Seat 8: Count Mole ($16.84 in chips) 
Seat 9: Dorex2007 ($13.02 in chips) 
wagneryt: posts small blind $0.05
Count Mole: posts big blind $0.10
*** HOLE CARDS ***
Dealt to Dorex2007 [Ac 2c]
Dorex2007: calls $0.10
gabrieldouber: calls $0.10
zubr768: folds 
unkapete: calls $0.10
naxal2012: folds 
jaman4life: folds 
wagneryt: calls $0.05
Count Mole: checks 
*** FLOP *** [9d 5s 5c]
wagneryt: checks 
Count Mole: checks 
Dorex2007: checks 
gabrieldouber: bets $0.30
unkapete: folds 
wagneryt: folds 
Count Mole: folds 
Dorex2007: folds 
Uncalled bet ($0.30) returned to gabrieldouber
gabrieldouber collected $0.48 from pot
gabrieldouber: doesn't show hand 
*** SUMMARY ***
Total pot $0.50 | Rake $0.02 
Board [9d 5s 5c]
Seat 1: gabrieldouber collected ($0.48)
Seat 2: zubr768 folded before Flop (didn't bet)
Seat 3: unkapete folded on the Flop
Seat 4: naxal2012 folded before Flop (didn't bet)
Seat 5: jaman4life (button) folded before Flop (didn't bet)
Seat 6: wagneryt (small blind) folded on the Flop
Seat 8: Count Mole (big blind) folded on the Flop
Seat 9: Dorex2007 folded on the Flop



PokerStars Hand #238018797219:  Hold'em No Limit ($0.05/$0.10 USD) - 2022/08/15 21:30:17 PT [2022/08/16 0:30:17 ET]
Table 'Iguassu III' 9-max Seat #6 is the button
Seat 1: gabrieldouber ($9.64 in chips) 
Seat 2: zubr768 ($10 in chips) 
Seat 3: unkapete ($11.67 in chips) 
Seat 4: naxal2012 ($13.19 in chips) 
Seat 5: jaman4life ($7.93 in chips) 
Seat 6: wagneryt ($16.11 in chips) 
Seat 8: Count Mole ($16.74 in chips) 
Seat 9: Dorex2007 ($12.92 in chips) 
Count Mole: posts small blind $0.05
Dorex2007: posts big blind $0.10
*** HOLE CARDS ***
Dealt to Dorex2007 [4d 2d]
gabrieldouber: calls $0.10
zubr768: folds 
unkapete: folds 
naxal2012: folds 
jaman4life: calls $0.10
wagneryt: folds 
Count Mole: folds 
Dorex2007: checks 
*** FLOP *** [8c 5s Ac]
Dorex2007: checks 
gabrieldouber: bets $0.10
jaman4life: calls $0.10
Dorex2007: folds 
*** TURN *** [8c 5s Ac] [Th]
gabrieldouber: bets $0.10
jaman4life: calls $0.10
*** RIVER *** [8c 5s Ac Th] [4c]
gabrieldouber: bets $0.10
jaman4life: calls $0.10
*** SHOW DOWN ***
gabrieldouber: shows [2h Ah] (a pair of Aces)
jaman4life: mucks hand 
gabrieldouber collected $0.91 from pot
*** SUMMARY ***
Total pot $0.95 | Rake $0.04 
Board [8c 5s Ac Th 4c]
Seat 1: gabrieldouber showed [2h Ah] and won ($0.91) with a pair of Aces
Seat 2: zubr768 folded before Flop (didn't bet)
Seat 3: unkapete folded before Flop (didn't bet)
Seat 4: naxal2012 folded before Flop (didn't bet)
Seat 5: jaman4life mucked [7s 7d]
Seat 6: wagneryt (button) folded before Flop (didn't bet)
Seat 8: Count Mole (small blind) folded before Flop
Seat 9: Dorex2007 (big blind) folded on the Flop



PokerStars Hand #238018804927:  Hold'em No Limit ($0.05/$0.10 USD) - 2022/08/15 21:31:23 PT [2022/08/16 0:31:23 ET]
Table 'Iguassu III' 9-max Seat #8 is the button
Seat 1: gabrieldouber ($10.15 in chips) 
Seat 2: zubr768 ($10 in chips) 
Seat 3: unkapete ($11.67 in chips) 
Seat 4: naxal2012 ($13.19 in chips) 
Seat 5: jaman4life ($7.53 in chips) 
Seat 6: wagneryt ($16.11 in chips) 
Seat 8: Count Mole ($16.69 in chips) 
Seat 9: Dorex2007 ($12.82 in chips) 
Dorex2007: posts small blind $0.05
gabrieldouber: posts big blind $0.10
*** HOLE CARDS ***
Dealt to Dorex2007 [5d 9c]
zubr768: folds 
unkapete: folds 
naxal2012: raises $0.20 to $0.30
jaman4life: folds 
wagneryt: folds 
Count Mole: folds 
Dorex2007: folds 
gabrieldouber: folds 
Uncalled bet ($0.20) returned to naxal2012
naxal2012 collected $0.25 from pot
*** SUMMARY ***
Total pot $0.25 | Rake $0 
Seat 1: gabrieldouber (big blind) folded before Flop
Seat 2: zubr768 folded before Flop (didn't bet)
Seat 3: unkapete folded before Flop (didn't bet)
Seat 4: naxal2012 collected ($0.25)
Seat 5: jaman4life folded before Flop (didn't bet)
Seat 6: wagneryt folded before Flop (didn't bet)
Seat 8: Count Mole (button) folded before Flop (didn't bet)
Seat 9: Dorex2007 (small blind) folded before Flop



PokerStars Hand #238018807646:  Hold'em No Limit ($0.05/$0.10 USD) - 2022/08/15 21:31:46 PT [2022/08/16 0:31:46 ET]
Table 'Iguassu III' 9-max Seat #9 is the button
Seat 1: gabrieldouber ($10.05 in chips) 
Seat 2: zubr768 ($10 in chips) 
Seat 3: unkapete ($11.67 in chips) 
Seat 4: naxal2012 ($13.34 in chips) 
Seat 5: jaman4life ($7.53 in chips) 
Seat 6: wagneryt ($16.11 in chips) 
Seat 8: Count Mole ($16.69 in chips) 
Seat 9: Dorex2007 ($12.77 in chips) 
gabrieldouber: posts small blind $0.05
zubr768: posts big blind $0.10
*** HOLE CARDS ***
Dealt to Dorex2007 [7s 2c]
unkapete: raises $0.20 to $0.30
naxal2012: folds 
jaman4life: folds 
wagneryt: folds 
Count Mole: folds 
Dorex2007: folds 
gabrieldouber: calls $0.25
zubr768: folds 
*** FLOP *** [Qc Jc Js]
gabrieldouber: checks 
unkapete: checks 
*** TURN *** [Qc Jc Js] [9h]
gabrieldouber: checks 
unkapete: checks 
*** RIVER *** [Qc Jc Js 9h] [7c]
gabrieldouber: bets $1.60
unkapete: folds 
Uncalled bet ($1.60) returned to gabrieldouber
gabrieldouber collected $0.67 from pot
gabrieldouber: doesn't show hand 
*** SUMMARY ***
Total pot $0.70 | Rake $0.03 
Board [Qc Jc Js 9h 7c]
Seat 1: gabrieldouber (small blind) collected ($0.67)
Seat 2: zubr768 (big blind) folded before Flop
Seat 3: unkapete folded on the River
Seat 4: naxal2012 folded before Flop (didn't bet)
Seat 5: jaman4life folded before Flop (didn't bet)
Seat 6: wagneryt folded before Flop (didn't bet)
Seat 8: Count Mole folded before Flop (didn't bet)
Seat 9: Dorex2007 (button) folded before Flop (didn't bet)



PokerStars Hand #238018820035:  Hold'em No Limit ($0.05/$0.10 USD) - 2022/08/15 21:32:30 PT [2022/08/16 0:32:30 ET]
Table 'Iguassu III' 9-max Seat #1 is the button
Seat 1: gabrieldouber ($10.42 in chips) 
Seat 2: zubr768 ($10 in chips) 
Seat 3: unkapete ($11.37 in chips) 
Seat 4: naxal2012 ($13.34 in chips) 
Seat 5: jaman4life ($7.53 in chips) 
Seat 6: wagneryt ($16.11 in chips) 
Seat 8: Count Mole ($16.69 in chips) 
Seat 9: Dorex2007 ($12.77 in chips) 
zubr768: posts small blind $0.05
unkapete: posts big blind $0.10
*** HOLE CARDS ***
Dealt to Dorex2007 [Tc Jh]
naxal2012: folds 
jaman4life: folds 
wagneryt: folds 
Count Mole: folds 
Dorex2007: folds 
gabrieldouber: folds 
zubr768: folds 
Uncalled bet ($0.05) returned to unkapete
unkapete collected $0.10 from pot
*** SUMMARY ***
Total pot $0.10 | Rake $0 
Seat 1: gabrieldouber (button) folded before Flop (didn't bet)
Seat 2: zubr768 (small blind) folded before Flop
Seat 3: unkapete (big blind) collected ($0.10)
Seat 4: naxal2012 folded before Flop (didn't bet)
Seat 5: jaman4life folded before Flop (didn't bet)
Seat 6: wagneryt folded before Flop (didn't bet)
Seat 8: Count Mole folded before Flop (didn't bet)
Seat 9: Dorex2007 folded before Flop (didn't bet)



PokerStars Hand #238018821493:  Hold'em No Limit ($0.05/$0.10 USD) - 2022/08/15 21:32:42 PT [2022/08/16 0:32:42 ET]
Table 'Iguassu III' 9-max Seat #2 is the button
Seat 1: gabrieldouber ($10.42 in chips) 
Seat 2: zubr768 ($10 in chips) 
Seat 3: unkapete ($11.42 in chips) 
Seat 4: naxal2012 ($13.34 in chips) 
Seat 5: jaman4life ($7.53 in chips) 
Seat 6: wagneryt ($16.11 in chips) 
Seat 8: Count Mole ($16.69 in chips) 
Seat 9: Dorex2007 ($12.77 in chips) 
unkapete: posts small blind $0.05
naxal2012: posts big blind $0.10
*** HOLE CARDS ***
Dealt to Dorex2007 [Ks 5h]
jaman4life: calls $0.10
Bigpaparoy.300 leaves the table
wagneryt: calls $0.10
Count Mole: folds 
Dorex2007: folds 
gabrieldouber: folds 
zubr768: folds 
unkapete: folds 
naxal2012: checks 
*** FLOP *** [7d 2c Qh]
naxal2012: checks 
jaman4life: checks 
wagneryt: bets $0.16
naxal2012: folds 
jaman4life: calls $0.16
*** TURN *** [7d 2c Qh] [Ts]
jaman4life: checks 
wagneryt: checks 
*** RIVER *** [7d 2c Qh Ts] [Ad]
jaman4life: checks 
wagneryt: bets $0.32
jaman4life: folds 
Uncalled bet ($0.32) returned to wagneryt
wagneryt collected $0.64 from pot
*** SUMMARY ***
Total pot $0.67 | Rake $0.03 
Board [7d 2c Qh Ts Ad]
Seat 1: gabrieldouber folded before Flop (didn't bet)
Seat 2: zubr768 (button) folded before Flop (didn't bet)
Seat 3: unkapete (small blind) folded before Flop
Seat 4: naxal2012 (big blind) folded on the Flop
Seat 5: jaman4life folded on the River
Seat 6: wagneryt collected ($0.64)
Seat 8: Count Mole folded before Flop (didn't bet)
Seat 9: Dorex2007 folded before Flop (didn't bet)



PokerStars Hand #238018827804:  Hold'em No Limit ($0.05/$0.10 USD) - 2022/08/15 21:33:37 PT [2022/08/16 0:33:37 ET]
Table 'Iguassu III' 9-max Seat #3 is the button
Seat 1: gabrieldouber ($10.42 in chips) 
Seat 2: zubr768 ($10 in chips) 
Seat 3: unkapete ($11.37 in chips) 
Seat 4: naxal2012 ($13.24 in chips) 
Seat 5: jaman4life ($7.27 in chips) 
Seat 6: wagneryt ($16.49 in chips) 
Seat 8: Count Mole ($16.69 in chips) 
Seat 9: Dorex2007 ($12.77 in chips) 
naxal2012: posts small blind $0.05
jaman4life: posts big blind $0.10
*** HOLE CARDS ***
Dealt to Dorex2007 [As 3d]
wagneryt: calls $0.10
Count Mole: folds 
Dorex2007: folds 
gabrieldouber: calls $0.10
zubr768: folds 
unkapete: folds 
naxal2012: calls $0.05
jaman4life: checks 
*** FLOP *** [2s 5d 5c]
naxal2012: checks 
jaman4life: checks 
wagneryt: bets $0.10
gabrieldouber: folds 
naxal2012: calls $0.10
jaman4life: folds 
*** TURN *** [2s 5d 5c] [7d]
naxal2012: checks 
wagneryt: bets $0.28
naxal2012: calls $0.28
*** RIVER *** [2s 5d 5c 7d] [4c]
naxal2012: checks 
wagneryt: bets $1.11
naxal2012: calls $1.11
*** SHOW DOWN ***
wagneryt: shows [6s 3s] (a straight, Three to Seven)
naxal2012: mucks hand 
wagneryt collected $3.23 from pot
*** SUMMARY ***
Total pot $3.38 | Rake $0.15 
Board [2s 5d 5c 7d 4c]
Seat 1: gabrieldouber folded on the Flop
Seat 2: zubr768 folded before Flop (didn't bet)
Seat 3: unkapete (button) folded before Flop (didn't bet)
Seat 4: naxal2012 (small blind) mucked [3h 5h]
Seat 5: jaman4life (big blind) folded on the Flop
Seat 6: wagneryt showed [6s 3s] and won ($3.23) with a straight, Three to Seven
Seat 8: Count Mole folded before Flop (didn't bet)
Seat 9: Dorex2007 folded before Flop (didn't bet)



PokerStars Hand #238018836363:  Hold'em No Limit ($0.05/$0.10 USD) - 2022/08/15 21:34:51 PT [2022/08/16 0:34:51 ET]
Table 'Iguassu III' 9-max Seat #4 is the button
Seat 1: gabrieldouber ($10.32 in chips) 
Seat 2: zubr768 ($10 in chips) 
Seat 3: unkapete ($11.37 in chips) 
Seat 4: naxal2012 ($11.65 in chips) 
Seat 5: jaman4life ($7.17 in chips) 
Seat 6: wagneryt ($18.13 in chips) 
Seat 8: Count Mole ($16.69 in chips) 
Seat 9: Dorex2007 ($12.77 in chips) 
jaman4life: posts small blind $0.05
wagneryt: posts big blind $0.10
*** HOLE CARDS ***
Dealt to Dorex2007 [7s 5d]
Count Mole: folds 
Dorex2007: folds 
gabrieldouber: calls $0.10
zubr768: folds 
unkapete: calls $0.10
naxal2012: folds 
jaman4life: calls $0.05
wagneryt: checks 
*** FLOP *** [9c 5s Jd]
jaman4life: checks 
wagneryt: checks 
gabrieldouber: checks 
unkapete: bets $0.19
jaman4life: folds 
wagneryt: folds 
martinov_n joins the table at seat #7 
gabrieldouber: folds 
Uncalled bet ($0.19) returned to unkapete
unkapete collected $0.38 from pot
*** SUMMARY ***
Total pot $0.40 | Rake $0.02 
Board [9c 5s Jd]
Seat 1: gabrieldouber folded on the Flop
Seat 2: zubr768 folded before Flop (didn't bet)
Seat 3: unkapete collected ($0.38)
Seat 4: naxal2012 (button) folded before Flop (didn't bet)
Seat 5: jaman4life (small blind) folded on the Flop
Seat 6: wagneryt (big blind) folded on the Flop
Seat 8: Count Mole folded before Flop (didn't bet)
Seat 9: Dorex2007 folded before Flop (didn't bet)



PokerStars Hand #238018842888:  Hold'em No Limit ($0.05/$0.10 USD) - 2022/08/15 21:35:47 PT [2022/08/16 0:35:47 ET]
Table 'Iguassu III' 9-max Seat #5 is the button
Seat 1: gabrieldouber ($10.22 in chips) 
Seat 2: zubr768 ($10 in chips) 
Seat 3: unkapete ($11.65 in chips) 
Seat 4: naxal2012 ($11.65 in chips) 
Seat 5: jaman4life ($7.07 in chips) 
Seat 6: wagneryt ($18.03 in chips) 
Seat 7: martinov_n ($10 in chips) 
Seat 8: Count Mole ($16.69 in chips) 
Seat 9: Dorex2007 ($12.77 in chips) 
wagneryt: posts small blind $0.05
martinov_n: posts big blind $0.10
*** HOLE CARDS ***
Dealt to Dorex2007 [Kc 2s]
Count Mole: folds 
Dorex2007: folds 
gabrieldouber: folds 
zubr768: raises $0.20 to $0.30
unkapete: folds 
naxal2012: folds 
jaman4life: calls $0.30
wagneryt: folds 
martinov_n: folds 
*** FLOP *** [5d Ts Th]
zubr768: bets $0.36
jaman4life: calls $0.36
*** TURN *** [5d Ts Th] [9h]
zubr768: checks 
jaman4life: bets $0.70
zubr768: calls $0.70
*** RIVER *** [5d Ts Th 9h] [9s]
zubr768: checks 
jaman4life: checks 
*** SHOW DOWN ***
zubr768: shows [Ah Ad] (two pair, Aces and Tens)
jaman4life: mucks hand 
zubr768 collected $2.74 from pot
*** SUMMARY ***
Total pot $2.87 | Rake $0.13 
Board [5d Ts Th 9h 9s]
Seat 1: gabrieldouber folded before Flop (didn't bet)
Seat 2: zubr768 showed [Ah Ad] and won ($2.74) with two pair, Aces and Tens
Seat 3: unkapete folded before Flop (didn't bet)
Seat 4: naxal2012 folded before Flop (didn't bet)
Seat 5: jaman4life (button) mucked [Ks Ac]
Seat 6: wagneryt (small blind) folded before Flop
Seat 7: martinov_n (big blind) folded before Flop
Seat 8: Count Mole folded before Flop (didn't bet)
Seat 9: Dorex2007 folded before Flop (didn't bet)



PokerStars Hand #238018848205:  Hold'em No Limit ($0.05/$0.10 USD) - 2022/08/15 21:36:33 PT [2022/08/16 0:36:33 ET]
Table 'Iguassu III' 9-max Seat #6 is the button
Seat 1: gabrieldouber ($10.22 in chips) 
Seat 2: zubr768 ($11.38 in chips) 
Seat 3: unkapete ($11.65 in chips) 
Seat 4: naxal2012 ($11.65 in chips) 
Seat 5: jaman4life ($5.71 in chips) 
Seat 6: wagneryt ($17.98 in chips) 
Seat 7: martinov_n ($10 in chips) 
Seat 8: Count Mole ($16.69 in chips) 
Seat 9: Dorex2007 ($12.77 in chips) 
martinov_n: posts small blind $0.05
Count Mole: posts big blind $0.10
*** HOLE CARDS ***
Dealt to Dorex2007 [Jh 4s]
Dorex2007: folds 
gabrieldouber: calls $0.10
zubr768: folds 
unkapete: raises $0.20 to $0.30
naxal2012: folds 
jaman4life: calls $0.30
wagneryt: folds 
martinov_n: folds 
Count Mole: folds 
gabrieldouber: calls $0.20
*** FLOP *** [3d 6c Td]
gabrieldouber: checks 
unkapete: bets $1
jaman4life: calls $1
gabrieldouber: folds 
*** TURN *** [3d 6c Td] [7c]
unkapete: bets $2.91
jaman4life: calls $2.91
*** RIVER *** [3d 6c Td 7c] [Ah]
unkapete: bets $7.44 and is all-in
jaman4life: folds 
Uncalled bet ($7.44) returned to unkapete
unkapete collected $8.47 from pot
*** SUMMARY ***
Total pot $8.87 | Rake $0.40 
Board [3d 6c Td 7c Ah]
Seat 1: gabrieldouber folded on the Flop
Seat 2: zubr768 folded before Flop (didn't bet)
Seat 3: unkapete collected ($8.47)
Seat 4: naxal2012 folded before Flop (didn't bet)
Seat 5: jaman4life folded on the River
Seat 6: wagneryt (button) folded before Flop (didn't bet)
Seat 7: martinov_n (small blind) folded before Flop
Seat 8: Count Mole (big blind) folded before Flop
Seat 9: Dorex2007 folded before Flop (didn't bet)



PokerStars Hand #238018856674:  Hold'em No Limit ($0.05/$0.10 USD) - 2022/08/15 21:37:48 PT [2022/08/16 0:37:48 ET]
Table 'Iguassu III' 9-max Seat #7 is the button
Seat 1: gabrieldouber ($9.92 in chips) 
Seat 2: zubr768 ($11.38 in chips) 
Seat 3: unkapete ($15.91 in chips) 
Seat 4: naxal2012 ($11.65 in chips) 
Seat 5: jaman4life ($1.50 in chips) 
Seat 6: wagneryt ($17.98 in chips) 
Seat 7: martinov_n ($10 in chips) 
Seat 8: Count Mole ($16.59 in chips) 
Seat 9: Dorex2007 ($12.77 in chips) 
Count Mole: posts small blind $0.05
Dorex2007: posts big blind $0.10
*** HOLE CARDS ***
Dealt to Dorex2007 [Kd Kh]
gabrieldouber: folds 
zubr768: folds 
unkapete: raises $0.20 to $0.30
naxal2012: folds 
jaman4life: folds 
wagneryt: folds 
martinov_n: folds 
Count Mole: folds 
Dorex2007: raises $0.65 to $0.95
unkapete: folds 
Uncalled bet ($0.65) returned to Dorex2007
Dorex2007 collected $0.65 from pot
Dorex2007: doesn't show hand 
*** SUMMARY ***
Total pot $0.65 | Rake $0 
Seat 1: gabrieldouber folded before Flop (didn't bet)
Seat 2: zubr768 folded before Flop (didn't bet)
Seat 3: unkapete folded before Flop
Seat 4: naxal2012 folded before Flop (didn't bet)
Seat 5: jaman4life folded before Flop (didn't bet)
Seat 6: wagneryt folded before Flop (didn't bet)
Seat 7: martinov_n (button) folded before Flop (didn't bet)
Seat 8: Count Mole (small blind) folded before Flop
Seat 9: Dorex2007 (big blind) collected ($0.65)



PokerStars Hand #238018859952:  Hold'em No Limit ($0.05/$0.10 USD) - 2022/08/15 21:38:16 PT [2022/08/16 0:38:16 ET]
Table 'Iguassu III' 9-max Seat #8 is the button
Seat 1: gabrieldouber ($9.92 in chips) 
Seat 2: zubr768 ($11.38 in chips) 
Seat 3: unkapete ($15.61 in chips) 
Seat 4: naxal2012 ($11.65 in chips) 
Seat 5: jaman4life ($1.50 in chips) 
Seat 6: wagneryt ($17.98 in chips) 
Seat 7: martinov_n ($10 in chips) 
Seat 8: Count Mole ($16.54 in chips) 
Seat 9: Dorex2007 ($13.12 in chips) 
Dorex2007: posts small blind $0.05
gabrieldouber: posts big blind $0.10
*** HOLE CARDS ***
Dealt to Dorex2007 [Ah 7d]
zubr768: folds 
unkapete: folds 
naxal2012: raises $0.15 to $0.25
jaman4life: folds 
wagneryt: raises $0.15 to $0.40
martinov_n: calls $0.40
Count Mole: folds 
Dorex2007: folds 
gabrieldouber: folds 
naxal2012: calls $0.15
*** FLOP *** [8d 5c Kc]
naxal2012: checks 
wagneryt: bets $0.64
martinov_n: calls $0.64
naxal2012: folds 
*** TURN *** [8d 5c Kc] [4d]
wagneryt: bets $8
martinov_n: folds 
Uncalled bet ($8) returned to wagneryt
wagneryt collected $2.51 from pot
*** SUMMARY ***
Total pot $2.63 | Rake $0.12 
Board [8d 5c Kc 4d]
Seat 1: gabrieldouber (big blind) folded before Flop
Seat 2: zubr768 folded before Flop (didn't bet)
Seat 3: unkapete folded before Flop (didn't bet)
Seat 4: naxal2012 folded on the Flop
Seat 5: jaman4life folded before Flop (didn't bet)
Seat 6: wagneryt collected ($2.51)
Seat 7: martinov_n folded on the Turn
Seat 8: Count Mole (button) folded before Flop (didn't bet)
Seat 9: Dorex2007 (small blind) folded before Flop



PokerStars Hand #238018868830:  Hold'em No Limit ($0.05/$0.10 USD) - 2022/08/15 21:39:32 PT [2022/08/16 0:39:32 ET]
Table 'Iguassu III' 9-max Seat #9 is the button
Seat 1: gabrieldouber ($9.82 in chips) 
Seat 2: zubr768 ($11.38 in chips) 
Seat 3: unkapete ($15.61 in chips) 
Seat 4: naxal2012 ($11.25 in chips) 
Seat 5: jaman4life ($1.50 in chips) 
Seat 6: wagneryt ($19.45 in chips) 
Seat 7: martinov_n ($10 in chips) 
Seat 8: Count Mole ($16.54 in chips) 
Seat 9: Dorex2007 ($13.07 in chips) 
gabrieldouber: posts small blind $0.05
zubr768: posts big blind $0.10
*** HOLE CARDS ***
Dealt to Dorex2007 [6s 4c]
unkapete: raises $0.20 to $0.30
naxal2012: folds 
jaman4life: folds 
wagneryt: folds 
martinov_n: raises $0.70 to $1
Count Mole: folds 
Dorex2007: folds 
gabrieldouber: folds 
zubr768: folds 
unkapete: folds 
Uncalled bet ($0.70) returned to martinov_n
martinov_n collected $0.75 from pot
martinov_n: doesn't show hand 
*** SUMMARY ***
Total pot $0.75 | Rake $0 
Seat 1: gabrieldouber (small blind) folded before Flop
Seat 2: zubr768 (big blind) folded before Flop
Seat 3: unkapete folded before Flop
Seat 4: naxal2012 folded before Flop (didn't bet)
Seat 5: jaman4life folded before Flop (didn't bet)
Seat 6: wagneryt folded before Flop (didn't bet)
Seat 7: martinov_n collected ($0.75)
Seat 8: Count Mole folded before Flop (didn't bet)
Seat 9: Dorex2007 (button) folded before Flop (didn't bet)



PokerStars Hand #238018872452:  Hold'em No Limit ($0.05/$0.10 USD) - 2022/08/15 21:40:03 PT [2022/08/16 0:40:03 ET]
Table 'Iguassu III' 9-max Seat #1 is the button
Seat 1: gabrieldouber ($9.77 in chips) 
Seat 2: zubr768 ($11.28 in chips) 
Seat 3: unkapete ($15.31 in chips) 
Seat 4: naxal2012 ($11.25 in chips) 
Seat 5: jaman4life ($1.50 in chips) 
Seat 6: wagneryt ($19.45 in chips) 
Seat 7: martinov_n ($10.45 in chips) 
Seat 8: Count Mole ($16.54 in chips) 
Seat 9: Dorex2007 ($13.07 in chips) 
zubr768: posts small blind $0.05
unkapete: posts big blind $0.10
*** HOLE CARDS ***
Dealt to Dorex2007 [5s 2s]
naxal2012: folds 
jaman4life: folds 
wagneryt: folds 
martinov_n: folds 
Count Mole: raises $0.20 to $0.30
Dorex2007: folds 
gabrieldouber: folds 
zubr768: folds 
unkapete: calls $0.20
*** FLOP *** [8c Qd 6s]
unkapete: checks 
Count Mole: bets $0.31
unkapete: calls $0.31
*** TURN *** [8c Qd 6s] [6d]
unkapete: checks 
Count Mole: bets $0.60
unkapete: calls $0.60
*** RIVER *** [8c Qd 6s 6d] [9s]
unkapete: checks 
Count Mole: checks 
*** SHOW DOWN ***
unkapete: shows [8s 7d] (two pair, Eights and Sixes)
Count Mole: shows [Kd Qs] (two pair, Queens and Sixes)
Count Mole collected $2.36 from pot
*** SUMMARY ***
Total pot $2.47 | Rake $0.11 
Board [8c Qd 6s 6d 9s]
Seat 1: gabrieldouber (button) folded before Flop (didn't bet)
Seat 2: zubr768 (small blind) folded before Flop
Seat 3: unkapete (big blind) showed [8s 7d] and lost with two pair, Eights and Sixes
Seat 4: naxal2012 folded before Flop (didn't bet)
Seat 5: jaman4life folded before Flop (didn't bet)
Seat 6: wagneryt folded before Flop (didn't bet)
Seat 7: martinov_n folded before Flop (didn't bet)
Seat 8: Count Mole showed [Kd Qs] and won ($2.36) with two pair, Queens and Sixes
Seat 9: Dorex2007 folded before Flop (didn't bet)



PokerStars Hand #238018877115:  Hold'em No Limit ($0.05/$0.10 USD) - 2022/08/15 21:40:44 PT [2022/08/16 0:40:44 ET]
Table 'Iguassu III' 9-max Seat #2 is the button
Seat 1: gabrieldouber ($9.77 in chips) 
Seat 2: zubr768 ($11.23 in chips) 
Seat 3: unkapete ($14.10 in chips) 
Seat 4: naxal2012 ($11.25 in chips) 
Seat 5: jaman4life ($1.50 in chips) 
Seat 6: wagneryt ($19.45 in chips) 
Seat 7: martinov_n ($10.45 in chips) 
Seat 8: Count Mole ($17.69 in chips) 
Seat 9: Dorex2007 ($13.07 in chips) 
unkapete: posts small blind $0.05
naxal2012: posts big blind $0.10
*** HOLE CARDS ***
Dealt to Dorex2007 [5h 2d]
jaman4life: calls $0.10
wagneryt: calls $0.10
martinov_n: folds 
Count Mole: folds 
Dorex2007: folds 
gabrieldouber: calls $0.10
zubr768: folds 
unkapete: calls $0.05
naxal2012: checks 
*** FLOP *** [Ad Qd 7d]
unkapete: checks 
naxal2012: checks 
jaman4life: checks 
wagneryt: checks 
gabrieldouber: checks 
*** TURN *** [Ad Qd 7d] [As]
unkapete: checks 
naxal2012: bets $0.24
jaman4life: folds 
wagneryt: calls $0.24
gabrieldouber: folds 
unkapete: folds 
*** RIVER *** [Ad Qd 7d As] [Ts]
naxal2012: checks 
wagneryt: checks 
*** SHOW DOWN ***
naxal2012: shows [Kd Qh] (two pair, Aces and Queens)
wagneryt: mucks hand 
naxal2012 collected $0.94 from pot
*** SUMMARY ***
Total pot $0.98 | Rake $0.04 
Board [Ad Qd 7d As Ts]
Seat 1: gabrieldouber folded on the Turn
Seat 2: zubr768 (button) folded before Flop (didn't bet)
Seat 3: unkapete (small blind) folded on the Turn
Seat 4: naxal2012 (big blind) showed [Kd Qh] and won ($0.94) with two pair, Aces and Queens
Seat 5: jaman4life folded on the Turn
Seat 6: wagneryt mucked [7c Tc]
Seat 7: martinov_n folded before Flop (didn't bet)
Seat 8: Count Mole folded before Flop (didn't bet)
Seat 9: Dorex2007 folded before Flop (didn't bet)



PokerStars Hand #238018885087:  Hold'em No Limit ($0.05/$0.10 USD) - 2022/08/15 21:41:54 PT [2022/08/16 0:41:54 ET]
Table 'Iguassu III' 9-max Seat #3 is the button
Seat 1: gabrieldouber ($9.67 in chips) 
Seat 2: zubr768 ($11.23 in chips) 
Seat 3: unkapete ($14 in chips) 
Seat 4: naxal2012 ($11.85 in chips) 
Seat 5: jaman4life ($1.40 in chips) 
Seat 6: wagneryt ($19.11 in chips) 
Seat 7: martinov_n ($10.45 in chips) 
Seat 8: Count Mole ($17.69 in chips) 
Seat 9: Dorex2007 ($13.07 in chips) 
naxal2012: posts small blind $0.05
jaman4life: posts big blind $0.10
*** HOLE CARDS ***
Dealt to Dorex2007 [8c Jc]
wagneryt: calls $0.10
martinov_n: folds 
Count Mole: folds 
Dorex2007: folds 
gabrieldouber: folds 
zubr768: folds 
unkapete: calls $0.10
naxal2012: calls $0.05
jaman4life: checks 
*** FLOP *** [Td Kc 4d]
naxal2012: checks 
jaman4life: checks 
wagneryt: checks 
unkapete: checks 
*** TURN *** [Td Kc 4d] [3c]
naxal2012: checks 
jaman4life: checks 
wagneryt: checks 
unkapete: checks 
*** RIVER *** [Td Kc 4d 3c] [9h]
naxal2012: checks 
jaman4life: checks 
wagneryt: checks 
unkapete: checks 
*** SHOW DOWN ***
naxal2012: shows [5s Ac] (high card Ace)
jaman4life: shows [5c 5d] (a pair of Fives)
wagneryt: mucks hand 
unkapete: shows [9s Ad] (a pair of Nines)
unkapete collected $0.38 from pot
*** SUMMARY ***
Total pot $0.40 | Rake $0.02 
Board [Td Kc 4d 3c 9h]
Seat 1: gabrieldouber folded before Flop (didn't bet)
Seat 2: zubr768 folded before Flop (didn't bet)
Seat 3: unkapete (button) showed [9s Ad] and won ($0.38) with a pair of Nines
Seat 4: naxal2012 (small blind) showed [5s Ac] and lost with high card Ace
Seat 5: jaman4life (big blind) showed [5c 5d] and lost with a pair of Fives
Seat 6: wagneryt mucked [As 8d]
Seat 7: martinov_n folded before Flop (didn't bet)
Seat 8: Count Mole folded before Flop (didn't bet)
Seat 9: Dorex2007 folded before Flop (didn't bet)



PokerStars Hand #238018893978:  Hold'em No Limit ($0.05/$0.10 USD) - 2022/08/15 21:43:13 PT [2022/08/16 0:43:13 ET]
Table 'Iguassu III' 9-max Seat #4 is the button
Seat 1: gabrieldouber ($9.67 in chips) 
Seat 2: zubr768 ($11.23 in chips) 
Seat 3: unkapete ($14.28 in chips) 
Seat 4: naxal2012 ($11.75 in chips) 
Seat 5: jaman4life ($1.30 in chips) 
Seat 6: wagneryt ($19.01 in chips) 
Seat 7: martinov_n ($10.45 in chips) 
Seat 8: Count Mole ($17.69 in chips) 
Seat 9: Dorex2007 ($13.07 in chips) 
jaman4life: posts small blind $0.05
wagneryt: posts big blind $0.10
*** HOLE CARDS ***
Dealt to Dorex2007 [6d 7d]
martinov_n: folds 
Count Mole: folds 
Dorex2007: folds 
gabrieldouber: calls $0.10
zubr768: raises $0.20 to $0.30
unkapete: calls $0.30
naxal2012: folds 
jaman4life: folds 
wagneryt: folds 
gabrieldouber: folds 
*** FLOP *** [Ac Qh 2h]
zubr768: bets $0.65
unkapete: calls $0.65
*** TURN *** [Ac Qh 2h] [Ks]
zubr768: bets $1.02
unkapete: raises $2.05 to $3.07
zubr768: calls $2.05
*** RIVER *** [Ac Qh 2h Ks] [3h]
zubr768: checks 
unkapete: checks 
*** SHOW DOWN ***
zubr768: shows [Ad Qc] (two pair, Aces and Queens)
unkapete: shows [Kc Kh] (three of a kind, Kings)
unkapete collected $7.92 from pot
*** SUMMARY ***
Total pot $8.29 | Rake $0.37 
Board [Ac Qh 2h Ks 3h]
Seat 1: gabrieldouber folded before Flop
Seat 2: zubr768 showed [Ad Qc] and lost with two pair, Aces and Queens
Seat 3: unkapete showed [Kc Kh] and won ($7.92) with three of a kind, Kings
Seat 4: naxal2012 (button) folded before Flop (didn't bet)
Seat 5: jaman4life (small blind) folded before Flop
Seat 6: wagneryt (big blind) folded before Flop
Seat 7: martinov_n folded before Flop (didn't bet)
Seat 8: Count Mole folded before Flop (didn't bet)
Seat 9: Dorex2007 folded before Flop (didn't bet)



PokerStars Hand #238018901493:  Hold'em No Limit ($0.05/$0.10 USD) - 2022/08/15 21:44:18 PT [2022/08/16 0:44:18 ET]
Table 'Iguassu III' 9-max Seat #5 is the button
Seat 1: gabrieldouber ($9.57 in chips) 
Seat 2: zubr768 ($10 in chips) 
Seat 3: unkapete ($18.18 in chips) 
Seat 4: naxal2012 ($11.75 in chips) 
Seat 5: jaman4life ($1.25 in chips) 
Seat 6: wagneryt ($18.91 in chips) 
Seat 7: martinov_n ($10.45 in chips) 
Seat 8: Count Mole ($17.69 in chips) 
Seat 9: Dorex2007 ($13.07 in chips) 
wagneryt: posts small blind $0.05
martinov_n: posts big blind $0.10
*** HOLE CARDS ***
Dealt to Dorex2007 [4c 2s]
Count Mole: folds 
Dorex2007: folds 
gabrieldouber: calls $0.10
zubr768: folds 
unkapete: folds 
naxal2012: folds 
jaman4life: calls $0.10
wagneryt: calls $0.05
martinov_n: checks 
*** FLOP *** [7d 8s 6d]
wagneryt: bets $0.38
martinov_n: folds 
gabrieldouber: calls $0.38
jaman4life: folds 
*** TURN *** [7d 8s 6d] [Kc]
wagneryt: bets $0.55
gabrieldouber: calls $0.55
*** RIVER *** [7d 8s 6d Kc] [Jh]
wagneryt: checks 
gabrieldouber: checks 
*** SHOW DOWN ***
wagneryt: shows [4d Qd] (high card King)
gabrieldouber: shows [Ts Tc] (a pair of Tens)
gabrieldouber collected $2.16 from pot
*** SUMMARY ***
Total pot $2.26 | Rake $0.10 
Board [7d 8s 6d Kc Jh]
Seat 1: gabrieldouber showed [Ts Tc] and won ($2.16) with a pair of Tens
Seat 2: zubr768 folded before Flop (didn't bet)
Seat 3: unkapete folded before Flop (didn't bet)
Seat 4: naxal2012 folded before Flop (didn't bet)
Seat 5: jaman4life (button) folded on the Flop
Seat 6: wagneryt (small blind) showed [4d Qd] and lost with high card King
Seat 7: martinov_n (big blind) folded on the Flop
Seat 8: Count Mole folded before Flop (didn't bet)
Seat 9: Dorex2007 folded before Flop (didn't bet)



PokerStars Hand #238018908853:  Hold'em No Limit ($0.05/$0.10 USD) - 2022/08/15 21:45:21 PT [2022/08/16 0:45:21 ET]
Table 'Iguassu III' 9-max Seat #6 is the button
Seat 1: gabrieldouber ($10.70 in chips) 
Seat 2: zubr768 ($10 in chips) 
Seat 3: unkapete ($18.18 in chips) 
Seat 4: naxal2012 ($11.75 in chips) 
Seat 5: jaman4life ($1.15 in chips) 
Seat 6: wagneryt ($17.88 in chips) 
Seat 7: martinov_n ($10.35 in chips) 
Seat 8: Count Mole ($17.69 in chips) 
Seat 9: Dorex2007 ($13.07 in chips) 
martinov_n: posts small blind $0.05
Count Mole: posts big blind $0.10
*** HOLE CARDS ***
Dealt to Dorex2007 [Ah Ac]
Dorex2007: calls $0.10
gabrieldouber: folds 
gabrieldouber leaves the table
zubr768: folds 
unkapete: folds 
naxal2012: folds 
jaman4life: folds 
wagneryt: folds 
martinov_n: folds 
Count Mole: checks 
*** FLOP *** [9c Ks 5h]
Count Mole: checks 
Dorex2007: bets $0.24
CV Don Chris joins the table at seat #1 
Count Mole: folds 
Uncalled bet ($0.24) returned to Dorex2007
Dorex2007 collected $0.24 from pot
Dorex2007: doesn't show hand 
*** SUMMARY ***
Total pot $0.25 | Rake $0.01 
Board [9c Ks 5h]
Seat 1: gabrieldouber folded before Flop (didn't bet)
Seat 2: zubr768 folded before Flop (didn't bet)
Seat 3: unkapete folded before Flop (didn't bet)
Seat 4: naxal2012 folded before Flop (didn't bet)
Seat 5: jaman4life folded before Flop (didn't bet)
Seat 6: wagneryt (button) folded before Flop (didn't bet)
Seat 7: martinov_n (small blind) folded before Flop
Seat 8: Count Mole (big blind) folded on the Flop
Seat 9: Dorex2007 collected ($0.24)



PokerStars Hand #238018913800:  Hold'em No Limit ($0.05/$0.10 USD) - 2022/08/15 21:46:04 PT [2022/08/16 0:46:04 ET]
Table 'Iguassu III' 9-max Seat #7 is the button
Seat 1: CV Don Chris ($4 in chips) 
Seat 2: zubr768 ($10 in chips) 
Seat 3: unkapete ($18.18 in chips) 
Seat 4: naxal2012 ($11.75 in chips) 
Seat 5: jaman4life ($1.15 in chips) 
Seat 6: wagneryt ($17.88 in chips) 
Seat 7: martinov_n ($10.30 in chips) 
Seat 8: Count Mole ($17.59 in chips) 
Seat 9: Dorex2007 ($13.21 in chips) 
Count Mole: posts small blind $0.05
Dorex2007: posts big blind $0.10
CV Don Chris: posts big blind $0.10
*** HOLE CARDS ***
Dealt to Dorex2007 [5c 3h]
CV Don Chris: raises $0.10 to $0.20
zubr768: folds 
unkapete: folds 
naxal2012: calls $0.20
jaman4life: folds 
wagneryt: folds 
martinov_n: folds 
Count Mole: folds 
Dorex2007: folds 
*** FLOP *** [Ad 9c Ts]
CV Don Chris: checks 
naxal2012: bets $0.27
CV Don Chris: calls $0.27
*** TURN *** [Ad 9c Ts] [Tc]
CV Don Chris: checks 
naxal2012: checks 
*** RIVER *** [Ad 9c Ts Tc] [3d]
CV Don Chris: bets $0.30
naxal2012: folds 
Uncalled bet ($0.30) returned to CV Don Chris
CV Don Chris collected $1.04 from pot
*** SUMMARY ***
Total pot $1.09 | Rake $0.05 
Board [Ad 9c Ts Tc 3d]
Seat 1: CV Don Chris collected ($1.04)
Seat 2: zubr768 folded before Flop (didn't bet)
Seat 3: unkapete folded before Flop (didn't bet)
Seat 4: naxal2012 folded on the River
Seat 5: jaman4life folded before Flop (didn't bet)
Seat 6: wagneryt folded before Flop (didn't bet)
Seat 7: martinov_n (button) folded before Flop (didn't bet)
Seat 8: Count Mole (small blind) folded before Flop
Seat 9: Dorex2007 (big blind) folded before Flop



PokerStars Hand #238018922888:  Hold'em No Limit ($0.05/$0.10 USD) - 2022/08/15 21:47:24 PT [2022/08/16 0:47:24 ET]
Table 'Iguassu III' 9-max Seat #8 is the button
Seat 1: CV Don Chris ($4.57 in chips) 
Seat 2: zubr768 ($10 in chips) 
Seat 3: unkapete ($18.18 in chips) 
Seat 4: naxal2012 ($11.28 in chips) 
Seat 5: jaman4life ($1.15 in chips) 
Seat 6: wagneryt ($17.88 in chips) 
Seat 7: martinov_n ($10.30 in chips) 
Seat 8: Count Mole ($17.54 in chips) 
Seat 9: Dorex2007 ($13.11 in chips) 
Dorex2007: posts small blind $0.05
CV Don Chris: posts big blind $0.10
*** HOLE CARDS ***
Dealt to Dorex2007 [4h 3d]
zubr768: folds 
unkapete: raises $0.20 to $0.30
naxal2012: calls $0.30
jaman4life: folds 
wagneryt: folds 
martinov_n: folds 
Count Mole: folds 
Dorex2007: folds 
CV Don Chris: folds 
*** FLOP *** [3c 2c 4c]
unkapete: bets $0.36
naxal2012: folds 
Uncalled bet ($0.36) returned to unkapete
unkapete collected $0.72 from pot
*** SUMMARY ***
Total pot $0.75 | Rake $0.03 
Board [3c 2c 4c]
Seat 1: CV Don Chris (big blind) folded before Flop
Seat 2: zubr768 folded before Flop (didn't bet)
Seat 3: unkapete collected ($0.72)
Seat 4: naxal2012 folded on the Flop
Seat 5: jaman4life folded before Flop (didn't bet)
Seat 6: wagneryt folded before Flop (didn't bet)
Seat 7: martinov_n folded before Flop (didn't bet)
Seat 8: Count Mole (button) folded before Flop (didn't bet)
Seat 9: Dorex2007 (small blind) folded before Flop



PokerStars Hand #238018931645:  Hold'em No Limit ($0.05/$0.10 USD) - 2022/08/15 21:47:46 PT [2022/08/16 0:47:46 ET]
Table 'Iguassu III' 9-max Seat #9 is the button
Seat 1: CV Don Chris ($4.47 in chips) 
Seat 2: zubr768 ($10 in chips) 
Seat 3: unkapete ($18.60 in chips) 
Seat 4: naxal2012 ($10.98 in chips) 
Seat 5: jaman4life ($1.15 in chips) 
Seat 6: wagneryt ($17.88 in chips) 
Seat 7: martinov_n ($10.30 in chips) 
Seat 8: Count Mole ($17.54 in chips) 
Seat 9: Dorex2007 ($13.06 in chips) 
CV Don Chris: posts small blind $0.05
zubr768: posts big blind $0.10
*** HOLE CARDS ***
Dealt to Dorex2007 [Tc Kc]
unkapete: folds 
naxal2012: folds 
jaman4life: folds 
wagneryt: folds 
martinov_n: raises $0.15 to $0.25
Count Mole: folds 
Dorex2007: calls $0.25
CV Don Chris: folds 
zubr768: folds 
*** FLOP *** [Kh Kd 4c]
martinov_n: checks 
Dorex2007: bets $0.31
martinov_n: folds 
Uncalled bet ($0.31) returned to Dorex2007
Dorex2007 collected $0.62 from pot
Dorex2007: doesn't show hand 
*** SUMMARY ***
Total pot $0.65 | Rake $0.03 
Board [Kh Kd 4c]
Seat 1: CV Don Chris (small blind) folded before Flop
Seat 2: zubr768 (big blind) folded before Flop
Seat 3: unkapete folded before Flop (didn't bet)
Seat 4: naxal2012 folded before Flop (didn't bet)
Seat 5: jaman4life folded before Flop (didn't bet)
Seat 6: wagneryt folded before Flop (didn't bet)
Seat 7: martinov_n folded on the Flop
Seat 8: Count Mole folded before Flop (didn't bet)
Seat 9: Dorex2007 (button) collected ($0.62)



PokerStars Hand #238018937600:  Hold'em No Limit ($0.05/$0.10 USD) - 2022/08/15 21:48:40 PT [2022/08/16 0:48:40 ET]
Table 'Iguassu III' 9-max Seat #1 is the button
Seat 1: CV Don Chris ($4.42 in chips) 
Seat 2: zubr768 ($10 in chips) 
Seat 3: unkapete ($18.60 in chips) 
Seat 4: naxal2012 ($10.98 in chips) 
Seat 5: jaman4life ($1.15 in chips) 
Seat 6: wagneryt ($17.88 in chips) 
Seat 7: martinov_n ($10.05 in chips) 
Seat 8: Count Mole ($17.54 in chips) 
Seat 9: Dorex2007 ($13.43 in chips) 
zubr768: posts small blind $0.05
unkapete: posts big blind $0.10
*** HOLE CARDS ***
Dealt to Dorex2007 [As Kd]
naxal2012: raises $0.19 to $0.29
jaman4life: folds 
wagneryt: folds 
martinov_n: folds 
Count Mole: folds 
Dorex2007: calls $0.29
CV Don Chris: calls $0.29
zubr768: folds 
unkapete: calls $0.19
*** FLOP *** [7c 6s 9c]
unkapete: checks 
naxal2012: bets $0.58
Dorex2007: folds 
CV Don Chris: calls $0.58
unkapete: folds 
*** TURN *** [7c 6s 9c] [4h]
naxal2012: checks 
CV Don Chris: checks 
*** RIVER *** [7c 6s 9c 4h] [7d]
naxal2012: checks 
CV Don Chris: bets $1.20
naxal2012: calls $1.20
*** SHOW DOWN ***
CV Don Chris: shows [Qc 8c] (a pair of Sevens)
naxal2012: shows [8h 8d] (two pair, Eights and Sevens)
naxal2012 collected $4.56 from pot
*** SUMMARY ***
Total pot $4.77 | Rake $0.21 
Board [7c 6s 9c 4h 7d]
Seat 1: CV Don Chris (button) showed [Qc 8c] and lost with a pair of Sevens
Seat 2: zubr768 (small blind) folded before Flop
Seat 3: unkapete (big blind) folded on the Flop
Seat 4: naxal2012 showed [8h 8d] and won ($4.56) with two pair, Eights and Sevens
Seat 5: jaman4life folded before Flop (didn't bet)
Seat 6: wagneryt folded before Flop (didn't bet)
Seat 7: martinov_n folded before Flop (didn't bet)
Seat 8: Count Mole folded before Flop (didn't bet)
Seat 9: Dorex2007 folded on the Flop



PokerStars Hand #238018943377:  Hold'em No Limit ($0.05/$0.10 USD) - 2022/08/15 21:49:31 PT [2022/08/16 0:49:31 ET]
Table 'Iguassu III' 9-max Seat #2 is the button
Seat 1: CV Don Chris ($2.35 in chips) 
Seat 2: zubr768 ($10 in chips) 
Seat 3: unkapete ($18.31 in chips) 
Seat 4: naxal2012 ($13.47 in chips) 
Seat 5: jaman4life ($1.15 in chips) 
Seat 6: wagneryt ($17.88 in chips) 
Seat 7: martinov_n ($10.05 in chips) 
Seat 8: Count Mole ($17.54 in chips) 
Seat 9: Dorex2007 ($13.14 in chips) 
unkapete: posts small blind $0.05
naxal2012: posts big blind $0.10
*** HOLE CARDS ***
Dealt to Dorex2007 [Js 3h]
jaman4life: folds 
wagneryt: calls $0.10
martinov_n: folds 
Count Mole: folds 
Dorex2007: folds 
CV Don Chris: folds 
zubr768: calls $0.10
unkapete: folds 
naxal2012: checks 
*** FLOP *** [Kh Ad 7c]
naxal2012: checks 
wagneryt: checks 
zubr768: checks 
*** TURN *** [Kh Ad 7c] [7d]
naxal2012: checks 
wagneryt: checks 
zubr768: bets $0.16
naxal2012: folds 
wagneryt: folds 
Uncalled bet ($0.16) returned to zubr768
zubr768 collected $0.33 from pot
zubr768: doesn't show hand 
*** SUMMARY ***
Total pot $0.35 | Rake $0.02 
Board [Kh Ad 7c 7d]
Seat 1: CV Don Chris folded before Flop (didn't bet)
Seat 2: zubr768 (button) collected ($0.33)
Seat 3: unkapete (small blind) folded before Flop
Seat 4: naxal2012 (big blind) folded on the Turn
Seat 5: jaman4life folded before Flop (didn't bet)
Seat 6: wagneryt folded on the Turn
Seat 7: martinov_n folded before Flop (didn't bet)
Seat 8: Count Mole folded before Flop (didn't bet)
Seat 9: Dorex2007 folded before Flop (didn't bet)



PokerStars Hand #238018947370:  Hold'em No Limit ($0.05/$0.10 USD) - 2022/08/15 21:50:06 PT [2022/08/16 0:50:06 ET]
Table 'Iguassu III' 9-max Seat #3 is the button
Seat 1: CV Don Chris ($2.35 in chips) 
Seat 2: zubr768 ($10.23 in chips) 
Seat 3: unkapete ($18.26 in chips) 
Seat 4: naxal2012 ($13.37 in chips) 
Seat 5: jaman4life ($1.15 in chips) 
Seat 6: wagneryt ($17.78 in chips) 
Seat 7: martinov_n ($10.05 in chips) 
Seat 8: Count Mole ($17.54 in chips) 
Seat 9: Dorex2007 ($13.14 in chips) 
naxal2012: posts small blind $0.05
jaman4life: posts big blind $0.10
*** HOLE CARDS ***
Dealt to Dorex2007 [Jh Jc]
wagneryt: calls $0.10
martinov_n: folds 
Count Mole: folds 
Dorex2007: raises $0.30 to $0.40
CV Don Chris: folds 
zubr768: folds 
unkapete: folds 
naxal2012: folds 
jaman4life: folds 
wagneryt: calls $0.30
*** FLOP *** [Kc 9d 9s]
wagneryt: checks 
Dorex2007: bets $0.45
wagneryt: calls $0.45
*** TURN *** [Kc 9d 9s] [6h]
wagneryt: bets $0.88
Dorex2007: folds 
Uncalled bet ($0.88) returned to wagneryt
wagneryt collected $1.77 from pot
*** SUMMARY ***
Total pot $1.85 | Rake $0.08 
Board [Kc 9d 9s 6h]
Seat 1: CV Don Chris folded before Flop (didn't bet)
Seat 2: zubr768 folded before Flop (didn't bet)
Seat 3: unkapete (button) folded before Flop (didn't bet)
Seat 4: naxal2012 (small blind) folded before Flop
Seat 5: jaman4life (big blind) folded before Flop
Seat 6: wagneryt collected ($1.77)
Seat 7: martinov_n folded before Flop (didn't bet)
Seat 8: Count Mole folded before Flop (didn't bet)
Seat 9: Dorex2007 folded on the Turn



PokerStars Hand #238018956727:  Hold'em No Limit ($0.05/$0.10 USD) - 2022/08/15 21:51:30 PT [2022/08/16 0:51:30 ET]
Table 'Iguassu III' 9-max Seat #4 is the button
Seat 1: CV Don Chris ($10 in chips) 
Seat 2: zubr768 ($10.23 in chips) 
Seat 3: unkapete ($18.26 in chips) 
Seat 4: naxal2012 ($13.32 in chips) 
Seat 5: jaman4life ($1.05 in chips) 
Seat 6: wagneryt ($18.70 in chips) 
Seat 7: martinov_n ($10.05 in chips) 
Seat 8: Count Mole ($17.54 in chips) 
Seat 9: Dorex2007 ($12.29 in chips) 
jaman4life: posts small blind $0.05
wagneryt: posts big blind $0.10
*** HOLE CARDS ***
Dealt to Dorex2007 [4s 3c]
martinov_n: folds 
Count Mole: folds 
Dorex2007: folds 
CV Don Chris: folds 
zubr768: folds 
unkapete: raises $0.20 to $0.30
naxal2012: folds 
jaman4life: raises $0.75 to $1.05 and is all-in
wagneryt: calls $0.95
unkapete: folds 
wagneryt has timed out
*** FLOP *** [6c 2c 4d]
*** TURN *** [6c 2c 4d] [2d]
*** RIVER *** [6c 2c 4d 2d] [Qh]
*** SHOW DOWN ***
jaman4life: shows [As Kh] (a pair of Deuces)
wagneryt: shows [Qc 9h] (two pair, Queens and Deuces)
wagneryt collected $2.29 from pot
*** SUMMARY ***
Total pot $2.40 | Rake $0.11 
Board [6c 2c 4d 2d Qh]
Seat 1: CV Don Chris folded before Flop (didn't bet)
Seat 2: zubr768 folded before Flop (didn't bet)
Seat 3: unkapete folded before Flop
Seat 4: naxal2012 (button) folded before Flop (didn't bet)
Seat 5: jaman4life (small blind) showed [As Kh] and lost with a pair of Deuces
Seat 6: wagneryt (big blind) showed [Qc 9h] and won ($2.29) with two pair, Queens and Deuces
Seat 7: martinov_n folded before Flop (didn't bet)
Seat 8: Count Mole folded before Flop (didn't bet)
Seat 9: Dorex2007 folded before Flop (didn't bet)



PokerStars Hand #238018963148:  Hold'em No Limit ($0.05/$0.10 USD) - 2022/08/15 21:52:28 PT [2022/08/16 0:52:28 ET]
Table 'Iguassu III' 9-max Seat #6 is the button
Seat 1: CV Don Chris ($10 in chips) 
Seat 2: zubr768 ($10.23 in chips) 
Seat 3: unkapete ($17.96 in chips) 
Seat 4: naxal2012 ($13.32 in chips) 
Seat 6: wagneryt ($19.94 in chips) 
Seat 7: martinov_n ($10.05 in chips) 
Seat 8: Count Mole ($17.54 in chips) 
Seat 9: Dorex2007 ($12.29 in chips) 
martinov_n: posts small blind $0.05
Count Mole: posts big blind $0.10
*** HOLE CARDS ***
Dealt to Dorex2007 [4c 6c]
Dorex2007: folds 
CV Don Chris: folds 
jaman4life leaves the table
zubr768: folds 
unkapete: folds 
naxal2012: folds 
wagneryt: folds 
martinov_n: folds 
Uncalled bet ($0.05) returned to Count Mole
Count Mole collected $0.10 from pot
Count Mole: doesn't show hand 
keeebart joins the table at seat #5 
*** SUMMARY ***
Total pot $0.10 | Rake $0 
Seat 1: CV Don Chris folded before Flop (didn't bet)
Seat 2: zubr768 folded before Flop (didn't bet)
Seat 3: unkapete folded before Flop (didn't bet)
Seat 4: naxal2012 folded before Flop (didn't bet)
Seat 6: wagneryt (button) folded before Flop (didn't bet)
Seat 7: martinov_n (small blind) folded before Flop
Seat 8: Count Mole (big blind) collected ($0.10)
Seat 9: Dorex2007 folded before Flop (didn't bet)



PokerStars Hand #238018965257:  Hold'em No Limit ($0.05/$0.10 USD) - 2022/08/15 21:52:47 PT [2022/08/16 0:52:47 ET]
Table 'Iguassu III' 9-max Seat #7 is the button
Seat 1: CV Don Chris ($10 in chips) 
Seat 2: zubr768 ($10.23 in chips) 
Seat 3: unkapete ($17.96 in chips) 
Seat 4: naxal2012 ($13.32 in chips) 
Seat 6: wagneryt ($19.94 in chips) 
Seat 7: martinov_n ($10 in chips) 
Seat 8: Count Mole ($17.59 in chips) 
Seat 9: Dorex2007 ($12.29 in chips) 
Count Mole: posts small blind $0.05
Dorex2007: posts big blind $0.10
keeebart: sits out 
*** HOLE CARDS ***
Dealt to Dorex2007 [5c 7h]
CV Don Chris: folds 
zubr768: folds 
unkapete: raises $0.20 to $0.30
naxal2012: folds 
wagneryt: calls $0.30
martinov_n: calls $0.30
Count Mole: folds 
Dorex2007: folds 
*** FLOP *** [7d Ks Th]
unkapete: bets $0.60
wagneryt: calls $0.60
martinov_n: calls $0.60
*** TURN *** [7d Ks Th] [2d]
unkapete: checks 
wagneryt: checks 
martinov_n: checks 
*** RIVER *** [7d Ks Th 2d] [9d]
unkapete: checks 
wagneryt: checks 
martinov_n: checks 
*** SHOW DOWN ***
unkapete: shows [5h 4h] (high card King)
wagneryt: shows [6d 9s] (a pair of Nines)
martinov_n: shows [Qc Tc] (a pair of Tens)
martinov_n collected $2.72 from pot
*** SUMMARY ***
Total pot $2.85 | Rake $0.13 
Board [7d Ks Th 2d 9d]
Seat 1: CV Don Chris folded before Flop (didn't bet)
Seat 2: zubr768 folded before Flop (didn't bet)
Seat 3: unkapete showed [5h 4h] and lost with high card King
Seat 4: naxal2012 folded before Flop (didn't bet)
Seat 6: wagneryt showed [6d 9s] and lost with a pair of Nines
Seat 7: martinov_n (button) showed [Qc Tc] and won ($2.72) with a pair of Tens
Seat 8: Count Mole (small blind) folded before Flop
Seat 9: Dorex2007 (big blind) folded before Flop



PokerStars Hand #238018973351:  Hold'em No Limit ($0.05/$0.10 USD) - 2022/08/15 21:54:00 PT [2022/08/16 0:54:00 ET]
Table 'Iguassu III' 9-max Seat #8 is the button
Seat 1: CV Don Chris ($10 in chips) 
Seat 2: zubr768 ($10.23 in chips) 
Seat 3: unkapete ($17.06 in chips) 
Seat 4: naxal2012 ($13.32 in chips) 
Seat 6: wagneryt ($19.04 in chips) 
Seat 7: martinov_n ($11.82 in chips) 
Seat 8: Count Mole ($17.54 in chips) 
Seat 9: Dorex2007 ($12.19 in chips) 
Dorex2007: posts small blind $0.05
CV Don Chris: posts big blind $0.10
keeebart: sits out 
*** HOLE CARDS ***
Dealt to Dorex2007 [9h 6c]
zubr768: folds 
unkapete: raises $0.20 to $0.30
naxal2012: folds 
wagneryt: calls $0.30
martinov_n: folds 
Count Mole: raises $0.60 to $0.90
Dorex2007: folds 
CV Don Chris: calls $0.80
unkapete: folds 
wagneryt: calls $0.60
*** FLOP *** [6d 9s 3s]
CV Don Chris: checks 
wagneryt: bets $2.91
Count Mole: calls $2.91
CV Don Chris: folds 
*** TURN *** [6d 9s 3s] [Kc]
wagneryt: bets $4.23
Count Mole: raises $9.50 to $13.73 and is all-in
wagneryt: folds 
Uncalled bet ($9.50) returned to Count Mole
Count Mole collected $16.55 from pot
Count Mole: doesn't show hand 
*** SUMMARY ***
Total pot $17.33 | Rake $0.78 
Board [6d 9s 3s Kc]
Seat 1: CV Don Chris (big blind) folded on the Flop
Seat 2: zubr768 folded before Flop (didn't bet)
Seat 3: unkapete folded before Flop
Seat 4: naxal2012 folded before Flop (didn't bet)
Seat 6: wagneryt folded on the Turn
Seat 7: martinov_n folded before Flop (didn't bet)
Seat 8: Count Mole (button) collected ($16.55)
Seat 9: Dorex2007 (small blind) folded before Flop



PokerStars Hand #238018985412:  Hold'em No Limit ($0.05/$0.10 USD) - 2022/08/15 21:55:55 PT [2022/08/16 0:55:55 ET]
Table 'Iguassu III' 9-max Seat #9 is the button
Seat 1: CV Don Chris ($9.10 in chips) 
Seat 2: zubr768 ($10.23 in chips) 
Seat 3: unkapete ($16.76 in chips) 
Seat 4: naxal2012 ($13.32 in chips) 
Seat 6: wagneryt ($11 in chips) 
Seat 7: martinov_n ($11.82 in chips) 
Seat 8: Count Mole ($26.05 in chips) 
Seat 9: Dorex2007 ($12.14 in chips) 
CV Don Chris: posts small blind $0.05
zubr768: posts big blind $0.10
keeebart: sits out 
*** HOLE CARDS ***
Dealt to Dorex2007 [6d Ac]
unkapete: folds 
naxal2012: folds 
wagneryt: raises $0.10 to $0.20
martinov_n: calls $0.20
Count Mole: folds 
Dorex2007: folds 
CV Don Chris: calls $0.15
zubr768: folds 
*** FLOP *** [Jc Jh 2s]
CV Don Chris: checks 
wagneryt: checks 
martinov_n: checks 
*** TURN *** [Jc Jh 2s] [Td]
CV Don Chris: checks 
wagneryt: checks 
martinov_n: bets $0.40
CV Don Chris: folds 
wagneryt: calls $0.40
*** RIVER *** [Jc Jh 2s Td] [2h]
wagneryt: checks 
martinov_n: bets $0.57
wagneryt: folds 
Uncalled bet ($0.57) returned to martinov_n
martinov_n collected $1.43 from pot
martinov_n: doesn't show hand 
*** SUMMARY ***
Total pot $1.50 | Rake $0.07 
Board [Jc Jh 2s Td 2h]
Seat 1: CV Don Chris (small blind) folded on the Turn
Seat 2: zubr768 (big blind) folded before Flop
Seat 3: unkapete folded before Flop (didn't bet)
Seat 4: naxal2012 folded before Flop (didn't bet)
Seat 6: wagneryt folded on the River
Seat 7: martinov_n collected ($1.43)
Seat 8: Count Mole folded before Flop (didn't bet)
Seat 9: Dorex2007 (button) folded before Flop (didn't bet)



PokerStars Hand #238018991973:  Hold'em No Limit ($0.05/$0.10 USD) - 2022/08/15 21:57:02 PT [2022/08/16 0:57:02 ET]
Table 'Iguassu III' 9-max Seat #1 is the button
Seat 1: CV Don Chris ($8.90 in chips) 
Seat 2: zubr768 ($10.13 in chips) 
Seat 3: unkapete ($16.76 in chips) 
Seat 4: naxal2012 ($13.32 in chips) 
Seat 6: wagneryt ($10.40 in chips) 
Seat 7: martinov_n ($12.65 in chips) 
Seat 8: Count Mole ($26.05 in chips) 
Seat 9: Dorex2007 ($12.14 in chips) 
zubr768: posts small blind $0.05
unkapete: posts big blind $0.10
keeebart: sits out 
*** HOLE CARDS ***
Dealt to Dorex2007 [9d 4s]
naxal2012: folds 
wagneryt: folds 
martinov_n: folds 
Count Mole: raises $0.20 to $0.30
Dorex2007: folds 
CV Don Chris: folds 
zubr768: folds 
unkapete: folds 
Uncalled bet ($0.20) returned to Count Mole
Count Mole collected $0.25 from pot
Count Mole: doesn't show hand 
*** SUMMARY ***
Total pot $0.25 | Rake $0 
Seat 1: CV Don Chris (button) folded before Flop (didn't bet)
Seat 2: zubr768 (small blind) folded before Flop
Seat 3: unkapete (big blind) folded before Flop
Seat 4: naxal2012 folded before Flop (didn't bet)
Seat 6: wagneryt folded before Flop (didn't bet)
Seat 7: martinov_n folded before Flop (didn't bet)
Seat 8: Count Mole collected ($0.25)
Seat 9: Dorex2007 folded before Flop (didn't bet)



