PokerStars Hand #237446575350:  Hold'em No Limit ($0.02/$0.05 USD) - 2022/07/18 17:25:29 PT [2022/07/18 20:25:29 ET]
Table 'Lydia III' 9-max Seat #7 is the button
Seat 1: fbf58 ($4.36 in chips) 
Seat 3: manixleking ($1.73 in chips) 
Seat 4: kemal_zay4ik ($5.60 in chips) 
Seat 5: qzmp123 ($5.79 in chips) 
Seat 6: Dorex2007 ($5 in chips) 
Seat 7: Kallem28 ($4.69 in chips) 
Seat 9: Almanza63 ($6.35 in chips) 
Almanza63: posts small blind $0.02
fbf58: posts big blind $0.05
Dorex2007: posts big blind $0.05
*** HOLE CARDS ***
Dealt to Dorex2007 [3d Qs]
manixleking: raises $0.05 to $0.10
kemal_zay4ik: folds 
qzmp123: folds 
Dorex2007: folds 
Kallem28: folds 
Almanza63: calls $0.08
fbf58: calls $0.05
*** FLOP *** [5h Jd 3h]
Almanza63: checks 
fbf58: checks 
manixleking: checks 
*** TURN *** [5h Jd 3h] [Qc]
Almanza63: checks 
fbf58: checks 
manixleking: bets $0.34
Almanza63: folds 
fbf58: folds 
Uncalled bet ($0.34) returned to manixleking
manixleking collected $0.34 from pot
*** SUMMARY ***
Total pot $0.35 | Rake $0.01 
Board [5h Jd 3h Qc]
Seat 1: fbf58 (big blind) folded on the Turn
Seat 3: manixleking collected ($0.34)
Seat 4: kemal_zay4ik folded before Flop (didn't bet)
Seat 5: qzmp123 folded before Flop (didn't bet)
Seat 6: Dorex2007 folded before Flop (didn't bet)
Seat 7: Kallem28 (button) folded before Flop (didn't bet)
Seat 9: Almanza63 (small blind) folded on the Turn



PokerStars Hand #237446587715:  Hold'em No Limit ($0.02/$0.05 USD) - 2022/07/18 17:26:23 PT [2022/07/18 20:26:23 ET]
Table 'Lydia III' 9-max Seat #9 is the button
Seat 1: fbf58 ($4.26 in chips) 
Seat 3: manixleking ($1.97 in chips) 
Seat 4: kemal_zay4ik ($5.60 in chips) 
Seat 5: qzmp123 ($5.79 in chips) 
Seat 6: Dorex2007 ($5 in chips) 
Seat 7: Kallem28 ($4.69 in chips) 
Seat 9: Almanza63 ($6.25 in chips) 
fbf58: posts small blind $0.02
manixleking: posts big blind $0.05
*** HOLE CARDS ***
Dealt to Dorex2007 [2d Ad]
kemal_zay4ik: folds 
qzmp123: folds 
Dorex2007: raises $0.10 to $0.15
Kallem28: folds 
Almanza63: folds 
fbf58: folds 
manixleking: folds 
Uncalled bet ($0.10) returned to Dorex2007
Dorex2007 collected $0.12 from pot
*** SUMMARY ***
Total pot $0.12 | Rake $0 
Seat 1: fbf58 (small blind) folded before Flop
Seat 3: manixleking (big blind) folded before Flop
Seat 4: kemal_zay4ik folded before Flop (didn't bet)
Seat 5: qzmp123 folded before Flop (didn't bet)
Seat 6: Dorex2007 collected ($0.12)
Seat 7: Kallem28 folded before Flop (didn't bet)
Seat 9: Almanza63 (button) folded before Flop (didn't bet)



PokerStars Hand #237446595160:  Hold'em No Limit ($0.02/$0.05 USD) - 2022/07/18 17:26:55 PT [2022/07/18 20:26:55 ET]
Table 'Lydia III' 9-max Seat #1 is the button
Seat 1: fbf58 ($4.24 in chips) 
Seat 3: manixleking ($1.92 in chips) 
Seat 4: kemal_zay4ik ($5.60 in chips) 
Seat 5: qzmp123 ($5.79 in chips) 
Seat 6: Dorex2007 ($5.07 in chips) 
Seat 7: Kallem28 ($4.69 in chips) 
Seat 9: Almanza63 ($6.25 in chips) 
manixleking: posts small blind $0.02
kemal_zay4ik: posts big blind $0.05
*** HOLE CARDS ***
Dealt to Dorex2007 [4s 6h]
qzmp123: folds 
Dorex2007: folds 
Kallem28: folds 
Almanza63: folds 
fbf58: folds 
manixleking: folds 
Uncalled bet ($0.03) returned to kemal_zay4ik
kemal_zay4ik collected $0.04 from pot
*** SUMMARY ***
Total pot $0.04 | Rake $0 
Seat 1: fbf58 (button) folded before Flop (didn't bet)
Seat 3: manixleking (small blind) folded before Flop
Seat 4: kemal_zay4ik (big blind) collected ($0.04)
Seat 5: qzmp123 folded before Flop (didn't bet)
Seat 6: Dorex2007 folded before Flop (didn't bet)
Seat 7: Kallem28 folded before Flop (didn't bet)
Seat 9: Almanza63 folded before Flop (didn't bet)



PokerStars Hand #237446598200:  Hold'em No Limit ($0.02/$0.05 USD) - 2022/07/18 17:27:08 PT [2022/07/18 20:27:08 ET]
Table 'Lydia III' 9-max Seat #3 is the button
Seat 1: fbf58 ($4.24 in chips) 
Seat 3: manixleking ($1.90 in chips) 
Seat 4: kemal_zay4ik ($5.62 in chips) 
Seat 5: qzmp123 ($5.79 in chips) 
Seat 6: Dorex2007 ($5.07 in chips) 
Seat 7: Kallem28 ($4.69 in chips) 
Seat 9: Almanza63 ($6.25 in chips) 
kemal_zay4ik: posts small blind $0.02
qzmp123: posts big blind $0.05
*** HOLE CARDS ***
Dealt to Dorex2007 [Ah 9h]
Dorex2007: calls $0.05
Kallem28: folds 
Almanza63: folds 
fbf58: folds 
manixleking: folds 
kemal_zay4ik: folds 
qzmp123: raises $0.21 to $0.26
Dorex2007: folds 
Uncalled bet ($0.21) returned to qzmp123
qzmp123 collected $0.12 from pot
*** SUMMARY ***
Total pot $0.12 | Rake $0 
Seat 1: fbf58 folded before Flop (didn't bet)
Seat 3: manixleking (button) folded before Flop (didn't bet)
Seat 4: kemal_zay4ik (small blind) folded before Flop
Seat 5: qzmp123 (big blind) collected ($0.12)
Seat 6: Dorex2007 folded before Flop
Seat 7: Kallem28 folded before Flop (didn't bet)
Seat 9: Almanza63 folded before Flop (didn't bet)



PokerStars Hand #237446606961:  Hold'em No Limit ($0.02/$0.05 USD) - 2022/07/18 17:27:46 PT [2022/07/18 20:27:46 ET]
Table 'Lydia III' 9-max Seat #4 is the button
Seat 1: fbf58 ($4.24 in chips) 
Seat 3: manixleking ($1.90 in chips) 
Seat 4: kemal_zay4ik ($5.60 in chips) 
Seat 5: qzmp123 ($5.86 in chips) 
Seat 6: Dorex2007 ($5.02 in chips) 
Seat 7: Kallem28 ($4.69 in chips) 
Seat 9: Almanza63 ($6.25 in chips) 
qzmp123: posts small blind $0.02
Dorex2007: posts big blind $0.05
*** HOLE CARDS ***
Dealt to Dorex2007 [Ks 3s]
Kallem28: folds 
Almanza63: folds 
fbf58: calls $0.05
manixleking: calls $0.05
kemal_zay4ik: folds 
qzmp123: raises $0.25 to $0.30
Dorex2007: folds 
fbf58: folds 
manixleking: calls $0.25
*** FLOP *** [4h 9h Kh]
qzmp123: bets $0.33
manixleking: raises $1.27 to $1.60 and is all-in
qzmp123: calls $1.27
kemal_zay4ik is disconnected 
*** TURN *** [4h 9h Kh] [Jh]
*** RIVER *** [4h 9h Kh Jh] [5d]
*** SHOW DOWN ***
qzmp123: shows [Qh Qd] (a flush, King high)
manixleking: shows [3h Th] (a flush, King high - lower cards)
qzmp123 collected $3.74 from pot
*** SUMMARY ***
Total pot $3.90 | Rake $0.16 
Board [4h 9h Kh Jh 5d]
Seat 1: fbf58 folded before Flop
Seat 3: manixleking showed [3h Th] and lost with a flush, King high
Seat 4: kemal_zay4ik (button) folded before Flop (didn't bet)
Seat 5: qzmp123 (small blind) showed [Qh Qd] and won ($3.74) with a flush, King high
Seat 6: Dorex2007 (big blind) folded before Flop
Seat 7: Kallem28 folded before Flop (didn't bet)
Seat 9: Almanza63 folded before Flop (didn't bet)



PokerStars Hand #237446623259:  Hold'em No Limit ($0.02/$0.05 USD) - 2022/07/18 17:28:57 PT [2022/07/18 20:28:57 ET]
Table 'Lydia III' 9-max Seat #5 is the button
Seat 1: fbf58 ($4.19 in chips) 
Seat 4: kemal_zay4ik ($5.60 in chips) 
Seat 5: qzmp123 ($7.70 in chips) 
Seat 6: Dorex2007 ($5 in chips) 
Seat 7: Kallem28 ($4.69 in chips) 
Seat 9: Almanza63 ($6.25 in chips) 
Dorex2007: posts small blind $0.02
Kallem28: posts big blind $0.05
*** HOLE CARDS ***
Dealt to Dorex2007 [9s 6h]
Almanza63: folds 
fbf58: folds 
manixleking leaves the table
kemal_zay4ik: raises $0.07 to $0.12
qzmp123: folds 
Dorex2007: folds 
Kallem28: raises $0.23 to $0.35
kemal_zay4ik: calls $0.23
*** FLOP *** [9c 9d 3s]
Kallem28: bets $0.23
kemal_zay4ik: folds 
Uncalled bet ($0.23) returned to Kallem28
Kallem28 collected $0.69 from pot
*** SUMMARY ***
Total pot $0.72 | Rake $0.03 
Board [9c 9d 3s]
Seat 1: fbf58 folded before Flop (didn't bet)
Seat 4: kemal_zay4ik folded on the Flop
Seat 5: qzmp123 (button) folded before Flop (didn't bet)
Seat 6: Dorex2007 (small blind) folded before Flop
Seat 7: Kallem28 (big blind) collected ($0.69)
Seat 9: Almanza63 folded before Flop (didn't bet)



PokerStars Hand #237446632098:  Hold'em No Limit ($0.02/$0.05 USD) - 2022/07/18 17:29:35 PT [2022/07/18 20:29:35 ET]
Table 'Lydia III' 9-max Seat #6 is the button
Seat 1: fbf58 ($4.19 in chips) 
Seat 4: kemal_zay4ik ($5.25 in chips) 
Seat 5: qzmp123 ($7.70 in chips) 
Seat 6: Dorex2007 ($5 in chips) 
Seat 7: Kallem28 ($5.03 in chips) 
Seat 8: kimikiwi87 ($6.12 in chips) 
Seat 9: Almanza63 ($6.25 in chips) 
Kallem28: posts small blind $0.02
kimikiwi87: posts big blind $0.05
*** HOLE CARDS ***
Dealt to Dorex2007 [As 6s]
Almanza63: folds 
fbf58: calls $0.05
kemal_zay4ik: folds 
qzmp123: folds 
Dorex2007: calls $0.05
Kallem28: raises $0.10 to $0.15
kimikiwi87: folds 
fbf58: calls $0.10
Dorex2007: calls $0.10
*** FLOP *** [5d 3d Qh]
Kallem28: bets $0.16
fbf58: folds 
Dorex2007: folds 
Uncalled bet ($0.16) returned to Kallem28
Kallem28 collected $0.48 from pot
*** SUMMARY ***
Total pot $0.50 | Rake $0.02 
Board [5d 3d Qh]
Seat 1: fbf58 folded on the Flop
Seat 4: kemal_zay4ik folded before Flop (didn't bet)
Seat 5: qzmp123 folded before Flop (didn't bet)
Seat 6: Dorex2007 (button) folded on the Flop
Seat 7: Kallem28 (small blind) collected ($0.48)
Seat 8: kimikiwi87 (big blind) folded before Flop
Seat 9: Almanza63 folded before Flop (didn't bet)



PokerStars Hand #237446639527:  Hold'em No Limit ($0.02/$0.05 USD) - 2022/07/18 17:30:08 PT [2022/07/18 20:30:08 ET]
Table 'Lydia III' 9-max Seat #7 is the button
Seat 1: fbf58 ($4.04 in chips) 
Seat 4: kemal_zay4ik ($5.25 in chips) 
Seat 5: qzmp123 ($7.70 in chips) 
Seat 6: Dorex2007 ($5 in chips) 
Seat 7: Kallem28 ($5.36 in chips) 
Seat 8: kimikiwi87 ($6.07 in chips) 
Seat 9: Almanza63 ($6.25 in chips) 
kimikiwi87: posts small blind $0.02
Almanza63: posts big blind $0.05
*** HOLE CARDS ***
Dealt to Dorex2007 [9d Th]
fbf58: folds 
kemal_zay4ik: folds 
qzmp123: folds 
Dorex2007: folds 
Kallem28: folds 
kimikiwi87: folds 
Uncalled bet ($0.03) returned to Almanza63
Almanza63 collected $0.04 from pot
*** SUMMARY ***
Total pot $0.04 | Rake $0 
Seat 1: fbf58 folded before Flop (didn't bet)
Seat 4: kemal_zay4ik folded before Flop (didn't bet)
Seat 5: qzmp123 folded before Flop (didn't bet)
Seat 6: Dorex2007 folded before Flop (didn't bet)
Seat 7: Kallem28 (button) folded before Flop (didn't bet)
Seat 8: kimikiwi87 (small blind) folded before Flop
Seat 9: Almanza63 (big blind) collected ($0.04)



PokerStars Hand #237446642669:  Hold'em No Limit ($0.02/$0.05 USD) - 2022/07/18 17:30:22 PT [2022/07/18 20:30:22 ET]
Table 'Lydia III' 9-max Seat #8 is the button
Seat 1: fbf58 ($4.04 in chips) 
Seat 4: kemal_zay4ik ($5.25 in chips) 
Seat 5: qzmp123 ($7.70 in chips) 
Seat 6: Dorex2007 ($5 in chips) 
Seat 7: Kallem28 ($5.36 in chips) 
Seat 8: kimikiwi87 ($6.05 in chips) 
Seat 9: Almanza63 ($6.27 in chips) 
Almanza63: posts small blind $0.02
fbf58: posts big blind $0.05
*** HOLE CARDS ***
Dealt to Dorex2007 [3d 9s]
kemal_zay4ik: folds 
qzmp123: folds 
Dorex2007: folds 
Kallem28 has timed out
Kallem28: folds 
kimikiwi87: folds 
Almanza63: raises $0.10 to $0.15
fbf58: calls $0.10
*** FLOP *** [7c 8c 8s]
Almanza63: checks 
fbf58: checks 
*** TURN *** [7c 8c 8s] [Qs]
Almanza63: bets $0.17
fbf58: calls $0.17
*** RIVER *** [7c 8c 8s Qs] [Js]
Almanza63: bets $0.40
qzmp123 leaves the table
fbf58: folds 
Uncalled bet ($0.40) returned to Almanza63
Almanza63 collected $0.61 from pot
*** SUMMARY ***
Total pot $0.64 | Rake $0.03 
Board [7c 8c 8s Qs Js]
Seat 1: fbf58 (big blind) folded on the River
Seat 4: kemal_zay4ik folded before Flop (didn't bet)
Seat 5: qzmp123 folded before Flop (didn't bet)
Seat 6: Dorex2007 folded before Flop (didn't bet)
Seat 7: Kallem28 folded before Flop (didn't bet)
Seat 8: kimikiwi87 (button) folded before Flop (didn't bet)
Seat 9: Almanza63 (small blind) collected ($0.61)



PokerStars Hand #237446656055:  Hold'em No Limit ($0.02/$0.05 USD) - 2022/07/18 17:31:20 PT [2022/07/18 20:31:20 ET]
Table 'Lydia III' 9-max Seat #9 is the button
Seat 1: fbf58 ($3.72 in chips) 
Seat 4: kemal_zay4ik ($5.25 in chips) 
Seat 6: Dorex2007 ($5 in chips) 
Seat 8: kimikiwi87 ($6.05 in chips) 
Seat 9: Almanza63 ($6.56 in chips) 
fbf58: posts small blind $0.02
qzmp123 joins the table at seat #3 
kemal_zay4ik: posts big blind $0.05
*** HOLE CARDS ***
Dealt to Dorex2007 [4s Ac]
Dorex2007: folds 
kimikiwi87: folds 
Almanza63: raises $0.08 to $0.13
fbf58: folds 
kemal_zay4ik: folds 
Uncalled bet ($0.08) returned to Almanza63
Almanza63 collected $0.12 from pot
*** SUMMARY ***
Total pot $0.12 | Rake $0 
Seat 1: fbf58 (small blind) folded before Flop
Seat 4: kemal_zay4ik (big blind) folded before Flop
Seat 6: Dorex2007 folded before Flop (didn't bet)
Seat 8: kimikiwi87 folded before Flop (didn't bet)
Seat 9: Almanza63 (button) collected ($0.12)



PokerStars Hand #237446659727:  Hold'em No Limit ($0.02/$0.05 USD) - 2022/07/18 17:31:36 PT [2022/07/18 20:31:36 ET]
Table 'Lydia III' 9-max Seat #1 is the button
Seat 1: fbf58 ($3.70 in chips) 
Seat 4: kemal_zay4ik ($5.20 in chips) 
Seat 6: Dorex2007 ($5 in chips) 
Seat 8: kimikiwi87 ($6.05 in chips) 
Seat 9: Almanza63 ($6.63 in chips) 
kemal_zay4ik: posts small blind $0.02
Dorex2007: posts big blind $0.05
*** HOLE CARDS ***
Dealt to Dorex2007 [Kc 5s]
kimikiwi87: folds 
Almanza63: folds 
fbf58: raises $0.10 to $0.15
kemal_zay4ik: folds 
Dorex2007: folds 
Uncalled bet ($0.10) returned to fbf58
fbf58 collected $0.12 from pot
*** SUMMARY ***
Total pot $0.12 | Rake $0 
Seat 1: fbf58 (button) collected ($0.12)
Seat 4: kemal_zay4ik (small blind) folded before Flop
Seat 6: Dorex2007 (big blind) folded before Flop
Seat 8: kimikiwi87 folded before Flop (didn't bet)
Seat 9: Almanza63 folded before Flop (didn't bet)



PokerStars Hand #237446663779:  Hold'em No Limit ($0.02/$0.05 USD) - 2022/07/18 17:31:54 PT [2022/07/18 20:31:54 ET]
Table 'Lydia III' 9-max Seat #4 is the button
Seat 1: fbf58 ($3.77 in chips) 
Seat 4: kemal_zay4ik ($5.18 in chips) 
Seat 6: Dorex2007 ($5 in chips) 
Seat 8: kimikiwi87 ($6.05 in chips) 
Seat 9: Almanza63 ($6.63 in chips) 
Dorex2007: posts small blind $0.02
kimikiwi87: posts big blind $0.05
qzmp123: sits out 
*** HOLE CARDS ***
Dealt to Dorex2007 [Ts 4h]
Almanza63: folds 
fbf58: calls $0.05
kemal_zay4ik: folds 
Dorex2007: folds 
kimikiwi87: checks 
*** FLOP *** [Qh 3s 8d]
kimikiwi87: checks 
fbf58: checks 
*** TURN *** [Qh 3s 8d] [Th]
kimikiwi87: checks 
fbf58: bets $0.12
kimikiwi87: folds 
Uncalled bet ($0.12) returned to fbf58
fbf58 collected $0.12 from pot
*** SUMMARY ***
Total pot $0.12 | Rake $0 
Board [Qh 3s 8d Th]
Seat 1: fbf58 collected ($0.12)
Seat 4: kemal_zay4ik (button) folded before Flop (didn't bet)
Seat 6: Dorex2007 (small blind) folded before Flop
Seat 8: kimikiwi87 (big blind) folded on the Turn
Seat 9: Almanza63 folded before Flop (didn't bet)



PokerStars Hand #237446670686:  Hold'em No Limit ($0.02/$0.05 USD) - 2022/07/18 17:32:23 PT [2022/07/18 20:32:23 ET]
Table 'Lydia III' 9-max Seat #6 is the button
Seat 1: fbf58 ($3.84 in chips) 
Seat 4: kemal_zay4ik ($5.18 in chips) 
Seat 6: Dorex2007 ($5 in chips) 
Seat 8: kimikiwi87 ($6 in chips) 
Seat 9: Almanza63 ($6.63 in chips) 
kimikiwi87: posts small blind $0.02
Almanza63: posts big blind $0.05
qzmp123: sits out 
*** HOLE CARDS ***
Dealt to Dorex2007 [9h Ac]
fbf58: folds 
kemal_zay4ik: folds 
Dorex2007: folds 
kimikiwi87: folds 
Uncalled bet ($0.03) returned to Almanza63
Almanza63 collected $0.04 from pot
*** SUMMARY ***
Total pot $0.04 | Rake $0 
Seat 1: fbf58 folded before Flop (didn't bet)
Seat 4: kemal_zay4ik folded before Flop (didn't bet)
Seat 6: Dorex2007 (button) folded before Flop (didn't bet)
Seat 8: kimikiwi87 (small blind) folded before Flop
Seat 9: Almanza63 (big blind) collected ($0.04)



PokerStars Hand #237446672307:  Hold'em No Limit ($0.02/$0.05 USD) - 2022/07/18 17:32:31 PT [2022/07/18 20:32:31 ET]
Table 'Lydia III' 9-max Seat #8 is the button
Seat 1: fbf58 ($3.84 in chips) 
Seat 4: kemal_zay4ik ($5.18 in chips) 
Seat 6: Dorex2007 ($5 in chips) 
Seat 8: kimikiwi87 ($5.98 in chips) 
Seat 9: Almanza63 ($6.65 in chips) 
Almanza63: posts small blind $0.02
fbf58: posts big blind $0.05
qzmp123: sits out 
*** HOLE CARDS ***
Dealt to Dorex2007 [Kc 4s]
kemal_zay4ik: folds 
Dorex2007: folds 
kimikiwi87: folds 
Almanza63: raises $0.10 to $0.15
fbf58: calls $0.10
*** FLOP *** [Jd 6s Qc]
Almanza63: bets $0.10
fbf58: calls $0.10
*** TURN *** [Jd 6s Qc] [5h]
Almanza63: bets $0.30
fbf58: calls $0.30
*** RIVER *** [Jd 6s Qc 5h] [3h]
Span405 joins the table at seat #5 
Almanza63: bets $0.72
fbf58: calls $0.72
*** SHOW DOWN ***
Almanza63: shows [6d Qs] (two pair, Queens and Sixes)
fbf58: mucks hand 
Almanza63 collected $2.43 from pot
*** SUMMARY ***
Total pot $2.54 | Rake $0.11 
Board [Jd 6s Qc 5h 3h]
Seat 1: fbf58 (big blind) mucked [Ac Js]
Seat 4: kemal_zay4ik folded before Flop (didn't bet)
Seat 6: Dorex2007 folded before Flop (didn't bet)
Seat 8: kimikiwi87 (button) folded before Flop (didn't bet)
Seat 9: Almanza63 (small blind) showed [6d Qs] and won ($2.43) with two pair, Queens and Sixes



PokerStars Hand #237446685739:  Hold'em No Limit ($0.02/$0.05 USD) - 2022/07/18 17:33:25 PT [2022/07/18 20:33:25 ET]
Table 'Lydia III' 9-max Seat #9 is the button
Seat 1: fbf58 ($2.57 in chips) 
Seat 3: qzmp123 ($7.70 in chips) 
Seat 4: kemal_zay4ik ($5.18 in chips) 
Seat 6: Dorex2007 ($5 in chips) 
Seat 8: kimikiwi87 ($5.98 in chips) 
Seat 9: Almanza63 ($7.81 in chips) 
fbf58: posts small blind $0.02
qzmp123: posts big blind $0.05
Span405: sits out 
*** HOLE CARDS ***
Dealt to Dorex2007 [7d Qs]
kemal_zay4ik: folds 
Dorex2007 has timed out
Dorex2007: folds 
kimikiwi87: folds 
Almanza63: raises $0.07 to $0.12
fbf58: calls $0.10
qzmp123: folds 
*** FLOP *** [6s 5c Td]
fbf58: checks 
Almanza63: bets $0.10
fbf58: folds 
Uncalled bet ($0.10) returned to Almanza63
Almanza63 collected $0.28 from pot
*** SUMMARY ***
Total pot $0.29 | Rake $0.01 
Board [6s 5c Td]
Seat 1: fbf58 (small blind) folded on the Flop
Seat 3: qzmp123 (big blind) folded before Flop
Seat 4: kemal_zay4ik folded before Flop (didn't bet)
Seat 6: Dorex2007 folded before Flop (didn't bet)
Seat 8: kimikiwi87 folded before Flop (didn't bet)
Seat 9: Almanza63 (button) collected ($0.28)



PokerStars Hand #237446695225:  Hold'em No Limit ($0.02/$0.05 USD) - 2022/07/18 17:34:06 PT [2022/07/18 20:34:06 ET]
Table 'Lydia III' 9-max Seat #1 is the button
Seat 1: fbf58 ($2.45 in chips) 
Seat 3: qzmp123 ($7.65 in chips) 
Seat 4: kemal_zay4ik ($5.18 in chips) 
Seat 6: Dorex2007 ($5 in chips) 
Seat 8: kimikiwi87 ($5.98 in chips) 
Seat 9: Almanza63 ($7.97 in chips) 
qzmp123: posts small blind $0.02
kemal_zay4ik: posts big blind $0.05
Span405: sits out 
*** HOLE CARDS ***
Dealt to Dorex2007 [9d 5h]
Dorex2007: folds 
kimikiwi87: folds 
Almanza63: folds 
fbf58: folds 
qzmp123: raises $0.07 to $0.12
kemal_zay4ik: raises $0.28 to $0.40
qzmp123: folds 
Uncalled bet ($0.28) returned to kemal_zay4ik
kemal_zay4ik collected $0.24 from pot
*** SUMMARY ***
Total pot $0.24 | Rake $0 
Seat 1: fbf58 (button) folded before Flop (didn't bet)
Seat 3: qzmp123 (small blind) folded before Flop
Seat 4: kemal_zay4ik (big blind) collected ($0.24)
Seat 6: Dorex2007 folded before Flop (didn't bet)
Seat 8: kimikiwi87 folded before Flop (didn't bet)
Seat 9: Almanza63 folded before Flop (didn't bet)



PokerStars Hand #237446701405:  Hold'em No Limit ($0.02/$0.05 USD) - 2022/07/18 17:34:33 PT [2022/07/18 20:34:33 ET]
Table 'Lydia III' 9-max Seat #3 is the button
Seat 1: fbf58 ($2.45 in chips) 
Seat 3: qzmp123 ($7.53 in chips) 
Seat 4: kemal_zay4ik ($5.30 in chips) 
Seat 5: Span405 ($5 in chips) 
Seat 6: Dorex2007 ($5 in chips) 
Seat 8: kimikiwi87 ($5.98 in chips) 
Seat 9: Almanza63 ($7.97 in chips) 
kemal_zay4ik: posts small blind $0.02
Span405: posts big blind $0.05
*** HOLE CARDS ***
Dealt to Dorex2007 [7s 4d]
Dorex2007: folds 
kimikiwi87: folds 
Almanza63: folds 
fbf58: folds 
qzmp123: folds 
kemal_zay4ik: folds 
Uncalled bet ($0.03) returned to Span405
Span405 collected $0.04 from pot
*** SUMMARY ***
Total pot $0.04 | Rake $0 
Seat 1: fbf58 folded before Flop (didn't bet)
Seat 3: qzmp123 (button) folded before Flop (didn't bet)
Seat 4: kemal_zay4ik (small blind) folded before Flop
Seat 5: Span405 (big blind) collected ($0.04)
Seat 6: Dorex2007 folded before Flop (didn't bet)
Seat 8: kimikiwi87 folded before Flop (didn't bet)
Seat 9: Almanza63 folded before Flop (didn't bet)



PokerStars Hand #237446704651:  Hold'em No Limit ($0.02/$0.05 USD) - 2022/07/18 17:34:47 PT [2022/07/18 20:34:47 ET]
Table 'Lydia III' 9-max Seat #4 is the button
Seat 1: fbf58 ($2.45 in chips) 
Seat 3: qzmp123 ($7.53 in chips) 
Seat 4: kemal_zay4ik ($5.28 in chips) 
Seat 5: Span405 ($5.02 in chips) 
Seat 6: Dorex2007 ($5 in chips) 
Seat 8: kimikiwi87 ($5.98 in chips) 
Seat 9: Almanza63 ($7.97 in chips) 
Span405: posts small blind $0.02
Dorex2007: posts big blind $0.05
*** HOLE CARDS ***
Dealt to Dorex2007 [2s Kc]
kimikiwi87: folds 
Almanza63: folds 
fbf58: calls $0.05
qzmp123: folds 
kemal_zay4ik: folds 
Span405: folds 
Dorex2007: checks 
*** FLOP *** [As Ac Tc]
Dorex2007: checks 
fbf58: checks 
*** TURN *** [As Ac Tc] [6s]
Dorex2007: checks 
fbf58: checks 
*** RIVER *** [As Ac Tc 6s] [3s]
Dorex2007: checks 
fbf58: checks 
*** SHOW DOWN ***
Dorex2007: shows [2s Kc] (a pair of Aces)
fbf58: mucks hand 
Dorex2007 collected $0.12 from pot
*** SUMMARY ***
Total pot $0.12 | Rake $0 
Board [As Ac Tc 6s 3s]
Seat 1: fbf58 mucked [Jh 5h]
Seat 3: qzmp123 folded before Flop (didn't bet)
Seat 4: kemal_zay4ik (button) folded before Flop (didn't bet)
Seat 5: Span405 (small blind) folded before Flop
Seat 6: Dorex2007 (big blind) showed [2s Kc] and won ($0.12) with a pair of Aces
Seat 8: kimikiwi87 folded before Flop (didn't bet)
Seat 9: Almanza63 folded before Flop (didn't bet)



PokerStars Hand #237446717214:  Hold'em No Limit ($0.02/$0.05 USD) - 2022/07/18 17:35:25 PT [2022/07/18 20:35:25 ET]
Table 'Lydia III' 9-max Seat #5 is the button
Seat 1: fbf58 ($2.40 in chips) 
Seat 3: qzmp123 ($7.53 in chips) 
Seat 4: kemal_zay4ik ($5.28 in chips) 
Seat 5: Span405 ($5 in chips) 
Seat 6: Dorex2007 ($5.07 in chips) 
Seat 8: kimikiwi87 ($5.98 in chips) 
Seat 9: Almanza63 ($7.97 in chips) 
Dorex2007: posts small blind $0.02
kimikiwi87: posts big blind $0.05
*** HOLE CARDS ***
Dealt to Dorex2007 [2c Jd]
Almanza63: folds 
fbf58: folds 
qzmp123: folds 
kemal_zay4ik: folds 
Span405: raises $0.10 to $0.15
Dorex2007: folds 
kimikiwi87: folds 
Uncalled bet ($0.10) returned to Span405
Span405 collected $0.12 from pot
*** SUMMARY ***
Total pot $0.12 | Rake $0 
Seat 1: fbf58 folded before Flop (didn't bet)
Seat 3: qzmp123 folded before Flop (didn't bet)
Seat 4: kemal_zay4ik folded before Flop (didn't bet)
Seat 5: Span405 (button) collected ($0.12)
Seat 6: Dorex2007 (small blind) folded before Flop
Seat 8: kimikiwi87 (big blind) folded before Flop
Seat 9: Almanza63 folded before Flop (didn't bet)



PokerStars Hand #237446722272:  Hold'em No Limit ($0.02/$0.05 USD) - 2022/07/18 17:35:47 PT [2022/07/18 20:35:47 ET]
Table 'Lydia III' 9-max Seat #6 is the button
Seat 1: fbf58 ($2.40 in chips) 
Seat 2: mafiaalan10 ($6.80 in chips) 
Seat 3: qzmp123 ($7.53 in chips) 
Seat 4: kemal_zay4ik ($5.28 in chips) 
Seat 5: Span405 ($5.07 in chips) 
Seat 6: Dorex2007 ($5.05 in chips) 
Seat 8: kimikiwi87 ($5.93 in chips) 
Seat 9: Almanza63 ($7.97 in chips) 
kimikiwi87: posts small blind $0.02
Almanza63: posts big blind $0.05
mafiaalan10: posts small & big blinds $0.07
*** HOLE CARDS ***
Dealt to Dorex2007 [9s 5h]
fbf58: raises $0.10 to $0.15
mafiaalan10: folds 
qzmp123: folds 
kemal_zay4ik: folds 
Span405: folds 
Dorex2007: folds 
kimikiwi87: folds 
Almanza63: folds 
Uncalled bet ($0.10) returned to fbf58
fbf58 collected $0.19 from pot
*** SUMMARY ***
Total pot $0.19 | Rake $0 
Seat 1: fbf58 collected ($0.19)
Seat 2: mafiaalan10 folded before Flop (didn't bet)
Seat 3: qzmp123 folded before Flop (didn't bet)
Seat 4: kemal_zay4ik folded before Flop (didn't bet)
Seat 5: Span405 folded before Flop (didn't bet)
Seat 6: Dorex2007 (button) folded before Flop (didn't bet)
Seat 8: kimikiwi87 (small blind) folded before Flop
Seat 9: Almanza63 (big blind) folded before Flop



PokerStars Hand #237446726903:  Hold'em No Limit ($0.02/$0.05 USD) - 2022/07/18 17:36:07 PT [2022/07/18 20:36:07 ET]
Table 'Lydia III' 9-max Seat #8 is the button
Seat 1: fbf58 ($2.54 in chips) 
Seat 2: mafiaalan10 ($6.73 in chips) 
Seat 3: qzmp123 ($7.53 in chips) 
Seat 4: kemal_zay4ik ($5.28 in chips) 
Seat 5: Span405 ($5.07 in chips) 
Seat 6: Dorex2007 ($5.05 in chips) 
Seat 8: kimikiwi87 ($5.91 in chips) 
Seat 9: Almanza63 ($7.92 in chips) 
Almanza63: posts small blind $0.02
fbf58: posts big blind $0.05
*** HOLE CARDS ***
Dealt to Dorex2007 [Kd 3d]
mafiaalan10: calls $0.05
qzmp123: folds 
kemal_zay4ik: folds 
Span405: folds 
Dorex2007: folds 
kimikiwi87: folds 
Almanza63: calls $0.03
fbf58: checks 
*** FLOP *** [Js Kh 7c]
Almanza63: checks 
fbf58: checks 
mafiaalan10: checks 
*** TURN *** [Js Kh 7c] [3c]
Almanza63: checks 
fbf58: checks 
mafiaalan10: checks 
*** RIVER *** [Js Kh 7c 3c] [Ad]
Almanza63: checks 
fbf58: checks 
mafiaalan10: bets $2.05
Almanza63: folds 
fbf58: folds 
Uncalled bet ($2.05) returned to mafiaalan10
mafiaalan10 collected $0.14 from pot
*** SUMMARY ***
Total pot $0.15 | Rake $0.01 
Board [Js Kh 7c 3c Ad]
Seat 1: fbf58 (big blind) folded on the River
Seat 2: mafiaalan10 collected ($0.14)
Seat 3: qzmp123 folded before Flop (didn't bet)
Seat 4: kemal_zay4ik folded before Flop (didn't bet)
Seat 5: Span405 folded before Flop (didn't bet)
Seat 6: Dorex2007 folded before Flop (didn't bet)
Seat 8: kimikiwi87 (button) folded before Flop (didn't bet)
Seat 9: Almanza63 (small blind) folded on the River



PokerStars Hand #237446740563:  Hold'em No Limit ($0.02/$0.05 USD) - 2022/07/18 17:37:07 PT [2022/07/18 20:37:07 ET]
Table 'Lydia III' 9-max Seat #9 is the button
Seat 1: fbf58 ($2.49 in chips) 
Seat 2: mafiaalan10 ($6.82 in chips) 
Seat 3: qzmp123 ($7.53 in chips) 
Seat 4: kemal_zay4ik ($5.28 in chips) 
Seat 5: Span405 ($5.07 in chips) 
Seat 6: Dorex2007 ($5.05 in chips) 
Seat 8: kimikiwi87 ($5.91 in chips) 
Seat 9: Almanza63 ($7.87 in chips) 
fbf58: posts small blind $0.02
mafiaalan10: posts big blind $0.05
*** HOLE CARDS ***
Dealt to Dorex2007 [9h 2s]
qzmp123: raises $0.07 to $0.12
kemal_zay4ik: folds 
Span405: raises $0.28 to $0.40
Dorex2007: folds 
kimikiwi87: folds 
Almanza63: folds 
fbf58: folds 
mafiaalan10: folds 
qzmp123: folds 
Uncalled bet ($0.28) returned to Span405
Span405 collected $0.31 from pot
*** SUMMARY ***
Total pot $0.31 | Rake $0 
Seat 1: fbf58 (small blind) folded before Flop
Seat 2: mafiaalan10 (big blind) folded before Flop
Seat 3: qzmp123 folded before Flop
Seat 4: kemal_zay4ik folded before Flop (didn't bet)
Seat 5: Span405 collected ($0.31)
Seat 6: Dorex2007 folded before Flop (didn't bet)
Seat 8: kimikiwi87 folded before Flop (didn't bet)
Seat 9: Almanza63 (button) folded before Flop (didn't bet)



PokerStars Hand #237446747534:  Hold'em No Limit ($0.02/$0.05 USD) - 2022/07/18 17:37:37 PT [2022/07/18 20:37:37 ET]
Table 'Lydia III' 9-max Seat #1 is the button
Seat 1: fbf58 ($2.47 in chips) 
Seat 2: mafiaalan10 ($6.77 in chips) 
Seat 3: qzmp123 ($7.41 in chips) 
Seat 4: kemal_zay4ik ($5.28 in chips) 
Seat 5: Span405 ($5.26 in chips) 
Seat 6: Dorex2007 ($5.05 in chips) 
Seat 8: kimikiwi87 ($5.91 in chips) 
Seat 9: Almanza63 ($7.87 in chips) 
mafiaalan10: posts small blind $0.02
qzmp123: posts big blind $0.05
*** HOLE CARDS ***
Dealt to Dorex2007 [Td Th]
kemal_zay4ik: folds 
Span405: raises $0.10 to $0.15
Dorex2007: raises $0.15 to $0.30
kimikiwi87: folds 
Almanza63: folds 
fbf58: folds 
mafiaalan10: folds 
qzmp123: folds 
Span405: calls $0.15
*** FLOP *** [4h 4s Tc]
Span405: checks 
Dorex2007: checks 
*** TURN *** [4h 4s Tc] [Js]
Span405: bets $0.35
Dorex2007: calls $0.35
*** RIVER *** [4h 4s Tc Js] [Kc]
Span405: bets $0.65
Dorex2007: raises $0.90 to $1.55
Span405: calls $0.90
*** SHOW DOWN ***
Dorex2007: shows [Td Th] (a full house, Tens full of Fours)
Span405: mucks hand 
Dorex2007 collected $4.28 from pot
*** SUMMARY ***
Total pot $4.47 | Rake $0.19 
Board [4h 4s Tc Js Kc]
Seat 1: fbf58 (button) folded before Flop (didn't bet)
Seat 2: mafiaalan10 (small blind) folded before Flop
Seat 3: qzmp123 (big blind) folded before Flop
Seat 4: kemal_zay4ik folded before Flop (didn't bet)
Seat 5: Span405 mucked [Ts Ks]
Seat 6: Dorex2007 showed [Td Th] and won ($4.28) with a full house, Tens full of Fours
Seat 8: kimikiwi87 folded before Flop (didn't bet)
Seat 9: Almanza63 folded before Flop (didn't bet)



PokerStars Hand #237446766725:  Hold'em No Limit ($0.02/$0.05 USD) - 2022/07/18 17:39:02 PT [2022/07/18 20:39:02 ET]
Table 'Lydia III' 9-max Seat #2 is the button
Seat 1: fbf58 ($2.47 in chips) 
Seat 2: mafiaalan10 ($6.75 in chips) 
Seat 3: qzmp123 ($7.36 in chips) 
Seat 4: kemal_zay4ik ($5.28 in chips) 
Seat 5: Span405 ($3.06 in chips) 
Seat 6: Dorex2007 ($7.13 in chips) 
Seat 8: kimikiwi87 ($5.91 in chips) 
Seat 9: Almanza63 ($7.87 in chips) 
qzmp123: posts small blind $0.02
kemal_zay4ik: posts big blind $0.05
*** HOLE CARDS ***
Dealt to Dorex2007 [6s Kc]
Span405: folds 
Dorex2007: folds 
kimikiwi87: folds 
Almanza63: folds 
fbf58: folds 
mafiaalan10: raises $0.05 to $0.10
qzmp123: raises $0.30 to $0.40
kemal_zay4ik: folds 
mafiaalan10: folds 
Uncalled bet ($0.30) returned to qzmp123
qzmp123 collected $0.25 from pot
*** SUMMARY ***
Total pot $0.25 | Rake $0 
Seat 1: fbf58 folded before Flop (didn't bet)
Seat 2: mafiaalan10 (button) folded before Flop
Seat 3: qzmp123 (small blind) collected ($0.25)
Seat 4: kemal_zay4ik (big blind) folded before Flop
Seat 5: Span405 folded before Flop (didn't bet)
Seat 6: Dorex2007 folded before Flop (didn't bet)
Seat 8: kimikiwi87 folded before Flop (didn't bet)
Seat 9: Almanza63 folded before Flop (didn't bet)



PokerStars Hand #237446774842:  Hold'em No Limit ($0.02/$0.05 USD) - 2022/07/18 17:39:37 PT [2022/07/18 20:39:37 ET]
Table 'Lydia III' 9-max Seat #3 is the button
Seat 1: fbf58 ($2.47 in chips) 
Seat 2: mafiaalan10 ($6.65 in chips) 
Seat 3: qzmp123 ($7.51 in chips) 
Seat 4: kemal_zay4ik ($5.23 in chips) 
Seat 5: Span405 ($5 in chips) 
Seat 6: Dorex2007 ($7.13 in chips) 
Seat 8: kimikiwi87 ($5.91 in chips) 
Seat 9: Almanza63 ($7.87 in chips) 
kemal_zay4ik: posts small blind $0.02
Span405: posts big blind $0.05
*** HOLE CARDS ***
Dealt to Dorex2007 [3c Jc]
Dorex2007: folds 
kimikiwi87: calls $0.05
Almanza63: folds 
fbf58: folds 
mafiaalan10: folds 
qzmp123: folds 
kemal_zay4ik: calls $0.03
Span405: raises $0.15 to $0.20
kimikiwi87: folds 
kemal_zay4ik: folds 
Uncalled bet ($0.15) returned to Span405
Span405 collected $0.15 from pot
*** SUMMARY ***
Total pot $0.15 | Rake $0 
Seat 1: fbf58 folded before Flop (didn't bet)
Seat 2: mafiaalan10 folded before Flop (didn't bet)
Seat 3: qzmp123 (button) folded before Flop (didn't bet)
Seat 4: kemal_zay4ik (small blind) folded before Flop
Seat 5: Span405 (big blind) collected ($0.15)
Seat 6: Dorex2007 folded before Flop (didn't bet)
Seat 8: kimikiwi87 folded before Flop
Seat 9: Almanza63 folded before Flop (didn't bet)



PokerStars Hand #237446779828:  Hold'em No Limit ($0.02/$0.05 USD) - 2022/07/18 17:39:59 PT [2022/07/18 20:39:59 ET]
Table 'Lydia III' 9-max Seat #4 is the button
Seat 1: fbf58 ($2.47 in chips) 
Seat 2: mafiaalan10 ($6.65 in chips) 
Seat 3: qzmp123 ($7.51 in chips) 
Seat 4: kemal_zay4ik ($5.18 in chips) 
Seat 5: Span405 ($5.10 in chips) 
Seat 6: Dorex2007 ($7.13 in chips) 
Seat 8: kimikiwi87 ($5.86 in chips) 
Seat 9: Almanza63 ($7.87 in chips) 
Span405: posts small blind $0.02
Dorex2007: posts big blind $0.05
*** HOLE CARDS ***
Dealt to Dorex2007 [Qc Ah]
kimikiwi87: folds 
Almanza63: folds 
fbf58: folds 
mafiaalan10: calls $0.05
qzmp123: raises $0.15 to $0.20
kemal_zay4ik: folds 
Span405: folds 
Dorex2007: calls $0.15
mafiaalan10: calls $0.15
*** FLOP *** [As 4c 2s]
Dorex2007: bets $0.39
mafiaalan10: calls $0.39
qzmp123: folds 
*** TURN *** [As 4c 2s] [7c]
Dorex2007: checks 
mafiaalan10: checks 
*** RIVER *** [As 4c 2s 7c] [2c]
Dorex2007: bets $0.67
mafiaalan10: calls $0.67
*** SHOW DOWN ***
Dorex2007: shows [Qc Ah] (two pair, Aces and Deuces)
mafiaalan10: mucks hand 
Dorex2007 collected $2.63 from pot
*** SUMMARY ***
Total pot $2.74 | Rake $0.11 
Board [As 4c 2s 7c 2c]
Seat 1: fbf58 folded before Flop (didn't bet)
Seat 2: mafiaalan10 mucked [5s 5d]
Seat 3: qzmp123 folded on the Flop
Seat 4: kemal_zay4ik (button) folded before Flop (didn't bet)
Seat 5: Span405 (small blind) folded before Flop
Seat 6: Dorex2007 (big blind) showed [Qc Ah] and won ($2.63) with two pair, Aces and Deuces
Seat 8: kimikiwi87 folded before Flop (didn't bet)
Seat 9: Almanza63 folded before Flop (didn't bet)



PokerStars Hand #237446792980:  Hold'em No Limit ($0.02/$0.05 USD) - 2022/07/18 17:40:51 PT [2022/07/18 20:40:51 ET]
Table 'Lydia III' 9-max Seat #5 is the button
Seat 1: fbf58 ($2.47 in chips) 
Seat 2: mafiaalan10 ($5.39 in chips) 
Seat 3: qzmp123 ($7.31 in chips) 
Seat 4: kemal_zay4ik ($5.18 in chips) 
Seat 5: Span405 ($5.08 in chips) 
Seat 6: Dorex2007 ($8.50 in chips) 
Seat 8: kimikiwi87 ($5.86 in chips) 
Seat 9: Almanza63 ($7.87 in chips) 
Dorex2007: posts small blind $0.02
kimikiwi87: posts big blind $0.05
*** HOLE CARDS ***
Dealt to Dorex2007 [Qs Js]
Almanza63: folds 
fbf58: calls $0.05
mafiaalan10: folds 
qzmp123: folds 
kemal_zay4ik: folds 
Span405: raises $0.15 to $0.20
Dorex2007: folds 
kimikiwi87: folds 
fbf58: calls $0.15
*** FLOP *** [Tc 5s 8h]
fbf58: checks 
Span405: checks 
*** TURN *** [Tc 5s 8h] [7c]
fbf58: bets $0.15
Span405: calls $0.15
*** RIVER *** [Tc 5s 8h 7c] [Ks]
fbf58: checks 
Span405: checks 
*** SHOW DOWN ***
fbf58: shows [9c Qd] (high card King)
Span405: shows [Ah 4h] (high card Ace)
Span405 collected $0.74 from pot
*** SUMMARY ***
Total pot $0.77 | Rake $0.03 
Board [Tc 5s 8h 7c Ks]
Seat 1: fbf58 showed [9c Qd] and lost with high card King
Seat 2: mafiaalan10 folded before Flop (didn't bet)
Seat 3: qzmp123 folded before Flop (didn't bet)
Seat 4: kemal_zay4ik folded before Flop (didn't bet)
Seat 5: Span405 (button) showed [Ah 4h] and won ($0.74) with high card Ace
Seat 6: Dorex2007 (small blind) folded before Flop
Seat 8: kimikiwi87 (big blind) folded before Flop
Seat 9: Almanza63 folded before Flop (didn't bet)



PokerStars Hand #237446815061:  Hold'em No Limit ($0.02/$0.05 USD) - 2022/07/18 17:41:54 PT [2022/07/18 20:41:54 ET]
Table 'Lydia III' 9-max Seat #6 is the button
Seat 1: fbf58 ($2.12 in chips) 
Seat 2: mafiaalan10 ($5.39 in chips) 
Seat 3: qzmp123 ($7.31 in chips) 
Seat 4: kemal_zay4ik ($5.18 in chips) 
Seat 5: Span405 ($5.47 in chips) 
Seat 6: Dorex2007 ($8.48 in chips) 
Seat 8: kimikiwi87 ($5.81 in chips) 
Seat 9: Almanza63 ($7.87 in chips) 
kimikiwi87: posts small blind $0.02
Almanza63: posts big blind $0.05
*** HOLE CARDS ***
Dealt to Dorex2007 [Jh 7d]
fbf58: folds 
mafiaalan10: raises $0.05 to $0.10
qzmp123: folds 
kemal_zay4ik: folds 
Span405: folds 
Dorex2007: folds 
kimikiwi87: folds 
Almanza63: folds 
Uncalled bet ($0.05) returned to mafiaalan10
mafiaalan10 collected $0.12 from pot
*** SUMMARY ***
Total pot $0.12 | Rake $0 
Seat 1: fbf58 folded before Flop (didn't bet)
Seat 2: mafiaalan10 collected ($0.12)
Seat 3: qzmp123 folded before Flop (didn't bet)
Seat 4: kemal_zay4ik folded before Flop (didn't bet)
Seat 5: Span405 folded before Flop (didn't bet)
Seat 6: Dorex2007 (button) folded before Flop (didn't bet)
Seat 8: kimikiwi87 (small blind) folded before Flop
Seat 9: Almanza63 (big blind) folded before Flop



PokerStars Hand #237446820148:  Hold'em No Limit ($0.02/$0.05 USD) - 2022/07/18 17:42:17 PT [2022/07/18 20:42:17 ET]
Table 'Lydia III' 9-max Seat #8 is the button
Seat 1: fbf58 ($2.12 in chips) 
Seat 2: mafiaalan10 ($5.46 in chips) 
Seat 3: qzmp123 ($7.31 in chips) 
Seat 4: kemal_zay4ik ($5.18 in chips) 
Seat 5: Span405 ($5.47 in chips) 
Seat 6: Dorex2007 ($8.48 in chips) 
Seat 7: Kallem28 ($5.36 in chips) 
Seat 8: kimikiwi87 ($5.79 in chips) 
Seat 9: Almanza63 ($7.82 in chips) 
Almanza63: posts small blind $0.02
fbf58: posts big blind $0.05
Kallem28: posts small & big blinds $0.07
*** HOLE CARDS ***
Dealt to Dorex2007 [7d 6d]
mafiaalan10: folds 
qzmp123: folds 
kemal_zay4ik: folds 
Span405: folds 
Dorex2007: folds 
Kallem28: raises $0.10 to $0.15
kimikiwi87: folds 
Almanza63: folds 
fbf58: calls $0.10
*** FLOP *** [Tc 2c 3d]
fbf58: checks 
Kallem28: bets $0.11
fbf58: calls $0.11
*** TURN *** [Tc 2c 3d] [3c]
fbf58: bets $1.86 and is all-in
Kallem28: folds 
Uncalled bet ($1.86) returned to fbf58
fbf58 collected $0.54 from pot
*** SUMMARY ***
Total pot $0.56 | Rake $0.02 
Board [Tc 2c 3d 3c]
Seat 1: fbf58 (big blind) collected ($0.54)
Seat 2: mafiaalan10 folded before Flop (didn't bet)
Seat 3: qzmp123 folded before Flop (didn't bet)
Seat 4: kemal_zay4ik folded before Flop (didn't bet)
Seat 5: Span405 folded before Flop (didn't bet)
Seat 6: Dorex2007 folded before Flop (didn't bet)
Seat 7: Kallem28 folded on the Turn
Seat 8: kimikiwi87 (button) folded before Flop (didn't bet)
Seat 9: Almanza63 (small blind) folded before Flop



PokerStars Hand #237446830422:  Hold'em No Limit ($0.02/$0.05 USD) - 2022/07/18 17:43:03 PT [2022/07/18 20:43:03 ET]
Table 'Lydia III' 9-max Seat #9 is the button
Seat 1: fbf58 ($2.40 in chips) 
Seat 2: mafiaalan10 ($5.46 in chips) 
Seat 3: qzmp123 ($7.31 in chips) 
Seat 4: kemal_zay4ik ($5.18 in chips) 
Seat 5: Span405 ($5.47 in chips) 
Seat 6: Dorex2007 ($8.48 in chips) 
Seat 7: Kallem28 ($5.08 in chips) 
Seat 8: kimikiwi87 ($5.79 in chips) 
Seat 9: Almanza63 ($7.80 in chips) 
fbf58: posts small blind $0.02
mafiaalan10: posts big blind $0.05
*** HOLE CARDS ***
Dealt to Dorex2007 [6c 5c]
qzmp123: folds 
kemal_zay4ik: folds 
Span405: folds 
Dorex2007: folds 
Kallem28: raises $0.15 to $0.20
kimikiwi87: folds 
Almanza63: folds 
fbf58: folds 
mafiaalan10: calls $0.15
*** FLOP *** [3d Jc Tc]
mafiaalan10: checks 
Kallem28: bets $0.13
mafiaalan10: calls $0.13
*** TURN *** [3d Jc Tc] [Th]
mafiaalan10: bets $0.10
Kallem28: calls $0.10
*** RIVER *** [3d Jc Tc Th] [Ad]
mafiaalan10: checks 
Kallem28: bets $4.65 and is all-in
mafiaalan10: folds 
Uncalled bet ($4.65) returned to Kallem28
Kallem28 collected $0.84 from pot
*** SUMMARY ***
Total pot $0.88 | Rake $0.04 
Board [3d Jc Tc Th Ad]
Seat 1: fbf58 (small blind) folded before Flop
Seat 2: mafiaalan10 (big blind) folded on the River
Seat 3: qzmp123 folded before Flop (didn't bet)
Seat 4: kemal_zay4ik folded before Flop (didn't bet)
Seat 5: Span405 folded before Flop (didn't bet)
Seat 6: Dorex2007 folded before Flop (didn't bet)
Seat 7: Kallem28 collected ($0.84)
Seat 8: kimikiwi87 folded before Flop (didn't bet)
Seat 9: Almanza63 (button) folded before Flop (didn't bet)



PokerStars Hand #237446842103:  Hold'em No Limit ($0.02/$0.05 USD) - 2022/07/18 17:43:54 PT [2022/07/18 20:43:54 ET]
Table 'Lydia III' 9-max Seat #1 is the button
Seat 1: fbf58 ($2.38 in chips) 
Seat 2: mafiaalan10 ($5.03 in chips) 
Seat 4: kemal_zay4ik ($5.18 in chips) 
Seat 5: Span405 ($5.47 in chips) 
Seat 6: Dorex2007 ($8.48 in chips) 
Seat 7: Kallem28 ($5.49 in chips) 
Seat 8: kimikiwi87 ($5.79 in chips) 
Seat 9: Almanza63 ($7.80 in chips) 
mafiaalan10: posts small blind $0.02
qzmp123: is sitting out 
qzmp123 leaves the table
kemal_zay4ik: posts big blind $0.05
*** HOLE CARDS ***
Dealt to Dorex2007 [Ks Kh]
Span405: folds 
Dorex2007: raises $0.10 to $0.15
Kallem28: calls $0.15
kimikiwi87: folds 
Almanza63: folds 
fbf58: calls $0.15
mafiaalan10: folds 
kemal_zay4ik: calls $0.10
*** FLOP *** [6c 7s 9h]
kemal_zay4ik: checks 
Dorex2007: bets $0.59
Kallem28: calls $0.59
fbf58: folds 
kemal_zay4ik: folds 
*** TURN *** [6c 7s 9h] [2d]
Dorex2007: bets $7.74 and is all-in
Kallem28: folds 
Uncalled bet ($7.74) returned to Dorex2007
Dorex2007 collected $1.73 from pot
*** SUMMARY ***
Total pot $1.80 | Rake $0.07 
Board [6c 7s 9h 2d]
Seat 1: fbf58 (button) folded on the Flop
Seat 2: mafiaalan10 (small blind) folded before Flop
Seat 4: kemal_zay4ik (big blind) folded on the Flop
Seat 5: Span405 folded before Flop (didn't bet)
Seat 6: Dorex2007 collected ($1.73)
Seat 7: Kallem28 folded on the Turn
Seat 8: kimikiwi87 folded before Flop (didn't bet)
Seat 9: Almanza63 folded before Flop (didn't bet)



PokerStars Hand #237446858705:  Hold'em No Limit ($0.02/$0.05 USD) - 2022/07/18 17:45:08 PT [2022/07/18 20:45:08 ET]
Table 'Lydia III' 9-max Seat #2 is the button
Seat 1: fbf58 ($2.23 in chips) 
Seat 2: mafiaalan10 ($5.01 in chips) 
Seat 4: kemal_zay4ik ($5.03 in chips) 
Seat 5: Span405 ($5.47 in chips) 
Seat 6: Dorex2007 ($9.47 in chips) 
Seat 7: Kallem28 ($4.75 in chips) 
Seat 8: kimikiwi87 ($5.79 in chips) 
Seat 9: Almanza63 ($7.80 in chips) 
kemal_zay4ik: posts small blind $0.02
Span405: posts big blind $0.05
*** HOLE CARDS ***
Dealt to Dorex2007 [Jc 4c]
Dorex2007: folds 
Kallem28: raises $0.15 to $0.20
kimikiwi87: folds 
Almanza63: folds 
fbf58: folds 
mafiaalan10: calls $0.20
kemal_zay4ik: folds 
Span405: folds 
*** FLOP *** [8h Tc 7c]
Kallem28: bets $0.15
mafiaalan10: calls $0.15
*** TURN *** [8h Tc 7c] [Ks]
Kallem28: bets $4.40 and is all-in
mafiaalan10: folds 
Uncalled bet ($4.40) returned to Kallem28
Kallem28 collected $0.74 from pot
*** SUMMARY ***
Total pot $0.77 | Rake $0.03 
Board [8h Tc 7c Ks]
Seat 1: fbf58 folded before Flop (didn't bet)
Seat 2: mafiaalan10 (button) folded on the Turn
Seat 4: kemal_zay4ik (small blind) folded before Flop
Seat 5: Span405 (big blind) folded before Flop
Seat 6: Dorex2007 folded before Flop (didn't bet)
Seat 7: Kallem28 collected ($0.74)
Seat 8: kimikiwi87 folded before Flop (didn't bet)
Seat 9: Almanza63 folded before Flop (didn't bet)



PokerStars Hand #237446872020:  Hold'em No Limit ($0.02/$0.05 USD) - 2022/07/18 17:45:48 PT [2022/07/18 20:45:48 ET]
Table 'Lydia III' 9-max Seat #4 is the button
Seat 1: fbf58 ($2.23 in chips) 
Seat 2: mafiaalan10 ($4.66 in chips) 
Seat 4: kemal_zay4ik ($5.01 in chips) 
Seat 5: Span405 ($5.42 in chips) 
Seat 6: Dorex2007 ($9.47 in chips) 
Seat 7: Kallem28 ($5.14 in chips) 
Seat 8: kimikiwi87 ($5.79 in chips) 
Seat 9: Almanza63 ($7.80 in chips) 
Span405: posts small blind $0.02
Dorex2007: posts big blind $0.05
*** HOLE CARDS ***
Dealt to Dorex2007 [6s 4d]
Kallem28: folds 
kimikiwi87: calls $0.05
Almanza63: folds 
fbf58: folds 
mafiaalan10: raises $0.10 to $0.15
kemal_zay4ik: folds 
Span405: folds 
Dorex2007: folds 
kimikiwi87: calls $0.10
*** FLOP *** [9d 8d 9c]
kimikiwi87: checks 
mafiaalan10: checks 
*** TURN *** [9d 8d 9c] [Kd]
kimikiwi87: checks 
mafiaalan10: checks 
*** RIVER *** [9d 8d 9c Kd] [2h]
kimikiwi87: checks 
mafiaalan10: checks 
*** SHOW DOWN ***
kimikiwi87: shows [Kc Ah] (two pair, Kings and Nines)
mafiaalan10: mucks hand 
kimikiwi87 collected $0.35 from pot
*** SUMMARY ***
Total pot $0.37 | Rake $0.02 
Board [9d 8d 9c Kd 2h]
Seat 1: fbf58 folded before Flop (didn't bet)
Seat 2: mafiaalan10 mucked [6d 6c]
Seat 4: kemal_zay4ik (button) folded before Flop (didn't bet)
Seat 5: Span405 (small blind) folded before Flop
Seat 6: Dorex2007 (big blind) folded before Flop
Seat 7: Kallem28 folded before Flop (didn't bet)
Seat 8: kimikiwi87 showed [Kc Ah] and won ($0.35) with two pair, Kings and Nines
Seat 9: Almanza63 folded before Flop (didn't bet)



PokerStars Hand #237446881611:  Hold'em No Limit ($0.02/$0.05 USD) - 2022/07/18 17:46:30 PT [2022/07/18 20:46:30 ET]
Table 'Lydia III' 9-max Seat #5 is the button
Seat 1: fbf58 ($2.23 in chips) 
Seat 2: mafiaalan10 ($4.51 in chips) 
Seat 4: kemal_zay4ik ($5.01 in chips) 
Seat 5: Span405 ($5.40 in chips) 
Seat 6: Dorex2007 ($9.42 in chips) 
Seat 7: Kallem28 ($5.14 in chips) 
Seat 8: kimikiwi87 ($5.99 in chips) 
Seat 9: Almanza63 ($7.80 in chips) 
Dorex2007: posts small blind $0.02
Kallem28: posts big blind $0.05
*** HOLE CARDS ***
Dealt to Dorex2007 [Td As]
kimikiwi87: folds 
Almanza63: folds 
fbf58: folds 
mafiaalan10: raises $0.10 to $0.15
kemal_zay4ik: folds 
Span405: raises $0.30 to $0.45
Dorex2007: folds 
Kallem28: folds 
mafiaalan10: folds 
Uncalled bet ($0.30) returned to Span405
Span405 collected $0.37 from pot
*** SUMMARY ***
Total pot $0.37 | Rake $0 
Seat 1: fbf58 folded before Flop (didn't bet)
Seat 2: mafiaalan10 folded before Flop
Seat 4: kemal_zay4ik folded before Flop (didn't bet)
Seat 5: Span405 (button) collected ($0.37)
Seat 6: Dorex2007 (small blind) folded before Flop
Seat 7: Kallem28 (big blind) folded before Flop
Seat 8: kimikiwi87 folded before Flop (didn't bet)
Seat 9: Almanza63 folded before Flop (didn't bet)



PokerStars Hand #237446890197:  Hold'em No Limit ($0.02/$0.05 USD) - 2022/07/18 17:47:09 PT [2022/07/18 20:47:09 ET]
Table 'Lydia III' 9-max Seat #6 is the button
Seat 1: fbf58 ($2.23 in chips) 
Seat 2: mafiaalan10 ($4.36 in chips) 
Seat 4: kemal_zay4ik ($5.01 in chips) 
Seat 5: Span405 ($5.62 in chips) 
Seat 6: Dorex2007 ($9.40 in chips) 
Seat 7: Kallem28 ($5.09 in chips) 
Seat 8: kimikiwi87 ($5.99 in chips) 
Seat 9: Almanza63 ($7.80 in chips) 
Kallem28: posts small blind $0.02
kimikiwi87: posts big blind $0.05
*** HOLE CARDS ***
Dealt to Dorex2007 [3d Ts]
Almanza63: folds 
fbf58: folds 
mafiaalan10: folds 
kemal_zay4ik: folds 
Span405: raises $0.10 to $0.15
Dorex2007: folds 
Kallem28: folds 
kimikiwi87: folds 
Uncalled bet ($0.10) returned to Span405
Span405 collected $0.12 from pot
*** SUMMARY ***
Total pot $0.12 | Rake $0 
Seat 1: fbf58 folded before Flop (didn't bet)
Seat 2: mafiaalan10 folded before Flop (didn't bet)
Seat 4: kemal_zay4ik folded before Flop (didn't bet)
Seat 5: Span405 collected ($0.12)
Seat 6: Dorex2007 (button) folded before Flop (didn't bet)
Seat 7: Kallem28 (small blind) folded before Flop
Seat 8: kimikiwi87 (big blind) folded before Flop
Seat 9: Almanza63 folded before Flop (didn't bet)



PokerStars Hand #237446894492:  Hold'em No Limit ($0.02/$0.05 USD) - 2022/07/18 17:47:28 PT [2022/07/18 20:47:28 ET]
Table 'Lydia III' 9-max Seat #7 is the button
Seat 1: fbf58 ($2.23 in chips) 
Seat 2: mafiaalan10 ($4.36 in chips) 
Seat 4: kemal_zay4ik ($5.01 in chips) 
Seat 5: Span405 ($5.69 in chips) 
Seat 6: Dorex2007 ($9.40 in chips) 
Seat 7: Kallem28 ($5.07 in chips) 
Seat 8: kimikiwi87 ($5.94 in chips) 
Seat 9: Almanza63 ($7.80 in chips) 
kimikiwi87: posts small blind $0.02
Almanza63: posts big blind $0.05
*** HOLE CARDS ***
Dealt to Dorex2007 [4h 5s]
fbf58: calls $0.05
mafiaalan10: calls $0.05
kemal_zay4ik: folds 
Span405: folds 
Dorex2007: folds 
Kallem28: folds 
kimikiwi87: calls $0.03
Almanza63: checks 
*** FLOP *** [5c Qc 9d]
kimikiwi87: checks 
Almanza63: checks 
fbf58: checks 
mafiaalan10: checks 
*** TURN *** [5c Qc 9d] [Kh]
video104 joins the table at seat #3 
kimikiwi87: checks 
Almanza63: checks 
fbf58: checks 
mafiaalan10: checks 
*** RIVER *** [5c Qc 9d Kh] [3c]
kimikiwi87: checks 
Almanza63: checks 
fbf58: checks 
mafiaalan10: checks 
*** SHOW DOWN ***
kimikiwi87: shows [Ac Qh] (a pair of Queens)
Almanza63: mucks hand 
fbf58: mucks hand 
mafiaalan10: mucks hand 
kimikiwi87 collected $0.19 from pot
*** SUMMARY ***
Total pot $0.20 | Rake $0.01 
Board [5c Qc 9d Kh 3c]
Seat 1: fbf58 mucked [Ah 8c]
Seat 2: mafiaalan10 mucked [Th As]
Seat 4: kemal_zay4ik folded before Flop (didn't bet)
Seat 5: Span405 folded before Flop (didn't bet)
Seat 6: Dorex2007 folded before Flop (didn't bet)
Seat 7: Kallem28 (button) folded before Flop (didn't bet)
Seat 8: kimikiwi87 (small blind) showed [Ac Qh] and won ($0.19) with a pair of Queens
Seat 9: Almanza63 (big blind) mucked [5h Tc]



PokerStars Hand #237446911913:  Hold'em No Limit ($0.02/$0.05 USD) - 2022/07/18 17:48:44 PT [2022/07/18 20:48:44 ET]
Table 'Lydia III' 9-max Seat #8 is the button
Seat 1: fbf58 ($2.18 in chips) 
Seat 2: mafiaalan10 ($4.31 in chips) 
Seat 4: kemal_zay4ik ($5.01 in chips) 
Seat 5: Span405 ($5.69 in chips) 
Seat 6: Dorex2007 ($9.40 in chips) 
Seat 7: Kallem28 ($5.07 in chips) 
Seat 8: kimikiwi87 ($6.08 in chips) 
Seat 9: Almanza63 ($7.75 in chips) 
Almanza63: posts small blind $0.02
fbf58: posts big blind $0.05
video104: sits out 
*** HOLE CARDS ***
Dealt to Dorex2007 [9c Th]
mafiaalan10: raises $0.05 to $0.10
kemal_zay4ik: folds 
Span405: folds 
Dorex2007: folds 
Kallem28: folds 
kimikiwi87: folds 
Almanza63: folds 
fbf58: calls $0.05
*** FLOP *** [Qs 6c 5c]
fbf58: checks 
mafiaalan10: bets $0.10
fbf58: folds 
Uncalled bet ($0.10) returned to mafiaalan10
mafiaalan10 collected $0.21 from pot
*** SUMMARY ***
Total pot $0.22 | Rake $0.01 
Board [Qs 6c 5c]
Seat 1: fbf58 (big blind) folded on the Flop
Seat 2: mafiaalan10 collected ($0.21)
Seat 4: kemal_zay4ik folded before Flop (didn't bet)
Seat 5: Span405 folded before Flop (didn't bet)
Seat 6: Dorex2007 folded before Flop (didn't bet)
Seat 7: Kallem28 folded before Flop (didn't bet)
Seat 8: kimikiwi87 (button) folded before Flop (didn't bet)
Seat 9: Almanza63 (small blind) folded before Flop



PokerStars Hand #237446922244:  Hold'em No Limit ($0.02/$0.05 USD) - 2022/07/18 17:49:30 PT [2022/07/18 20:49:30 ET]
Table 'Lydia III' 9-max Seat #9 is the button
Seat 1: fbf58 ($2.08 in chips) 
Seat 2: mafiaalan10 ($4.42 in chips) 
Seat 4: kemal_zay4ik ($5.01 in chips) 
Seat 5: Span405 ($5.69 in chips) 
Seat 6: Dorex2007 ($9.40 in chips) 
Seat 7: Kallem28 ($5.07 in chips) 
Seat 8: kimikiwi87 ($6.08 in chips) 
Seat 9: Almanza63 ($7.73 in chips) 
fbf58: posts small blind $0.02
mafiaalan10: posts big blind $0.05
video104: sits out 
*** HOLE CARDS ***
Dealt to Dorex2007 [8c 4s]
kemal_zay4ik has timed out
kemal_zay4ik: folds 
Span405: folds 
Dorex2007 has timed out
Dorex2007: folds 
Kallem28: folds 
kimikiwi87: folds 
Almanza63: folds 
fbf58: calls $0.03
mafiaalan10: checks 
*** FLOP *** [Js 7d Th]
fbf58: checks 
mafiaalan10: checks 
*** TURN *** [Js 7d Th] [6h]
fbf58: checks 
mafiaalan10: checks 
*** RIVER *** [Js 7d Th 6h] [9s]
fbf58: bets $0.10
mafiaalan10: folds 
Uncalled bet ($0.10) returned to fbf58
fbf58 collected $0.10 from pot
*** SUMMARY ***
Total pot $0.10 | Rake $0 
Board [Js 7d Th 6h 9s]
Seat 1: fbf58 (small blind) collected ($0.10)
Seat 2: mafiaalan10 (big blind) folded on the River
Seat 4: kemal_zay4ik folded before Flop (didn't bet)
Seat 5: Span405 folded before Flop (didn't bet)
Seat 6: Dorex2007 folded before Flop (didn't bet)
Seat 7: Kallem28 folded before Flop (didn't bet)
Seat 8: kimikiwi87 folded before Flop (didn't bet)
Seat 9: Almanza63 (button) folded before Flop (didn't bet)



PokerStars Hand #237446943118:  Hold'em No Limit ($0.02/$0.05 USD) - 2022/07/18 17:51:03 PT [2022/07/18 20:51:03 ET]
Table 'Lydia III' 9-max Seat #2 is the button
Seat 1: fbf58 ($1.98 in chips) 
Seat 2: mafiaalan10 ($4.35 in chips) 
Seat 3: video104 ($5.16 in chips) 
Seat 4: kemal_zay4ik ($5.01 in chips) 
Seat 5: Span405 ($5.69 in chips) 
Seat 6: Dorex2007 ($9.40 in chips) 
Seat 7: Kallem28 ($5.07 in chips) 
Seat 8: kimikiwi87 ($6.08 in chips) 
Seat 9: Almanza63 ($7.73 in chips) 
video104: posts small blind $0.02
kemal_zay4ik: posts big blind $0.05
*** HOLE CARDS ***
Dealt to Dorex2007 [4d Th]
Span405: folds 
Dorex2007: folds 
Kallem28: folds 
kimikiwi87: folds 
Almanza63: folds 
fbf58: calls $0.05
mafiaalan10: calls $0.05
video104: folds 
kemal_zay4ik: checks 
*** FLOP *** [As 5c 7h]
kemal_zay4ik: checks 
fbf58: checks 
mafiaalan10: checks 
*** TURN *** [As 5c 7h] [Ad]
kemal_zay4ik: bets $0.08
fbf58: folds 
mafiaalan10: folds 
Uncalled bet ($0.08) returned to kemal_zay4ik
kemal_zay4ik collected $0.16 from pot
*** SUMMARY ***
Total pot $0.17 | Rake $0.01 
Board [As 5c 7h Ad]
Seat 1: fbf58 folded on the Turn
Seat 2: mafiaalan10 (button) folded on the Turn
Seat 3: video104 (small blind) folded before Flop
Seat 4: kemal_zay4ik (big blind) collected ($0.16)
Seat 5: Span405 folded before Flop (didn't bet)
Seat 6: Dorex2007 folded before Flop (didn't bet)
Seat 7: Kallem28 folded before Flop (didn't bet)
Seat 8: kimikiwi87 folded before Flop (didn't bet)
Seat 9: Almanza63 folded before Flop (didn't bet)



PokerStars Hand #237446959941:  Hold'em No Limit ($0.02/$0.05 USD) - 2022/07/18 17:52:18 PT [2022/07/18 20:52:18 ET]
Table 'Lydia III' 9-max Seat #3 is the button
Seat 1: fbf58 ($1.93 in chips) 
Seat 2: mafiaalan10 ($4.30 in chips) 
Seat 3: video104 ($5.14 in chips) 
Seat 4: kemal_zay4ik ($5.12 in chips) 
Seat 5: Span405 ($5.69 in chips) 
Seat 6: Dorex2007 ($9.40 in chips) 
Seat 7: Kallem28 ($5.07 in chips) 
Seat 8: kimikiwi87 ($6.08 in chips) 
Seat 9: Almanza63 ($7.73 in chips) 
kemal_zay4ik: posts small blind $0.02
Span405: posts big blind $0.05
*** HOLE CARDS ***
Dealt to Dorex2007 [6c 4d]
Dorex2007: folds 
Kallem28: raises $0.15 to $0.20
kimikiwi87: folds 
Almanza63: folds 
fbf58: folds 
mafiaalan10: folds 
video104: calls $0.20
kemal_zay4ik: folds 
Span405: folds 
*** FLOP *** [Ks Jd 2c]
Kallem28: bets $0.15
video104: calls $0.15
*** TURN *** [Ks Jd 2c] [3h]
Kallem28: bets $0.24
video104: folds 
Uncalled bet ($0.24) returned to Kallem28
Kallem28 collected $0.74 from pot
*** SUMMARY ***
Total pot $0.77 | Rake $0.03 
Board [Ks Jd 2c 3h]
Seat 1: fbf58 folded before Flop (didn't bet)
Seat 2: mafiaalan10 folded before Flop (didn't bet)
Seat 3: video104 (button) folded on the Turn
Seat 4: kemal_zay4ik (small blind) folded before Flop
Seat 5: Span405 (big blind) folded before Flop
Seat 6: Dorex2007 folded before Flop (didn't bet)
Seat 7: Kallem28 collected ($0.74)
Seat 8: kimikiwi87 folded before Flop (didn't bet)
Seat 9: Almanza63 folded before Flop (didn't bet)



PokerStars Hand #237446967376:  Hold'em No Limit ($0.02/$0.05 USD) - 2022/07/18 17:52:52 PT [2022/07/18 20:52:52 ET]
Table 'Lydia III' 9-max Seat #4 is the button
Seat 1: fbf58 ($1.93 in chips) 
Seat 2: mafiaalan10 ($4.30 in chips) 
Seat 3: video104 ($4.79 in chips) 
Seat 4: kemal_zay4ik ($5.10 in chips) 
Seat 5: Span405 ($5.64 in chips) 
Seat 6: Dorex2007 ($9.40 in chips) 
Seat 7: Kallem28 ($5.46 in chips) 
Seat 8: kimikiwi87 ($6.08 in chips) 
Seat 9: Almanza63 ($7.73 in chips) 
Span405: posts small blind $0.02
Dorex2007: posts big blind $0.05
*** HOLE CARDS ***
Dealt to Dorex2007 [Ks 5h]
Kallem28: folds 
kimikiwi87: folds 
Almanza63: folds 
fbf58: raises $0.10 to $0.15
mafiaalan10: folds 
video104: folds 
kemal_zay4ik: folds 
Span405: folds 
Dorex2007: folds 
Uncalled bet ($0.10) returned to fbf58
fbf58 collected $0.12 from pot
*** SUMMARY ***
Total pot $0.12 | Rake $0 
Seat 1: fbf58 collected ($0.12)
Seat 2: mafiaalan10 folded before Flop (didn't bet)
Seat 3: video104 folded before Flop (didn't bet)
Seat 4: kemal_zay4ik (button) folded before Flop (didn't bet)
Seat 5: Span405 (small blind) folded before Flop
Seat 6: Dorex2007 (big blind) folded before Flop
Seat 7: Kallem28 folded before Flop (didn't bet)
Seat 8: kimikiwi87 folded before Flop (didn't bet)
Seat 9: Almanza63 folded before Flop (didn't bet)



PokerStars Hand #237446972534:  Hold'em No Limit ($0.02/$0.05 USD) - 2022/07/18 17:53:10 PT [2022/07/18 20:53:10 ET]
Table 'Lydia III' 9-max Seat #5 is the button
Seat 1: fbf58 ($2 in chips) 
Seat 2: mafiaalan10 ($4.30 in chips) 
Seat 3: video104 ($4.79 in chips) 
Seat 4: kemal_zay4ik ($5.10 in chips) 
Seat 5: Span405 ($5.62 in chips) 
Seat 6: Dorex2007 ($9.35 in chips) 
Seat 7: Kallem28 ($5.46 in chips) 
Seat 8: kimikiwi87 ($6.08 in chips) 
Seat 9: Almanza63 ($7.73 in chips) 
Dorex2007: posts small blind $0.02
Kallem28: posts big blind $0.05
*** HOLE CARDS ***
Dealt to Dorex2007 [8s Ah]
kimikiwi87: folds 
Almanza63: folds 
fbf58: calls $0.05
mafiaalan10: raises $0.05 to $0.10
video104: folds 
kemal_zay4ik: folds 
Span405: folds 
Dorex2007: folds 
Kallem28: folds 
fbf58: calls $0.05
*** FLOP *** [2h 7h 6d]
fbf58: checks 
mafiaalan10: checks 
*** TURN *** [2h 7h 6d] [Th]
fbf58: checks 
mafiaalan10: checks 
*** RIVER *** [2h 7h 6d Th] [5d]
fbf58: checks 
mafiaalan10: checks 
*** SHOW DOWN ***
fbf58: shows [Kh 3s] (high card King)
mafiaalan10: shows [Ad 8d] (high card Ace)
mafiaalan10 collected $0.26 from pot
*** SUMMARY ***
Total pot $0.27 | Rake $0.01 
Board [2h 7h 6d Th 5d]
Seat 1: fbf58 showed [Kh 3s] and lost with high card King
Seat 2: mafiaalan10 showed [Ad 8d] and won ($0.26) with high card Ace
Seat 3: video104 folded before Flop (didn't bet)
Seat 4: kemal_zay4ik folded before Flop (didn't bet)
Seat 5: Span405 (button) folded before Flop (didn't bet)
Seat 6: Dorex2007 (small blind) folded before Flop
Seat 7: Kallem28 (big blind) folded before Flop
Seat 8: kimikiwi87 folded before Flop (didn't bet)
Seat 9: Almanza63 folded before Flop (didn't bet)



PokerStars Hand #237446980969:  Hold'em No Limit ($0.02/$0.05 USD) - 2022/07/18 17:53:49 PT [2022/07/18 20:53:49 ET]
Table 'Lydia III' 9-max Seat #6 is the button
Seat 1: fbf58 ($1.90 in chips) 
Seat 2: mafiaalan10 ($4.46 in chips) 
Seat 3: video104 ($4.79 in chips) 
Seat 4: kemal_zay4ik ($5.10 in chips) 
Seat 5: Span405 ($5.62 in chips) 
Seat 6: Dorex2007 ($9.33 in chips) 
Seat 7: Kallem28 ($5.41 in chips) 
Seat 8: kimikiwi87 ($6.08 in chips) 
Seat 9: Almanza63 ($7.73 in chips) 
Kallem28: posts small blind $0.02
kimikiwi87: posts big blind $0.05
*** HOLE CARDS ***
Dealt to Dorex2007 [3d 9h]
Almanza63: folds 
fbf58: calls $0.05
mafiaalan10: folds 
video104: folds 
kemal_zay4ik: folds 
Span405: raises $0.15 to $0.20
Dorex2007: folds 
Kallem28: folds 
kimikiwi87: folds 
fbf58: folds 
Uncalled bet ($0.15) returned to Span405
Span405 collected $0.17 from pot
*** SUMMARY ***
Total pot $0.17 | Rake $0 
Seat 1: fbf58 folded before Flop
Seat 2: mafiaalan10 folded before Flop (didn't bet)
Seat 3: video104 folded before Flop (didn't bet)
Seat 4: kemal_zay4ik folded before Flop (didn't bet)
Seat 5: Span405 collected ($0.17)
Seat 6: Dorex2007 (button) folded before Flop (didn't bet)
Seat 7: Kallem28 (small blind) folded before Flop
Seat 8: kimikiwi87 (big blind) folded before Flop
Seat 9: Almanza63 folded before Flop (didn't bet)



PokerStars Hand #237446986814:  Hold'em No Limit ($0.02/$0.05 USD) - 2022/07/18 17:54:16 PT [2022/07/18 20:54:16 ET]
Table 'Lydia III' 9-max Seat #8 is the button
Seat 1: fbf58 ($1.85 in chips) 
Seat 2: mafiaalan10 ($4.46 in chips) 
Seat 3: video104 ($4.79 in chips) 
Seat 4: kemal_zay4ik ($5.10 in chips) 
Seat 5: Span405 ($5.74 in chips) 
Seat 6: Dorex2007 ($9.33 in chips) 
Seat 8: kimikiwi87 ($6.03 in chips) 
Seat 9: Almanza63 ($7.73 in chips) 
Almanza63: posts small blind $0.02
fbf58: posts big blind $0.05
*** HOLE CARDS ***
Dealt to Dorex2007 [Td Js]
mafiaalan10: folds 
video104: folds 
kemal_zay4ik: folds 
Span405: folds 
Dorex2007: folds 
kimikiwi87: folds 
Almanza63: raises $0.10 to $0.15
fbf58: calls $0.10
*** FLOP *** [7d 6h Tc]
Almanza63: checks 
fbf58: checks 
*** TURN *** [7d 6h Tc] [7s]
Almanza63: bets $0.15
fbf58: calls $0.15
*** RIVER *** [7d 6h Tc 7s] [Qc]
Almanza63: bets $0.39
fbf58: folds 
Uncalled bet ($0.39) returned to Almanza63
Almanza63 collected $0.58 from pot
*** SUMMARY ***
Total pot $0.60 | Rake $0.02 
Board [7d 6h Tc 7s Qc]
Seat 1: fbf58 (big blind) folded on the River
Seat 2: mafiaalan10 folded before Flop (didn't bet)
Seat 3: video104 folded before Flop (didn't bet)
Seat 4: kemal_zay4ik folded before Flop (didn't bet)
Seat 5: Span405 folded before Flop (didn't bet)
Seat 6: Dorex2007 folded before Flop (didn't bet)
Seat 8: kimikiwi87 (button) folded before Flop (didn't bet)
Seat 9: Almanza63 (small blind) collected ($0.58)



PokerStars Hand #237446998059:  Hold'em No Limit ($0.02/$0.05 USD) - 2022/07/18 17:55:08 PT [2022/07/18 20:55:08 ET]
Table 'Lydia III' 9-max Seat #9 is the button
Seat 1: fbf58 ($1.55 in chips) 
Seat 2: mafiaalan10 ($4.46 in chips) 
Seat 3: video104 ($4.79 in chips) 
Seat 4: kemal_zay4ik ($5.10 in chips) 
Seat 5: Span405 ($5.74 in chips) 
Seat 6: Dorex2007 ($9.33 in chips) 
Seat 8: kimikiwi87 ($6.03 in chips) 
Seat 9: Almanza63 ($8.01 in chips) 
fbf58: posts small blind $0.02
mafiaalan10: posts big blind $0.05
*** HOLE CARDS ***
Dealt to Dorex2007 [Qc 4c]
video104: raises $0.10 to $0.15
kemal_zay4ik: folds 
Span405: folds 
Dorex2007: folds 
kimikiwi87: folds 
Almanza63: folds 
fbf58: calls $0.13
mafiaalan10: calls $0.10
*** FLOP *** [5c 6c Qd]
fbf58: checks 
mafiaalan10: checks 
video104: bets $0.21
fbf58: calls $0.21
mafiaalan10: folds 
*** TURN *** [5c 6c Qd] [3d]
fbf58: checks 
video104 is disconnected 
video104 has timed out while disconnected
video104: checks 
*** RIVER *** [5c 6c Qd 3d] [9s]
fbf58: bets $1.19 and is all-in
video104 is connected 
video104 has timed out
video104: folds 
Uncalled bet ($1.19) returned to fbf58
fbf58 collected $0.83 from pot
*** SUMMARY ***
Total pot $0.87 | Rake $0.04 
Board [5c 6c Qd 3d 9s]
Seat 1: fbf58 (small blind) collected ($0.83)
Seat 2: mafiaalan10 (big blind) folded on the Flop
Seat 3: video104 folded on the River
Seat 4: kemal_zay4ik folded before Flop (didn't bet)
Seat 5: Span405 folded before Flop (didn't bet)
Seat 6: Dorex2007 folded before Flop (didn't bet)
Seat 8: kimikiwi87 folded before Flop (didn't bet)
Seat 9: Almanza63 (button) folded before Flop (didn't bet)



PokerStars Hand #237447025223:  Hold'em No Limit ($0.02/$0.05 USD) - 2022/07/18 17:57:05 PT [2022/07/18 20:57:05 ET]
Table 'Lydia III' 9-max Seat #1 is the button
Seat 1: fbf58 ($2.02 in chips) 
Seat 2: mafiaalan10 ($4.31 in chips) 
Seat 4: kemal_zay4ik ($5.10 in chips) 
Seat 5: Span405 ($5.74 in chips) 
Seat 6: Dorex2007 ($9.33 in chips) 
Seat 8: kimikiwi87 ($6.03 in chips) 
Seat 9: Almanza63 ($8.01 in chips) 
mafiaalan10: posts small blind $0.02
kemal_zay4ik: posts big blind $0.05
*** HOLE CARDS ***
Dealt to Dorex2007 [4s Th]
Span405: raises $0.10 to $0.15
Dorex2007: folds 
kimikiwi87: folds 
Almanza63: folds 
fbf58: folds 
mafiaalan10: calls $0.13
kemal_zay4ik: folds 
*** FLOP *** [9c Kd 8c]
mafiaalan10: checks 
Span405: bets $0.15
video104 is disconnected 
mafiaalan10: calls $0.15
*** TURN *** [9c Kd 8c] [Td]
mafiaalan10: checks 
Span405: bets $0.35
mafiaalan10: folds 
Uncalled bet ($0.35) returned to Span405
Span405 collected $0.62 from pot
*** SUMMARY ***
Total pot $0.65 | Rake $0.03 
Board [9c Kd 8c Td]
Seat 1: fbf58 (button) folded before Flop (didn't bet)
Seat 2: mafiaalan10 (small blind) folded on the Turn
Seat 4: kemal_zay4ik (big blind) folded before Flop
Seat 5: Span405 collected ($0.62)
Seat 6: Dorex2007 folded before Flop (didn't bet)
Seat 8: kimikiwi87 folded before Flop (didn't bet)
Seat 9: Almanza63 folded before Flop (didn't bet)



PokerStars Hand #237447034389:  Hold'em No Limit ($0.02/$0.05 USD) - 2022/07/18 17:57:54 PT [2022/07/18 20:57:54 ET]
Table 'Lydia III' 9-max Seat #2 is the button
Seat 1: fbf58 ($2.02 in chips) 
Seat 2: mafiaalan10 ($4.01 in chips) 
Seat 5: Span405 ($6.06 in chips) 
Seat 6: Dorex2007 ($9.33 in chips) 
Seat 8: kimikiwi87 ($6.03 in chips) 
Seat 9: Almanza63 ($8.01 in chips) 
kemal_zay4ik has timed out
kemal_zay4ik: is sitting out 
Span405: posts small blind $0.02
Dorex2007: posts big blind $0.05
*** HOLE CARDS ***
Dealt to Dorex2007 [7s 6c]
kimikiwi87: folds 
Almanza63: raises $0.10 to $0.15
fbf58: calls $0.15
mafiaalan10: folds 
kemal_zay4ik is disconnected 
Span405: raises $0.50 to $0.65
Dorex2007: folds 
Almanza63: folds 
fbf58: folds 
Uncalled bet ($0.50) returned to Span405
Span405 collected $0.50 from pot
*** SUMMARY ***
Total pot $0.50 | Rake $0 
Seat 1: fbf58 folded before Flop
Seat 2: mafiaalan10 (button) folded before Flop (didn't bet)
Seat 5: Span405 (small blind) collected ($0.50)
Seat 6: Dorex2007 (big blind) folded before Flop
Seat 8: kimikiwi87 folded before Flop (didn't bet)
Seat 9: Almanza63 folded before Flop



PokerStars Hand #237447041478:  Hold'em No Limit ($0.02/$0.05 USD) - 2022/07/18 17:58:33 PT [2022/07/18 20:58:33 ET]
Table 'Lydia III' 9-max Seat #5 is the button
Seat 1: fbf58 ($1.87 in chips) 
Seat 2: mafiaalan10 ($4.01 in chips) 
Seat 5: Span405 ($6.41 in chips) 
Seat 6: Dorex2007 ($9.28 in chips) 
Seat 8: kimikiwi87 ($6.03 in chips) 
Seat 9: Almanza63 ($7.86 in chips) 
Dorex2007: posts small blind $0.02
kimikiwi87: posts big blind $0.05
video104 has timed out while disconnected
video104: is sitting out 
*** HOLE CARDS ***
Dealt to Dorex2007 [2h 8s]
Almanza63: folds 
fbf58: folds 
mafiaalan10: folds 
video104 leaves the table
Span405: raises $0.10 to $0.15
Dorex2007: folds 
kimikiwi87: folds 
Uncalled bet ($0.10) returned to Span405
Span405 collected $0.12 from pot
*** SUMMARY ***
Total pot $0.12 | Rake $0 
Seat 1: fbf58 folded before Flop (didn't bet)
Seat 2: mafiaalan10 folded before Flop (didn't bet)
Seat 5: Span405 (button) collected ($0.12)
Seat 6: Dorex2007 (small blind) folded before Flop
Seat 8: kimikiwi87 (big blind) folded before Flop
Seat 9: Almanza63 folded before Flop (didn't bet)



PokerStars Hand #237447045671:  Hold'em No Limit ($0.02/$0.05 USD) - 2022/07/18 17:58:55 PT [2022/07/18 20:58:55 ET]
Table 'Lydia III' 9-max Seat #6 is the button
Seat 1: fbf58 ($1.87 in chips) 
Seat 2: mafiaalan10 ($4.01 in chips) 
Seat 5: Span405 ($6.48 in chips) 
Seat 6: Dorex2007 ($9.26 in chips) 
Seat 8: kimikiwi87 ($5.98 in chips) 
Seat 9: Almanza63 ($7.86 in chips) 
kimikiwi87: posts small blind $0.02
Almanza63: posts big blind $0.05
*** HOLE CARDS ***
Dealt to Dorex2007 [2h 9s]
Facundo-cabj joins the table at seat #3 
fbf58: folds 
mafiaalan10: folds 
Span405: folds 
Dorex2007: folds 
kimikiwi87: folds 
Uncalled bet ($0.03) returned to Almanza63
Almanza63 collected $0.04 from pot
*** SUMMARY ***
Total pot $0.04 | Rake $0 
Seat 1: fbf58 folded before Flop (didn't bet)
Seat 2: mafiaalan10 folded before Flop (didn't bet)
Seat 5: Span405 folded before Flop (didn't bet)
Seat 6: Dorex2007 (button) folded before Flop (didn't bet)
Seat 8: kimikiwi87 (small blind) folded before Flop
Seat 9: Almanza63 (big blind) collected ($0.04)



PokerStars Hand #237447047541:  Hold'em No Limit ($0.02/$0.05 USD) - 2022/07/18 17:59:06 PT [2022/07/18 20:59:06 ET]
Table 'Lydia III' 9-max Seat #8 is the button
Seat 1: fbf58 ($1.87 in chips) 
Seat 2: mafiaalan10 ($4.01 in chips) 
Seat 3: Facundo-cabj ($5 in chips) 
Seat 5: Span405 ($6.48 in chips) 
Seat 6: Dorex2007 ($9.26 in chips) 
Seat 8: kimikiwi87 ($5.96 in chips) 
Seat 9: Almanza63 ($7.88 in chips) 
Almanza63: posts small blind $0.02
fbf58: posts big blind $0.05
Facundo-cabj: posts big blind $0.05
*** HOLE CARDS ***
Dealt to Dorex2007 [2s Js]
mafiaalan10: folds 
Facundo-cabj: checks 
Span405: raises $0.10 to $0.15
Dorex2007: folds 
kimikiwi87: folds 
Almanza63: folds 
fbf58: folds 
kemal_zay4ik is disconnected 
Facundo-cabj has timed out
Facundo-cabj: folds 
Uncalled bet ($0.10) returned to Span405
Span405 collected $0.17 from pot
*** SUMMARY ***
Total pot $0.17 | Rake $0 
Seat 1: fbf58 (big blind) folded before Flop
Seat 2: mafiaalan10 folded before Flop (didn't bet)
Seat 3: Facundo-cabj folded before Flop (didn't bet)
Seat 5: Span405 collected ($0.17)
Seat 6: Dorex2007 folded before Flop (didn't bet)
Seat 8: kimikiwi87 (button) folded before Flop (didn't bet)
Seat 9: Almanza63 (small blind) folded before Flop



PokerStars Hand #237447059280:  Hold'em No Limit ($0.02/$0.05 USD) - 2022/07/18 18:00:09 PT [2022/07/18 21:00:09 ET]
Table 'Lydia III' 9-max Seat #9 is the button
Seat 1: fbf58 ($1.82 in chips) 
Seat 2: mafiaalan10 ($4.01 in chips) 
Seat 5: Span405 ($6.60 in chips) 
Seat 6: Dorex2007 ($9.26 in chips) 
Seat 8: kimikiwi87 ($5.96 in chips) 
Seat 9: Almanza63 ($7.86 in chips) 
fbf58: posts small blind $0.02
mafiaalan10: posts big blind $0.05
kemal_zay4ik is connected 
kemal_zay4ik: sits out 
Kallem28: sits out 
*** HOLE CARDS ***
Dealt to Dorex2007 [2s 6d]
Span405: folds 
Dorex2007: folds 
kimikiwi87: folds 
Almanza63: raises $0.07 to $0.12
fbf58: folds 
mafiaalan10: calls $0.07
*** FLOP *** [5h Qd 8d]
mafiaalan10: bets $0.10
Almanza63: folds 
Uncalled bet ($0.10) returned to mafiaalan10
mafiaalan10 collected $0.25 from pot
*** SUMMARY ***
Total pot $0.26 | Rake $0.01 
Board [5h Qd 8d]
Seat 1: fbf58 (small blind) folded before Flop
Seat 2: mafiaalan10 (big blind) collected ($0.25)
Seat 5: Span405 folded before Flop (didn't bet)
Seat 6: Dorex2007 folded before Flop (didn't bet)
Seat 8: kimikiwi87 folded before Flop (didn't bet)
Seat 9: Almanza63 (button) folded on the Flop



PokerStars Hand #237447068389:  Hold'em No Limit ($0.02/$0.05 USD) - 2022/07/18 18:00:54 PT [2022/07/18 21:00:54 ET]
Table 'Lydia III' 9-max Seat #1 is the button
Seat 1: fbf58 ($1.80 in chips) 
Seat 2: mafiaalan10 ($4.14 in chips) 
Seat 3: Facundo-cabj ($4.95 in chips) 
Seat 5: Span405 ($6.60 in chips) 
Seat 6: Dorex2007 ($9.26 in chips) 
Seat 8: kimikiwi87 ($5.96 in chips) 
Seat 9: Almanza63 ($7.74 in chips) 
mafiaalan10: posts small blind $0.02
Facundo-cabj: posts big blind $0.05
kemal_zay4ik: sits out 
Kallem28: sits out 
*** HOLE CARDS ***
Dealt to Dorex2007 [5h 6h]
Span405: raises $0.10 to $0.15
Dorex2007: folds 
kimikiwi87: folds 
Almanza63: folds 
fbf58: calls $0.15
mafiaalan10: folds 
Facundo-cabj: folds 
*** FLOP *** [2h Ac 8d]
Span405: bets $0.15
fbf58: calls $0.15
*** TURN *** [2h Ac 8d] [Tc]
Span405: bets $0.40
fbf58: raises $1.10 to $1.50 and is all-in
Span405: calls $1.10
*** RIVER *** [2h Ac 8d Tc] [6c]
*** SHOW DOWN ***
Span405: shows [Ad Qs] (a pair of Aces)
fbf58: shows [Kc Qc] (a flush, Ace high)
fbf58 collected $3.52 from pot
*** SUMMARY ***
Total pot $3.67 | Rake $0.15 
Board [2h Ac 8d Tc 6c]
Seat 1: fbf58 (button) showed [Kc Qc] and won ($3.52) with a flush, Ace high
Seat 2: mafiaalan10 (small blind) folded before Flop
Seat 3: Facundo-cabj (big blind) folded before Flop
Seat 5: Span405 showed [Ad Qs] and lost with a pair of Aces
Seat 6: Dorex2007 folded before Flop (didn't bet)
Seat 8: kimikiwi87 folded before Flop (didn't bet)
Seat 9: Almanza63 folded before Flop (didn't bet)



PokerStars Hand #237447085289:  Hold'em No Limit ($0.02/$0.05 USD) - 2022/07/18 18:02:08 PT [2022/07/18 21:02:08 ET]
Table 'Lydia III' 9-max Seat #2 is the button
Seat 1: fbf58 ($3.52 in chips) 
Seat 2: mafiaalan10 ($4.12 in chips) 
Seat 3: Facundo-cabj ($4.90 in chips) 
Seat 4: kemal_zay4ik ($5.05 in chips) 
Seat 5: Span405 ($4.80 in chips) 
Seat 6: Dorex2007 ($9.26 in chips) 
Seat 7: Kallem28 ($5.39 in chips) 
Seat 8: kimikiwi87 ($5.96 in chips) 
Seat 9: Almanza63 ($7.74 in chips) 
Facundo-cabj: posts small blind $0.02
kemal_zay4ik: posts big blind $0.05
Kallem28: posts small & big blinds $0.07
*** HOLE CARDS ***
Dealt to Dorex2007 [Qh Qd]
Span405: folds 
Dorex2007: raises $0.15 to $0.20
Kallem28: folds 
kimikiwi87: folds 
Almanza63: folds 
fbf58: folds 
mafiaalan10: calls $0.20
Facundo-cabj has timed out
Facundo-cabj: folds 
kemal_zay4ik: folds 
*** FLOP *** [9c 2c 6c]
Dorex2007: bets $1.20
mafiaalan10: folds 
Uncalled bet ($1.20) returned to Dorex2007
Dorex2007 collected $0.52 from pot
*** SUMMARY ***
Total pot $0.54 | Rake $0.02 
Board [9c 2c 6c]
Seat 1: fbf58 folded before Flop (didn't bet)
Seat 2: mafiaalan10 (button) folded on the Flop
Seat 3: Facundo-cabj (small blind) folded before Flop
Seat 4: kemal_zay4ik (big blind) folded before Flop
Seat 5: Span405 folded before Flop (didn't bet)
Seat 6: Dorex2007 collected ($0.52)
Seat 7: Kallem28 folded before Flop (didn't bet)
Seat 8: kimikiwi87 folded before Flop (didn't bet)
Seat 9: Almanza63 folded before Flop (didn't bet)



PokerStars Hand #237447098905:  Hold'em No Limit ($0.02/$0.05 USD) - 2022/07/18 18:03:00 PT [2022/07/18 21:03:00 ET]
Table 'Lydia III' 9-max Seat #3 is the button
Seat 1: fbf58 ($3.52 in chips) 
Seat 2: mafiaalan10 ($3.92 in chips) 
Seat 3: Facundo-cabj ($4.88 in chips) 
Seat 4: kemal_zay4ik ($5 in chips) 
Seat 5: Span405 ($4.80 in chips) 
Seat 6: Dorex2007 ($9.58 in chips) 
Seat 7: Kallem28 ($5.32 in chips) 
Seat 8: kimikiwi87 ($5.96 in chips) 
Seat 9: Almanza63 ($7.74 in chips) 
kemal_zay4ik: posts small blind $0.02
Span405: posts big blind $0.05
*** HOLE CARDS ***
Dealt to Dorex2007 [3d 8h]
Dorex2007: folds 
Kallem28: folds 
kimikiwi87: folds 
Almanza63: raises $0.07 to $0.12
fbf58: folds 
mafiaalan10: folds 
Facundo-cabj: calls $0.12
kemal_zay4ik: folds 
Span405: calls $0.07
*** FLOP *** [2d Ah 4d]
Span405: checks 
Almanza63: checks 
Facundo-cabj: checks 
*** TURN *** [2d Ah 4d] [5d]
Span405: checks 
Almanza63: checks 
Facundo-cabj: checks 
*** RIVER *** [2d Ah 4d 5d] [2c]
Span405: checks 
Almanza63: checks 
Facundo-cabj: checks 
*** SHOW DOWN ***
Span405: shows [Kc 4c] (two pair, Fours and Deuces)
Almanza63: mucks hand 
Facundo-cabj: mucks hand 
Span405 collected $0.36 from pot
*** SUMMARY ***
Total pot $0.38 | Rake $0.02 
Board [2d Ah 4d 5d 2c]
Seat 1: fbf58 folded before Flop (didn't bet)
Seat 2: mafiaalan10 folded before Flop (didn't bet)
Seat 3: Facundo-cabj (button) mucked [9s Ks]
Seat 4: kemal_zay4ik (small blind) folded before Flop
Seat 5: Span405 (big blind) showed [Kc 4c] and won ($0.36) with two pair, Fours and Deuces
Seat 6: Dorex2007 folded before Flop (didn't bet)
Seat 7: Kallem28 folded before Flop (didn't bet)
Seat 8: kimikiwi87 folded before Flop (didn't bet)
Seat 9: Almanza63 mucked [Kh Qc]



PokerStars Hand #237447114061:  Hold'em No Limit ($0.02/$0.05 USD) - 2022/07/18 18:04:10 PT [2022/07/18 21:04:10 ET]
Table 'Lydia III' 9-max Seat #4 is the button
Seat 1: fbf58 ($3.52 in chips) 
Seat 2: mafiaalan10 ($3.92 in chips) 
Seat 3: Facundo-cabj ($4.76 in chips) 
Seat 4: kemal_zay4ik ($5 in chips) 
Seat 5: Span405 ($5.04 in chips) 
Seat 6: Dorex2007 ($9.58 in chips) 
Seat 7: Kallem28 ($5.32 in chips) 
Seat 8: kimikiwi87 ($5.96 in chips) 
Seat 9: Almanza63 ($7.62 in chips) 
Span405: posts small blind $0.02
Dorex2007: posts big blind $0.05
*** HOLE CARDS ***
Dealt to Dorex2007 [7d 5c]
Kallem28: folds 
kimikiwi87: folds 
Almanza63: folds 
fbf58: calls $0.05
mafiaalan10: folds 
Facundo-cabj: raises $0.15 to $0.20
kemal_zay4ik: folds 
Span405: folds 
Dorex2007: folds 
fbf58: folds 
Uncalled bet ($0.15) returned to Facundo-cabj
Facundo-cabj collected $0.17 from pot
*** SUMMARY ***
Total pot $0.17 | Rake $0 
Seat 1: fbf58 folded before Flop
Seat 2: mafiaalan10 folded before Flop (didn't bet)
Seat 3: Facundo-cabj collected ($0.17)
Seat 4: kemal_zay4ik (button) folded before Flop (didn't bet)
Seat 5: Span405 (small blind) folded before Flop
Seat 6: Dorex2007 (big blind) folded before Flop
Seat 7: Kallem28 folded before Flop (didn't bet)
Seat 8: kimikiwi87 folded before Flop (didn't bet)
Seat 9: Almanza63 folded before Flop (didn't bet)



PokerStars Hand #237447118947:  Hold'em No Limit ($0.02/$0.05 USD) - 2022/07/18 18:04:33 PT [2022/07/18 21:04:33 ET]
Table 'Lydia III' 9-max Seat #5 is the button
Seat 1: fbf58 ($3.47 in chips) 
Seat 2: mafiaalan10 ($3.92 in chips) 
Seat 3: Facundo-cabj ($4.88 in chips) 
Seat 4: kemal_zay4ik ($5 in chips) 
Seat 5: Span405 ($5.02 in chips) 
Seat 6: Dorex2007 ($9.53 in chips) 
Seat 7: Kallem28 ($5.32 in chips) 
Seat 8: kimikiwi87 ($5.96 in chips) 
Seat 9: Almanza63 ($7.62 in chips) 
Dorex2007: posts small blind $0.02
Kallem28: posts big blind $0.05
*** HOLE CARDS ***
Dealt to Dorex2007 [7s 5d]
kimikiwi87 has timed out
kimikiwi87: folds 
Almanza63: folds 
fbf58: folds 
mafiaalan10: calls $0.05
Facundo-cabj: raises $0.10 to $0.15
kemal_zay4ik: folds 
Span405: raises $0.30 to $0.45
Dorex2007: folds 
Kallem28: folds 
mafiaalan10: folds 
Facundo-cabj: calls $0.30
*** FLOP *** [9c 2c 7h]
Facundo-cabj: checks 
Span405: bets $0.60
Facundo-cabj: calls $0.60
*** TURN *** [9c 2c 7h] [Jh]
Facundo-cabj: checks 
Span405: checks 
*** RIVER *** [9c 2c 7h Jh] [5h]
Facundo-cabj: bets $1.25
Span405: calls $1.25
*** SHOW DOWN ***
Facundo-cabj: shows [6c Ac] (high card Ace)
Span405: shows [9s Ks] (a pair of Nines)
Span405 collected $4.52 from pot
*** SUMMARY ***
Total pot $4.72 | Rake $0.20 
Board [9c 2c 7h Jh 5h]
Seat 1: fbf58 folded before Flop (didn't bet)
Seat 2: mafiaalan10 folded before Flop
Seat 3: Facundo-cabj showed [6c Ac] and lost with high card Ace
Seat 4: kemal_zay4ik folded before Flop (didn't bet)
Seat 5: Span405 (button) showed [9s Ks] and won ($4.52) with a pair of Nines
Seat 6: Dorex2007 (small blind) folded before Flop
Seat 7: Kallem28 (big blind) folded before Flop
Seat 8: kimikiwi87 folded before Flop (didn't bet)
Seat 9: Almanza63 folded before Flop (didn't bet)



PokerStars Hand #237447154815:  Hold'em No Limit ($0.02/$0.05 USD) - 2022/07/18 18:06:37 PT [2022/07/18 21:06:37 ET]
Table 'Lydia III' 9-max Seat #6 is the button
Seat 1: fbf58 ($3.47 in chips) 
Seat 2: mafiaalan10 ($3.87 in chips) 
Seat 3: Facundo-cabj ($2.58 in chips) 
Seat 4: kemal_zay4ik ($5 in chips) 
Seat 5: Span405 ($7.24 in chips) 
Seat 6: Dorex2007 ($9.51 in chips) 
Seat 7: Kallem28 ($5.27 in chips) 
Seat 8: kimikiwi87 ($5.96 in chips) 
Seat 9: Almanza63 ($7.62 in chips) 
Kallem28: posts small blind $0.02
kimikiwi87: posts big blind $0.05
*** HOLE CARDS ***
Dealt to Dorex2007 [Qc Kd]
Almanza63: folds 
fbf58: folds 
mafiaalan10: folds 
Facundo-cabj has timed out
Facundo-cabj: folds 
kemal_zay4ik: folds 
Span405: folds 
Dorex2007: raises $0.15 to $0.20
Kallem28: calls $0.18
kimikiwi87: folds 
*** FLOP *** [4h Td 4s]
Kallem28: bets $0.14
Dorex2007: calls $0.14
*** TURN *** [4h Td 4s] [Kh]
Kallem28: bets $0.23
Dorex2007: calls $0.23
*** RIVER *** [4h Td 4s Kh] [4c]
Kallem28: checks 
Dorex2007: checks 
*** SHOW DOWN ***
Kallem28: shows [5c 5s] (a full house, Fours full of Fives)
Dorex2007: shows [Qc Kd] (a full house, Fours full of Kings)
Dorex2007 collected $1.14 from pot
*** SUMMARY ***
Total pot $1.19 | Rake $0.05 
Board [4h Td 4s Kh 4c]
Seat 1: fbf58 folded before Flop (didn't bet)
Seat 2: mafiaalan10 folded before Flop (didn't bet)
Seat 3: Facundo-cabj folded before Flop (didn't bet)
Seat 4: kemal_zay4ik folded before Flop (didn't bet)
Seat 5: Span405 folded before Flop (didn't bet)
Seat 6: Dorex2007 (button) showed [Qc Kd] and won ($1.14) with a full house, Fours full of Kings
Seat 7: Kallem28 (small blind) showed [5c 5s] and lost with a full house, Fours full of Fives
Seat 8: kimikiwi87 (big blind) folded before Flop
Seat 9: Almanza63 folded before Flop (didn't bet)



PokerStars Hand #237447165107:  Hold'em No Limit ($0.02/$0.05 USD) - 2022/07/18 18:07:24 PT [2022/07/18 21:07:24 ET]
Table 'Lydia III' 9-max Seat #7 is the button
Seat 1: fbf58 ($3.47 in chips) 
Seat 2: mafiaalan10 ($3.87 in chips) 
Seat 3: Facundo-cabj ($2.58 in chips) 
Seat 4: kemal_zay4ik ($5 in chips) 
Seat 5: Span405 ($7.24 in chips) 
Seat 6: Dorex2007 ($10.08 in chips) 
Seat 7: Kallem28 ($4.70 in chips) 
Seat 8: kimikiwi87 ($5.91 in chips) 
Seat 9: Almanza63 ($7.62 in chips) 
kimikiwi87: posts small blind $0.02
Almanza63: posts big blind $0.05
*** HOLE CARDS ***
Dealt to Dorex2007 [6h 5c]
fbf58: folds 
mafiaalan10: raises $0.10 to $0.15
Facundo-cabj: folds 
kemal_zay4ik: folds 
Span405: folds 
Dorex2007: folds 
Kallem28: folds 
kimikiwi87: calls $0.13
Almanza63: folds 
*** FLOP *** [3h 9c 2s]
kimikiwi87: checks 
mafiaalan10: bets $0.15
kimikiwi87: folds 
Uncalled bet ($0.15) returned to mafiaalan10
mafiaalan10 collected $0.34 from pot
*** SUMMARY ***
Total pot $0.35 | Rake $0.01 
Board [3h 9c 2s]
Seat 1: fbf58 folded before Flop (didn't bet)
Seat 2: mafiaalan10 collected ($0.34)
Seat 3: Facundo-cabj folded before Flop (didn't bet)
Seat 4: kemal_zay4ik folded before Flop (didn't bet)
Seat 5: Span405 folded before Flop (didn't bet)
Seat 6: Dorex2007 folded before Flop (didn't bet)
Seat 7: Kallem28 (button) folded before Flop (didn't bet)
Seat 8: kimikiwi87 (small blind) folded on the Flop
Seat 9: Almanza63 (big blind) folded before Flop



PokerStars Hand #237447174151:  Hold'em No Limit ($0.02/$0.05 USD) - 2022/07/18 18:08:06 PT [2022/07/18 21:08:06 ET]
Table 'Lydia III' 9-max Seat #8 is the button
Seat 1: fbf58 ($3.47 in chips) 
Seat 2: mafiaalan10 ($4.06 in chips) 
Seat 3: Facundo-cabj ($2.58 in chips) 
Seat 4: kemal_zay4ik ($5 in chips) 
Seat 5: Span405 ($7.24 in chips) 
Seat 6: Dorex2007 ($10.08 in chips) 
Seat 7: Kallem28 ($4.70 in chips) 
Seat 8: kimikiwi87 ($5.76 in chips) 
Seat 9: Almanza63 ($7.57 in chips) 
Almanza63: posts small blind $0.02
fbf58: posts big blind $0.05
*** HOLE CARDS ***
Dealt to Dorex2007 [4c 4d]
mafiaalan10: folds 
Facundo-cabj: raises $0.05 to $0.10
kemal_zay4ik: folds 
Span405: folds 
Dorex2007: folds 
Kallem28: folds 
kimikiwi87: folds 
Almanza63: calls $0.08
fbf58: calls $0.05
*** FLOP *** [5c Ad Qd]
Almanza63: checks 
fbf58: checks 
Facundo-cabj: bets $0.20
Almanza63: folds 
fbf58: calls $0.20
*** TURN *** [5c Ad Qd] [3d]
fbf58: checks 
Facundo-cabj: bets $0.50
fbf58: folds 
Uncalled bet ($0.50) returned to Facundo-cabj
Facundo-cabj collected $0.67 from pot
*** SUMMARY ***
Total pot $0.70 | Rake $0.03 
Board [5c Ad Qd 3d]
Seat 1: fbf58 (big blind) folded on the Turn
Seat 2: mafiaalan10 folded before Flop (didn't bet)
Seat 3: Facundo-cabj collected ($0.67)
Seat 4: kemal_zay4ik folded before Flop (didn't bet)
Seat 5: Span405 folded before Flop (didn't bet)
Seat 6: Dorex2007 folded before Flop (didn't bet)
Seat 7: Kallem28 folded before Flop (didn't bet)
Seat 8: kimikiwi87 (button) folded before Flop (didn't bet)
Seat 9: Almanza63 (small blind) folded on the Flop



PokerStars Hand #237447198562:  Hold'em No Limit ($0.02/$0.05 USD) - 2022/07/18 18:09:32 PT [2022/07/18 21:09:32 ET]
Table 'Lydia III' 9-max Seat #9 is the button
Seat 1: fbf58 ($3.17 in chips) 
Seat 2: mafiaalan10 ($4.06 in chips) 
Seat 3: Facundo-cabj ($2.95 in chips) 
Seat 4: kemal_zay4ik ($5 in chips) 
Seat 5: Span405 ($7.24 in chips) 
Seat 6: Dorex2007 ($10.08 in chips) 
Seat 7: Kallem28 ($4.70 in chips) 
Seat 8: kimikiwi87 ($5.76 in chips) 
Seat 9: Almanza63 ($7.47 in chips) 
fbf58: posts small blind $0.02
mafiaalan10: posts big blind $0.05
*** HOLE CARDS ***
Dealt to Dorex2007 [Td 8c]
Facundo-cabj: folds 
kemal_zay4ik: folds 
Span405: folds 
Dorex2007: folds 
Kallem28: raises $0.15 to $0.20
kimikiwi87: folds 
Almanza63: folds 
fbf58: folds 
mafiaalan10: calls $0.15
*** FLOP *** [3c Qc Ah]
mafiaalan10: checks 
Kallem28: bets $0.13
mafiaalan10: calls $0.13
*** TURN *** [3c Qc Ah] [Kh]
mafiaalan10: checks 
Kallem28: checks 
*** RIVER *** [3c Qc Ah Kh] [Kc]
mafiaalan10: bets $0.45
Kallem28: folds 
Uncalled bet ($0.45) returned to mafiaalan10
mafiaalan10 collected $0.65 from pot
*** SUMMARY ***
Total pot $0.68 | Rake $0.03 
Board [3c Qc Ah Kh Kc]
Seat 1: fbf58 (small blind) folded before Flop
Seat 2: mafiaalan10 (big blind) collected ($0.65)
Seat 3: Facundo-cabj folded before Flop (didn't bet)
Seat 4: kemal_zay4ik folded before Flop (didn't bet)
Seat 5: Span405 folded before Flop (didn't bet)
Seat 6: Dorex2007 folded before Flop (didn't bet)
Seat 7: Kallem28 folded on the River
Seat 8: kimikiwi87 folded before Flop (didn't bet)
Seat 9: Almanza63 (button) folded before Flop (didn't bet)



PokerStars Hand #237447208136:  Hold'em No Limit ($0.02/$0.05 USD) - 2022/07/18 18:10:16 PT [2022/07/18 21:10:16 ET]
Table 'Lydia III' 9-max Seat #1 is the button
Seat 1: fbf58 ($3.15 in chips) 
Seat 2: mafiaalan10 ($4.38 in chips) 
Seat 3: Facundo-cabj ($2.95 in chips) 
Seat 4: kemal_zay4ik ($5 in chips) 
Seat 5: Span405 ($7.24 in chips) 
Seat 6: Dorex2007 ($10.08 in chips) 
Seat 7: Kallem28 ($4.37 in chips) 
Seat 8: kimikiwi87 ($5.76 in chips) 
Seat 9: Almanza63 ($7.47 in chips) 
mafiaalan10: posts small blind $0.02
Facundo-cabj: posts big blind $0.05
*** HOLE CARDS ***
Dealt to Dorex2007 [3s Jc]
kemal_zay4ik: folds 
Span405: folds 
Dorex2007: folds 
Kallem28: raises $0.15 to $0.20
kimikiwi87: folds 
Almanza63: calls $0.20
fbf58: folds 
mafiaalan10: folds 
Facundo-cabj: folds 
*** FLOP *** [9d Th Tc]
Kallem28: checks 
Almanza63: bets $0.22
Kallem28: calls $0.22
*** TURN *** [9d Th Tc] [4c]
Kallem28: checks 
Almanza63: bets $0.63
Kallem28: calls $0.63
*** RIVER *** [9d Th Tc 4c] [Ts]
Kallem28: checks 
Almanza63: checks 
*** SHOW DOWN ***
Kallem28: shows [Kc Ac] (three of a kind, Tens)
Almanza63: mucks hand 
Kallem28 collected $2.08 from pot
*** SUMMARY ***
Total pot $2.17 | Rake $0.09 
Board [9d Th Tc 4c Ts]
Seat 1: fbf58 (button) folded before Flop (didn't bet)
Seat 2: mafiaalan10 (small blind) folded before Flop
Seat 3: Facundo-cabj (big blind) folded before Flop
Seat 4: kemal_zay4ik folded before Flop (didn't bet)
Seat 5: Span405 folded before Flop (didn't bet)
Seat 6: Dorex2007 folded before Flop (didn't bet)
Seat 7: Kallem28 showed [Kc Ac] and won ($2.08) with three of a kind, Tens
Seat 8: kimikiwi87 folded before Flop (didn't bet)
Seat 9: Almanza63 mucked [Qs Ad]



PokerStars Hand #237447220166:  Hold'em No Limit ($0.02/$0.05 USD) - 2022/07/18 18:11:06 PT [2022/07/18 21:11:06 ET]
Table 'Lydia III' 9-max Seat #2 is the button
Seat 1: fbf58 ($3.15 in chips) 
Seat 2: mafiaalan10 ($4.36 in chips) 
Seat 3: Facundo-cabj ($2.90 in chips) 
Seat 4: kemal_zay4ik ($5 in chips) 
Seat 5: Span405 ($7.24 in chips) 
Seat 6: Dorex2007 ($10.08 in chips) 
Seat 7: Kallem28 ($5.40 in chips) 
Seat 8: kimikiwi87 ($5.76 in chips) 
Seat 9: Almanza63 ($6.42 in chips) 
Facundo-cabj: posts small blind $0.02
kemal_zay4ik: posts big blind $0.05
*** HOLE CARDS ***
Dealt to Dorex2007 [2d 9s]
Span405: folds 
Dorex2007: folds 
Kallem28: folds 
kimikiwi87: folds 
Almanza63: folds 
fbf58: calls $0.05
mafiaalan10: folds 
Facundo-cabj: calls $0.03
kemal_zay4ik: checks 
*** FLOP *** [Tc 4d 9c]
Facundo-cabj: checks 
kemal_zay4ik: checks 
fbf58: checks 
*** TURN *** [Tc 4d 9c] [Qh]
Facundo-cabj: checks 
kemal_zay4ik: checks 
fbf58: checks 
*** RIVER *** [Tc 4d 9c Qh] [7s]
Facundo-cabj: checks 
kemal_zay4ik: checks 
fbf58: checks 
*** SHOW DOWN ***
Facundo-cabj: shows [6h As] (high card Ace)
kemal_zay4ik: shows [2s 9d] (a pair of Nines)
fbf58: mucks hand 
kemal_zay4ik collected $0.14 from pot
*** SUMMARY ***
Total pot $0.15 | Rake $0.01 
Board [Tc 4d 9c Qh 7s]
Seat 1: fbf58 mucked [3h Kh]
Seat 2: mafiaalan10 (button) folded before Flop (didn't bet)
Seat 3: Facundo-cabj (small blind) showed [6h As] and lost with high card Ace
Seat 4: kemal_zay4ik (big blind) showed [2s 9d] and won ($0.14) with a pair of Nines
Seat 5: Span405 folded before Flop (didn't bet)
Seat 6: Dorex2007 folded before Flop (didn't bet)
Seat 7: Kallem28 folded before Flop (didn't bet)
Seat 8: kimikiwi87 folded before Flop (didn't bet)
Seat 9: Almanza63 folded before Flop (didn't bet)



PokerStars Hand #237447241919:  Hold'em No Limit ($0.02/$0.05 USD) - 2022/07/18 18:12:48 PT [2022/07/18 21:12:48 ET]
Table 'Lydia III' 9-max Seat #3 is the button
Seat 1: fbf58 ($3.10 in chips) 
Seat 2: mafiaalan10 ($4.36 in chips) 
Seat 3: Facundo-cabj ($2.85 in chips) 
Seat 4: kemal_zay4ik ($5.09 in chips) 
Seat 5: Span405 ($7.24 in chips) 
Seat 6: Dorex2007 ($10.08 in chips) 
Seat 7: Kallem28 ($5.40 in chips) 
Seat 8: kimikiwi87 ($5.76 in chips) 
Seat 9: Almanza63 ($6.42 in chips) 
kemal_zay4ik: posts small blind $0.02
Span405: posts big blind $0.05
*** HOLE CARDS ***
Dealt to Dorex2007 [7c Td]
Dorex2007: folds 
Kallem28: folds 
kimikiwi87: folds 
Almanza63: folds 
fbf58: folds 
fbf58 leaves the table
mafiaalan10: raises $0.15 to $0.20
Facundo-cabj: calls $0.20
kemal_zay4ik: folds 
Span405: raises $0.65 to $0.85
mafiaalan10: calls $0.65
Facundo-cabj: calls $0.65
*** FLOP *** [5h 9d 4h]
Span405: checks 
mafiaalan10: checks 
Facundo-cabj: checks 
*** TURN *** [5h 9d 4h] [3d]
Span405: checks 
mafiaalan10: checks 
Facundo-cabj: checks 
*** RIVER *** [5h 9d 4h 3d] [8c]
Span405: checks 
mafiaalan10: bets $0.65
Facundo-cabj: folds 
Span405: calls $0.65
*** SHOW DOWN ***
mafiaalan10: shows [Kh Ac] (high card Ace)
Span405: mucks hand 
mafiaalan10 collected $3.71 from pot
*** SUMMARY ***
Total pot $3.87 | Rake $0.16 
Board [5h 9d 4h 3d 8c]
Seat 1: fbf58 folded before Flop (didn't bet)
Seat 2: mafiaalan10 showed [Kh Ac] and won ($3.71) with high card Ace
Seat 3: Facundo-cabj (button) folded on the River
Seat 4: kemal_zay4ik (small blind) folded before Flop
Seat 5: Span405 (big blind) mucked [Qs As]
Seat 6: Dorex2007 folded before Flop (didn't bet)
Seat 7: Kallem28 folded before Flop (didn't bet)
Seat 8: kimikiwi87 folded before Flop (didn't bet)
Seat 9: Almanza63 folded before Flop (didn't bet)



PokerStars Hand #237447268325:  Hold'em No Limit ($0.02/$0.05 USD) - 2022/07/18 18:14:30 PT [2022/07/18 21:14:30 ET]
Table 'Lydia III' 9-max Seat #4 is the button
Seat 2: mafiaalan10 ($6.57 in chips) 
Seat 3: Facundo-cabj ($2 in chips) 
Seat 4: kemal_zay4ik ($5.07 in chips) 
Seat 5: Span405 ($5.74 in chips) 
Seat 6: Dorex2007 ($10.08 in chips) 
Seat 7: Kallem28 ($5.40 in chips) 
Seat 8: kimikiwi87 ($5.76 in chips) 
Seat 9: Almanza63 ($6.42 in chips) 
Span405: posts small blind $0.02
Dorex2007: posts big blind $0.05
*** HOLE CARDS ***
Dealt to Dorex2007 [9d 4s]
Kallem28: folds 
kimikiwi87: folds 
Almanza63: folds 
mafiaalan10: folds 
Facundo-cabj: raises $0.10 to $0.15
kemal_zay4ik: folds 
Span405: calls $0.13
Dorex2007: folds 
*** FLOP *** [Ad 8d Kh]
Span405: checks 
Facundo-cabj: checks 
*** TURN *** [Ad 8d Kh] [2c]
Span405: bets $0.20
Facundo-cabj: raises $0.40 to $0.60
Span405: raises $1.48 to $2.08
Facundo-cabj: calls $1.25 and is all-in
Uncalled bet ($0.23) returned to Span405
Diogo521993 joins the table at seat #1 
*** RIVER *** [Ad 8d Kh 2c] [Qd]
*** SHOW DOWN ***
Span405: shows [Ac 8c] (two pair, Aces and Eights)
Facundo-cabj: shows [Td Kd] (a flush, Ace high)
Facundo-cabj collected $3.88 from pot
Span405 cashed out the hand for $2.88 | Cash Out Fee $0.03
*** SUMMARY ***
Total pot $4.05 | Rake $0.17 
Board [Ad 8d Kh 2c Qd]
Seat 2: mafiaalan10 folded before Flop (didn't bet)
Seat 3: Facundo-cabj showed [Td Kd] and won ($3.88) with a flush, Ace high
Seat 4: kemal_zay4ik (button) folded before Flop (didn't bet)
Seat 5: Span405 (small blind) showed [Ac 8c] and lost with two pair, Aces and Eights (cashed out).
Seat 6: Dorex2007 (big blind) folded before Flop
Seat 7: Kallem28 folded before Flop (didn't bet)
Seat 8: kimikiwi87 folded before Flop (didn't bet)
Seat 9: Almanza63 folded before Flop (didn't bet)



PokerStars Hand #237447285328:  Hold'em No Limit ($0.02/$0.05 USD) - 2022/07/18 18:15:50 PT [2022/07/18 21:15:50 ET]
Table 'Lydia III' 9-max Seat #5 is the button
Seat 1: Diogo521993 ($3.10 in chips) 
Seat 2: mafiaalan10 ($6.57 in chips) 
Seat 3: Facundo-cabj ($3.88 in chips) 
Seat 4: kemal_zay4ik ($5.07 in chips) 
Seat 5: Span405 ($6.62 in chips) 
Seat 6: Dorex2007 ($10.03 in chips) 
Seat 7: Kallem28 ($5.40 in chips) 
Seat 8: kimikiwi87 ($5.76 in chips) 
Seat 9: Almanza63 ($6.42 in chips) 
Dorex2007: posts small blind $0.02
Kallem28: posts big blind $0.05
Diogo521993: posts big blind $0.05
*** HOLE CARDS ***
Dealt to Dorex2007 [5c 4d]
kimikiwi87: folds 
Almanza63: folds 
Diogo521993: checks 
mafiaalan10: raises $0.05 to $0.10
Facundo-cabj: calls $0.10
kemal_zay4ik: folds 
Span405: folds 
Dorex2007: folds 
Kallem28: calls $0.05
Diogo521993: calls $0.05
*** FLOP *** [4s Jh Ah]
Kallem28: checks 
Diogo521993: checks 
mafiaalan10: bets $0.15
Facundo-cabj: folds 
Kallem28: folds 
Diogo521993: folds 
Uncalled bet ($0.15) returned to mafiaalan10
mafiaalan10 collected $0.40 from pot
*** SUMMARY ***
Total pot $0.42 | Rake $0.02 
Board [4s Jh Ah]
Seat 1: Diogo521993 folded on the Flop
Seat 2: mafiaalan10 collected ($0.40)
Seat 3: Facundo-cabj folded on the Flop
Seat 4: kemal_zay4ik folded before Flop (didn't bet)
Seat 5: Span405 (button) folded before Flop (didn't bet)
Seat 6: Dorex2007 (small blind) folded before Flop
Seat 7: Kallem28 (big blind) folded on the Flop
Seat 8: kimikiwi87 folded before Flop (didn't bet)
Seat 9: Almanza63 folded before Flop (didn't bet)



PokerStars Hand #237447294189:  Hold'em No Limit ($0.02/$0.05 USD) - 2022/07/18 18:16:32 PT [2022/07/18 21:16:32 ET]
Table 'Lydia III' 9-max Seat #6 is the button
Seat 1: Diogo521993 ($3 in chips) 
Seat 2: mafiaalan10 ($6.87 in chips) 
Seat 3: Facundo-cabj ($3.78 in chips) 
Seat 4: kemal_zay4ik ($5.07 in chips) 
Seat 5: Span405 ($6.62 in chips) 
Seat 6: Dorex2007 ($10.01 in chips) 
Seat 7: Kallem28 ($5.30 in chips) 
Seat 8: kimikiwi87 ($5.76 in chips) 
Seat 9: Almanza63 ($6.42 in chips) 
Kallem28: posts small blind $0.02
kimikiwi87: posts big blind $0.05
*** HOLE CARDS ***
Dealt to Dorex2007 [7h Kc]
Almanza63 has timed out
Almanza63: folds 
Diogo521993: folds 
mafiaalan10: raises $0.15 to $0.20
Facundo-cabj: folds 
kemal_zay4ik: folds 
Span405: folds 
Dorex2007: folds 
Kallem28: calls $0.18
kimikiwi87: folds 
*** FLOP *** [5c Qc 5d]
Kallem28: checks 
mafiaalan10: bets $0.25
Kallem28: folds 
Uncalled bet ($0.25) returned to mafiaalan10
mafiaalan10 collected $0.43 from pot
*** SUMMARY ***
Total pot $0.45 | Rake $0.02 
Board [5c Qc 5d]
Seat 1: Diogo521993 folded before Flop (didn't bet)
Seat 2: mafiaalan10 collected ($0.43)
Seat 3: Facundo-cabj folded before Flop (didn't bet)
Seat 4: kemal_zay4ik folded before Flop (didn't bet)
Seat 5: Span405 folded before Flop (didn't bet)
Seat 6: Dorex2007 (button) folded before Flop (didn't bet)
Seat 7: Kallem28 (small blind) folded on the Flop
Seat 8: kimikiwi87 (big blind) folded before Flop
Seat 9: Almanza63 folded before Flop (didn't bet)



PokerStars Hand #237447302105:  Hold'em No Limit ($0.02/$0.05 USD) - 2022/07/18 18:17:09 PT [2022/07/18 21:17:09 ET]
Table 'Lydia III' 9-max Seat #7 is the button
Seat 1: Diogo521993 ($3 in chips) 
Seat 2: mafiaalan10 ($7.10 in chips) 
Seat 3: Facundo-cabj ($3.78 in chips) 
Seat 4: kemal_zay4ik ($5.07 in chips) 
Seat 5: Span405 ($6.62 in chips) 
Seat 6: Dorex2007 ($10.01 in chips) 
Seat 7: Kallem28 ($5.10 in chips) 
Seat 8: kimikiwi87 ($5.71 in chips) 
Seat 9: Almanza63 ($6.42 in chips) 
kimikiwi87: posts small blind $0.02
Almanza63: posts big blind $0.05
*** HOLE CARDS ***
Dealt to Dorex2007 [Js 2h]
Diogo521993: folds 
mafiaalan10: raises $0.15 to $0.20
Facundo-cabj has timed out
Facundo-cabj: folds 
kemal_zay4ik: folds 
Span405: folds 
Dorex2007: folds 
Kallem28: folds 
kimikiwi87: folds 
Almanza63: folds 
Uncalled bet ($0.15) returned to mafiaalan10
mafiaalan10 collected $0.12 from pot
*** SUMMARY ***
Total pot $0.12 | Rake $0 
Seat 1: Diogo521993 folded before Flop (didn't bet)
Seat 2: mafiaalan10 collected ($0.12)
Seat 3: Facundo-cabj folded before Flop (didn't bet)
Seat 4: kemal_zay4ik folded before Flop (didn't bet)
Seat 5: Span405 folded before Flop (didn't bet)
Seat 6: Dorex2007 folded before Flop (didn't bet)
Seat 7: Kallem28 (button) folded before Flop (didn't bet)
Seat 8: kimikiwi87 (small blind) folded before Flop
Seat 9: Almanza63 (big blind) folded before Flop



PokerStars Hand #237447308258:  Hold'em No Limit ($0.02/$0.05 USD) - 2022/07/18 18:17:38 PT [2022/07/18 21:17:38 ET]
Table 'Lydia III' 9-max Seat #8 is the button
Seat 1: Diogo521993 ($3 in chips) 
Seat 2: mafiaalan10 ($7.17 in chips) 
Seat 3: Facundo-cabj ($3.78 in chips) 
Seat 4: kemal_zay4ik ($5.07 in chips) 
Seat 5: Span405 ($6.62 in chips) 
Seat 6: Dorex2007 ($10.01 in chips) 
Seat 7: Kallem28 ($5.10 in chips) 
Seat 8: kimikiwi87 ($5.69 in chips) 
Seat 9: Almanza63 ($6.37 in chips) 
Almanza63: posts small blind $0.02
Diogo521993: posts big blind $0.05
*** HOLE CARDS ***
Dealt to Dorex2007 [6c 7d]
mafiaalan10: raises $0.10 to $0.15
Facundo-cabj: calls $0.15
kemal_zay4ik: folds 
Span405: folds 
Dorex2007: folds 
Kallem28: raises $0.30 to $0.45
kimikiwi87: folds 
Almanza63: folds 
Diogo521993: folds 
mafiaalan10: folds 
Facundo-cabj: calls $0.30
*** FLOP *** [7h 5c 8d]
Facundo-cabj: checks 
Kallem28: bets $0.35
Facundo-cabj: calls $0.35
*** TURN *** [7h 5c 8d] [Kc]
Facundo-cabj: checks 
Kallem28: bets $0.57
Facundo-cabj: folds 
Uncalled bet ($0.57) returned to Kallem28
Kallem28 collected $1.74 from pot
*** SUMMARY ***
Total pot $1.82 | Rake $0.08 
Board [7h 5c 8d Kc]
Seat 1: Diogo521993 (big blind) folded before Flop
Seat 2: mafiaalan10 folded before Flop
Seat 3: Facundo-cabj folded on the Turn
Seat 4: kemal_zay4ik folded before Flop (didn't bet)
Seat 5: Span405 folded before Flop (didn't bet)
Seat 6: Dorex2007 folded before Flop (didn't bet)
Seat 7: Kallem28 collected ($1.74)
Seat 8: kimikiwi87 (button) folded before Flop (didn't bet)
Seat 9: Almanza63 (small blind) folded before Flop



PokerStars Hand #237447331467:  Hold'em No Limit ($0.02/$0.05 USD) - 2022/07/18 18:18:55 PT [2022/07/18 21:18:55 ET]
Table 'Lydia III' 9-max Seat #9 is the button
Seat 1: Diogo521993 ($2.95 in chips) 
Seat 3: Facundo-cabj ($2.98 in chips) 
Seat 4: kemal_zay4ik ($5.07 in chips) 
Seat 5: Span405 ($6.62 in chips) 
Seat 6: Dorex2007 ($10.01 in chips) 
Seat 7: Kallem28 ($6.04 in chips) 
Seat 8: kimikiwi87 ($5.69 in chips) 
Seat 9: Almanza63 ($6.35 in chips) 
Diogo521993: posts small blind $0.02
Facundo-cabj: posts big blind $0.05
*** HOLE CARDS ***
Dealt to Dorex2007 [Qs Ad]
kemal_zay4ik: folds 
Span405: folds 
Dorex2007: raises $0.10 to $0.15
Kallem28: folds 
kimikiwi87: folds 
Almanza63: calls $0.15
Diogo521993: folds 
Facundo-cabj: folds 
*** FLOP *** [6s 9d 8c]
Dorex2007: checks 
Almanza63: bets $0.15
Dorex2007: folds 
Uncalled bet ($0.15) returned to Almanza63
Almanza63 collected $0.35 from pot
*** SUMMARY ***
Total pot $0.37 | Rake $0.02 
Board [6s 9d 8c]
Seat 1: Diogo521993 (small blind) folded before Flop
Seat 3: Facundo-cabj (big blind) folded before Flop
Seat 4: kemal_zay4ik folded before Flop (didn't bet)
Seat 5: Span405 folded before Flop (didn't bet)
Seat 6: Dorex2007 folded on the Flop
Seat 7: Kallem28 folded before Flop (didn't bet)
Seat 8: kimikiwi87 folded before Flop (didn't bet)
Seat 9: Almanza63 (button) collected ($0.35)



PokerStars Hand #237447341127:  Hold'em No Limit ($0.02/$0.05 USD) - 2022/07/18 18:19:40 PT [2022/07/18 21:19:40 ET]
Table 'Lydia III' 9-max Seat #1 is the button
Seat 1: Diogo521993 ($2.93 in chips) 
Seat 3: Facundo-cabj ($2.93 in chips) 
Seat 4: kemal_zay4ik ($5.07 in chips) 
Seat 5: Span405 ($6.62 in chips) 
Seat 6: Dorex2007 ($9.86 in chips) 
Seat 7: Kallem28 ($6.04 in chips) 
Seat 8: kimikiwi87 ($5.69 in chips) 
Seat 9: Almanza63 ($6.55 in chips) 
Facundo-cabj: posts small blind $0.02
kemal_zay4ik: posts big blind $0.05
*** HOLE CARDS ***
Dealt to Dorex2007 [5c As]
Span405: folds 
Dorex2007: folds 
Kallem28: folds 
kimikiwi87: calls $0.05
Almanza63: calls $0.05
Diogo521993: raises $0.05 to $0.10
Facundo-cabj has timed out
Facundo-cabj: folds 
kemal_zay4ik: folds 
kimikiwi87: calls $0.05
Almanza63: calls $0.05
*** FLOP *** [Kc 4d 3s]
kimikiwi87: checks 
Almanza63: bets $0.15
Diogo521993: folds 
kimikiwi87: folds 
Uncalled bet ($0.15) returned to Almanza63
Almanza63 collected $0.35 from pot
*** SUMMARY ***
Total pot $0.37 | Rake $0.02 
Board [Kc 4d 3s]
Seat 1: Diogo521993 (button) folded on the Flop
Seat 3: Facundo-cabj (small blind) folded before Flop
Seat 4: kemal_zay4ik (big blind) folded before Flop
Seat 5: Span405 folded before Flop (didn't bet)
Seat 6: Dorex2007 folded before Flop (didn't bet)
Seat 7: Kallem28 folded before Flop (didn't bet)
Seat 8: kimikiwi87 folded on the Flop
Seat 9: Almanza63 collected ($0.35)



PokerStars Hand #237447355621:  Hold'em No Limit ($0.02/$0.05 USD) - 2022/07/18 18:20:49 PT [2022/07/18 21:20:49 ET]
Table 'Lydia III' 9-max Seat #4 is the button
Seat 1: Diogo521993 ($2.83 in chips) 
Seat 2: mafiaalan10 ($7.02 in chips) 
Seat 4: kemal_zay4ik ($5.02 in chips) 
Seat 5: Span405 ($6.62 in chips) 
Seat 6: Dorex2007 ($9.86 in chips) 
Seat 7: Kallem28 ($6.04 in chips) 
Seat 8: kimikiwi87 ($5.59 in chips) 
Seat 9: Almanza63 ($6.80 in chips) 
Span405: posts small blind $0.02
Dorex2007: posts big blind $0.05
mafiaalan10: posts small & big blinds $0.07
*** HOLE CARDS ***
Dealt to Dorex2007 [9s 8c]
Kallem28: folds 
kimikiwi87: folds 
Almanza63: folds 
Diogo521993: calls $0.05
mafiaalan10: checks 
kemal_zay4ik: raises $0.20 to $0.25
Span405: raises $0.55 to $0.80
Dorex2007: folds 
Diogo521993: folds 
mafiaalan10: folds 
kemal_zay4ik: folds 
Uncalled bet ($0.55) returned to Span405
Span405 collected $0.67 from pot
*** SUMMARY ***
Total pot $0.67 | Rake $0 
Seat 1: Diogo521993 folded before Flop
Seat 2: mafiaalan10 folded before Flop (didn't bet)
Seat 4: kemal_zay4ik (button) folded before Flop
Seat 5: Span405 (small blind) collected ($0.67)
Seat 6: Dorex2007 (big blind) folded before Flop
Seat 7: Kallem28 folded before Flop (didn't bet)
Seat 8: kimikiwi87 folded before Flop (didn't bet)
Seat 9: Almanza63 folded before Flop (didn't bet)



PokerStars Hand #237447366422:  Hold'em No Limit ($0.02/$0.05 USD) - 2022/07/18 18:21:40 PT [2022/07/18 21:21:40 ET]
Table 'Lydia III' 9-max Seat #5 is the button
Seat 1: Diogo521993 ($2.78 in chips) 
Seat 2: mafiaalan10 ($6.95 in chips) 
Seat 3: Facundo-cabj ($2.91 in chips) 
Seat 4: kemal_zay4ik ($5 in chips) 
Seat 5: Span405 ($7.04 in chips) 
Seat 6: Dorex2007 ($9.81 in chips) 
Seat 7: Kallem28 ($6.04 in chips) 
Seat 8: kimikiwi87 ($5.59 in chips) 
Seat 9: Almanza63 ($6.80 in chips) 
Dorex2007: posts small blind $0.02
Kallem28: posts big blind $0.05
*** HOLE CARDS ***
Dealt to Dorex2007 [Jh 3d]
kimikiwi87: folds 
Almanza63: folds 
Diogo521993: folds 
mafiaalan10: folds 
Facundo-cabj: folds 
kemal_zay4ik: folds 
Span405: folds 
Dorex2007: folds 
Uncalled bet ($0.03) returned to Kallem28
Kallem28 collected $0.04 from pot
*** SUMMARY ***
Total pot $0.04 | Rake $0 
Seat 1: Diogo521993 folded before Flop (didn't bet)
Seat 2: mafiaalan10 folded before Flop (didn't bet)
Seat 3: Facundo-cabj folded before Flop (didn't bet)
Seat 4: kemal_zay4ik folded before Flop (didn't bet)
Seat 5: Span405 (button) folded before Flop (didn't bet)
Seat 6: Dorex2007 (small blind) folded before Flop
Seat 7: Kallem28 (big blind) collected ($0.04)
Seat 8: kimikiwi87 folded before Flop (didn't bet)
Seat 9: Almanza63 folded before Flop (didn't bet)



PokerStars Hand #237447369985:  Hold'em No Limit ($0.02/$0.05 USD) - 2022/07/18 18:21:56 PT [2022/07/18 21:21:56 ET]
Table 'Lydia III' 9-max Seat #6 is the button
Seat 1: Diogo521993 ($2.78 in chips) 
Seat 2: mafiaalan10 ($6.95 in chips) 
Seat 3: Facundo-cabj ($2.91 in chips) 
Seat 4: kemal_zay4ik ($5 in chips) 
Seat 5: Span405 ($7.04 in chips) 
Seat 6: Dorex2007 ($9.79 in chips) 
Seat 7: Kallem28 ($6.06 in chips) 
Seat 8: kimikiwi87 ($5.59 in chips) 
Seat 9: Almanza63 ($6.80 in chips) 
Kallem28: posts small blind $0.02
kimikiwi87: posts big blind $0.05
*** HOLE CARDS ***
Dealt to Dorex2007 [Jh Tc]
Almanza63: folds 
Diogo521993: raises $0.10 to $0.15
mafiaalan10: raises $0.10 to $0.25
Facundo-cabj: folds 
kemal_zay4ik: folds 
Span405: folds 
Dorex2007: folds 
Kallem28: folds 
kimikiwi87: raises $5.34 to $5.59 and is all-in
Diogo521993: folds 
mafiaalan10: calls $5.34
*** FLOP *** [3h 3c 8h]
*** TURN *** [3h 3c 8h] [Ts]
*** RIVER *** [3h 3c 8h Ts] [5h]
*** SHOW DOWN ***
kimikiwi87: shows [Kd Kc] (two pair, Kings and Threes)
mafiaalan10: shows [Ah Ac] (two pair, Aces and Threes)
mafiaalan10 collected $10.88 from pot
*** SUMMARY ***
Total pot $11.35 | Rake $0.47 
Board [3h 3c 8h Ts 5h]
Seat 1: Diogo521993 folded before Flop
Seat 2: mafiaalan10 showed [Ah Ac] and won ($10.88) with two pair, Aces and Threes
Seat 3: Facundo-cabj folded before Flop (didn't bet)
Seat 4: kemal_zay4ik folded before Flop (didn't bet)
Seat 5: Span405 folded before Flop (didn't bet)
Seat 6: Dorex2007 (button) folded before Flop (didn't bet)
Seat 7: Kallem28 (small blind) folded before Flop
Seat 8: kimikiwi87 (big blind) showed [Kd Kc] and lost with two pair, Kings and Threes
Seat 9: Almanza63 folded before Flop (didn't bet)



PokerStars Hand #237447378065:  Hold'em No Limit ($0.02/$0.05 USD) - 2022/07/18 18:22:35 PT [2022/07/18 21:22:35 ET]
Table 'Lydia III' 9-max Seat #7 is the button
Seat 1: Diogo521993 ($2.63 in chips) 
Seat 2: mafiaalan10 ($12.24 in chips) 
Seat 3: Facundo-cabj ($2.91 in chips) 
Seat 4: kemal_zay4ik ($5 in chips) 
Seat 5: Span405 ($7.04 in chips) 
Seat 6: Dorex2007 ($9.79 in chips) 
Seat 7: Kallem28 ($6.04 in chips) 
Seat 9: Almanza63 ($6.80 in chips) 
Almanza63: posts small blind $0.02
Diogo521993: posts big blind $0.05
*** HOLE CARDS ***
Dealt to Dorex2007 [Ac Qs]
mafiaalan10: folds 
Facundo-cabj has timed out
Facundo-cabj: folds 
kemal_zay4ik: folds 
Span405: folds 
Dorex2007: raises $0.05 to $0.10
Kallem28: raises $0.20 to $0.30
Almanza63: folds 
Diogo521993: folds 
Dorex2007: calls $0.20
*** FLOP *** [Qc Jc 8h]
Dorex2007: checks 
Kallem28: bets $0.21
Dorex2007: raises $9.28 to $9.49 and is all-in
Kallem28: folds 
Uncalled bet ($9.28) returned to Dorex2007
Dorex2007 collected $1.04 from pot
*** SUMMARY ***
Total pot $1.09 | Rake $0.05 
Board [Qc Jc 8h]
Seat 1: Diogo521993 (big blind) folded before Flop
Seat 2: mafiaalan10 folded before Flop (didn't bet)
Seat 3: Facundo-cabj folded before Flop (didn't bet)
Seat 4: kemal_zay4ik folded before Flop (didn't bet)
Seat 5: Span405 folded before Flop (didn't bet)
Seat 6: Dorex2007 collected ($1.04)
Seat 7: Kallem28 (button) folded on the Flop
Seat 9: Almanza63 (small blind) folded before Flop



PokerStars Hand #237447388073:  Hold'em No Limit ($0.02/$0.05 USD) - 2022/07/18 18:23:22 PT [2022/07/18 21:23:22 ET]
Table 'Lydia III' 9-max Seat #9 is the button
Seat 1: Diogo521993 ($2.58 in chips) 
Seat 2: mafiaalan10 ($12.24 in chips) 
Seat 4: kemal_zay4ik ($5 in chips) 
Seat 5: Span405 ($7.04 in chips) 
Seat 6: Dorex2007 ($10.32 in chips) 
Seat 7: Kallem28 ($5.53 in chips) 
Seat 8: kimikiwi87 ($5 in chips) 
Seat 9: Almanza63 ($6.78 in chips) 
Diogo521993: posts small blind $0.02
mafiaalan10: posts big blind $0.05
kimikiwi87: posts small blind $0.02
*** HOLE CARDS ***
Dealt to Dorex2007 [Ad 4c]
kemal_zay4ik: folds 
Span405: folds 
Dorex2007: folds 
Kallem28: raises $0.15 to $0.20
kimikiwi87: folds 
Almanza63: folds 
Diogo521993: folds 
mafiaalan10: calls $0.15
*** FLOP *** [2s 2c 6d]
mafiaalan10: checks 
Kallem28: bets $0.53
mafiaalan10: folds 
Uncalled bet ($0.53) returned to Kallem28
Kallem28 collected $0.42 from pot
*** SUMMARY ***
Total pot $0.44 | Rake $0.02 
Board [2s 2c 6d]
Seat 1: Diogo521993 (small blind) folded before Flop
Seat 2: mafiaalan10 (big blind) folded on the Flop
Seat 4: kemal_zay4ik folded before Flop (didn't bet)
Seat 5: Span405 folded before Flop (didn't bet)
Seat 6: Dorex2007 folded before Flop (didn't bet)
Seat 7: Kallem28 collected ($0.42)
Seat 8: kimikiwi87 folded before Flop (didn't bet)
Seat 9: Almanza63 (button) folded before Flop (didn't bet)



PokerStars Hand #237447395717:  Hold'em No Limit ($0.02/$0.05 USD) - 2022/07/18 18:23:59 PT [2022/07/18 21:23:59 ET]
Table 'Lydia III' 9-max Seat #1 is the button
Seat 1: Diogo521993 ($2.56 in chips) 
Seat 2: mafiaalan10 ($12.04 in chips) 
Seat 4: kemal_zay4ik ($5 in chips) 
Seat 5: Span405 ($7.04 in chips) 
Seat 6: Dorex2007 ($10.32 in chips) 
Seat 7: Kallem28 ($5.75 in chips) 
Seat 8: kimikiwi87 ($4.98 in chips) 
Seat 9: Almanza63 ($6.78 in chips) 
mafiaalan10: posts small blind $0.02
kemal_zay4ik: posts big blind $0.05
*** HOLE CARDS ***
Dealt to Dorex2007 [7d 5d]
Span405: raises $0.10 to $0.15
Dorex2007: folds 
Kallem28: folds 
kimikiwi87: folds 
Almanza63: calls $0.15
Diogo521993: folds 
mafiaalan10: folds 
kemal_zay4ik: folds 
*** FLOP *** [Jc Ts 6d]
Span405: checks 
Almanza63: checks 
*** TURN *** [Jc Ts 6d] [Kh]
Span405: checks 
Almanza63: checks 
*** RIVER *** [Jc Ts 6d Kh] [9c]
Span405: checks 
Almanza63: checks 
*** SHOW DOWN ***
Span405: shows [8h 8c] (a pair of Eights)
Almanza63: shows [9d 8d] (a pair of Nines)
Almanza63 collected $0.35 from pot
*** SUMMARY ***
Total pot $0.37 | Rake $0.02 
Board [Jc Ts 6d Kh 9c]
Seat 1: Diogo521993 (button) folded before Flop (didn't bet)
Seat 2: mafiaalan10 (small blind) folded before Flop
Seat 4: kemal_zay4ik (big blind) folded before Flop
Seat 5: Span405 showed [8h 8c] and lost with a pair of Eights
Seat 6: Dorex2007 folded before Flop (didn't bet)
Seat 7: Kallem28 folded before Flop (didn't bet)
Seat 8: kimikiwi87 folded before Flop (didn't bet)
Seat 9: Almanza63 showed [9d 8d] and won ($0.35) with a pair of Nines



PokerStars Hand #237447406547:  Hold'em No Limit ($0.02/$0.05 USD) - 2022/07/18 18:24:50 PT [2022/07/18 21:24:50 ET]
Table 'Lydia III' 9-max Seat #2 is the button
Seat 1: Diogo521993 ($2.56 in chips) 
Seat 2: mafiaalan10 ($12.02 in chips) 
Seat 4: kemal_zay4ik ($5 in chips) 
Seat 5: Span405 ($6.89 in chips) 
Seat 6: Dorex2007 ($10.32 in chips) 
Seat 7: Kallem28 ($5.75 in chips) 
Seat 8: kimikiwi87 ($4.98 in chips) 
Seat 9: Almanza63 ($6.98 in chips) 
kemal_zay4ik: posts small blind $0.02
Span405: posts big blind $0.05
*** HOLE CARDS ***
Dealt to Dorex2007 [Ks Qd]
Dorex2007: folds 
Kallem28: raises $0.10 to $0.15
kimikiwi87: folds 
Almanza63: raises $0.34 to $0.49
Diogo521993: folds 
mafiaalan10: folds 
kemal_zay4ik: folds 
Span405: folds 
Kallem28: folds 
Uncalled bet ($0.34) returned to Almanza63
Almanza63 collected $0.37 from pot
*** SUMMARY ***
Total pot $0.37 | Rake $0 
Seat 1: Diogo521993 folded before Flop (didn't bet)
Seat 2: mafiaalan10 (button) folded before Flop (didn't bet)
Seat 4: kemal_zay4ik (small blind) folded before Flop
Seat 5: Span405 (big blind) folded before Flop
Seat 6: Dorex2007 folded before Flop (didn't bet)
Seat 7: Kallem28 folded before Flop
Seat 8: kimikiwi87 folded before Flop (didn't bet)
Seat 9: Almanza63 collected ($0.37)



PokerStars Hand #237447412727:  Hold'em No Limit ($0.02/$0.05 USD) - 2022/07/18 18:25:20 PT [2022/07/18 21:25:20 ET]
Table 'Lydia III' 9-max Seat #4 is the button
Seat 1: Diogo521993 ($2.56 in chips) 
Seat 2: mafiaalan10 ($12.02 in chips) 
Seat 4: kemal_zay4ik ($5 in chips) 
Seat 5: Span405 ($6.84 in chips) 
Seat 6: Dorex2007 ($10.32 in chips) 
Seat 7: Kallem28 ($5.60 in chips) 
Seat 8: kimikiwi87 ($4.98 in chips) 
Seat 9: Almanza63 ($7.20 in chips) 
Span405: posts small blind $0.02
Dorex2007: posts big blind $0.05
*** HOLE CARDS ***
Dealt to Dorex2007 [7h Qc]
Kallem28: folds 
kimikiwi87: calls $0.05
Almanza63: raises $0.08 to $0.13
Diogo521993: folds 
mafiaalan10: folds 
kemal_zay4ik: folds 
Span405: folds 
Dorex2007: folds 
kimikiwi87: folds 
Uncalled bet ($0.08) returned to Almanza63
Almanza63 collected $0.17 from pot
*** SUMMARY ***
Total pot $0.17 | Rake $0 
Seat 1: Diogo521993 folded before Flop (didn't bet)
Seat 2: mafiaalan10 folded before Flop (didn't bet)
Seat 4: kemal_zay4ik (button) folded before Flop (didn't bet)
Seat 5: Span405 (small blind) folded before Flop
Seat 6: Dorex2007 (big blind) folded before Flop
Seat 7: Kallem28 folded before Flop (didn't bet)
Seat 8: kimikiwi87 folded before Flop
Seat 9: Almanza63 collected ($0.17)



PokerStars Hand #237447416716:  Hold'em No Limit ($0.02/$0.05 USD) - 2022/07/18 18:25:39 PT [2022/07/18 21:25:39 ET]
Table 'Lydia III' 9-max Seat #5 is the button
Seat 1: Diogo521993 ($2.56 in chips) 
Seat 2: mafiaalan10 ($12.02 in chips) 
Seat 4: kemal_zay4ik ($5 in chips) 
Seat 5: Span405 ($6.82 in chips) 
Seat 6: Dorex2007 ($10.27 in chips) 
Seat 7: Kallem28 ($5.60 in chips) 
Seat 8: kimikiwi87 ($4.93 in chips) 
Seat 9: Almanza63 ($7.32 in chips) 
Dorex2007: posts small blind $0.02
Kallem28: posts big blind $0.05
*** HOLE CARDS ***
Dealt to Dorex2007 [Td 2h]
kimikiwi87: folds 
Almanza63: folds 
Diogo521993: calls $0.05
mafiaalan10: folds 
kemal_zay4ik: folds 
Span405: folds 
Dorex2007: folds 
Kallem28: checks 
*** FLOP *** [5h Jc Qc]
Kallem28: checks 
Diogo521993: bets $0.10
Kallem28: folds 
Uncalled bet ($0.10) returned to Diogo521993
Diogo521993 collected $0.12 from pot
*** SUMMARY ***
Total pot $0.12 | Rake $0 
Board [5h Jc Qc]
Seat 1: Diogo521993 collected ($0.12)
Seat 2: mafiaalan10 folded before Flop (didn't bet)
Seat 4: kemal_zay4ik folded before Flop (didn't bet)
Seat 5: Span405 (button) folded before Flop (didn't bet)
Seat 6: Dorex2007 (small blind) folded before Flop
Seat 7: Kallem28 (big blind) folded on the Flop
Seat 8: kimikiwi87 folded before Flop (didn't bet)
Seat 9: Almanza63 folded before Flop (didn't bet)



PokerStars Hand #237447423055:  Hold'em No Limit ($0.02/$0.05 USD) - 2022/07/18 18:26:10 PT [2022/07/18 21:26:10 ET]
Table 'Lydia III' 9-max Seat #6 is the button
Seat 1: Diogo521993 ($2.63 in chips) 
Seat 3: Facundo-cabj ($2.91 in chips) 
Seat 4: kemal_zay4ik ($5 in chips) 
Seat 5: Span405 ($6.82 in chips) 
Seat 6: Dorex2007 ($10.25 in chips) 
Seat 7: Kallem28 ($5.55 in chips) 
Seat 9: Almanza63 ($7.32 in chips) 
Kallem28: posts small blind $0.02
kimikiwi87: is sitting out 
Almanza63: posts big blind $0.05
kimikiwi87 leaves the table
Facundo-cabj: posts small & big blinds $0.07
*** HOLE CARDS ***
Dealt to Dorex2007 [Kd 5h]
Diogo521993: calls $0.05
Facundo-cabj: checks 
kemal_zay4ik: folds 
Span405: folds 
Dorex2007: folds 
renansuguino1 joins the table at seat #8 
Kallem28: calls $0.03
Almanza63: checks 
*** FLOP *** [Th 2d 4c]
Kallem28: checks 
Almanza63: checks 
Diogo521993: bets $0.10
Facundo-cabj: folds 
Kallem28: folds 
Almanza63: calls $0.10
*** TURN *** [Th 2d 4c] [Qc]
Almanza63: checks 
Diogo521993: bets $0.15
Almanza63: calls $0.15
*** RIVER *** [Th 2d 4c Qc] [7s]
Almanza63: checks 
Diogo521993: checks 
*** SHOW DOWN ***
Almanza63: shows [3c 6c] (high card Queen)
Diogo521993: shows [3d Kc] (high card King)
Diogo521993 collected $0.69 from pot
*** SUMMARY ***
Total pot $0.72 | Rake $0.03 
Board [Th 2d 4c Qc 7s]
Seat 1: Diogo521993 showed [3d Kc] and won ($0.69) with high card King
Seat 3: Facundo-cabj folded on the Flop (didn't bet)
Seat 4: kemal_zay4ik folded before Flop (didn't bet)
Seat 5: Span405 folded before Flop (didn't bet)
Seat 6: Dorex2007 (button) folded before Flop (didn't bet)
Seat 7: Kallem28 (small blind) folded on the Flop
Seat 9: Almanza63 (big blind) showed [3c 6c] and lost with high card Queen



PokerStars Hand #237447432776:  Hold'em No Limit ($0.02/$0.05 USD) - 2022/07/18 18:26:56 PT [2022/07/18 21:26:56 ET]
Table 'Lydia III' 9-max Seat #7 is the button
Seat 1: Diogo521993 ($3.02 in chips) 
Seat 3: Facundo-cabj ($2.84 in chips) 
Seat 4: kemal_zay4ik ($5 in chips) 
Seat 5: Span405 ($6.82 in chips) 
Seat 6: Dorex2007 ($10.25 in chips) 
Seat 7: Kallem28 ($5.50 in chips) 
Seat 9: Almanza63 ($7.02 in chips) 
Almanza63: posts small blind $0.02
Diogo521993: posts big blind $0.05
*** HOLE CARDS ***
Dealt to Dorex2007 [9d 6h]
Facundo-cabj: folds 
kemal_zay4ik: raises $0.10 to $0.15
Span405: folds 
Dorex2007: folds 
Kallem28: folds 
Almanza63: folds 
Diogo521993: folds 
Uncalled bet ($0.10) returned to kemal_zay4ik
kemal_zay4ik collected $0.12 from pot
*** SUMMARY ***
Total pot $0.12 | Rake $0 
Seat 1: Diogo521993 (big blind) folded before Flop
Seat 3: Facundo-cabj folded before Flop (didn't bet)
Seat 4: kemal_zay4ik collected ($0.12)
Seat 5: Span405 folded before Flop (didn't bet)
Seat 6: Dorex2007 folded before Flop (didn't bet)
Seat 7: Kallem28 (button) folded before Flop (didn't bet)
Seat 9: Almanza63 (small blind) folded before Flop



PokerStars Hand #237447437521:  Hold'em No Limit ($0.02/$0.05 USD) - 2022/07/18 18:27:18 PT [2022/07/18 21:27:18 ET]
Table 'Lydia III' 9-max Seat #9 is the button
Seat 1: Diogo521993 ($2.97 in chips) 
Seat 3: Facundo-cabj ($2.84 in chips) 
Seat 4: kemal_zay4ik ($5.07 in chips) 
Seat 5: Span405 ($6.82 in chips) 
Seat 6: Dorex2007 ($10.25 in chips) 
Seat 7: Kallem28 ($5.50 in chips) 
Seat 9: Almanza63 ($7 in chips) 
Diogo521993: posts small blind $0.02
Facundo-cabj: posts big blind $0.05
renansuguino1: sits out 
*** HOLE CARDS ***
Dealt to Dorex2007 [8d 2s]
kemal_zay4ik: folds 
Span405: folds 
Dorex2007: folds 
Kallem28: folds 
Almanza63: raises $0.10 to $0.15
Diogo521993: folds 
Facundo-cabj: folds 
Uncalled bet ($0.10) returned to Almanza63
Almanza63 collected $0.12 from pot
*** SUMMARY ***
Total pot $0.12 | Rake $0 
Seat 1: Diogo521993 (small blind) folded before Flop
Seat 3: Facundo-cabj (big blind) folded before Flop
Seat 4: kemal_zay4ik folded before Flop (didn't bet)
Seat 5: Span405 folded before Flop (didn't bet)
Seat 6: Dorex2007 folded before Flop (didn't bet)
Seat 7: Kallem28 folded before Flop (didn't bet)
Seat 9: Almanza63 (button) collected ($0.12)



PokerStars Hand #237447453571:  Hold'em No Limit ($0.02/$0.05 USD) - 2022/07/18 18:27:48 PT [2022/07/18 21:27:48 ET]
Table 'Lydia III' 9-max Seat #1 is the button
Seat 1: Diogo521993 ($2.95 in chips) 
Seat 3: Facundo-cabj ($2.79 in chips) 
Seat 4: kemal_zay4ik ($5.07 in chips) 
Seat 5: Span405 ($6.82 in chips) 
Seat 6: Dorex2007 ($10.25 in chips) 
Seat 7: Kallem28 ($5.50 in chips) 
Seat 9: Almanza63 ($7.07 in chips) 
Facundo-cabj: posts small blind $0.02
kemal_zay4ik: posts big blind $0.05
renansuguino1: sits out 
*** HOLE CARDS ***
Dealt to Dorex2007 [3c 7d]
Span405: raises $0.10 to $0.15
Dorex2007: folds 
Kallem28: raises $0.25 to $0.40
Almanza63: folds 
Diogo521993: folds 
Facundo-cabj: folds 
kemal_zay4ik: folds 
Span405: calls $0.25
*** FLOP *** [9h Qh Jh]
Span405: checks 
Kallem28: checks 
*** TURN *** [9h Qh Jh] [8h]
Span405: bets $0.40
Kallem28: folds 
Uncalled bet ($0.40) returned to Span405
Span405 collected $0.83 from pot
*** SUMMARY ***
Total pot $0.87 | Rake $0.04 
Board [9h Qh Jh 8h]
Seat 1: Diogo521993 (button) folded before Flop (didn't bet)
Seat 3: Facundo-cabj (small blind) folded before Flop
Seat 4: kemal_zay4ik (big blind) folded before Flop
Seat 5: Span405 collected ($0.83)
Seat 6: Dorex2007 folded before Flop (didn't bet)
Seat 7: Kallem28 folded on the Turn
Seat 9: Almanza63 folded before Flop (didn't bet)



PokerStars Hand #237447462427:  Hold'em No Limit ($0.02/$0.05 USD) - 2022/07/18 18:28:30 PT [2022/07/18 21:28:30 ET]
Table 'Lydia III' 9-max Seat #3 is the button
Seat 1: Diogo521993 ($2.95 in chips) 
Seat 2: mafiaalan10 ($12.02 in chips) 
Seat 3: Facundo-cabj ($2.77 in chips) 
Seat 4: kemal_zay4ik ($5.02 in chips) 
Seat 5: Span405 ($7.25 in chips) 
Seat 6: Dorex2007 ($10.25 in chips) 
Seat 7: Kallem28 ($5.10 in chips) 
Seat 9: Almanza63 ($7.07 in chips) 
kemal_zay4ik: posts small blind $0.02
Span405: posts big blind $0.05
renansuguino1: sits out 
mafiaalan10: posts small & big blinds $0.07
*** HOLE CARDS ***
Dealt to Dorex2007 [2s 5c]
Dorex2007: folds 
Kallem28: folds 
Kallem28 leaves the table
Almanza63: folds 
Diogo521993: calls $0.05
mafiaalan10: checks 
Facundo-cabj: folds 
kemal_zay4ik: folds 
Span405: raises $0.15 to $0.20
Diogo521993: folds 
mafiaalan10: folds 
Uncalled bet ($0.15) returned to Span405
Span405 collected $0.19 from pot
*** SUMMARY ***
Total pot $0.19 | Rake $0 
Seat 1: Diogo521993 folded before Flop
Seat 2: mafiaalan10 folded before Flop (didn't bet)
Seat 3: Facundo-cabj (button) folded before Flop (didn't bet)
Seat 4: kemal_zay4ik (small blind) folded before Flop
Seat 5: Span405 (big blind) collected ($0.19)
Seat 6: Dorex2007 folded before Flop (didn't bet)
Seat 7: Kallem28 folded before Flop (didn't bet)
Seat 9: Almanza63 folded before Flop (didn't bet)



PokerStars Hand #237447467905:  Hold'em No Limit ($0.02/$0.05 USD) - 2022/07/18 18:28:57 PT [2022/07/18 21:28:57 ET]
Table 'Lydia III' 9-max Seat #4 is the button
Seat 1: Diogo521993 ($2.90 in chips) 
Seat 2: mafiaalan10 ($11.95 in chips) 
Seat 3: Facundo-cabj ($2.77 in chips) 
Seat 4: kemal_zay4ik ($5 in chips) 
Seat 5: Span405 ($7.39 in chips) 
Seat 6: Dorex2007 ($10.25 in chips) 
Seat 9: Almanza63 ($7.07 in chips) 
Span405: posts small blind $0.02
Dorex2007: posts big blind $0.05
renansuguino1: sits out 
*** HOLE CARDS ***
Dealt to Dorex2007 [As Qh]
Almanza63: folds 
Diogo521993: folds 
mafiaalan10: folds 
Facundo-cabj: raises $0.10 to $0.15
kemal_zay4ik: folds 
Span405: folds 
Dorex2007: calls $0.10
*** FLOP *** [2d 6c 3h]
simiek joins the table at seat #7 
Dorex2007: bets $0.15
Facundo-cabj: raises $0.16 to $0.31
Dorex2007: calls $0.16
*** TURN *** [2d 6c 3h] [Ks]
Dorex2007: bets $0.45
Facundo-cabj: calls $0.45
*** RIVER *** [2d 6c 3h Ks] [Td]
Dorex2007: checks 
Facundo-cabj: bets $0.20
Dorex2007: folds 
Uncalled bet ($0.20) returned to Facundo-cabj
Facundo-cabj collected $1.76 from pot
*** SUMMARY ***
Total pot $1.84 | Rake $0.08 
Board [2d 6c 3h Ks Td]
Seat 1: Diogo521993 folded before Flop (didn't bet)
Seat 2: mafiaalan10 folded before Flop (didn't bet)
Seat 3: Facundo-cabj collected ($1.76)
Seat 4: kemal_zay4ik (button) folded before Flop (didn't bet)
Seat 5: Span405 (small blind) folded before Flop
Seat 6: Dorex2007 (big blind) folded on the River
Seat 9: Almanza63 folded before Flop (didn't bet)



PokerStars Hand #237447482077:  Hold'em No Limit ($0.02/$0.05 USD) - 2022/07/18 18:30:05 PT [2022/07/18 21:30:05 ET]
Table 'Lydia III' 9-max Seat #5 is the button
Seat 1: Diogo521993 ($2.90 in chips) 
Seat 2: mafiaalan10 ($11.95 in chips) 
Seat 3: Facundo-cabj ($3.62 in chips) 
Seat 4: kemal_zay4ik ($5 in chips) 
Seat 5: Span405 ($7.37 in chips) 
Seat 6: Dorex2007 ($9.34 in chips) 
Seat 7: simiek ($5 in chips) 
Seat 9: Almanza63 ($7.07 in chips) 
Dorex2007: posts small blind $0.02
simiek: posts big blind $0.05
renansuguino1: sits out 
*** HOLE CARDS ***
Dealt to Dorex2007 [Kd Jh]
Almanza63: folds 
Diogo521993: raises $0.10 to $0.15
mafiaalan10: folds 
Facundo-cabj: folds 
kemal_zay4ik: folds 
Span405: folds 
Dorex2007: calls $0.13
simiek: calls $0.10
*** FLOP *** [3d 3c 6c]
Dorex2007: checks 
simiek: checks 
Diogo521993: bets $0.21
Dorex2007: folds 
simiek: folds 
Uncalled bet ($0.21) returned to Diogo521993
Diogo521993 collected $0.43 from pot
*** SUMMARY ***
Total pot $0.45 | Rake $0.02 
Board [3d 3c 6c]
Seat 1: Diogo521993 collected ($0.43)
Seat 2: mafiaalan10 folded before Flop (didn't bet)
Seat 3: Facundo-cabj folded before Flop (didn't bet)
Seat 4: kemal_zay4ik folded before Flop (didn't bet)
Seat 5: Span405 (button) folded before Flop (didn't bet)
Seat 6: Dorex2007 (small blind) folded on the Flop
Seat 7: simiek (big blind) folded on the Flop
Seat 9: Almanza63 folded before Flop (didn't bet)



PokerStars Hand #237447489107:  Hold'em No Limit ($0.02/$0.05 USD) - 2022/07/18 18:30:40 PT [2022/07/18 21:30:40 ET]
Table 'Lydia III' 9-max Seat #6 is the button
Seat 1: Diogo521993 ($3.18 in chips) 
Seat 2: mafiaalan10 ($11.95 in chips) 
Seat 3: Facundo-cabj ($3.62 in chips) 
Seat 4: kemal_zay4ik ($5 in chips) 
Seat 5: Span405 ($7.37 in chips) 
Seat 6: Dorex2007 ($9.19 in chips) 
Seat 7: simiek ($4.85 in chips) 
Seat 8: renansuguino1 ($5 in chips) 
Seat 9: Almanza63 ($7.07 in chips) 
simiek: posts small blind $0.02
renansuguino1: posts big blind $0.05
*** HOLE CARDS ***
Dealt to Dorex2007 [6c Ah]
Almanza63: folds 
Diogo521993: calls $0.05
mafiaalan10: raises $0.10 to $0.15
Facundo-cabj: folds 
kemal_zay4ik: calls $0.15
Span405: folds 
Dorex2007: folds 
simiek: folds 
renansuguino1: folds 
Diogo521993: folds 
*** FLOP *** [3h 4h 3s]
mafiaalan10: bets $0.05
kemal_zay4ik: folds 
Uncalled bet ($0.05) returned to mafiaalan10
mafiaalan10 collected $0.40 from pot
*** SUMMARY ***
Total pot $0.42 | Rake $0.02 
Board [3h 4h 3s]
Seat 1: Diogo521993 folded before Flop
Seat 2: mafiaalan10 collected ($0.40)
Seat 3: Facundo-cabj folded before Flop (didn't bet)
Seat 4: kemal_zay4ik folded on the Flop
Seat 5: Span405 folded before Flop (didn't bet)
Seat 6: Dorex2007 (button) folded before Flop (didn't bet)
Seat 7: simiek (small blind) folded before Flop
Seat 8: renansuguino1 (big blind) folded before Flop
Seat 9: Almanza63 folded before Flop (didn't bet)



PokerStars Hand #237447496638:  Hold'em No Limit ($0.02/$0.05 USD) - 2022/07/18 18:31:17 PT [2022/07/18 21:31:17 ET]
Table 'Lydia III' 9-max Seat #7 is the button
Seat 1: Diogo521993 ($3.13 in chips) 
Seat 2: mafiaalan10 ($12.20 in chips) 
Seat 3: Facundo-cabj ($3.62 in chips) 
Seat 4: kemal_zay4ik ($5 in chips) 
Seat 5: Span405 ($7.37 in chips) 
Seat 6: Dorex2007 ($9.19 in chips) 
Seat 7: simiek ($4.83 in chips) 
Seat 8: renansuguino1 ($5 in chips) 
Seat 9: Almanza63 ($7.07 in chips) 
renansuguino1: posts small blind $0.02
Almanza63: posts big blind $0.05
*** HOLE CARDS ***
Dealt to Dorex2007 [Qh 5d]
Diogo521993: calls $0.05
mafiaalan10: folds 
Facundo-cabj has timed out
Facundo-cabj: folds 
kemal_zay4ik: folds 
Span405: folds 
Dorex2007: folds 
simiek: calls $0.05
renansuguino1: calls $0.03
Almanza63: raises $0.15 to $0.20
Diogo521993: folds 
simiek: folds 
renansuguino1: folds 
Uncalled bet ($0.15) returned to Almanza63
Almanza63 collected $0.20 from pot
*** SUMMARY ***
Total pot $0.20 | Rake $0 
Seat 1: Diogo521993 folded before Flop
Seat 2: mafiaalan10 folded before Flop (didn't bet)
Seat 3: Facundo-cabj folded before Flop (didn't bet)
Seat 4: kemal_zay4ik folded before Flop (didn't bet)
Seat 5: Span405 folded before Flop (didn't bet)
Seat 6: Dorex2007 folded before Flop (didn't bet)
Seat 7: simiek (button) folded before Flop
Seat 8: renansuguino1 (small blind) folded before Flop
Seat 9: Almanza63 (big blind) collected ($0.20)



PokerStars Hand #237447513029:  Hold'em No Limit ($0.02/$0.05 USD) - 2022/07/18 18:31:54 PT [2022/07/18 21:31:54 ET]
Table 'Lydia III' 9-max Seat #8 is the button
Seat 1: Diogo521993 ($3.08 in chips) 
Seat 2: mafiaalan10 ($12.20 in chips) 
Seat 3: Facundo-cabj ($3.62 in chips) 
Seat 4: kemal_zay4ik ($5 in chips) 
Seat 5: Span405 ($7.37 in chips) 
Seat 6: Dorex2007 ($9.19 in chips) 
Seat 7: simiek ($4.78 in chips) 
Seat 8: renansuguino1 ($5 in chips) 
Seat 9: Almanza63 ($7.22 in chips) 
Almanza63: posts small blind $0.02
Diogo521993: posts big blind $0.05
*** HOLE CARDS ***
Dealt to Dorex2007 [Jd 4s]
mafiaalan10: calls $0.05
Facundo-cabj: folds 
kemal_zay4ik: raises $0.15 to $0.20
Span405: folds 
Dorex2007: folds 
simiek: folds 
renansuguino1: folds 
Almanza63: folds 
Diogo521993: folds 
mafiaalan10: calls $0.15
*** FLOP *** [Qd Jh 7d]
mafiaalan10: checks 
kemal_zay4ik: bets $0.23
mafiaalan10: folds 
Uncalled bet ($0.23) returned to kemal_zay4ik
kemal_zay4ik collected $0.45 from pot
*** SUMMARY ***
Total pot $0.47 | Rake $0.02 
Board [Qd Jh 7d]
Seat 1: Diogo521993 (big blind) folded before Flop
Seat 2: mafiaalan10 folded on the Flop
Seat 3: Facundo-cabj folded before Flop (didn't bet)
Seat 4: kemal_zay4ik collected ($0.45)
Seat 5: Span405 folded before Flop (didn't bet)
Seat 6: Dorex2007 folded before Flop (didn't bet)
Seat 7: simiek folded before Flop (didn't bet)
Seat 8: renansuguino1 (button) folded before Flop (didn't bet)
Seat 9: Almanza63 (small blind) folded before Flop



PokerStars Hand #237447519286:  Hold'em No Limit ($0.02/$0.05 USD) - 2022/07/18 18:32:25 PT [2022/07/18 21:32:25 ET]
Table 'Lydia III' 9-max Seat #9 is the button
Seat 1: Diogo521993 ($3.03 in chips) 
Seat 2: mafiaalan10 ($12 in chips) 
Seat 3: Facundo-cabj ($3.62 in chips) 
Seat 4: kemal_zay4ik ($5.25 in chips) 
Seat 5: Span405 ($7.37 in chips) 
Seat 6: Dorex2007 ($9.19 in chips) 
Seat 7: simiek ($4.78 in chips) 
Seat 8: renansuguino1 ($5 in chips) 
Seat 9: Almanza63 ($7.20 in chips) 
Diogo521993: posts small blind $0.02
mafiaalan10: posts big blind $0.05
*** HOLE CARDS ***
Dealt to Dorex2007 [Td 2c]
Facundo-cabj: folds 
kemal_zay4ik: folds 
Span405: folds 
Dorex2007: folds 
simiek: folds 
renansuguino1: raises $0.10 to $0.15
Almanza63: calls $0.15
Diogo521993: folds 
mafiaalan10: calls $0.10
*** FLOP *** [3s 7c 9h]
mafiaalan10: checks 
renansuguino1: checks 
Almanza63: bets $0.22
mafiaalan10: calls $0.22
renansuguino1: folds 
*** TURN *** [3s 7c 9h] [Ts]
mafiaalan10: checks 
Almanza63: bets $0.63
mafiaalan10: folds 
Uncalled bet ($0.63) returned to Almanza63
Almanza63 collected $0.87 from pot
*** SUMMARY ***
Total pot $0.91 | Rake $0.04 
Board [3s 7c 9h Ts]
Seat 1: Diogo521993 (small blind) folded before Flop
Seat 2: mafiaalan10 (big blind) folded on the Turn
Seat 3: Facundo-cabj folded before Flop (didn't bet)
Seat 4: kemal_zay4ik folded before Flop (didn't bet)
Seat 5: Span405 folded before Flop (didn't bet)
Seat 6: Dorex2007 folded before Flop (didn't bet)
Seat 7: simiek folded before Flop (didn't bet)
Seat 8: renansuguino1 folded on the Flop
Seat 9: Almanza63 (button) collected ($0.87)



PokerStars Hand #237447531733:  Hold'em No Limit ($0.02/$0.05 USD) - 2022/07/18 18:33:27 PT [2022/07/18 21:33:27 ET]
Table 'Lydia III' 9-max Seat #1 is the button
Seat 1: Diogo521993 ($3.01 in chips) 
Seat 2: mafiaalan10 ($11.63 in chips) 
Seat 3: Facundo-cabj ($3.62 in chips) 
Seat 4: kemal_zay4ik ($5.25 in chips) 
Seat 5: Span405 ($7.37 in chips) 
Seat 6: Dorex2007 ($9.19 in chips) 
Seat 7: simiek ($4.78 in chips) 
Seat 8: renansuguino1 ($5 in chips) 
Seat 9: Almanza63 ($7.70 in chips) 
mafiaalan10: posts small blind $0.02
Facundo-cabj: posts big blind $0.05
*** HOLE CARDS ***
Dealt to Dorex2007 [Ad 8c]
kemal_zay4ik: folds 
Span405: raises $0.10 to $0.15
Dorex2007: folds 
simiek: folds 
renansuguino1: folds 
Almanza63: folds 
Diogo521993: folds 
mafiaalan10: folds 
Facundo-cabj: calls $0.10
*** FLOP *** [7h Td Ah]
Facundo-cabj: checks 
Span405: bets $0.12
Facundo-cabj: raises $0.29 to $0.41
Span405: calls $0.29
*** TURN *** [7h Td Ah] [9c]
Facundo-cabj: checks 
Span405: bets $0.80
Facundo-cabj: raises $2.26 to $3.06 and is all-in
Span405: calls $2.26
Span405 has timed out
*** RIVER *** [7h Td Ah 9c] [Qh]
*** SHOW DOWN ***
Facundo-cabj: shows [7d Ts] (two pair, Tens and Sevens)
Span405: shows [Ac Kd] (a pair of Aces)
Facundo-cabj collected $6.96 from pot
*** SUMMARY ***
Total pot $7.26 | Rake $0.30 
Board [7h Td Ah 9c Qh]
Seat 1: Diogo521993 (button) folded before Flop (didn't bet)
Seat 2: mafiaalan10 (small blind) folded before Flop
Seat 3: Facundo-cabj (big blind) showed [7d Ts] and won ($6.96) with two pair, Tens and Sevens
Seat 4: kemal_zay4ik folded before Flop (didn't bet)
Seat 5: Span405 showed [Ac Kd] and lost with a pair of Aces
Seat 6: Dorex2007 folded before Flop (didn't bet)
Seat 7: simiek folded before Flop (didn't bet)
Seat 8: renansuguino1 folded before Flop (didn't bet)
Seat 9: Almanza63 folded before Flop (didn't bet)



PokerStars Hand #237447545730:  Hold'em No Limit ($0.02/$0.05 USD) - 2022/07/18 18:34:37 PT [2022/07/18 21:34:37 ET]
Table 'Lydia III' 9-max Seat #2 is the button
Seat 1: Diogo521993 ($3.01 in chips) 
Seat 2: mafiaalan10 ($11.61 in chips) 
Seat 3: Facundo-cabj ($6.96 in chips) 
Seat 4: kemal_zay4ik ($5.25 in chips) 
Seat 5: Span405 ($3.75 in chips) 
Seat 6: Dorex2007 ($9.19 in chips) 
Seat 7: simiek ($4.78 in chips) 
Seat 8: renansuguino1 ($5 in chips) 
Seat 9: Almanza63 ($7.70 in chips) 
Facundo-cabj: posts small blind $0.02
kemal_zay4ik: posts big blind $0.05
*** HOLE CARDS ***
Dealt to Dorex2007 [Qh 4s]
Span405: folds 
Dorex2007: folds 
simiek: folds 
renansuguino1: folds 
Almanza63: folds 
Diogo521993: calls $0.05
mafiaalan10: folds 
Facundo-cabj: calls $0.03
kemal_zay4ik: checks 
*** FLOP *** [5d As Ac]
Facundo-cabj: checks 
kemal_zay4ik: checks 
Diogo521993: bets $0.14
Facundo-cabj: folds 
kemal_zay4ik: folds 
Uncalled bet ($0.14) returned to Diogo521993
Diogo521993 collected $0.14 from pot
*** SUMMARY ***
Total pot $0.15 | Rake $0.01 
Board [5d As Ac]
Seat 1: Diogo521993 collected ($0.14)
Seat 2: mafiaalan10 (button) folded before Flop (didn't bet)
Seat 3: Facundo-cabj (small blind) folded on the Flop
Seat 4: kemal_zay4ik (big blind) folded on the Flop
Seat 5: Span405 folded before Flop (didn't bet)
Seat 6: Dorex2007 folded before Flop (didn't bet)
Seat 7: simiek folded before Flop (didn't bet)
Seat 8: renansuguino1 folded before Flop (didn't bet)
Seat 9: Almanza63 folded before Flop (didn't bet)



PokerStars Hand #237447558588:  Hold'em No Limit ($0.02/$0.05 USD) - 2022/07/18 18:35:40 PT [2022/07/18 21:35:40 ET]
Table 'Lydia III' 9-max Seat #3 is the button
Seat 1: Diogo521993 ($3.10 in chips) 
Seat 2: mafiaalan10 ($11.61 in chips) 
Seat 3: Facundo-cabj ($6.91 in chips) 
Seat 4: kemal_zay4ik ($5.20 in chips) 
Seat 5: Span405 ($3.75 in chips) 
Seat 6: Dorex2007 ($9.19 in chips) 
Seat 7: simiek ($4.78 in chips) 
Seat 8: renansuguino1 ($5 in chips) 
Seat 9: Almanza63 ($7.70 in chips) 
kemal_zay4ik: posts small blind $0.02
Span405: posts big blind $0.05
*** HOLE CARDS ***
Dealt to Dorex2007 [Td 9h]
Dorex2007: folds 
simiek: folds 
renansuguino1: raises $0.05 to $0.10
Almanza63: folds 
Diogo521993: calls $0.10
mafiaalan10: folds 
Facundo-cabj: folds 
kemal_zay4ik: folds 
Span405: calls $0.05
*** FLOP *** [2h 9s 9c]
Span405: checks 
renansuguino1: checks 
Diogo521993: bets $0.20
Span405: calls $0.20
renansuguino1: folds 
*** TURN *** [2h 9s 9c] [8c]
Span405: checks 
Diogo521993: bets $0.20
Span405: calls $0.20
*** RIVER *** [2h 9s 9c 8c] [Ks]
Span405: checks 
Diogo521993: checks 
*** SHOW DOWN ***
Span405: shows [Th Ts] (two pair, Tens and Nines)
Diogo521993: mucks hand 
Span405 collected $1.07 from pot
*** SUMMARY ***
Total pot $1.12 | Rake $0.05 
Board [2h 9s 9c 8c Ks]
Seat 1: Diogo521993 mucked [4h 4d]
Seat 2: mafiaalan10 folded before Flop (didn't bet)
Seat 3: Facundo-cabj (button) folded before Flop (didn't bet)
Seat 4: kemal_zay4ik (small blind) folded before Flop
Seat 5: Span405 (big blind) showed [Th Ts] and won ($1.07) with two pair, Tens and Nines
Seat 6: Dorex2007 folded before Flop (didn't bet)
Seat 7: simiek folded before Flop (didn't bet)
Seat 8: renansuguino1 folded on the Flop
Seat 9: Almanza63 folded before Flop (didn't bet)



PokerStars Hand #237447572639:  Hold'em No Limit ($0.02/$0.05 USD) - 2022/07/18 18:36:48 PT [2022/07/18 21:36:48 ET]
Table 'Lydia III' 9-max Seat #4 is the button
Seat 1: Diogo521993 ($2.60 in chips) 
Seat 2: mafiaalan10 ($11.61 in chips) 
Seat 3: Facundo-cabj ($6.91 in chips) 
Seat 4: kemal_zay4ik ($5.18 in chips) 
Seat 5: Span405 ($4.32 in chips) 
Seat 6: Dorex2007 ($9.19 in chips) 
Seat 7: simiek ($4.78 in chips) 
Seat 8: renansuguino1 ($5 in chips) 
Seat 9: Almanza63 ($7.70 in chips) 
Span405: posts small blind $0.02
Dorex2007: posts big blind $0.05
*** HOLE CARDS ***
Dealt to Dorex2007 [3s Ks]
simiek: folds 
renansuguino1: folds 
Almanza63: folds 
Diogo521993: folds 
mafiaalan10: folds 
Facundo-cabj: folds 
kemal_zay4ik: raises $0.05 to $0.10
Span405: folds 
Dorex2007: folds 
Uncalled bet ($0.05) returned to kemal_zay4ik
kemal_zay4ik collected $0.12 from pot
*** SUMMARY ***
Total pot $0.12 | Rake $0 
Seat 1: Diogo521993 folded before Flop (didn't bet)
Seat 2: mafiaalan10 folded before Flop (didn't bet)
Seat 3: Facundo-cabj folded before Flop (didn't bet)
Seat 4: kemal_zay4ik (button) collected ($0.12)
Seat 5: Span405 (small blind) folded before Flop
Seat 6: Dorex2007 (big blind) folded before Flop
Seat 7: simiek folded before Flop (didn't bet)
Seat 8: renansuguino1 folded before Flop (didn't bet)
Seat 9: Almanza63 folded before Flop (didn't bet)



PokerStars Hand #237447576440:  Hold'em No Limit ($0.02/$0.05 USD) - 2022/07/18 18:37:06 PT [2022/07/18 21:37:06 ET]
Table 'Lydia III' 9-max Seat #5 is the button
Seat 1: Diogo521993 ($2.60 in chips) 
Seat 2: mafiaalan10 ($11.61 in chips) 
Seat 3: Facundo-cabj ($6.91 in chips) 
Seat 4: kemal_zay4ik ($5.25 in chips) 
Seat 5: Span405 ($4.30 in chips) 
Seat 6: Dorex2007 ($9.14 in chips) 
Seat 7: simiek ($4.78 in chips) 
Seat 8: renansuguino1 ($5 in chips) 
Seat 9: Almanza63 ($7.70 in chips) 
Dorex2007: posts small blind $0.02
simiek: posts big blind $0.05
*** HOLE CARDS ***
Dealt to Dorex2007 [5s Kc]
renansuguino1: folds 
Almanza63: folds 
Diogo521993: folds 
mafiaalan10: raises $0.15 to $0.20
Facundo-cabj: calls $0.20
kemal_zay4ik: folds 
Span405: folds 
Dorex2007: folds 
simiek: folds 
*** FLOP *** [2h 3d Th]
mafiaalan10: checks 
Facundo-cabj: bets $0.45
mafiaalan10: folds 
Uncalled bet ($0.45) returned to Facundo-cabj
Facundo-cabj collected $0.45 from pot
*** SUMMARY ***
Total pot $0.47 | Rake $0.02 
Board [2h 3d Th]
Seat 1: Diogo521993 folded before Flop (didn't bet)
Seat 2: mafiaalan10 folded on the Flop
Seat 3: Facundo-cabj collected ($0.45)
Seat 4: kemal_zay4ik folded before Flop (didn't bet)
Seat 5: Span405 (button) folded before Flop (didn't bet)
Seat 6: Dorex2007 (small blind) folded before Flop
Seat 7: simiek (big blind) folded before Flop
Seat 8: renansuguino1 folded before Flop (didn't bet)
Seat 9: Almanza63 folded before Flop (didn't bet)



PokerStars Hand #237447585971:  Hold'em No Limit ($0.02/$0.05 USD) - 2022/07/18 18:37:53 PT [2022/07/18 21:37:53 ET]
Table 'Lydia III' 9-max Seat #6 is the button
Seat 1: Diogo521993 ($2.60 in chips) 
Seat 2: mafiaalan10 ($11.41 in chips) 
Seat 3: Facundo-cabj ($7.16 in chips) 
Seat 4: kemal_zay4ik ($5.25 in chips) 
Seat 5: Span405 ($4.30 in chips) 
Seat 6: Dorex2007 ($9.12 in chips) 
Seat 7: simiek ($4.73 in chips) 
Seat 8: renansuguino1 ($5 in chips) 
Seat 9: Almanza63 ($7.70 in chips) 
simiek: posts small blind $0.02
renansuguino1: posts big blind $0.05
*** HOLE CARDS ***
Dealt to Dorex2007 [Jh Qs]
Almanza63: folds 
Diogo521993: calls $0.05
mafiaalan10: folds 
Facundo-cabj: calls $0.05
kemal_zay4ik: folds 
Span405: folds 
Dorex2007: calls $0.05
simiek: folds 
renansuguino1: checks 
*** FLOP *** [8h As 9c]
renansuguino1: checks 
Diogo521993: checks 
Facundo-cabj: checks 
Dorex2007: checks 
*** TURN *** [8h As 9c] [6s]
renansuguino1: checks 
Diogo521993: checks 
Facundo-cabj: bets $0.16
Dorex2007: folds 
renansuguino1: folds 
Diogo521993: folds 
Uncalled bet ($0.16) returned to Facundo-cabj
Facundo-cabj collected $0.21 from pot
*** SUMMARY ***
Total pot $0.22 | Rake $0.01 
Board [8h As 9c 6s]
Seat 1: Diogo521993 folded on the Turn
Seat 2: mafiaalan10 folded before Flop (didn't bet)
Seat 3: Facundo-cabj collected ($0.21)
Seat 4: kemal_zay4ik folded before Flop (didn't bet)
Seat 5: Span405 folded before Flop (didn't bet)
Seat 6: Dorex2007 (button) folded on the Turn
Seat 7: simiek (small blind) folded before Flop
Seat 8: renansuguino1 (big blind) folded on the Turn
Seat 9: Almanza63 folded before Flop (didn't bet)



PokerStars Hand #237447596843:  Hold'em No Limit ($0.02/$0.05 USD) - 2022/07/18 18:38:45 PT [2022/07/18 21:38:45 ET]
Table 'Lydia III' 9-max Seat #7 is the button
Seat 1: Diogo521993 ($2.55 in chips) 
Seat 2: mafiaalan10 ($11.41 in chips) 
Seat 3: Facundo-cabj ($7.32 in chips) 
Seat 4: kemal_zay4ik ($5.25 in chips) 
Seat 5: Span405 ($4.30 in chips) 
Seat 6: Dorex2007 ($9.07 in chips) 
Seat 7: simiek ($4.71 in chips) 
Seat 8: renansuguino1 ($5 in chips) 
Seat 9: Almanza63 ($7.70 in chips) 
renansuguino1: posts small blind $0.02
Almanza63: posts big blind $0.05
*** HOLE CARDS ***
Dealt to Dorex2007 [2h 6h]
Diogo521993: raises $0.10 to $0.15
mafiaalan10: calls $0.15
Facundo-cabj: folds 
kemal_zay4ik: folds 
Span405: folds 
Dorex2007: folds 
simiek: folds 
renansuguino1: calls $0.13
Almanza63: folds 
*** FLOP *** [Kd 8c 3h]
renansuguino1: checks 
Diogo521993: bets $0.10
mafiaalan10: calls $0.10
renansuguino1: folds 
*** TURN *** [Kd 8c 3h] [5d]
Diogo521993: bets $0.15
mafiaalan10: calls $0.15
*** RIVER *** [Kd 8c 3h 5d] [Qh]
Diogo521993: checks 
mafiaalan10: checks 
*** SHOW DOWN ***
Diogo521993: shows [Ah 4h] (high card Ace)
mafiaalan10: shows [5s As] (a pair of Fives)
mafiaalan10 collected $0.96 from pot
*** SUMMARY ***
Total pot $1 | Rake $0.04 
Board [Kd 8c 3h 5d Qh]
Seat 1: Diogo521993 showed [Ah 4h] and lost with high card Ace
Seat 2: mafiaalan10 showed [5s As] and won ($0.96) with a pair of Fives
Seat 3: Facundo-cabj folded before Flop (didn't bet)
Seat 4: kemal_zay4ik folded before Flop (didn't bet)
Seat 5: Span405 folded before Flop (didn't bet)
Seat 6: Dorex2007 folded before Flop (didn't bet)
Seat 7: simiek (button) folded before Flop (didn't bet)
Seat 8: renansuguino1 (small blind) folded on the Flop
Seat 9: Almanza63 (big blind) folded before Flop



PokerStars Hand #237447612246:  Hold'em No Limit ($0.02/$0.05 USD) - 2022/07/18 18:40:00 PT [2022/07/18 21:40:00 ET]
Table 'Lydia III' 9-max Seat #8 is the button
Seat 1: Diogo521993 ($2.15 in chips) 
Seat 2: mafiaalan10 ($11.97 in chips) 
Seat 3: Facundo-cabj ($7.32 in chips) 
Seat 4: kemal_zay4ik ($5.25 in chips) 
Seat 5: Span405 ($4.30 in chips) 
Seat 6: Dorex2007 ($9.07 in chips) 
Seat 7: simiek ($4.71 in chips) 
Seat 8: renansuguino1 ($5 in chips) 
Seat 9: Almanza63 ($7.65 in chips) 
Almanza63: posts small blind $0.02
Diogo521993: posts big blind $0.05
*** HOLE CARDS ***
Dealt to Dorex2007 [3h 6s]
mafiaalan10: raises $0.05 to $0.10
Facundo-cabj: folds 
kemal_zay4ik: folds 
Span405: folds 
Dorex2007: folds 
simiek: folds 
renansuguino1: calls $0.10
Almanza63: folds 
Diogo521993: calls $0.05
*** FLOP *** [5c 8s 6c]
Diogo521993: checks 
mafiaalan10: checks 
renansuguino1: bets $0.20
Diogo521993: folds 
mafiaalan10: folds 
Uncalled bet ($0.20) returned to renansuguino1
renansuguino1 collected $0.31 from pot
*** SUMMARY ***
Total pot $0.32 | Rake $0.01 
Board [5c 8s 6c]
Seat 1: Diogo521993 (big blind) folded on the Flop
Seat 2: mafiaalan10 folded on the Flop
Seat 3: Facundo-cabj folded before Flop (didn't bet)
Seat 4: kemal_zay4ik folded before Flop (didn't bet)
Seat 5: Span405 folded before Flop (didn't bet)
Seat 6: Dorex2007 folded before Flop (didn't bet)
Seat 7: simiek folded before Flop (didn't bet)
Seat 8: renansuguino1 (button) collected ($0.31)
Seat 9: Almanza63 (small blind) folded before Flop



PokerStars Hand #237447622686:  Hold'em No Limit ($0.02/$0.05 USD) - 2022/07/18 18:40:52 PT [2022/07/18 21:40:52 ET]
Table 'Lydia III' 9-max Seat #9 is the button
Seat 1: Diogo521993 ($2.05 in chips) 
Seat 2: mafiaalan10 ($11.87 in chips) 
Seat 3: Facundo-cabj ($7.32 in chips) 
Seat 4: kemal_zay4ik ($5.25 in chips) 
Seat 5: Span405 ($4.30 in chips) 
Seat 6: Dorex2007 ($9.07 in chips) 
Seat 7: simiek ($4.71 in chips) 
Seat 8: renansuguino1 ($5.21 in chips) 
Seat 9: Almanza63 ($7.63 in chips) 
Diogo521993: posts small blind $0.02
mafiaalan10: posts big blind $0.05
*** HOLE CARDS ***
Dealt to Dorex2007 [7s 3s]
Facundo-cabj: folds 
kemal_zay4ik: folds 
Span405: raises $0.10 to $0.15
Dorex2007: folds 
simiek: calls $0.15
renansuguino1: folds 
Almanza63: calls $0.15
Diogo521993: calls $0.13
mafiaalan10: folds 
*** FLOP *** [8c Kh Jc]
Diogo521993: checks 
Span405: checks 
simiek: checks 
Almanza63: checks 
*** TURN *** [8c Kh Jc] [2s]
Diogo521993: bets $0.15
Span405: calls $0.15
simiek: folds 
Almanza63: folds 
*** RIVER *** [8c Kh Jc 2s] [4s]
Diogo521993: checks 
Span405: checks 
*** SHOW DOWN ***
Diogo521993: shows [Ac Jd] (a pair of Jacks)
Span405: mucks hand 
Diogo521993 collected $0.91 from pot
*** SUMMARY ***
Total pot $0.95 | Rake $0.04 
Board [8c Kh Jc 2s 4s]
Seat 1: Diogo521993 (small blind) showed [Ac Jd] and won ($0.91) with a pair of Jacks
Seat 2: mafiaalan10 (big blind) folded before Flop
Seat 3: Facundo-cabj folded before Flop (didn't bet)
Seat 4: kemal_zay4ik folded before Flop (didn't bet)
Seat 5: Span405 mucked [Tc Ad]
Seat 6: Dorex2007 folded before Flop (didn't bet)
Seat 7: simiek folded on the Turn
Seat 8: renansuguino1 folded before Flop (didn't bet)
Seat 9: Almanza63 (button) folded on the Turn



PokerStars Hand #237447638001:  Hold'em No Limit ($0.02/$0.05 USD) - 2022/07/18 18:42:07 PT [2022/07/18 21:42:07 ET]
Table 'Lydia III' 9-max Seat #1 is the button
Seat 1: Diogo521993 ($2.66 in chips) 
Seat 2: mafiaalan10 ($11.82 in chips) 
Seat 3: Facundo-cabj ($7.32 in chips) 
Seat 4: kemal_zay4ik ($5.25 in chips) 
Seat 5: Span405 ($4 in chips) 
Seat 6: Dorex2007 ($9.07 in chips) 
Seat 7: simiek ($4.56 in chips) 
Seat 8: renansuguino1 ($5.21 in chips) 
Seat 9: Almanza63 ($7.48 in chips) 
mafiaalan10: posts small blind $0.02
Facundo-cabj: posts big blind $0.05
*** HOLE CARDS ***
Dealt to Dorex2007 [Ad 4d]
kemal_zay4ik: folds 
Span405: folds 
Dorex2007: calls $0.05
simiek: folds 
renansuguino1: folds 
Almanza63: raises $0.15 to $0.20
Diogo521993: calls $0.20
mafiaalan10: folds 
Facundo-cabj: raises $0.40 to $0.60
Dorex2007: folds 
Almanza63: calls $0.40
Diogo521993: folds 
*** FLOP *** [6c 8c 6s]
Facundo-cabj: bets $1.40
Almanza63: folds 
Uncalled bet ($1.40) returned to Facundo-cabj
Facundo-cabj collected $1.41 from pot
*** SUMMARY ***
Total pot $1.47 | Rake $0.06 
Board [6c 8c 6s]
Seat 1: Diogo521993 (button) folded before Flop
Seat 2: mafiaalan10 (small blind) folded before Flop
Seat 3: Facundo-cabj (big blind) collected ($1.41)
Seat 4: kemal_zay4ik folded before Flop (didn't bet)
Seat 5: Span405 folded before Flop (didn't bet)
Seat 6: Dorex2007 folded before Flop
Seat 7: simiek folded before Flop (didn't bet)
Seat 8: renansuguino1 folded before Flop (didn't bet)
Seat 9: Almanza63 folded on the Flop



PokerStars Hand #237447649950:  Hold'em No Limit ($0.02/$0.05 USD) - 2022/07/18 18:43:04 PT [2022/07/18 21:43:04 ET]
Table 'Lydia III' 9-max Seat #2 is the button
Seat 1: Diogo521993 ($2.46 in chips) 
Seat 2: mafiaalan10 ($11.80 in chips) 
Seat 3: Facundo-cabj ($8.13 in chips) 
Seat 4: kemal_zay4ik ($5.25 in chips) 
Seat 5: Span405 ($4.52 in chips) 
Seat 6: Dorex2007 ($9.02 in chips) 
Seat 7: simiek ($4.56 in chips) 
Seat 8: renansuguino1 ($5.21 in chips) 
Seat 9: Almanza63 ($6.88 in chips) 
Facundo-cabj: posts small blind $0.02
kemal_zay4ik: posts big blind $0.05
*** HOLE CARDS ***
Dealt to Dorex2007 [7d Js]
Span405: folds 
Dorex2007: folds 
simiek: folds 
renansuguino1: folds 
Almanza63: folds 
Diogo521993: raises $0.10 to $0.15
mafiaalan10: folds 
Facundo-cabj: calls $0.13
kemal_zay4ik: folds 
*** FLOP *** [Ts Qc Qs]
Facundo-cabj: checks 
Diogo521993: bets $0.30
Facundo-cabj: folds 
Uncalled bet ($0.30) returned to Diogo521993
Diogo521993 collected $0.34 from pot
*** SUMMARY ***
Total pot $0.35 | Rake $0.01 
Board [Ts Qc Qs]
Seat 1: Diogo521993 collected ($0.34)
Seat 2: mafiaalan10 (button) folded before Flop (didn't bet)
Seat 3: Facundo-cabj (small blind) folded on the Flop
Seat 4: kemal_zay4ik (big blind) folded before Flop
Seat 5: Span405 folded before Flop (didn't bet)
Seat 6: Dorex2007 folded before Flop (didn't bet)
Seat 7: simiek folded before Flop (didn't bet)
Seat 8: renansuguino1 folded before Flop (didn't bet)
Seat 9: Almanza63 folded before Flop (didn't bet)



PokerStars Hand #237447658976:  Hold'em No Limit ($0.02/$0.05 USD) - 2022/07/18 18:43:48 PT [2022/07/18 21:43:48 ET]
Table 'Lydia III' 9-max Seat #3 is the button
Seat 1: Diogo521993 ($2.65 in chips) 
Seat 2: mafiaalan10 ($11.80 in chips) 
Seat 3: Facundo-cabj ($7.98 in chips) 
Seat 4: kemal_zay4ik ($5.20 in chips) 
Seat 5: Span405 ($4.52 in chips) 
Seat 6: Dorex2007 ($9.02 in chips) 
Seat 7: simiek ($4.56 in chips) 
Seat 8: renansuguino1 ($5.21 in chips) 
Seat 9: Almanza63 ($6.88 in chips) 
kemal_zay4ik: posts small blind $0.02
Span405: posts big blind $0.05
*** HOLE CARDS ***
Dealt to Dorex2007 [9d Jd]
Dorex2007: folds 
simiek has timed out
simiek: folds 
renansuguino1: raises $0.10 to $0.15
Almanza63: folds 
Diogo521993: calls $0.15
mafiaalan10: folds 
Facundo-cabj: folds 
kemal_zay4ik: folds 
Span405: folds 
*** FLOP *** [6s 5d Jc]
renansuguino1: bets $0.20
Diogo521993: folds 
Uncalled bet ($0.20) returned to renansuguino1
renansuguino1 collected $0.35 from pot
*** SUMMARY ***
Total pot $0.37 | Rake $0.02 
Board [6s 5d Jc]
Seat 1: Diogo521993 folded on the Flop
Seat 2: mafiaalan10 folded before Flop (didn't bet)
Seat 3: Facundo-cabj (button) folded before Flop (didn't bet)
Seat 4: kemal_zay4ik (small blind) folded before Flop
Seat 5: Span405 (big blind) folded before Flop
Seat 6: Dorex2007 folded before Flop (didn't bet)
Seat 7: simiek folded before Flop (didn't bet)
Seat 8: renansuguino1 collected ($0.35)
Seat 9: Almanza63 folded before Flop (didn't bet)



PokerStars Hand #237447667429:  Hold'em No Limit ($0.02/$0.05 USD) - 2022/07/18 18:44:30 PT [2022/07/18 21:44:30 ET]
Table 'Lydia III' 9-max Seat #4 is the button
Seat 1: Diogo521993 ($2.50 in chips) 
Seat 2: mafiaalan10 ($11.80 in chips) 
Seat 3: Facundo-cabj ($7.98 in chips) 
Seat 4: kemal_zay4ik ($5.18 in chips) 
Seat 5: Span405 ($4.47 in chips) 
Seat 6: Dorex2007 ($9.02 in chips) 
Seat 7: simiek ($4.56 in chips) 
Seat 8: renansuguino1 ($5.41 in chips) 
Seat 9: Almanza63 ($6.88 in chips) 
Span405: posts small blind $0.02
Dorex2007: posts big blind $0.05
*** HOLE CARDS ***
Dealt to Dorex2007 [5d 9s]
simiek: folds 
renansuguino1: raises $0.10 to $0.15
Almanza63: folds 
Diogo521993: calls $0.15
mafiaalan10: folds 
Facundo-cabj: folds 
kemal_zay4ik: folds 
Span405: folds 
Dorex2007: folds 
*** FLOP *** [8s 5s 2c]
renansuguino1: bets $0.25
Diogo521993: folds 
Uncalled bet ($0.25) returned to renansuguino1
renansuguino1 collected $0.35 from pot
*** SUMMARY ***
Total pot $0.37 | Rake $0.02 
Board [8s 5s 2c]
Seat 1: Diogo521993 folded on the Flop
Seat 2: mafiaalan10 folded before Flop (didn't bet)
Seat 3: Facundo-cabj folded before Flop (didn't bet)
Seat 4: kemal_zay4ik (button) folded before Flop (didn't bet)
Seat 5: Span405 (small blind) folded before Flop
Seat 6: Dorex2007 (big blind) folded before Flop
Seat 7: simiek folded before Flop (didn't bet)
Seat 8: renansuguino1 collected ($0.35)
Seat 9: Almanza63 folded before Flop (didn't bet)



PokerStars Hand #237447672218:  Hold'em No Limit ($0.02/$0.05 USD) - 2022/07/18 18:44:54 PT [2022/07/18 21:44:54 ET]
Table 'Lydia III' 9-max Seat #5 is the button
Seat 1: Diogo521993 ($2.35 in chips) 
Seat 2: mafiaalan10 ($11.80 in chips) 
Seat 3: Facundo-cabj ($7.98 in chips) 
Seat 4: kemal_zay4ik ($5.18 in chips) 
Seat 5: Span405 ($4.45 in chips) 
Seat 6: Dorex2007 ($8.97 in chips) 
Seat 7: simiek ($4.56 in chips) 
Seat 8: renansuguino1 ($5.61 in chips) 
Seat 9: Almanza63 ($6.88 in chips) 
Dorex2007: posts small blind $0.02
simiek: posts big blind $0.05
*** HOLE CARDS ***
Dealt to Dorex2007 [8c Ks]
renansuguino1: folds 
Almanza63: folds 
Diogo521993: folds 
mafiaalan10: folds 
Facundo-cabj: folds 
kemal_zay4ik: folds 
Span405: folds 
Dorex2007: folds 
Uncalled bet ($0.03) returned to simiek
simiek collected $0.04 from pot
*** SUMMARY ***
Total pot $0.04 | Rake $0 
Seat 1: Diogo521993 folded before Flop (didn't bet)
Seat 2: mafiaalan10 folded before Flop (didn't bet)
Seat 3: Facundo-cabj folded before Flop (didn't bet)
Seat 4: kemal_zay4ik folded before Flop (didn't bet)
Seat 5: Span405 (button) folded before Flop (didn't bet)
Seat 6: Dorex2007 (small blind) folded before Flop
Seat 7: simiek (big blind) collected ($0.04)
Seat 8: renansuguino1 folded before Flop (didn't bet)
Seat 9: Almanza63 folded before Flop (didn't bet)



PokerStars Hand #237447676231:  Hold'em No Limit ($0.02/$0.05 USD) - 2022/07/18 18:45:14 PT [2022/07/18 21:45:14 ET]
Table 'Lydia III' 9-max Seat #6 is the button
Seat 1: Diogo521993 ($2.35 in chips) 
Seat 2: mafiaalan10 ($11.80 in chips) 
Seat 3: Facundo-cabj ($7.98 in chips) 
Seat 4: kemal_zay4ik ($5.18 in chips) 
Seat 5: Span405 ($4.45 in chips) 
Seat 6: Dorex2007 ($8.95 in chips) 
Seat 7: simiek ($4.58 in chips) 
Seat 8: renansuguino1 ($5.61 in chips) 
Seat 9: Almanza63 ($6.88 in chips) 
simiek: posts small blind $0.02
renansuguino1: posts big blind $0.05
*** HOLE CARDS ***
Dealt to Dorex2007 [Ah 3c]
Almanza63: folds 
Diogo521993: raises $0.10 to $0.15
mafiaalan10: folds 
Facundo-cabj: folds 
kemal_zay4ik: folds 
Span405: folds 
Dorex2007: folds 
simiek: folds 
renansuguino1: folds 
Uncalled bet ($0.10) returned to Diogo521993
Diogo521993 collected $0.12 from pot
*** SUMMARY ***
Total pot $0.12 | Rake $0 
Seat 1: Diogo521993 collected ($0.12)
Seat 2: mafiaalan10 folded before Flop (didn't bet)
Seat 3: Facundo-cabj folded before Flop (didn't bet)
Seat 4: kemal_zay4ik folded before Flop (didn't bet)
Seat 5: Span405 folded before Flop (didn't bet)
Seat 6: Dorex2007 (button) folded before Flop (didn't bet)
Seat 7: simiek (small blind) folded before Flop
Seat 8: renansuguino1 (big blind) folded before Flop
Seat 9: Almanza63 folded before Flop (didn't bet)



PokerStars Hand #237447680073:  Hold'em No Limit ($0.02/$0.05 USD) - 2022/07/18 18:45:33 PT [2022/07/18 21:45:33 ET]
Table 'Lydia III' 9-max Seat #7 is the button
Seat 1: Diogo521993 ($2.42 in chips) 
Seat 2: mafiaalan10 ($11.80 in chips) 
Seat 3: Facundo-cabj ($7.98 in chips) 
Seat 4: kemal_zay4ik ($5.18 in chips) 
Seat 5: Span405 ($4.45 in chips) 
Seat 6: Dorex2007 ($8.95 in chips) 
Seat 7: simiek ($4.56 in chips) 
Seat 8: renansuguino1 ($5.56 in chips) 
Seat 9: Almanza63 ($6.88 in chips) 
renansuguino1: posts small blind $0.02
Almanza63: posts big blind $0.05
*** HOLE CARDS ***
Dealt to Dorex2007 [5s Ad]
Diogo521993: raises $0.10 to $0.15
mafiaalan10: folds 
Facundo-cabj: raises $0.35 to $0.50
kemal_zay4ik: folds 
Span405: folds 
Dorex2007: folds 
simiek: folds 
renansuguino1: folds 
Almanza63: folds 
Diogo521993: calls $0.35
*** FLOP *** [9s 4d Jd]
Diogo521993: bets $1.92 and is all-in
Facundo-cabj: calls $1.92
*** TURN *** [9s 4d Jd] [7c]
*** RIVER *** [9s 4d Jd 7c] [Ks]
*** SHOW DOWN ***
Diogo521993: shows [6h 6d] (a pair of Sixes)
Facundo-cabj: shows [Td Jc] (a pair of Jacks)
Facundo-cabj collected $4.71 from pot
*** SUMMARY ***
Total pot $4.91 | Rake $0.20 
Board [9s 4d Jd 7c Ks]
Seat 1: Diogo521993 showed [6h 6d] and lost with a pair of Sixes
Seat 2: mafiaalan10 folded before Flop (didn't bet)
Seat 3: Facundo-cabj showed [Td Jc] and won ($4.71) with a pair of Jacks
Seat 4: kemal_zay4ik folded before Flop (didn't bet)
Seat 5: Span405 folded before Flop (didn't bet)
Seat 6: Dorex2007 folded before Flop (didn't bet)
Seat 7: simiek (button) folded before Flop (didn't bet)
Seat 8: renansuguino1 (small blind) folded before Flop
Seat 9: Almanza63 (big blind) folded before Flop



PokerStars Hand #237447687163:  Hold'em No Limit ($0.02/$0.05 USD) - 2022/07/18 18:46:08 PT [2022/07/18 21:46:08 ET]
Table 'Lydia III' 9-max Seat #8 is the button
Seat 2: mafiaalan10 ($11.80 in chips) 
Seat 3: Facundo-cabj ($10.27 in chips) 
Seat 4: kemal_zay4ik ($5.18 in chips) 
Seat 5: Span405 ($4.45 in chips) 
Seat 6: Dorex2007 ($8.95 in chips) 
Seat 7: simiek ($4.56 in chips) 
Seat 8: renansuguino1 ($5.54 in chips) 
Seat 9: Almanza63 ($6.83 in chips) 
Almanza63: posts small blind $0.02
mafiaalan10: posts big blind $0.05
*** HOLE CARDS ***
Dealt to Dorex2007 [3c 6d]
Facundo-cabj: folds 
Diogo521993 leaves the table
kemal_zay4ik: folds 
Span405: folds 
Dorex2007: folds 
simiek: folds 
renansuguino1: folds 
Almanza63: folds 
Uncalled bet ($0.03) returned to mafiaalan10
mafiaalan10 collected $0.04 from pot
*** SUMMARY ***
Total pot $0.04 | Rake $0 
Seat 2: mafiaalan10 (big blind) collected ($0.04)
Seat 3: Facundo-cabj folded before Flop (didn't bet)
Seat 4: kemal_zay4ik folded before Flop (didn't bet)
Seat 5: Span405 folded before Flop (didn't bet)
Seat 6: Dorex2007 folded before Flop (didn't bet)
Seat 7: simiek folded before Flop (didn't bet)
Seat 8: renansuguino1 (button) folded before Flop (didn't bet)
Seat 9: Almanza63 (small blind) folded before Flop



PokerStars Hand #237447692558:  Hold'em No Limit ($0.02/$0.05 USD) - 2022/07/18 18:46:35 PT [2022/07/18 21:46:35 ET]
Table 'Lydia III' 9-max Seat #9 is the button
Seat 2: mafiaalan10 ($11.82 in chips) 
Seat 3: Facundo-cabj ($10.27 in chips) 
Seat 4: kemal_zay4ik ($5.18 in chips) 
Seat 5: Span405 ($4.45 in chips) 
Seat 6: Dorex2007 ($8.95 in chips) 
Seat 7: simiek ($4.56 in chips) 
Seat 8: renansuguino1 ($5.54 in chips) 
Seat 9: Almanza63 ($6.81 in chips) 
mafiaalan10: posts small blind $0.02
Facundo-cabj: posts big blind $0.05
*** HOLE CARDS ***
Dealt to Dorex2007 [8s 6c]
kemal_zay4ik: folds 
Span405: folds 
Dorex2007: folds 
simiek: folds 
renansuguino1: raises $0.10 to $0.15
Almanza63: folds 
mafiaalan10: folds 
Facundo-cabj: calls $0.10
*** FLOP *** [Jh Th Kh]
Facundo-cabj: checks 
renansuguino1: bets $0.20
Facundo-cabj: raises $0.45 to $0.65
renansuguino1: folds 
Uncalled bet ($0.45) returned to Facundo-cabj
Facundo-cabj collected $0.69 from pot
*** SUMMARY ***
Total pot $0.72 | Rake $0.03 
Board [Jh Th Kh]
Seat 2: mafiaalan10 (small blind) folded before Flop
Seat 3: Facundo-cabj (big blind) collected ($0.69)
Seat 4: kemal_zay4ik folded before Flop (didn't bet)
Seat 5: Span405 folded before Flop (didn't bet)
Seat 6: Dorex2007 folded before Flop (didn't bet)
Seat 7: simiek folded before Flop (didn't bet)
Seat 8: renansuguino1 folded on the Flop
Seat 9: Almanza63 (button) folded before Flop (didn't bet)



PokerStars Hand #237447701389:  Hold'em No Limit ($0.02/$0.05 USD) - 2022/07/18 18:47:18 PT [2022/07/18 21:47:18 ET]
Table 'Lydia III' 9-max Seat #2 is the button
Seat 2: mafiaalan10 ($11.80 in chips) 
Seat 3: Facundo-cabj ($10.61 in chips) 
Seat 4: kemal_zay4ik ($5.18 in chips) 
Seat 5: Span405 ($4.45 in chips) 
Seat 6: Dorex2007 ($8.95 in chips) 
Seat 7: simiek ($4.56 in chips) 
Seat 8: renansuguino1 ($5.19 in chips) 
Seat 9: Almanza63 ($6.81 in chips) 
Facundo-cabj: posts small blind $0.02
kemal_zay4ik: posts big blind $0.05
*** HOLE CARDS ***
Dealt to Dorex2007 [2h Qd]
Span405: folds 
Dorex2007: folds 
simiek: calls $0.05
renansuguino1: folds 
Almanza63: folds 
mafiaalan10: raises $0.15 to $0.20
Facundo-cabj: folds 
kemal_zay4ik: folds 
simiek: calls $0.15
*** FLOP *** [7d Ad 6s]
simiek: checks 
mafiaalan10: bets $0.25
simiek: folds 
Uncalled bet ($0.25) returned to mafiaalan10
mafiaalan10 collected $0.45 from pot
*** SUMMARY ***
Total pot $0.47 | Rake $0.02 
Board [7d Ad 6s]
Seat 2: mafiaalan10 (button) collected ($0.45)
Seat 3: Facundo-cabj (small blind) folded before Flop
Seat 4: kemal_zay4ik (big blind) folded before Flop
Seat 5: Span405 folded before Flop (didn't bet)
Seat 6: Dorex2007 folded before Flop (didn't bet)
Seat 7: simiek folded on the Flop
Seat 8: renansuguino1 folded before Flop (didn't bet)
Seat 9: Almanza63 folded before Flop (didn't bet)



PokerStars Hand #237447725633:  Hold'em No Limit ($0.02/$0.05 USD) - 2022/07/18 18:48:37 PT [2022/07/18 21:48:37 ET]
Table 'Lydia III' 9-max Seat #3 is the button
Seat 2: mafiaalan10 ($12.05 in chips) 
Seat 3: Facundo-cabj ($10.59 in chips) 
Seat 4: kemal_zay4ik ($5.13 in chips) 
Seat 5: Span405 ($4.45 in chips) 
Seat 6: Dorex2007 ($8.95 in chips) 
Seat 7: simiek ($4.36 in chips) 
Seat 8: renansuguino1 ($5.19 in chips) 
Seat 9: Almanza63 ($6.81 in chips) 
kemal_zay4ik: posts small blind $0.02
Span405: posts big blind $0.05
*** HOLE CARDS ***
Dealt to Dorex2007 [Td 9s]
Dorex2007: folds 
simiek: calls $0.05
renansuguino1: folds 
Almanza63: folds 
mafiaalan10: folds 
Facundo-cabj: folds 
kemal_zay4ik: raises $0.20 to $0.25
Span405: folds 
simiek: calls $0.20
*** FLOP *** [7h 5c 6d]
kemal_zay4ik: bets $0.27
simiek: folds 
Uncalled bet ($0.27) returned to kemal_zay4ik
kemal_zay4ik collected $0.53 from pot
*** SUMMARY ***
Total pot $0.55 | Rake $0.02 
Board [7h 5c 6d]
Seat 2: mafiaalan10 folded before Flop (didn't bet)
Seat 3: Facundo-cabj (button) folded before Flop (didn't bet)
Seat 4: kemal_zay4ik (small blind) collected ($0.53)
Seat 5: Span405 (big blind) folded before Flop
Seat 6: Dorex2007 folded before Flop (didn't bet)
Seat 7: simiek folded on the Flop
Seat 8: renansuguino1 folded before Flop (didn't bet)
Seat 9: Almanza63 folded before Flop (didn't bet)



PokerStars Hand #237447737284:  Hold'em No Limit ($0.02/$0.05 USD) - 2022/07/18 18:49:35 PT [2022/07/18 21:49:35 ET]
Table 'Lydia III' 9-max Seat #4 is the button
Seat 2: mafiaalan10 ($12.05 in chips) 
Seat 3: Facundo-cabj ($10.59 in chips) 
Seat 4: kemal_zay4ik ($5.41 in chips) 
Seat 5: Span405 ($4.40 in chips) 
Seat 6: Dorex2007 ($8.95 in chips) 
Seat 7: simiek ($4.11 in chips) 
Seat 8: renansuguino1 ($5.19 in chips) 
Seat 9: Almanza63 ($6.81 in chips) 
Span405: posts small blind $0.02
Dorex2007: posts big blind $0.05
*** HOLE CARDS ***
Dealt to Dorex2007 [8d Th]
simiek: folds 
renansuguino1: folds 
Almanza63: folds 
simiek leaves the table
mafiaalan10: folds 
DonD13 joins the table at seat #1 
Facundo-cabj: raises $0.10 to $0.15
kemal_zay4ik: folds 
Span405: raises $0.45 to $0.60
Dorex2007: folds 
Facundo-cabj: folds 
Uncalled bet ($0.45) returned to Span405
Span405 collected $0.35 from pot
*** SUMMARY ***
Total pot $0.35 | Rake $0 
Seat 2: mafiaalan10 folded before Flop (didn't bet)
Seat 3: Facundo-cabj folded before Flop
Seat 4: kemal_zay4ik (button) folded before Flop (didn't bet)
Seat 5: Span405 (small blind) collected ($0.35)
Seat 6: Dorex2007 (big blind) folded before Flop
Seat 7: simiek folded before Flop (didn't bet)
Seat 8: renansuguino1 folded before Flop (didn't bet)
Seat 9: Almanza63 folded before Flop (didn't bet)



PokerStars Hand #237447745496:  Hold'em No Limit ($0.02/$0.05 USD) - 2022/07/18 18:50:16 PT [2022/07/18 21:50:16 ET]
Table 'Lydia III' 9-max Seat #5 is the button
Seat 1: DonD13 ($2 in chips) 
Seat 2: mafiaalan10 ($12.05 in chips) 
Seat 3: Facundo-cabj ($10.44 in chips) 
Seat 4: kemal_zay4ik ($5.41 in chips) 
Seat 5: Span405 ($4.60 in chips) 
Seat 6: Dorex2007 ($8.90 in chips) 
Seat 8: renansuguino1 ($5.19 in chips) 
Seat 9: Almanza63 ($6.81 in chips) 
Dorex2007: posts small blind $0.02
renansuguino1: posts big blind $0.05
DonD13: posts big blind $0.05
*** HOLE CARDS ***
Dealt to Dorex2007 [Td Jh]
Almanza63: folds 
DonD13: checks 
mafiaalan10: folds 
Facundo-cabj: raises $0.15 to $0.20
kemal_zay4ik: folds 
Span405: calls $0.20
Dorex2007: folds 
renansuguino1: folds 
DonD13: folds 
*** FLOP *** [4s 8h 2h]
Facundo-cabj: bets $0.25
Span405: folds 
Uncalled bet ($0.25) returned to Facundo-cabj
Facundo-cabj collected $0.50 from pot
*** SUMMARY ***
Total pot $0.52 | Rake $0.02 
Board [4s 8h 2h]
Seat 1: DonD13 folded before Flop (didn't bet)
Seat 2: mafiaalan10 folded before Flop (didn't bet)
Seat 3: Facundo-cabj collected ($0.50)
Seat 4: kemal_zay4ik folded before Flop (didn't bet)
Seat 5: Span405 (button) folded on the Flop
Seat 6: Dorex2007 (small blind) folded before Flop
Seat 8: renansuguino1 (big blind) folded before Flop
Seat 9: Almanza63 folded before Flop (didn't bet)



PokerStars Hand #237447754601:  Hold'em No Limit ($0.02/$0.05 USD) - 2022/07/18 18:51:01 PT [2022/07/18 21:51:01 ET]
Table 'Lydia III' 9-max Seat #6 is the button
Seat 1: DonD13 ($1.95 in chips) 
Seat 2: mafiaalan10 ($12.05 in chips) 
Seat 3: Facundo-cabj ($10.74 in chips) 
Seat 4: kemal_zay4ik ($5.41 in chips) 
Seat 5: Span405 ($4.40 in chips) 
Seat 6: Dorex2007 ($8.88 in chips) 
Seat 8: renansuguino1 ($5.14 in chips) 
Seat 9: Almanza63 ($6.81 in chips) 
renansuguino1: posts small blind $0.02
Almanza63: posts big blind $0.05
*** HOLE CARDS ***
Dealt to Dorex2007 [6h Js]
DonD13: folds 
mafiaalan10: raises $0.05 to $0.10
Facundo-cabj: folds 
kemal_zay4ik: calls $0.10
Span405: folds 
Dorex2007: folds 
renansuguino1: folds 
Almanza63: folds 
*** FLOP *** [4h Qs 9d]
mafiaalan10: checks 
kemal_zay4ik: bets $0.13
mafiaalan10: calls $0.13
*** TURN *** [4h Qs 9d] [2s]
mafiaalan10: checks 
kemal_zay4ik: bets $0.30
Girasol 2015 joins the table at seat #7 
mafiaalan10: calls $0.30
*** RIVER *** [4h Qs 9d 2s] [2c]
mafiaalan10: checks 
kemal_zay4ik: bets $0.36
mafiaalan10: folds 
Uncalled bet ($0.36) returned to kemal_zay4ik
kemal_zay4ik collected $1.08 from pot
*** SUMMARY ***
Total pot $1.13 | Rake $0.05 
Board [4h Qs 9d 2s 2c]
Seat 1: DonD13 folded before Flop (didn't bet)
Seat 2: mafiaalan10 folded on the River
Seat 3: Facundo-cabj folded before Flop (didn't bet)
Seat 4: kemal_zay4ik collected ($1.08)
Seat 5: Span405 folded before Flop (didn't bet)
Seat 6: Dorex2007 (button) folded before Flop (didn't bet)
Seat 8: renansuguino1 (small blind) folded before Flop
Seat 9: Almanza63 (big blind) folded before Flop



PokerStars Hand #237447769881:  Hold'em No Limit ($0.02/$0.05 USD) - 2022/07/18 18:52:18 PT [2022/07/18 21:52:18 ET]
Table 'Lydia III' 9-max Seat #8 is the button
Seat 1: DonD13 ($1.95 in chips) 
Seat 2: mafiaalan10 ($11.52 in chips) 
Seat 3: Facundo-cabj ($10.74 in chips) 
Seat 4: kemal_zay4ik ($5.96 in chips) 
Seat 5: Span405 ($4.40 in chips) 
Seat 6: Dorex2007 ($8.88 in chips) 
Seat 8: renansuguino1 ($5.12 in chips) 
Seat 9: Almanza63 ($6.76 in chips) 
Almanza63: posts small blind $0.02
DonD13: posts big blind $0.05
Girasol 2015: sits out 
*** HOLE CARDS ***
Dealt to Dorex2007 [4c Qc]
mafiaalan10: folds 
Facundo-cabj: folds 
kemal_zay4ik: folds 
Span405: folds 
Dorex2007: folds 
renansuguino1: folds 
Almanza63: raises $0.10 to $0.15
DonD13: folds 
Uncalled bet ($0.10) returned to Almanza63
Almanza63 collected $0.10 from pot
*** SUMMARY ***
Total pot $0.10 | Rake $0 
Seat 1: DonD13 (big blind) folded before Flop
Seat 2: mafiaalan10 folded before Flop (didn't bet)
Seat 3: Facundo-cabj folded before Flop (didn't bet)
Seat 4: kemal_zay4ik folded before Flop (didn't bet)
Seat 5: Span405 folded before Flop (didn't bet)
Seat 6: Dorex2007 folded before Flop (didn't bet)
Seat 8: renansuguino1 (button) folded before Flop (didn't bet)
Seat 9: Almanza63 (small blind) collected ($0.10)



PokerStars Hand #237447774652:  Hold'em No Limit ($0.02/$0.05 USD) - 2022/07/18 18:52:41 PT [2022/07/18 21:52:41 ET]
Table 'Lydia III' 9-max Seat #9 is the button
Seat 1: DonD13 ($1.90 in chips) 
Seat 2: mafiaalan10 ($11.52 in chips) 
Seat 3: Facundo-cabj ($10.74 in chips) 
Seat 4: kemal_zay4ik ($5.96 in chips) 
Seat 5: Span405 ($4.40 in chips) 
Seat 6: Dorex2007 ($8.88 in chips) 
Seat 8: renansuguino1 ($5.12 in chips) 
Seat 9: Almanza63 ($6.81 in chips) 
DonD13: posts small blind $0.02
mafiaalan10: posts big blind $0.05
Girasol 2015 has timed out
Girasol 2015: is sitting out 
*** HOLE CARDS ***
Dealt to Dorex2007 [9s 9h]
Facundo-cabj: folds 
kemal_zay4ik: folds 
Span405: folds 
Dorex2007: raises $0.10 to $0.15
renansuguino1: folds 
Almanza63: folds 
DonD13: folds 
mafiaalan10: calls $0.10
*** FLOP *** [4s 7c 7d]
mafiaalan10: checks 
Dorex2007: bets $0.31
Girasol 2015 is disconnected 
mafiaalan10: folds 
Uncalled bet ($0.31) returned to Dorex2007
Dorex2007 collected $0.31 from pot
*** SUMMARY ***
Total pot $0.32 | Rake $0.01 
Board [4s 7c 7d]
Seat 1: DonD13 (small blind) folded before Flop
Seat 2: mafiaalan10 (big blind) folded on the Flop
Seat 3: Facundo-cabj folded before Flop (didn't bet)
Seat 4: kemal_zay4ik folded before Flop (didn't bet)
Seat 5: Span405 folded before Flop (didn't bet)
Seat 6: Dorex2007 collected ($0.31)
Seat 8: renansuguino1 folded before Flop (didn't bet)
Seat 9: Almanza63 (button) folded before Flop (didn't bet)



PokerStars Hand #237447782033:  Hold'em No Limit ($0.02/$0.05 USD) - 2022/07/18 18:53:18 PT [2022/07/18 21:53:18 ET]
Table 'Lydia III' 9-max Seat #1 is the button
Seat 1: DonD13 ($1.88 in chips) 
Seat 2: mafiaalan10 ($11.37 in chips) 
Seat 3: Facundo-cabj ($10.74 in chips) 
Seat 4: kemal_zay4ik ($5.96 in chips) 
Seat 5: Span405 ($4.40 in chips) 
Seat 6: Dorex2007 ($9.04 in chips) 
Seat 8: renansuguino1 ($5.12 in chips) 
Seat 9: Almanza63 ($6.81 in chips) 
mafiaalan10: posts small blind $0.02
Facundo-cabj: posts big blind $0.05
*** HOLE CARDS ***
Dealt to Dorex2007 [Ac 4d]
kemal_zay4ik: folds 
Span405: raises $0.10 to $0.15
Dorex2007: folds 
renansuguino1: folds 
Almanza63: folds 
DonD13: folds 
mafiaalan10: folds 
Facundo-cabj: calls $0.10
*** FLOP *** [Jc Ah 2d]
Facundo-cabj: checks 
Span405: checks 
*** TURN *** [Jc Ah 2d] [4s]
Facundo-cabj: checks 
Span405: bets $0.15
Facundo-cabj: folds 
Uncalled bet ($0.15) returned to Span405
Span405 collected $0.31 from pot
*** SUMMARY ***
Total pot $0.32 | Rake $0.01 
Board [Jc Ah 2d 4s]
Seat 1: DonD13 (button) folded before Flop (didn't bet)
Seat 2: mafiaalan10 (small blind) folded before Flop
Seat 3: Facundo-cabj (big blind) folded on the Turn
Seat 4: kemal_zay4ik folded before Flop (didn't bet)
Seat 5: Span405 collected ($0.31)
Seat 6: Dorex2007 folded before Flop (didn't bet)
Seat 8: renansuguino1 folded before Flop (didn't bet)
Seat 9: Almanza63 folded before Flop (didn't bet)



PokerStars Hand #237447791142:  Hold'em No Limit ($0.02/$0.05 USD) - 2022/07/18 18:54:04 PT [2022/07/18 21:54:04 ET]
Table 'Lydia III' 9-max Seat #2 is the button
Seat 1: DonD13 ($1.88 in chips) 
Seat 2: mafiaalan10 ($11.35 in chips) 
Seat 3: Facundo-cabj ($10.59 in chips) 
Seat 4: kemal_zay4ik ($5.96 in chips) 
Seat 5: Span405 ($4.56 in chips) 
Seat 6: Dorex2007 ($9.04 in chips) 
Seat 8: renansuguino1 ($5.12 in chips) 
Seat 9: Almanza63 ($6.81 in chips) 
Facundo-cabj: posts small blind $0.02
kemal_zay4ik: posts big blind $0.05
Girasol 2015 is disconnected 
Girasol 2015 has timed out while disconnected
Girasol 2015: is sitting out 
*** HOLE CARDS ***
Dealt to Dorex2007 [Tc 3c]
Span405: folds 
Dorex2007: folds 
renansuguino1: raises $0.10 to $0.15
Almanza63: folds 
DonD13: folds 
mafiaalan10: folds 
Facundo-cabj: calls $0.13
kemal_zay4ik: folds 
*** FLOP *** [9h 6d 4c]
Facundo-cabj: checks 
renansuguino1: bets $0.20
Facundo-cabj: raises $0.40 to $0.60
renansuguino1: raises $1.10 to $1.70
Facundo-cabj: folds 
Uncalled bet ($1.10) returned to renansuguino1
renansuguino1 collected $1.49 from pot
*** SUMMARY ***
Total pot $1.55 | Rake $0.06 
Board [9h 6d 4c]
Seat 1: DonD13 folded before Flop (didn't bet)
Seat 2: mafiaalan10 (button) folded before Flop (didn't bet)
Seat 3: Facundo-cabj (small blind) folded on the Flop
Seat 4: kemal_zay4ik (big blind) folded before Flop
Seat 5: Span405 folded before Flop (didn't bet)
Seat 6: Dorex2007 folded before Flop (didn't bet)
Seat 8: renansuguino1 collected ($1.49)
Seat 9: Almanza63 folded before Flop (didn't bet)



PokerStars Hand #237447802602:  Hold'em No Limit ($0.02/$0.05 USD) - 2022/07/18 18:55:02 PT [2022/07/18 21:55:02 ET]
Table 'Lydia III' 9-max Seat #3 is the button
Seat 1: DonD13 ($1.88 in chips) 
Seat 2: mafiaalan10 ($11.35 in chips) 
Seat 3: Facundo-cabj ($9.84 in chips) 
Seat 4: kemal_zay4ik ($5.91 in chips) 
Seat 5: Span405 ($4.56 in chips) 
Seat 6: Dorex2007 ($9.04 in chips) 
Seat 8: renansuguino1 ($5.86 in chips) 
Seat 9: Almanza63 ($6.81 in chips) 
kemal_zay4ik: posts small blind $0.02
Span405: posts big blind $0.05
*** HOLE CARDS ***
Dealt to Dorex2007 [9c 3h]
Dorex2007: folds 
renansuguino1: folds 
Almanza63: raises $0.10 to $0.15
DonD13: folds 
mafiaalan10: folds 
Facundo-cabj: calls $0.15
kemal_zay4ik: folds 
Span405: folds 
*** FLOP *** [Qh Jd Kh]
Almanza63: checks 
Facundo-cabj: bets $0.35
Almanza63: folds 
Uncalled bet ($0.35) returned to Facundo-cabj
Facundo-cabj collected $0.35 from pot
*** SUMMARY ***
Total pot $0.37 | Rake $0.02 
Board [Qh Jd Kh]
Seat 1: DonD13 folded before Flop (didn't bet)
Seat 2: mafiaalan10 folded before Flop (didn't bet)
Seat 3: Facundo-cabj (button) collected ($0.35)
Seat 4: kemal_zay4ik (small blind) folded before Flop
Seat 5: Span405 (big blind) folded before Flop
Seat 6: Dorex2007 folded before Flop (didn't bet)
Seat 8: renansuguino1 folded before Flop (didn't bet)
Seat 9: Almanza63 folded on the Flop



PokerStars Hand #237447812124:  Hold'em No Limit ($0.02/$0.05 USD) - 2022/07/18 18:56:04 PT [2022/07/18 21:56:04 ET]
Table 'Lydia III' 9-max Seat #4 is the button
Seat 1: DonD13 ($1.88 in chips) 
Seat 2: mafiaalan10 ($11.35 in chips) 
Seat 3: Facundo-cabj ($10.04 in chips) 
Seat 4: kemal_zay4ik ($5.89 in chips) 
Seat 5: Span405 ($4.51 in chips) 
Seat 6: Dorex2007 ($9.04 in chips) 
Seat 8: renansuguino1 ($5.86 in chips) 
Seat 9: Almanza63 ($6.66 in chips) 
Span405: posts small blind $0.02
Dorex2007: posts big blind $0.05
*** HOLE CARDS ***
Dealt to Dorex2007 [Qd As]
renansuguino1: raises $0.05 to $0.10
Almanza63: folds 
DonD13: folds 
mafiaalan10: folds 
Facundo-cabj: folds 
kemal_zay4ik: folds 
Span405: folds 
Dorex2007: raises $0.15 to $0.25
renansuguino1: calls $0.15
*** FLOP *** [Qh 2c 8d]
Dorex2007: bets $0.33
renansuguino1: folds 
Uncalled bet ($0.33) returned to Dorex2007
Dorex2007 collected $0.50 from pot
*** SUMMARY ***
Total pot $0.52 | Rake $0.02 
Board [Qh 2c 8d]
Seat 1: DonD13 folded before Flop (didn't bet)
Seat 2: mafiaalan10 folded before Flop (didn't bet)
Seat 3: Facundo-cabj folded before Flop (didn't bet)
Seat 4: kemal_zay4ik (button) folded before Flop (didn't bet)
Seat 5: Span405 (small blind) folded before Flop
Seat 6: Dorex2007 (big blind) collected ($0.50)
Seat 8: renansuguino1 folded on the Flop
Seat 9: Almanza63 folded before Flop (didn't bet)



PokerStars Hand #237447817865:  Hold'em No Limit ($0.02/$0.05 USD) - 2022/07/18 18:56:40 PT [2022/07/18 21:56:40 ET]
Table 'Lydia III' 9-max Seat #5 is the button
Seat 1: DonD13 ($1.88 in chips) 
Seat 2: mafiaalan10 ($11.35 in chips) 
Seat 3: Facundo-cabj ($10.04 in chips) 
Seat 4: kemal_zay4ik ($5.89 in chips) 
Seat 5: Span405 ($4.49 in chips) 
Seat 6: Dorex2007 ($9.29 in chips) 
Seat 8: renansuguino1 ($5.61 in chips) 
Seat 9: Almanza63 ($6.66 in chips) 
Dorex2007: posts small blind $0.02
renansuguino1: posts big blind $0.05
*** HOLE CARDS ***
Dealt to Dorex2007 [2c 7s]
Almanza63: folds 
DonD13: folds 
mafiaalan10: raises $0.05 to $0.10
Facundo-cabj: calls $0.10
kemal_zay4ik: folds 
Span405: folds 
Dorex2007: folds 
renansuguino1: folds 
*** FLOP *** [Js 5d 2h]
mafiaalan10: bets $0.10
Facundo-cabj: calls $0.10
*** TURN *** [Js 5d 2h] [7c]
mafiaalan10: bets $0.20
Facundo-cabj: folds 
Uncalled bet ($0.20) returned to mafiaalan10
mafiaalan10 collected $0.45 from pot
*** SUMMARY ***
Total pot $0.47 | Rake $0.02 
Board [Js 5d 2h 7c]
Seat 1: DonD13 folded before Flop (didn't bet)
Seat 2: mafiaalan10 collected ($0.45)
Seat 3: Facundo-cabj folded on the Turn
Seat 4: kemal_zay4ik folded before Flop (didn't bet)
Seat 5: Span405 (button) folded before Flop (didn't bet)
Seat 6: Dorex2007 (small blind) folded before Flop
Seat 8: renansuguino1 (big blind) folded before Flop
Seat 9: Almanza63 folded before Flop (didn't bet)



PokerStars Hand #237447827319:  Hold'em No Limit ($0.02/$0.05 USD) - 2022/07/18 18:57:38 PT [2022/07/18 21:57:38 ET]
Table 'Lydia III' 9-max Seat #6 is the button
Seat 1: DonD13 ($1.88 in chips) 
Seat 2: mafiaalan10 ($11.60 in chips) 
Seat 3: Facundo-cabj ($9.84 in chips) 
Seat 4: kemal_zay4ik ($5.89 in chips) 
Seat 5: Span405 ($4.49 in chips) 
Seat 6: Dorex2007 ($9.27 in chips) 
Seat 8: renansuguino1 ($5.56 in chips) 
Seat 9: Almanza63 ($6.66 in chips) 
renansuguino1: posts small blind $0.02
Almanza63: posts big blind $0.05
*** HOLE CARDS ***
Dealt to Dorex2007 [As Jc]
DonD13: calls $0.05
mafiaalan10: raises $0.05 to $0.10
Facundo-cabj: raises $0.20 to $0.30
kemal_zay4ik: folds 
Span405: folds 
Dorex2007: folds 
renansuguino1: folds 
Almanza63: folds 
DonD13: folds 
mafiaalan10: calls $0.20
*** FLOP *** [Qd Kc 4s]
mafiaalan10: checks 
Facundo-cabj: bets $0.52
mafiaalan10: folds 
Uncalled bet ($0.52) returned to Facundo-cabj
Facundo-cabj collected $0.69 from pot
*** SUMMARY ***
Total pot $0.72 | Rake $0.03 
Board [Qd Kc 4s]
Seat 1: DonD13 folded before Flop
Seat 2: mafiaalan10 folded on the Flop
Seat 3: Facundo-cabj collected ($0.69)
Seat 4: kemal_zay4ik folded before Flop (didn't bet)
Seat 5: Span405 folded before Flop (didn't bet)
Seat 6: Dorex2007 (button) folded before Flop (didn't bet)
Seat 8: renansuguino1 (small blind) folded before Flop
Seat 9: Almanza63 (big blind) folded before Flop



PokerStars Hand #237447833662:  Hold'em No Limit ($0.02/$0.05 USD) - 2022/07/18 18:58:19 PT [2022/07/18 21:58:19 ET]
Table 'Lydia III' 9-max Seat #8 is the button
Seat 1: DonD13 ($1.83 in chips) 
Seat 2: mafiaalan10 ($11.30 in chips) 
Seat 3: Facundo-cabj ($10.23 in chips) 
Seat 4: kemal_zay4ik ($5.89 in chips) 
Seat 5: Span405 ($4.49 in chips) 
Seat 6: Dorex2007 ($9.27 in chips) 
Seat 7: Girasol 2015 ($4 in chips) 
Seat 8: renansuguino1 ($5.54 in chips) 
Seat 9: Almanza63 ($6.61 in chips) 
Almanza63: posts small blind $0.02
DonD13: posts big blind $0.05
Girasol 2015: posts big blind $0.05
*** HOLE CARDS ***
Dealt to Dorex2007 [Jh Qd]
mafiaalan10: raises $0.05 to $0.10
Facundo-cabj: raises $0.15 to $0.25
kemal_zay4ik: folds 
Span405: folds 
Dorex2007: calls $0.25
Girasol 2015: folds 
renansuguino1: calls $0.25
Almanza63: folds 
DonD13: calls $0.20
mafiaalan10: calls $0.15
*** FLOP *** [5c 4d 6h]
DonD13: checks 
mafiaalan10: checks 
Facundo-cabj: bets $1
Dorex2007: folds 
renansuguino1: folds 
DonD13: folds 
mafiaalan10: folds 
Uncalled bet ($1) returned to Facundo-cabj
Facundo-cabj collected $1.27 from pot
*** SUMMARY ***
Total pot $1.32 | Rake $0.05 
Board [5c 4d 6h]
Seat 1: DonD13 (big blind) folded on the Flop
Seat 2: mafiaalan10 folded on the Flop
Seat 3: Facundo-cabj collected ($1.27)
Seat 4: kemal_zay4ik folded before Flop (didn't bet)
Seat 5: Span405 folded before Flop (didn't bet)
Seat 6: Dorex2007 folded on the Flop
Seat 7: Girasol 2015 folded before Flop (didn't bet)
Seat 8: renansuguino1 (button) folded on the Flop
Seat 9: Almanza63 (small blind) folded before Flop



PokerStars Hand #237447842007:  Hold'em No Limit ($0.02/$0.05 USD) - 2022/07/18 18:59:13 PT [2022/07/18 21:59:13 ET]
Table 'Lydia III' 9-max Seat #9 is the button
Seat 1: DonD13 ($1.58 in chips) 
Seat 2: mafiaalan10 ($11.05 in chips) 
Seat 3: Facundo-cabj ($11.25 in chips) 
Seat 4: kemal_zay4ik ($5.89 in chips) 
Seat 5: Span405 ($4.49 in chips) 
Seat 6: Dorex2007 ($9.02 in chips) 
Seat 7: Girasol 2015 ($3.95 in chips) 
Seat 8: renansuguino1 ($5.29 in chips) 
Seat 9: Almanza63 ($6.59 in chips) 
DonD13: posts small blind $0.02
mafiaalan10: posts big blind $0.05
*** HOLE CARDS ***
Dealt to Dorex2007 [Kd As]
Facundo-cabj: folds 
Facundo-cabj leaves the table
kemal_zay4ik: folds 
Span405: folds 
Dorex2007: raises $0.10 to $0.15
Girasol 2015: folds 
renansuguino1: folds 
Almanza63: folds 
DonD13: calls $0.13
mafiaalan10: folds 
*** FLOP *** [5s 8d Ad]
DonD13: checks 
Dorex2007: checks 
*** TURN *** [5s 8d Ad] [5h]
DonD13: checks 
Dorex2007: bets $0.23
DonD13: folds 
Uncalled bet ($0.23) returned to Dorex2007
Dorex2007 collected $0.34 from pot
*** SUMMARY ***
Total pot $0.35 | Rake $0.01 
Board [5s 8d Ad 5h]
Seat 1: DonD13 (small blind) folded on the Turn
Seat 2: mafiaalan10 (big blind) folded before Flop
Seat 3: Facundo-cabj folded before Flop (didn't bet)
Seat 4: kemal_zay4ik folded before Flop (didn't bet)
Seat 5: Span405 folded before Flop (didn't bet)
Seat 6: Dorex2007 collected ($0.34)
Seat 7: Girasol 2015 folded before Flop (didn't bet)
Seat 8: renansuguino1 folded before Flop (didn't bet)
Seat 9: Almanza63 (button) folded before Flop (didn't bet)



PokerStars Hand #237447855123:  Hold'em No Limit ($0.02/$0.05 USD) - 2022/07/18 18:59:50 PT [2022/07/18 21:59:50 ET]
Table 'Lydia III' 9-max Seat #1 is the button
Seat 1: DonD13 ($1.43 in chips) 
Seat 2: mafiaalan10 ($11 in chips) 
Seat 4: kemal_zay4ik ($5.89 in chips) 
Seat 5: Span405 ($4.49 in chips) 
Seat 6: Dorex2007 ($9.21 in chips) 
Seat 7: Girasol 2015 ($3.95 in chips) 
Seat 8: renansuguino1 ($5.29 in chips) 
Seat 9: Almanza63 ($6.59 in chips) 
mafiaalan10: posts small blind $0.02
kemal_zay4ik: posts big blind $0.05
*** HOLE CARDS ***
Dealt to Dorex2007 [2d 2h]
Span405: folds 
Dorex2007: folds 
Girasol 2015: raises $0.10 to $0.15
renansuguino1: folds 
Almanza63: folds 
DonD13: folds 
mafiaalan10: folds 
kemal_zay4ik: folds 
Uncalled bet ($0.10) returned to Girasol 2015
Girasol 2015 collected $0.12 from pot
*** SUMMARY ***
Total pot $0.12 | Rake $0 
Seat 1: DonD13 (button) folded before Flop (didn't bet)
Seat 2: mafiaalan10 (small blind) folded before Flop
Seat 4: kemal_zay4ik (big blind) folded before Flop
Seat 5: Span405 folded before Flop (didn't bet)
Seat 6: Dorex2007 folded before Flop (didn't bet)
Seat 7: Girasol 2015 collected ($0.12)
Seat 8: renansuguino1 folded before Flop (didn't bet)
Seat 9: Almanza63 folded before Flop (didn't bet)



PokerStars Hand #237447857248:  Hold'em No Limit ($0.02/$0.05 USD) - 2022/07/18 19:00:04 PT [2022/07/18 22:00:04 ET]
Table 'Lydia III' 9-max Seat #2 is the button
Seat 1: DonD13 ($1.43 in chips) 
Seat 2: mafiaalan10 ($10.98 in chips) 
Seat 4: kemal_zay4ik ($5.84 in chips) 
Seat 5: Span405 ($4.49 in chips) 
Seat 6: Dorex2007 ($9.21 in chips) 
Seat 7: Girasol 2015 ($4.02 in chips) 
Seat 8: renansuguino1 ($5.29 in chips) 
Seat 9: Almanza63 ($6.59 in chips) 
kemal_zay4ik: posts small blind $0.02
Span405: posts big blind $0.05
*** HOLE CARDS ***
Dealt to Dorex2007 [7h Jd]
Dorex2007: folds 
Girasol 2015: raises $0.10 to $0.15
renansuguino1: folds 
Almanza63: folds 
DonD13: folds 
mafiaalan10: folds 
kemal_zay4ik: folds 
Span405: folds 
Uncalled bet ($0.10) returned to Girasol 2015
Girasol 2015 collected $0.12 from pot
*** SUMMARY ***
Total pot $0.12 | Rake $0 
Seat 1: DonD13 folded before Flop (didn't bet)
Seat 2: mafiaalan10 (button) folded before Flop (didn't bet)
Seat 4: kemal_zay4ik (small blind) folded before Flop
Seat 5: Span405 (big blind) folded before Flop
Seat 6: Dorex2007 folded before Flop (didn't bet)
Seat 7: Girasol 2015 collected ($0.12)
Seat 8: renansuguino1 folded before Flop (didn't bet)
Seat 9: Almanza63 folded before Flop (didn't bet)



PokerStars Hand #237447860633:  Hold'em No Limit ($0.02/$0.05 USD) - 2022/07/18 19:00:24 PT [2022/07/18 22:00:24 ET]
Table 'Lydia III' 9-max Seat #4 is the button
Seat 1: DonD13 ($1.43 in chips) 
Seat 2: mafiaalan10 ($10.98 in chips) 
Seat 4: kemal_zay4ik ($5.82 in chips) 
Seat 5: Span405 ($4.44 in chips) 
Seat 6: Dorex2007 ($9.21 in chips) 
Seat 7: Girasol 2015 ($4.09 in chips) 
Seat 8: renansuguino1 ($5.29 in chips) 
Seat 9: Almanza63 ($6.59 in chips) 
Span405: posts small blind $0.02
Dorex2007: posts big blind $0.05
*** HOLE CARDS ***
Dealt to Dorex2007 [Qs 5s]
Girasol 2015: raises $0.10 to $0.15
renansuguino1: folds 
Almanza63: folds 
DonD13: folds 
mafiaalan10: folds 
kemal_zay4ik: folds 
Span405: folds 
Dorex2007: folds 
Uncalled bet ($0.10) returned to Girasol 2015
Girasol 2015 collected $0.12 from pot
*** SUMMARY ***
Total pot $0.12 | Rake $0 
Seat 1: DonD13 folded before Flop (didn't bet)
Seat 2: mafiaalan10 folded before Flop (didn't bet)
Seat 4: kemal_zay4ik (button) folded before Flop (didn't bet)
Seat 5: Span405 (small blind) folded before Flop
Seat 6: Dorex2007 (big blind) folded before Flop
Seat 7: Girasol 2015 collected ($0.12)
Seat 8: renansuguino1 folded before Flop (didn't bet)
Seat 9: Almanza63 folded before Flop (didn't bet)



PokerStars Hand #237447862569:  Hold'em No Limit ($0.02/$0.05 USD) - 2022/07/18 19:00:36 PT [2022/07/18 22:00:36 ET]
Table 'Lydia III' 9-max Seat #5 is the button
Seat 1: DonD13 ($1.43 in chips) 
Seat 2: mafiaalan10 ($10.98 in chips) 
Seat 4: kemal_zay4ik ($5.82 in chips) 
Seat 5: Span405 ($4.42 in chips) 
Seat 6: Dorex2007 ($9.16 in chips) 
Seat 7: Girasol 2015 ($4.16 in chips) 
Seat 8: renansuguino1 ($5.29 in chips) 
Seat 9: Almanza63 ($6.59 in chips) 
Dorex2007: posts small blind $0.02
Girasol 2015: posts big blind $0.05
*** HOLE CARDS ***
Dealt to Dorex2007 [Jh 5h]
renansuguino1: folds 
Almanza63: folds 
DonD13: calls $0.05
mafiaalan10: folds 
kemal_zay4ik has timed out
kemal_zay4ik: folds 
Span405: folds 
Dorex2007: calls $0.03
Girasol 2015: checks 
*** FLOP *** [7h Qd 7d]
Dorex2007: checks 
Girasol 2015: checks 
DonD13: checks 
*** TURN *** [7h Qd 7d] [5s]
Dorex2007: checks 
Girasol 2015: checks 
DonD13: checks 
*** RIVER *** [7h Qd 7d 5s] [8h]
Dorex2007: bets $0.07
Girasol 2015: folds 
DonD13: folds 
Uncalled bet ($0.07) returned to Dorex2007
Dorex2007 collected $0.14 from pot
*** SUMMARY ***
Total pot $0.15 | Rake $0.01 
Board [7h Qd 7d 5s 8h]
Seat 1: DonD13 folded on the River
Seat 2: mafiaalan10 folded before Flop (didn't bet)
Seat 4: kemal_zay4ik folded before Flop (didn't bet)
Seat 5: Span405 (button) folded before Flop (didn't bet)
Seat 6: Dorex2007 (small blind) collected ($0.14)
Seat 7: Girasol 2015 (big blind) folded on the River
Seat 8: renansuguino1 folded before Flop (didn't bet)
Seat 9: Almanza63 folded before Flop (didn't bet)



PokerStars Hand #237447872671:  Hold'em No Limit ($0.02/$0.05 USD) - 2022/07/18 19:01:29 PT [2022/07/18 22:01:29 ET]
Table 'Lydia III' 9-max Seat #6 is the button
Seat 1: DonD13 ($1.38 in chips) 
Seat 2: mafiaalan10 ($10.98 in chips) 
Seat 4: kemal_zay4ik ($5.82 in chips) 
Seat 5: Span405 ($4.42 in chips) 
Seat 6: Dorex2007 ($9.25 in chips) 
Seat 7: Girasol 2015 ($4.11 in chips) 
Seat 8: renansuguino1 ($5.29 in chips) 
Seat 9: Almanza63 ($6.59 in chips) 
Girasol 2015: posts small blind $0.02
renansuguino1: posts big blind $0.05
*** HOLE CARDS ***
Dealt to Dorex2007 [8h 8s]
Almanza63: folds 
DonD13: folds 
mafiaalan10: folds 
kemal_zay4ik: folds 
Span405: folds 
Dorex2007: raises $0.05 to $0.10
Girasol 2015: calls $0.08
renansuguino1: calls $0.05
*** FLOP *** [Ks 5d Ts]
Girasol 2015: checks 
renansuguino1: checks 
Dorex2007: bets $0.19
Girasol 2015: calls $0.19
renansuguino1: folds 
*** TURN *** [Ks 5d Ts] [7h]
Girasol 2015: checks 
Dorex2007: checks 
*** RIVER *** [Ks 5d Ts 7h] [Jh]
Girasol 2015: bets $0.27
AGVsmarT joins the table at seat #3 
Dorex2007: folds 
Uncalled bet ($0.27) returned to Girasol 2015
Girasol 2015 collected $0.65 from pot
*** SUMMARY ***
Total pot $0.68 | Rake $0.03 
Board [Ks 5d Ts 7h Jh]
Seat 1: DonD13 folded before Flop (didn't bet)
Seat 2: mafiaalan10 folded before Flop (didn't bet)
Seat 4: kemal_zay4ik folded before Flop (didn't bet)
Seat 5: Span405 folded before Flop (didn't bet)
Seat 6: Dorex2007 (button) folded on the River
Seat 7: Girasol 2015 (small blind) collected ($0.65)
Seat 8: renansuguino1 (big blind) folded on the Flop
Seat 9: Almanza63 folded before Flop (didn't bet)



PokerStars Hand #237447883463:  Hold'em No Limit ($0.02/$0.05 USD) - 2022/07/18 19:02:25 PT [2022/07/18 22:02:25 ET]
Table 'Lydia III' 9-max Seat #7 is the button
Seat 1: DonD13 ($1.38 in chips) 
Seat 2: mafiaalan10 ($10.98 in chips) 
Seat 4: kemal_zay4ik ($5.82 in chips) 
Seat 5: Span405 ($4.42 in chips) 
Seat 6: Dorex2007 ($8.96 in chips) 
Seat 7: Girasol 2015 ($4.47 in chips) 
Seat 8: renansuguino1 ($5.19 in chips) 
Seat 9: Almanza63 ($6.59 in chips) 
renansuguino1: posts small blind $0.02
Almanza63: posts big blind $0.05
AGVsmarT: sits out 
*** HOLE CARDS ***
Dealt to Dorex2007 [7s Qc]
DonD13: folds 
mafiaalan10: folds 
kemal_zay4ik: folds 
Span405: raises $0.10 to $0.15
Dorex2007: folds 
Girasol 2015: folds 
renansuguino1: folds 
Almanza63: folds 
Uncalled bet ($0.10) returned to Span405
Span405 collected $0.12 from pot
*** SUMMARY ***
Total pot $0.12 | Rake $0 
Seat 1: DonD13 folded before Flop (didn't bet)
Seat 2: mafiaalan10 folded before Flop (didn't bet)
Seat 4: kemal_zay4ik folded before Flop (didn't bet)
Seat 5: Span405 collected ($0.12)
Seat 6: Dorex2007 folded before Flop (didn't bet)
Seat 7: Girasol 2015 (button) folded before Flop (didn't bet)
Seat 8: renansuguino1 (small blind) folded before Flop
Seat 9: Almanza63 (big blind) folded before Flop



PokerStars Hand #237447895119:  Hold'em No Limit ($0.02/$0.05 USD) - 2022/07/18 19:03:01 PT [2022/07/18 22:03:01 ET]
Table 'Lydia III' 9-max Seat #8 is the button
Seat 1: DonD13 ($1.38 in chips) 
Seat 2: mafiaalan10 ($10.98 in chips) 
Seat 3: AGVsmarT ($4 in chips) 
Seat 4: kemal_zay4ik ($5.82 in chips) 
Seat 5: Span405 ($4.49 in chips) 
Seat 6: Dorex2007 ($8.96 in chips) 
Seat 7: Girasol 2015 ($4.47 in chips) 
Seat 8: renansuguino1 ($5.17 in chips) 
Seat 9: Almanza63 ($6.54 in chips) 
Almanza63: posts small blind $0.02
DonD13: posts big blind $0.05
AGVsmarT: posts big blind $0.05
*** HOLE CARDS ***
Dealt to Dorex2007 [2c 3h]
mafiaalan10: folds 
AGVsmarT: checks 
kemal_zay4ik: folds 
Span405: raises $0.15 to $0.20
Dorex2007: folds 
Girasol 2015: folds 
renansuguino1: folds 
Almanza63: folds 
DonD13: calls $0.15
AGVsmarT: folds 
*** FLOP *** [8d Kh 6s]
DonD13: checks 
Span405: bets $0.18
DonD13: calls $0.18
*** TURN *** [8d Kh 6s] [6c]
DonD13: checks 
Span405: checks 
*** RIVER *** [8d Kh 6s 6c] [Jc]
DonD13: bets $0.70
Span405: folds 
Uncalled bet ($0.70) returned to DonD13
DonD13 collected $0.80 from pot
*** SUMMARY ***
Total pot $0.83 | Rake $0.03 
Board [8d Kh 6s 6c Jc]
Seat 1: DonD13 (big blind) collected ($0.80)
Seat 2: mafiaalan10 folded before Flop (didn't bet)
Seat 3: AGVsmarT folded before Flop (didn't bet)
Seat 4: kemal_zay4ik folded before Flop (didn't bet)
Seat 5: Span405 folded on the River
Seat 6: Dorex2007 folded before Flop (didn't bet)
Seat 7: Girasol 2015 folded before Flop (didn't bet)
Seat 8: renansuguino1 (button) folded before Flop (didn't bet)
Seat 9: Almanza63 (small blind) folded before Flop



PokerStars Hand #237447908120:  Hold'em No Limit ($0.02/$0.05 USD) - 2022/07/18 19:04:08 PT [2022/07/18 22:04:08 ET]
Table 'Lydia III' 9-max Seat #9 is the button
Seat 1: DonD13 ($1.80 in chips) 
Seat 2: mafiaalan10 ($10.98 in chips) 
Seat 3: AGVsmarT ($3.95 in chips) 
Seat 4: kemal_zay4ik ($5.82 in chips) 
Seat 5: Span405 ($4.11 in chips) 
Seat 6: Dorex2007 ($8.96 in chips) 
Seat 7: Girasol 2015 ($4.47 in chips) 
Seat 8: renansuguino1 ($5.17 in chips) 
Seat 9: Almanza63 ($6.52 in chips) 
DonD13: posts small blind $0.02
mafiaalan10: posts big blind $0.05
*** HOLE CARDS ***
Dealt to Dorex2007 [7c 4s]
AGVsmarT: folds 
kemal_zay4ik: folds 
Span405: folds 
Dorex2007: folds 
Girasol 2015: raises $0.10 to $0.15
renansuguino1: folds 
Almanza63: folds 
DonD13: folds 
mafiaalan10: folds 
Uncalled bet ($0.10) returned to Girasol 2015
Girasol 2015 collected $0.12 from pot
*** SUMMARY ***
Total pot $0.12 | Rake $0 
Seat 1: DonD13 (small blind) folded before Flop
Seat 2: mafiaalan10 (big blind) folded before Flop
Seat 3: AGVsmarT folded before Flop (didn't bet)
Seat 4: kemal_zay4ik folded before Flop (didn't bet)
Seat 5: Span405 folded before Flop (didn't bet)
Seat 6: Dorex2007 folded before Flop (didn't bet)
Seat 7: Girasol 2015 collected ($0.12)
Seat 8: renansuguino1 folded before Flop (didn't bet)
Seat 9: Almanza63 (button) folded before Flop (didn't bet)



