PokerStars Hand #237569581921:  Hold'em No Limit ($0.02/$0.05 USD) - 2022/07/24 19:12:10 PT [2022/07/24 22:12:10 ET]
Table 'Stebbins' 9-max Seat #5 is the button
Seat 1: BlackMagic974 ($7.32 in chips) 
Seat 3: Ginnungagap7 ($3.22 in chips) 
Seat 4: Dorex2007 ($5 in chips) 
Seat 5: montreal555 ($5.23 in chips) 
Seat 7: Ruan metal ($4.80 in chips) 
Seat 8: Maxr_2992 ($5.49 in chips) 
Seat 9: PauloCesarH ($8.55 in chips) 
Ruan metal: posts small blind $0.02
Maxr_2992: posts big blind $0.05
Dorex2007: posts big blind $0.05
*** HOLE CARDS ***
Dealt to Dorex2007 [9d 4d]
Almanza63 joins the table at seat #6 
PauloCesarH: folds 
BlackMagic974: folds 
Ginnungagap7: folds 
Dorex2007: checks 
montreal555: folds 
Ruan metal: calls $0.03
Maxr_2992: checks 
*** FLOP *** [9s 5h Kh]
Ruan metal: checks 
Maxr_2992: checks 
Dorex2007: checks 
*** TURN *** [9s 5h Kh] [9c]
Ruan metal: checks 
Maxr_2992: bets $0.07
Dorex2007: raises $0.28 to $0.35
Ruan metal: folds 
Maxr_2992: folds 
Uncalled bet ($0.28) returned to Dorex2007
Dorex2007 collected $0.28 from pot
*** SUMMARY ***
Total pot $0.29 | Rake $0.01 
Board [9s 5h Kh 9c]
Seat 1: BlackMagic974 folded before Flop (didn't bet)
Seat 3: Ginnungagap7 folded before Flop (didn't bet)
Seat 4: Dorex2007 collected ($0.28)
Seat 5: montreal555 (button) folded before Flop (didn't bet)
Seat 7: Ruan metal (small blind) folded on the Turn
Seat 8: Maxr_2992 (big blind) folded on the Turn
Seat 9: PauloCesarH folded before Flop (didn't bet)



PokerStars Hand #237569588704:  Hold'em No Limit ($0.02/$0.05 USD) - 2022/07/24 19:12:48 PT [2022/07/24 22:12:48 ET]
Table 'Stebbins' 9-max Seat #7 is the button
Seat 1: BlackMagic974 ($7.32 in chips) 
Seat 2: men-androsxx ($2.09 in chips) 
Seat 3: Ginnungagap7 ($3.22 in chips) 
Seat 4: Dorex2007 ($5.16 in chips) 
Seat 5: montreal555 ($5.23 in chips) 
Seat 7: Ruan metal ($4.75 in chips) 
Seat 8: Maxr_2992 ($5.37 in chips) 
Seat 9: PauloCesarH ($8.55 in chips) 
Maxr_2992: posts small blind $0.02
PauloCesarH: posts big blind $0.05
men-androsxx: posts small & big blinds $0.07
Almanza63: sits out 
*** HOLE CARDS ***
Dealt to Dorex2007 [6h 9h]
BlackMagic974: folds 
men-androsxx: checks 
Ginnungagap7: folds 
Dorex2007: folds 
montreal555: folds 
Ruan metal: folds 
Maxr_2992: raises $0.05 to $0.10
PauloCesarH: folds 
men-androsxx: calls $0.05
*** FLOP *** [7h 7c Js]
Maxr_2992: bets $0.20
men-androsxx: folds 
Uncalled bet ($0.20) returned to Maxr_2992
Maxr_2992 collected $0.26 from pot
*** SUMMARY ***
Total pot $0.27 | Rake $0.01 
Board [7h 7c Js]
Seat 1: BlackMagic974 folded before Flop (didn't bet)
Seat 2: men-androsxx folded on the Flop
Seat 3: Ginnungagap7 folded before Flop (didn't bet)
Seat 4: Dorex2007 folded before Flop (didn't bet)
Seat 5: montreal555 folded before Flop (didn't bet)
Seat 7: Ruan metal (button) folded before Flop (didn't bet)
Seat 8: Maxr_2992 (small blind) collected ($0.26)
Seat 9: PauloCesarH (big blind) folded before Flop



PokerStars Hand #237569595748:  Hold'em No Limit ($0.02/$0.05 USD) - 2022/07/24 19:13:26 PT [2022/07/24 22:13:26 ET]
Table 'Stebbins' 9-max Seat #8 is the button
Seat 1: BlackMagic974 ($7.32 in chips) 
Seat 2: men-androsxx ($1.97 in chips) 
Seat 3: Ginnungagap7 ($3.22 in chips) 
Seat 4: Dorex2007 ($5.16 in chips) 
Seat 5: montreal555 ($5.23 in chips) 
Seat 7: Ruan metal ($5 in chips) 
Seat 8: Maxr_2992 ($5.53 in chips) 
Seat 9: PauloCesarH ($8.50 in chips) 
PauloCesarH: posts small blind $0.02
BlackMagic974: posts big blind $0.05
Almanza63: sits out 
*** HOLE CARDS ***
Dealt to Dorex2007 [Qs 3c]
men-androsxx: folds 
Ginnungagap7: raises $0.10 to $0.15
Dorex2007: folds 
montreal555: folds 
Ruan metal: folds 
Maxr_2992: folds 
PauloCesarH: folds 
BlackMagic974: folds 
Uncalled bet ($0.10) returned to Ginnungagap7
Ginnungagap7 collected $0.12 from pot
*** SUMMARY ***
Total pot $0.12 | Rake $0 
Seat 1: BlackMagic974 (big blind) folded before Flop
Seat 2: men-androsxx folded before Flop (didn't bet)
Seat 3: Ginnungagap7 collected ($0.12)
Seat 4: Dorex2007 folded before Flop (didn't bet)
Seat 5: montreal555 folded before Flop (didn't bet)
Seat 7: Ruan metal folded before Flop (didn't bet)
Seat 8: Maxr_2992 (button) folded before Flop (didn't bet)
Seat 9: PauloCesarH (small blind) folded before Flop



PokerStars Hand #237569598793:  Hold'em No Limit ($0.02/$0.05 USD) - 2022/07/24 19:13:43 PT [2022/07/24 22:13:43 ET]
Table 'Stebbins' 9-max Seat #9 is the button
Seat 1: BlackMagic974 ($7.27 in chips) 
Seat 2: men-androsxx ($1.97 in chips) 
Seat 3: Ginnungagap7 ($3.29 in chips) 
Seat 4: Dorex2007 ($5.16 in chips) 
Seat 5: montreal555 ($5.23 in chips) 
Seat 7: Ruan metal ($5 in chips) 
Seat 8: Maxr_2992 ($5.53 in chips) 
Seat 9: PauloCesarH ($8.48 in chips) 
BlackMagic974: posts small blind $0.02
men-androsxx: posts big blind $0.05
Almanza63: sits out 
*** HOLE CARDS ***
Dealt to Dorex2007 [Th 5c]
Ginnungagap7: folds 
Dorex2007: folds 
montreal555: folds 
Ruan metal: folds 
Maxr_2992: calls $0.05
PauloCesarH: folds 
BlackMagic974: calls $0.03
men-androsxx: checks 
*** FLOP *** [Qs Kh 7s]
BlackMagic974: checks 
men-androsxx: checks 
Maxr_2992: checks 
*** TURN *** [Qs Kh 7s] [4c]
BlackMagic974: bets $0.14
men-androsxx: calls $0.14
Maxr_2992: folds 
*** RIVER *** [Qs Kh 7s 4c] [Tc]
BlackMagic974: bets $0.41
men-androsxx: folds 
Uncalled bet ($0.41) returned to BlackMagic974
BlackMagic974 collected $0.41 from pot
*** SUMMARY ***
Total pot $0.43 | Rake $0.02 
Board [Qs Kh 7s 4c Tc]
Seat 1: BlackMagic974 (small blind) collected ($0.41)
Seat 2: men-androsxx (big blind) folded on the River
Seat 3: Ginnungagap7 folded before Flop (didn't bet)
Seat 4: Dorex2007 folded before Flop (didn't bet)
Seat 5: montreal555 folded before Flop (didn't bet)
Seat 7: Ruan metal folded before Flop (didn't bet)
Seat 8: Maxr_2992 folded on the Turn
Seat 9: PauloCesarH (button) folded before Flop (didn't bet)



PokerStars Hand #237569611553:  Hold'em No Limit ($0.02/$0.05 USD) - 2022/07/24 19:14:27 PT [2022/07/24 22:14:27 ET]
Table 'Stebbins' 9-max Seat #1 is the button
Seat 1: BlackMagic974 ($7.49 in chips) 
Seat 2: men-androsxx ($1.78 in chips) 
Seat 3: Ginnungagap7 ($3.29 in chips) 
Seat 4: Dorex2007 ($5.16 in chips) 
Seat 5: montreal555 ($5.23 in chips) 
Seat 7: Ruan metal ($5 in chips) 
Seat 8: Maxr_2992 ($5.48 in chips) 
Seat 9: PauloCesarH ($8.48 in chips) 
men-androsxx: posts small blind $0.02
Ginnungagap7: posts big blind $0.05
Almanza63: sits out 
*** HOLE CARDS ***
Dealt to Dorex2007 [6d 6s]
Dorex2007: calls $0.05
montreal555: folds 
Ruan metal: folds 
Maxr_2992: folds 
PauloCesarH: folds 
BlackMagic974: raises $0.17 to $0.22
men-androsxx: calls $0.20
Ginnungagap7: folds 
Dorex2007: folds 
*** FLOP *** [8c 8s Qs]
men-androsxx has timed out
men-androsxx: checks 
BlackMagic974: bets $0.52
men-androsxx: folds 
Uncalled bet ($0.52) returned to BlackMagic974
BlackMagic974 collected $0.52 from pot
*** SUMMARY ***
Total pot $0.54 | Rake $0.02 
Board [8c 8s Qs]
Seat 1: BlackMagic974 (button) collected ($0.52)
Seat 2: men-androsxx (small blind) folded on the Flop
Seat 3: Ginnungagap7 (big blind) folded before Flop
Seat 4: Dorex2007 folded before Flop
Seat 5: montreal555 folded before Flop (didn't bet)
Seat 7: Ruan metal folded before Flop (didn't bet)
Seat 8: Maxr_2992 folded before Flop (didn't bet)
Seat 9: PauloCesarH folded before Flop (didn't bet)



PokerStars Hand #237569623290:  Hold'em No Limit ($0.02/$0.05 USD) - 2022/07/24 19:15:31 PT [2022/07/24 22:15:31 ET]
Table 'Stebbins' 9-max Seat #2 is the button
Seat 1: BlackMagic974 ($7.79 in chips) 
Seat 2: men-androsxx ($1.56 in chips) 
Seat 3: Ginnungagap7 ($3.24 in chips) 
Seat 4: Dorex2007 ($5.11 in chips) 
Seat 5: montreal555 ($5.23 in chips) 
Seat 7: Ruan metal ($5 in chips) 
Seat 8: Maxr_2992 ($5.48 in chips) 
Seat 9: PauloCesarH ($8.48 in chips) 
Ginnungagap7: posts small blind $0.02
Dorex2007: posts big blind $0.05
Almanza63: sits out 
*** HOLE CARDS ***
Dealt to Dorex2007 [5h Kd]
montreal555: folds 
Ruan metal: folds 
Maxr_2992: folds 
PauloCesarH: calls $0.05
BlackMagic974: folds 
men-androsxx: calls $0.05
Ginnungagap7: folds 
Dorex2007: checks 
*** FLOP *** [Th Jc 3c]
Dorex2007: checks 
PauloCesarH: checks 
men-androsxx: checks 
*** TURN *** [Th Jc 3c] [7d]
Dorex2007: checks 
PauloCesarH: checks 
men-androsxx: checks 
*** RIVER *** [Th Jc 3c 7d] [3h]
Dorex2007: checks 
PauloCesarH: checks 
men-androsxx: checks 
*** SHOW DOWN ***
Dorex2007: shows [5h Kd] (a pair of Threes)
PauloCesarH: mucks hand 
men-androsxx: shows [6s 6h] (two pair, Sixes and Threes)
men-androsxx collected $0.16 from pot
*** SUMMARY ***
Total pot $0.17 | Rake $0.01 
Board [Th Jc 3c 7d 3h]
Seat 1: BlackMagic974 folded before Flop (didn't bet)
Seat 2: men-androsxx (button) showed [6s 6h] and won ($0.16) with two pair, Sixes and Threes
Seat 3: Ginnungagap7 (small blind) folded before Flop
Seat 4: Dorex2007 (big blind) showed [5h Kd] and lost with a pair of Threes
Seat 5: montreal555 folded before Flop (didn't bet)
Seat 7: Ruan metal folded before Flop (didn't bet)
Seat 8: Maxr_2992 folded before Flop (didn't bet)
Seat 9: PauloCesarH mucked [Qs 9s]



PokerStars Hand #237569634303:  Hold'em No Limit ($0.02/$0.05 USD) - 2022/07/24 19:16:31 PT [2022/07/24 22:16:31 ET]
Table 'Stebbins' 9-max Seat #3 is the button
Seat 1: BlackMagic974 ($7.79 in chips) 
Seat 2: men-androsxx ($1.67 in chips) 
Seat 3: Ginnungagap7 ($3.22 in chips) 
Seat 4: Dorex2007 ($5.06 in chips) 
Seat 5: montreal555 ($5.23 in chips) 
Seat 7: Ruan metal ($5 in chips) 
Seat 8: Maxr_2992 ($5.48 in chips) 
Seat 9: PauloCesarH ($8.43 in chips) 
Dorex2007: posts small blind $0.02
montreal555: posts big blind $0.05
Almanza63: sits out 
*** HOLE CARDS ***
Dealt to Dorex2007 [2c Jh]
Ruan metal: folds 
Maxr_2992: calls $0.05
PauloCesarH: raises $0.15 to $0.20
BlackMagic974: calls $0.20
men-androsxx: calls $0.20
Ginnungagap7: folds 
Dorex2007: folds 
montreal555: folds 
Maxr_2992: calls $0.15
*** FLOP *** [9s Th 4c]
Maxr_2992: checks 
PauloCesarH: checks 
BlackMagic974: bets $0.41
men-androsxx: calls $0.41
Maxr_2992: folds 
PauloCesarH: folds 
*** TURN *** [9s Th 4c] [Kh]
BlackMagic974: bets $1.26
men-androsxx: folds 
Uncalled bet ($1.26) returned to BlackMagic974
BlackMagic974 collected $1.62 from pot
*** SUMMARY ***
Total pot $1.69 | Rake $0.07 
Board [9s Th 4c Kh]
Seat 1: BlackMagic974 collected ($1.62)
Seat 2: men-androsxx folded on the Turn
Seat 3: Ginnungagap7 (button) folded before Flop (didn't bet)
Seat 4: Dorex2007 (small blind) folded before Flop
Seat 5: montreal555 (big blind) folded before Flop
Seat 7: Ruan metal folded before Flop (didn't bet)
Seat 8: Maxr_2992 folded on the Flop
Seat 9: PauloCesarH folded on the Flop



PokerStars Hand #237569648214:  Hold'em No Limit ($0.02/$0.05 USD) - 2022/07/24 19:17:48 PT [2022/07/24 22:17:48 ET]
Table 'Stebbins' 9-max Seat #4 is the button
Seat 1: BlackMagic974 ($8.80 in chips) 
Seat 2: men-androsxx ($1.06 in chips) 
Seat 3: Ginnungagap7 ($3.22 in chips) 
Seat 4: Dorex2007 ($5.04 in chips) 
Seat 5: montreal555 ($5.18 in chips) 
Seat 6: Almanza63 ($5 in chips) 
Seat 7: Ruan metal ($5 in chips) 
Seat 8: Maxr_2992 ($5.28 in chips) 
Seat 9: PauloCesarH ($8.23 in chips) 
montreal555: posts small blind $0.02
Almanza63: posts big blind $0.05
*** HOLE CARDS ***
Dealt to Dorex2007 [6d 3c]
Ruan metal: raises $0.10 to $0.15
Maxr_2992: folds 
PauloCesarH: raises $8.08 to $8.23 and is all-in
BlackMagic974: folds 
men-androsxx: folds 
Ginnungagap7: folds 
Dorex2007: folds 
montreal555: folds 
Almanza63: folds 
Ruan metal: folds 
Uncalled bet ($8.08) returned to PauloCesarH
PauloCesarH collected $0.37 from pot
*** SUMMARY ***
Total pot $0.37 | Rake $0 
Seat 1: BlackMagic974 folded before Flop (didn't bet)
Seat 2: men-androsxx folded before Flop (didn't bet)
Seat 3: Ginnungagap7 folded before Flop (didn't bet)
Seat 4: Dorex2007 (button) folded before Flop (didn't bet)
Seat 5: montreal555 (small blind) folded before Flop
Seat 6: Almanza63 (big blind) folded before Flop
Seat 7: Ruan metal folded before Flop
Seat 8: Maxr_2992 folded before Flop (didn't bet)
Seat 9: PauloCesarH collected ($0.37)



PokerStars Hand #237569655296:  Hold'em No Limit ($0.02/$0.05 USD) - 2022/07/24 19:18:27 PT [2022/07/24 22:18:27 ET]
Table 'Stebbins' 9-max Seat #5 is the button
Seat 1: BlackMagic974 ($8.80 in chips) 
Seat 2: men-androsxx ($1.06 in chips) 
Seat 3: Ginnungagap7 ($3.22 in chips) 
Seat 4: Dorex2007 ($5.04 in chips) 
Seat 5: montreal555 ($5.16 in chips) 
Seat 6: Almanza63 ($4.95 in chips) 
Seat 7: Ruan metal ($4.85 in chips) 
Seat 8: Maxr_2992 ($5.28 in chips) 
Seat 9: PauloCesarH ($8.45 in chips) 
Almanza63: posts small blind $0.02
Ruan metal: posts big blind $0.05
*** HOLE CARDS ***
Dealt to Dorex2007 [5d 6d]
Maxr_2992: folds 
PauloCesarH: folds 
BlackMagic974: folds 
men-androsxx: calls $0.05
Ginnungagap7: folds 
Dorex2007: calls $0.05
montreal555: folds 
Almanza63: calls $0.03
Ruan metal: checks 
*** FLOP *** [Kd 6s 2s]
Almanza63: checks 
Ruan metal: checks 
men-androsxx: checks 
Dorex2007: checks 
*** TURN *** [Kd 6s 2s] [Kc]
Almanza63: checks 
Ruan metal: checks 
men-androsxx: checks 
Dorex2007: checks 
*** RIVER *** [Kd 6s 2s Kc] [2d]
Almanza63: checks 
Ruan metal: checks 
men-androsxx: checks 
Dorex2007: bets $0.13
Almanza63: folds 
Ruan metal: folds 
men-androsxx: folds 
Uncalled bet ($0.13) returned to Dorex2007
Dorex2007 collected $0.19 from pot
*** SUMMARY ***
Total pot $0.20 | Rake $0.01 
Board [Kd 6s 2s Kc 2d]
Seat 1: BlackMagic974 folded before Flop (didn't bet)
Seat 2: men-androsxx folded on the River
Seat 3: Ginnungagap7 folded before Flop (didn't bet)
Seat 4: Dorex2007 collected ($0.19)
Seat 5: montreal555 (button) folded before Flop (didn't bet)
Seat 6: Almanza63 (small blind) folded on the River
Seat 7: Ruan metal (big blind) folded on the River
Seat 8: Maxr_2992 folded before Flop (didn't bet)
Seat 9: PauloCesarH folded before Flop (didn't bet)



PokerStars Hand #237569668429:  Hold'em No Limit ($0.02/$0.05 USD) - 2022/07/24 19:19:41 PT [2022/07/24 22:19:41 ET]
Table 'Stebbins' 9-max Seat #6 is the button
Seat 1: BlackMagic974 ($8.80 in chips) 
Seat 2: men-androsxx ($1.01 in chips) 
Seat 3: Ginnungagap7 ($3.22 in chips) 
Seat 4: Dorex2007 ($5.18 in chips) 
Seat 5: montreal555 ($5.16 in chips) 
Seat 6: Almanza63 ($4.90 in chips) 
Seat 7: Ruan metal ($4.80 in chips) 
Seat 8: Maxr_2992 ($5.28 in chips) 
Seat 9: PauloCesarH ($8.45 in chips) 
Ruan metal: posts small blind $0.02
Maxr_2992: posts big blind $0.05
*** HOLE CARDS ***
Dealt to Dorex2007 [3c 6c]
PauloCesarH: folds 
BlackMagic974: calls $0.05
men-androsxx: folds 
Ginnungagap7: folds 
Dorex2007: folds 
montreal555: folds 
Almanza63: folds 
Ruan metal: folds 
Maxr_2992: raises $0.10 to $0.15
BlackMagic974: calls $0.10
*** FLOP *** [3d 3s 9c]
Maxr_2992: bets $0.20
BlackMagic974: calls $0.20
*** TURN *** [3d 3s 9c] [Kh]
Maxr_2992: bets $0.30
BlackMagic974: folds 
Uncalled bet ($0.30) returned to Maxr_2992
Maxr_2992 collected $0.69 from pot
*** SUMMARY ***
Total pot $0.72 | Rake $0.03 
Board [3d 3s 9c Kh]
Seat 1: BlackMagic974 folded on the Turn
Seat 2: men-androsxx folded before Flop (didn't bet)
Seat 3: Ginnungagap7 folded before Flop (didn't bet)
Seat 4: Dorex2007 folded before Flop (didn't bet)
Seat 5: montreal555 folded before Flop (didn't bet)
Seat 6: Almanza63 (button) folded before Flop (didn't bet)
Seat 7: Ruan metal (small blind) folded before Flop
Seat 8: Maxr_2992 (big blind) collected ($0.69)
Seat 9: PauloCesarH folded before Flop (didn't bet)



PokerStars Hand #237569678152:  Hold'em No Limit ($0.02/$0.05 USD) - 2022/07/24 19:20:35 PT [2022/07/24 22:20:35 ET]
Table 'Stebbins' 9-max Seat #7 is the button
Seat 1: BlackMagic974 ($8.45 in chips) 
Seat 2: men-androsxx ($1.01 in chips) 
Seat 3: Ginnungagap7 ($3.22 in chips) 
Seat 4: Dorex2007 ($5.18 in chips) 
Seat 5: montreal555 ($5.16 in chips) 
Seat 6: Almanza63 ($4.90 in chips) 
Seat 7: Ruan metal ($4.78 in chips) 
Seat 8: Maxr_2992 ($5.62 in chips) 
Maxr_2992: posts small blind $0.02
PauloCesarH: is sitting out 
BlackMagic974: posts big blind $0.05
*** HOLE CARDS ***
Dealt to Dorex2007 [Kh Jd]
men-androsxx: calls $0.05
PauloCesarH leaves the table
Ginnungagap7: folds 
Dorex2007: calls $0.05
montreal555: folds 
Almanza63: folds 
Ruan metal: raises $0.22 to $0.27
Maxr_2992: folds 
impperson17 joins the table at seat #9 
BlackMagic974: calls $0.22
men-androsxx: calls $0.22
Dorex2007: folds 
*** FLOP *** [9s Ts Kd]
BlackMagic974: checks 
men-androsxx: checks 
Ruan metal: bets $1.15
BlackMagic974: folds 
men-androsxx: calls $0.74 and is all-in
Uncalled bet ($0.41) returned to Ruan metal
*** TURN *** [9s Ts Kd] [9d]
*** RIVER *** [9s Ts Kd 9d] [8h]
*** SHOW DOWN ***
men-androsxx: shows [8s 7d] (two pair, Nines and Eights)
Ruan metal: shows [Kc Th] (two pair, Kings and Tens)
Ruan metal collected $2.26 from pot
*** SUMMARY ***
Total pot $2.36 | Rake $0.10 
Board [9s Ts Kd 9d 8h]
Seat 1: BlackMagic974 (big blind) folded on the Flop
Seat 2: men-androsxx showed [8s 7d] and lost with two pair, Nines and Eights
Seat 3: Ginnungagap7 folded before Flop (didn't bet)
Seat 4: Dorex2007 folded before Flop
Seat 5: montreal555 folded before Flop (didn't bet)
Seat 6: Almanza63 folded before Flop (didn't bet)
Seat 7: Ruan metal (button) showed [Kc Th] and won ($2.26) with two pair, Kings and Tens
Seat 8: Maxr_2992 (small blind) folded before Flop



PokerStars Hand #237569700006:  Hold'em No Limit ($0.02/$0.05 USD) - 2022/07/24 19:21:51 PT [2022/07/24 22:21:51 ET]
Table 'Stebbins' 9-max Seat #8 is the button
Seat 1: BlackMagic974 ($8.18 in chips) 
Seat 3: Ginnungagap7 ($3.22 in chips) 
Seat 4: Dorex2007 ($5.13 in chips) 
Seat 5: montreal555 ($5.16 in chips) 
Seat 6: Almanza63 ($4.90 in chips) 
Seat 7: Ruan metal ($6.03 in chips) 
Seat 8: Maxr_2992 ($5.60 in chips) 
BlackMagic974: posts small blind $0.02
Ginnungagap7: posts big blind $0.05
*** HOLE CARDS ***
Dealt to Dorex2007 [5d Qs]
Dorex2007: folds 
montreal555: folds 
Almanza63: folds 
Ruan metal: folds 
Maxr_2992: folds 
BlackMagic974: raises $0.10 to $0.15
Ginnungagap7: folds 
Uncalled bet ($0.10) returned to BlackMagic974
BlackMagic974 collected $0.10 from pot
*** SUMMARY ***
Total pot $0.10 | Rake $0 
Seat 1: BlackMagic974 (small blind) collected ($0.10)
Seat 3: Ginnungagap7 (big blind) folded before Flop
Seat 4: Dorex2007 folded before Flop (didn't bet)
Seat 5: montreal555 folded before Flop (didn't bet)
Seat 6: Almanza63 folded before Flop (didn't bet)
Seat 7: Ruan metal folded before Flop (didn't bet)
Seat 8: Maxr_2992 (button) folded before Flop (didn't bet)



PokerStars Hand #237569704186:  Hold'em No Limit ($0.02/$0.05 USD) - 2022/07/24 19:22:15 PT [2022/07/24 22:22:15 ET]
Table 'Stebbins' 9-max Seat #1 is the button
Seat 1: BlackMagic974 ($8.23 in chips) 
Seat 3: Ginnungagap7 ($3.17 in chips) 
Seat 4: Dorex2007 ($5.13 in chips) 
Seat 5: montreal555 ($5.16 in chips) 
Seat 6: Almanza63 ($4.90 in chips) 
Seat 7: Ruan metal ($6.03 in chips) 
Seat 8: Maxr_2992 ($5.60 in chips) 
Seat 9: impperson17 ($4 in chips) 
Ginnungagap7: posts small blind $0.02
Dorex2007: posts big blind $0.05
impperson17: posts big blind $0.05
*** HOLE CARDS ***
Dealt to Dorex2007 [6c Qs]
montreal555: folds 
Almanza63: folds 
Ruan metal: raises $0.17 to $0.22
Maxr_2992: folds 
impperson17: folds 
BlackMagic974: folds 
Ginnungagap7: folds 
Dorex2007: folds 
Uncalled bet ($0.17) returned to Ruan metal
Ruan metal collected $0.17 from pot
*** SUMMARY ***
Total pot $0.17 | Rake $0 
Seat 1: BlackMagic974 (button) folded before Flop (didn't bet)
Seat 3: Ginnungagap7 (small blind) folded before Flop
Seat 4: Dorex2007 (big blind) folded before Flop
Seat 5: montreal555 folded before Flop (didn't bet)
Seat 6: Almanza63 folded before Flop (didn't bet)
Seat 7: Ruan metal collected ($0.17)
Seat 8: Maxr_2992 folded before Flop (didn't bet)
Seat 9: impperson17 folded before Flop (didn't bet)



PokerStars Hand #237569709736:  Hold'em No Limit ($0.02/$0.05 USD) - 2022/07/24 19:22:46 PT [2022/07/24 22:22:46 ET]
Table 'Stebbins' 9-max Seat #3 is the button
Seat 1: BlackMagic974 ($8.23 in chips) 
Seat 2: men-androsxx ($5 in chips) 
Seat 3: Ginnungagap7 ($3.15 in chips) 
Seat 4: Dorex2007 ($5.08 in chips) 
Seat 5: montreal555 ($5.16 in chips) 
Seat 6: Almanza63 ($4.90 in chips) 
Seat 7: Ruan metal ($6.15 in chips) 
Seat 8: Maxr_2992 ($5.60 in chips) 
Seat 9: impperson17 ($3.95 in chips) 
Dorex2007: posts small blind $0.02
montreal555: posts big blind $0.05
men-androsxx: posts small & big blinds $0.07
*** HOLE CARDS ***
Dealt to Dorex2007 [2d 6c]
Almanza63: folds 
Ruan metal: raises $0.10 to $0.15
Maxr_2992: calls $0.15
impperson17: calls $0.15
BlackMagic974: folds 
men-androsxx: calls $0.10
Ginnungagap7: folds 
Dorex2007: folds 
montreal555: folds 
*** FLOP *** [3d Ad 4c]
Ruan metal: checks 
Maxr_2992: bets $0.20
impperson17: folds 
men-androsxx: raises $1.06 to $1.26
Ruan metal: calls $1.26
Maxr_2992: raises $4.19 to $5.45 and is all-in
men-androsxx: calls $3.57 and is all-in
Ruan metal: folds 
Uncalled bet ($0.62) returned to Maxr_2992
*** TURN *** [3d Ad 4c] [Qc]
*** RIVER *** [3d Ad 4c Qc] [2h]
*** SHOW DOWN ***
Maxr_2992: shows [8d Kd] (high card Ace)
men-androsxx: shows [9h As] (a pair of Aces)
men-androsxx collected $11.13 from pot
*** SUMMARY ***
Total pot $11.61 | Rake $0.48 
Board [3d Ad 4c Qc 2h]
Seat 1: BlackMagic974 folded before Flop (didn't bet)
Seat 2: men-androsxx showed [9h As] and won ($11.13) with a pair of Aces
Seat 3: Ginnungagap7 (button) folded before Flop (didn't bet)
Seat 4: Dorex2007 (small blind) folded before Flop
Seat 5: montreal555 (big blind) folded before Flop
Seat 6: Almanza63 folded before Flop (didn't bet)
Seat 7: Ruan metal folded on the Flop
Seat 8: Maxr_2992 showed [8d Kd] and lost with high card Ace
Seat 9: impperson17 folded on the Flop



PokerStars Hand #237569726770:  Hold'em No Limit ($0.02/$0.05 USD) - 2022/07/24 19:24:21 PT [2022/07/24 22:24:21 ET]
Table 'Stebbins' 9-max Seat #4 is the button
Seat 1: BlackMagic974 ($8.23 in chips) 
Seat 2: men-androsxx ($11.13 in chips) 
Seat 3: Ginnungagap7 ($3.15 in chips) 
Seat 4: Dorex2007 ($5.06 in chips) 
Seat 5: montreal555 ($5.11 in chips) 
Seat 6: Almanza63 ($4.90 in chips) 
Seat 7: Ruan metal ($4.74 in chips) 
Seat 8: Maxr_2992 ($0.62 in chips) 
Seat 9: impperson17 ($3.80 in chips) 
montreal555: posts small blind $0.02
Almanza63: posts big blind $0.05
*** HOLE CARDS ***
Dealt to Dorex2007 [8s 8h]
Ruan metal: folds 
Maxr_2992: calls $0.05
impperson17: calls $0.05
BlackMagic974: folds 
men-androsxx: calls $0.05
Ginnungagap7: folds 
Dorex2007: raises $0.20 to $0.25
montreal555: folds 
Almanza63: folds 
Maxr_2992: raises $0.37 to $0.62 and is all-in
impperson17: folds 
men-androsxx: calls $0.57
Dorex2007: folds 
*** FLOP *** [6s 3c Th]
*** TURN *** [6s 3c Th] [Jc]
*** RIVER *** [6s 3c Th Jc] [6c]
*** SHOW DOWN ***
Maxr_2992: shows [Kc Qh] (a pair of Sixes)
men-androsxx: shows [Tc Qc] (a flush, Queen high)
men-androsxx collected $1.54 from pot
*** SUMMARY ***
Total pot $1.61 | Rake $0.07 
Board [6s 3c Th Jc 6c]
Seat 1: BlackMagic974 folded before Flop (didn't bet)
Seat 2: men-androsxx showed [Tc Qc] and won ($1.54) with a flush, Queen high
Seat 3: Ginnungagap7 folded before Flop (didn't bet)
Seat 4: Dorex2007 (button) folded before Flop
Seat 5: montreal555 (small blind) folded before Flop
Seat 6: Almanza63 (big blind) folded before Flop
Seat 7: Ruan metal folded before Flop (didn't bet)
Seat 8: Maxr_2992 showed [Kc Qh] and lost with a pair of Sixes
Seat 9: impperson17 folded before Flop



PokerStars Hand #237569735451:  Hold'em No Limit ($0.02/$0.05 USD) - 2022/07/24 19:25:09 PT [2022/07/24 22:25:09 ET]
Table 'Stebbins' 9-max Seat #5 is the button
Seat 1: BlackMagic974 ($8.23 in chips) 
Seat 2: men-androsxx ($12.05 in chips) 
Seat 3: Ginnungagap7 ($3.15 in chips) 
Seat 4: Dorex2007 ($5 in chips) 
Seat 5: montreal555 ($5.09 in chips) 
Seat 6: Almanza63 ($4.85 in chips) 
Seat 7: Ruan metal ($4.74 in chips) 
Seat 9: impperson17 ($3.75 in chips) 
Almanza63: posts small blind $0.02
Ruan metal: posts big blind $0.05
*** HOLE CARDS ***
Dealt to Dorex2007 [8c Jd]
impperson17: calls $0.05
BlackMagic974: calls $0.05
men-androsxx: folds 
Ginnungagap7: folds 
Dorex2007: folds 
montreal555: folds 
Almanza63: calls $0.03
Ruan metal: checks 
*** FLOP *** [Kd 3d Th]
Almanza63: checks 
Ruan metal: checks 
impperson17: bets $0.19
BlackMagic974: folds 
Almanza63: folds 
Ruan metal: folds 
Uncalled bet ($0.19) returned to impperson17
impperson17 collected $0.19 from pot
*** SUMMARY ***
Total pot $0.20 | Rake $0.01 
Board [Kd 3d Th]
Seat 1: BlackMagic974 folded on the Flop
Seat 2: men-androsxx folded before Flop (didn't bet)
Seat 3: Ginnungagap7 folded before Flop (didn't bet)
Seat 4: Dorex2007 folded before Flop (didn't bet)
Seat 5: montreal555 (button) folded before Flop (didn't bet)
Seat 6: Almanza63 (small blind) folded on the Flop
Seat 7: Ruan metal (big blind) folded on the Flop
Seat 9: impperson17 collected ($0.19)



PokerStars Hand #237569742667:  Hold'em No Limit ($0.02/$0.05 USD) - 2022/07/24 19:25:50 PT [2022/07/24 22:25:50 ET]
Table 'Stebbins' 9-max Seat #6 is the button
Seat 1: BlackMagic974 ($8.18 in chips) 
Seat 2: men-androsxx ($12.05 in chips) 
Seat 3: Ginnungagap7 ($3.15 in chips) 
Seat 4: Dorex2007 ($5 in chips) 
Seat 5: montreal555 ($5.09 in chips) 
Seat 6: Almanza63 ($4.80 in chips) 
Seat 7: Ruan metal ($5 in chips) 
Seat 8: Maxr_2992 ($5 in chips) 
Seat 9: impperson17 ($3.89 in chips) 
Ruan metal: posts small blind $0.02
Maxr_2992: posts big blind $0.05
*** HOLE CARDS ***
Dealt to Dorex2007 [As Qd]
impperson17: calls $0.05
BlackMagic974: calls $0.05
men-androsxx: calls $0.05
Ginnungagap7: folds 
Dorex2007: raises $0.20 to $0.25
montreal555: folds 
Almanza63: folds 
Ruan metal: folds 
Maxr_2992: folds 
impperson17: folds 
BlackMagic974: folds 
men-androsxx: calls $0.20
*** FLOP *** [Ac Kc Tc]
men-androsxx: checks 
Dorex2007: bets $0.43
men-androsxx: calls $0.43
*** TURN *** [Ac Kc Tc] [3h]
men-androsxx: checks 
Dorex2007: checks 
*** RIVER *** [Ac Kc Tc 3h] [Jh]
men-androsxx: checks 
Dorex2007: bets $0.73
men-androsxx: folds 
Uncalled bet ($0.73) returned to Dorex2007
Dorex2007 collected $1.47 from pot
*** SUMMARY ***
Total pot $1.53 | Rake $0.06 
Board [Ac Kc Tc 3h Jh]
Seat 1: BlackMagic974 folded before Flop
Seat 2: men-androsxx folded on the River
Seat 3: Ginnungagap7 folded before Flop (didn't bet)
Seat 4: Dorex2007 collected ($1.47)
Seat 5: montreal555 folded before Flop (didn't bet)
Seat 6: Almanza63 (button) folded before Flop (didn't bet)
Seat 7: Ruan metal (small blind) folded before Flop
Seat 8: Maxr_2992 (big blind) folded before Flop
Seat 9: impperson17 folded before Flop



PokerStars Hand #237569751927:  Hold'em No Limit ($0.02/$0.05 USD) - 2022/07/24 19:26:42 PT [2022/07/24 22:26:42 ET]
Table 'Stebbins' 9-max Seat #7 is the button
Seat 1: BlackMagic974 ($8.13 in chips) 
Seat 2: men-androsxx ($11.37 in chips) 
Seat 3: Ginnungagap7 ($3.15 in chips) 
Seat 4: Dorex2007 ($5.79 in chips) 
Seat 5: montreal555 ($5.09 in chips) 
Seat 6: Almanza63 ($4.80 in chips) 
Seat 7: Ruan metal ($4.98 in chips) 
Seat 8: Maxr_2992 ($4.95 in chips) 
Seat 9: impperson17 ($3.84 in chips) 
Maxr_2992: posts small blind $0.02
impperson17: posts big blind $0.05
*** HOLE CARDS ***
Dealt to Dorex2007 [7d 9c]
BlackMagic974: folds 
men-androsxx: calls $0.05
Ginnungagap7: folds 
Dorex2007: folds 
montreal555: folds 
Almanza63: folds 
Ruan metal: raises $0.25 to $0.30
Maxr_2992: folds 
impperson17: folds 
men-androsxx: calls $0.25
*** FLOP *** [9d 8h As]
men-androsxx: checks 
Ruan metal: bets $0.35
men-androsxx: calls $0.35
*** TURN *** [9d 8h As] [Tc]
men-androsxx: checks 
Ruan metal: checks 
*** RIVER *** [9d 8h As Tc] [6s]
men-androsxx: bets $1.31
Ruan metal: folds 
Uncalled bet ($1.31) returned to men-androsxx
men-androsxx collected $1.31 from pot
*** SUMMARY ***
Total pot $1.37 | Rake $0.06 
Board [9d 8h As Tc 6s]
Seat 1: BlackMagic974 folded before Flop (didn't bet)
Seat 2: men-androsxx collected ($1.31)
Seat 3: Ginnungagap7 folded before Flop (didn't bet)
Seat 4: Dorex2007 folded before Flop (didn't bet)
Seat 5: montreal555 folded before Flop (didn't bet)
Seat 6: Almanza63 folded before Flop (didn't bet)
Seat 7: Ruan metal (button) folded on the River
Seat 8: Maxr_2992 (small blind) folded before Flop
Seat 9: impperson17 (big blind) folded before Flop



PokerStars Hand #237569759435:  Hold'em No Limit ($0.02/$0.05 USD) - 2022/07/24 19:27:24 PT [2022/07/24 22:27:24 ET]
Table 'Stebbins' 9-max Seat #8 is the button
Seat 1: BlackMagic974 ($8.13 in chips) 
Seat 2: men-androsxx ($12.03 in chips) 
Seat 3: Ginnungagap7 ($3.15 in chips) 
Seat 4: Dorex2007 ($5.79 in chips) 
Seat 5: montreal555 ($5.09 in chips) 
Seat 6: Almanza63 ($4.80 in chips) 
Seat 7: Ruan metal ($4.33 in chips) 
Seat 8: Maxr_2992 ($4.93 in chips) 
Seat 9: impperson17 ($3.79 in chips) 
impperson17: posts small blind $0.02
BlackMagic974: posts big blind $0.05
*** HOLE CARDS ***
Dealt to Dorex2007 [3s Td]
men-androsxx: folds 
Ginnungagap7: folds 
Dorex2007 has timed out
Dorex2007: folds 
montreal555: folds 
Almanza63: folds 
Ruan metal: raises $0.10 to $0.15
Maxr_2992: folds 
impperson17: calls $0.13
BlackMagic974: calls $0.10
*** FLOP *** [5s Kd Qs]
impperson17: bets $0.43
BlackMagic974: folds 
Ruan metal: raises $0.82 to $1.25
impperson17: calls $0.82
*** TURN *** [5s Kd Qs] [8h]
impperson17: bets $1.41
Ruan metal: raises $1.52 to $2.93 and is all-in
impperson17: calls $0.98 and is all-in
Uncalled bet ($0.54) returned to Ruan metal
*** RIVER *** [5s Kd Qs 8h] [3h]
*** SHOW DOWN ***
impperson17: shows [Kh 8c] (two pair, Kings and Eights)
Ruan metal: shows [5c 5d] (three of a kind, Fives)
Ruan metal collected $7.41 from pot
impperson17 cashed out the hand for $0.67 | Cash Out Fee $0.01
*** SUMMARY ***
Total pot $7.73 | Rake $0.32 
Board [5s Kd Qs 8h 3h]
Seat 1: BlackMagic974 (big blind) folded on the Flop
Seat 2: men-androsxx folded before Flop (didn't bet)
Seat 3: Ginnungagap7 folded before Flop (didn't bet)
Seat 4: Dorex2007 folded before Flop (didn't bet)
Seat 5: montreal555 folded before Flop (didn't bet)
Seat 6: Almanza63 folded before Flop (didn't bet)
Seat 7: Ruan metal showed [5c 5d] and won ($7.41) with three of a kind, Fives
Seat 8: Maxr_2992 (button) folded before Flop (didn't bet)
Seat 9: impperson17 (small blind) showed [Kh 8c] and lost with two pair, Kings and Eights (cashed out).



PokerStars Hand #237569772820:  Hold'em No Limit ($0.02/$0.05 USD) - 2022/07/24 19:28:41 PT [2022/07/24 22:28:41 ET]
Table 'Stebbins' 9-max Seat #9 is the button
Seat 1: BlackMagic974 ($7.98 in chips) 
Seat 2: men-androsxx ($12.03 in chips) 
Seat 3: Ginnungagap7 ($3.15 in chips) 
Seat 4: Dorex2007 ($5.79 in chips) 
Seat 5: montreal555 ($5.09 in chips) 
Seat 6: Almanza63 ($4.80 in chips) 
Seat 7: Ruan metal ($7.95 in chips) 
Seat 8: Maxr_2992 ($4.93 in chips) 
Seat 9: impperson17 ($0.67 in chips) 
BlackMagic974: posts small blind $0.02
men-androsxx: posts big blind $0.05
*** HOLE CARDS ***
Dealt to Dorex2007 [7c 5s]
Ginnungagap7: folds 
Dorex2007 has timed out
Dorex2007: folds 
montreal555: calls $0.05
Almanza63: folds 
Ruan metal: folds 
Maxr_2992: folds 
impperson17: folds 
BlackMagic974: folds 
men-androsxx: checks 
*** FLOP *** [7d 9h 2h]
men-androsxx: checks 
montreal555: bets $0.10
men-androsxx: calls $0.10
*** TURN *** [7d 9h 2h] [Kd]
men-androsxx: checks 
montreal555: checks 
*** RIVER *** [7d 9h 2h Kd] [Qh]
men-androsxx: checks 
impperson17 leaves the table
montreal555: bets $0.31
men-androsxx: folds 
Uncalled bet ($0.31) returned to montreal555
montreal555 collected $0.31 from pot
*** SUMMARY ***
Total pot $0.32 | Rake $0.01 
Board [7d 9h 2h Kd Qh]
Seat 1: BlackMagic974 (small blind) folded before Flop
Seat 2: men-androsxx (big blind) folded on the River
Seat 3: Ginnungagap7 folded before Flop (didn't bet)
Seat 4: Dorex2007 folded before Flop (didn't bet)
Seat 5: montreal555 collected ($0.31)
Seat 6: Almanza63 folded before Flop (didn't bet)
Seat 7: Ruan metal folded before Flop (didn't bet)
Seat 8: Maxr_2992 folded before Flop (didn't bet)
Seat 9: impperson17 (button) folded before Flop (didn't bet)



PokerStars Hand #237569783183:  Hold'em No Limit ($0.02/$0.05 USD) - 2022/07/24 19:29:39 PT [2022/07/24 22:29:39 ET]
Table 'Stebbins' 9-max Seat #1 is the button
Seat 1: BlackMagic974 ($7.96 in chips) 
Seat 2: men-androsxx ($11.88 in chips) 
Seat 3: Ginnungagap7 ($3.15 in chips) 
Seat 4: Dorex2007 ($5.79 in chips) 
Seat 5: montreal555 ($5.25 in chips) 
Seat 6: Almanza63 ($4.80 in chips) 
Seat 7: Ruan metal ($7.95 in chips) 
Seat 8: Maxr_2992 ($4.93 in chips) 
men-androsxx: posts small blind $0.02
Ginnungagap7: posts big blind $0.05
*** HOLE CARDS ***
Dealt to Dorex2007 [Jc 6d]
Eighcehole joins the table at seat #9 
Dorex2007: folds 
montreal555: folds 
Almanza63: folds 
Ruan metal: raises $0.10 to $0.15
Maxr_2992: folds 
BlackMagic974: folds 
men-androsxx: calls $0.13
Ginnungagap7: calls $0.10
*** FLOP *** [As 9h Kh]
men-androsxx: checks 
Ginnungagap7: checks 
Ruan metal: checks 
*** TURN *** [As 9h Kh] [4h]
men-androsxx: checks 
Ginnungagap7: bets $0.32
Ruan metal: folds 
men-androsxx: folds 
Uncalled bet ($0.32) returned to Ginnungagap7
Ginnungagap7 collected $0.43 from pot
*** SUMMARY ***
Total pot $0.45 | Rake $0.02 
Board [As 9h Kh 4h]
Seat 1: BlackMagic974 (button) folded before Flop (didn't bet)
Seat 2: men-androsxx (small blind) folded on the Turn
Seat 3: Ginnungagap7 (big blind) collected ($0.43)
Seat 4: Dorex2007 folded before Flop (didn't bet)
Seat 5: montreal555 folded before Flop (didn't bet)
Seat 6: Almanza63 folded before Flop (didn't bet)
Seat 7: Ruan metal folded on the Turn
Seat 8: Maxr_2992 folded before Flop (didn't bet)



PokerStars Hand #237569793210:  Hold'em No Limit ($0.02/$0.05 USD) - 2022/07/24 19:30:36 PT [2022/07/24 22:30:36 ET]
Table 'Stebbins' 9-max Seat #2 is the button
Seat 1: BlackMagic974 ($7.96 in chips) 
Seat 2: men-androsxx ($11.73 in chips) 
Seat 3: Ginnungagap7 ($3.43 in chips) 
Seat 4: Dorex2007 ($5.79 in chips) 
Seat 5: montreal555 ($5.25 in chips) 
Seat 6: Almanza63 ($4.80 in chips) 
Seat 7: Ruan metal ($7.80 in chips) 
Seat 8: Maxr_2992 ($4.93 in chips) 
Ginnungagap7: posts small blind $0.02
Dorex2007: posts big blind $0.05
Eighcehole: sits out 
*** HOLE CARDS ***
Dealt to Dorex2007 [5h 6d]
montreal555: folds 
Almanza63: folds 
Ruan metal: folds 
Maxr_2992: folds 
BlackMagic974: folds 
men-androsxx: raises $0.12 to $0.17
Ginnungagap7: folds 
Dorex2007: folds 
Uncalled bet ($0.12) returned to men-androsxx
men-androsxx collected $0.12 from pot
*** SUMMARY ***
Total pot $0.12 | Rake $0 
Seat 1: BlackMagic974 folded before Flop (didn't bet)
Seat 2: men-androsxx (button) collected ($0.12)
Seat 3: Ginnungagap7 (small blind) folded before Flop
Seat 4: Dorex2007 (big blind) folded before Flop
Seat 5: montreal555 folded before Flop (didn't bet)
Seat 6: Almanza63 folded before Flop (didn't bet)
Seat 7: Ruan metal folded before Flop (didn't bet)
Seat 8: Maxr_2992 folded before Flop (didn't bet)



PokerStars Hand #237569805691:  Hold'em No Limit ($0.02/$0.05 USD) - 2022/07/24 19:31:10 PT [2022/07/24 22:31:10 ET]
Table 'Stebbins' 9-max Seat #3 is the button
Seat 1: BlackMagic974 ($7.96 in chips) 
Seat 2: men-androsxx ($11.80 in chips) 
Seat 3: Ginnungagap7 ($3.41 in chips) 
Seat 4: Dorex2007 ($5.74 in chips) 
Seat 5: montreal555 ($5.25 in chips) 
Seat 6: Almanza63 ($4.80 in chips) 
Seat 7: Ruan metal ($7.80 in chips) 
Seat 8: Maxr_2992 ($4.93 in chips) 
Dorex2007: posts small blind $0.02
montreal555: posts big blind $0.05
Eighcehole: sits out 
*** HOLE CARDS ***
Dealt to Dorex2007 [Qh 4h]
Almanza63: folds 
Ruan metal: raises $0.10 to $0.15
Maxr_2992: calls $0.15
BlackMagic974: folds 
men-androsxx: calls $0.15
Ginnungagap7: folds 
Dorex2007: folds 
montreal555: folds 
*** FLOP *** [Qd Qc Ac]
Ruan metal: checks 
Maxr_2992: bets $0.25
men-androsxx: folds 
Ruan metal: folds 
Uncalled bet ($0.25) returned to Maxr_2992
Maxr_2992 collected $0.50 from pot
*** SUMMARY ***
Total pot $0.52 | Rake $0.02 
Board [Qd Qc Ac]
Seat 1: BlackMagic974 folded before Flop (didn't bet)
Seat 2: men-androsxx folded on the Flop
Seat 3: Ginnungagap7 (button) folded before Flop (didn't bet)
Seat 4: Dorex2007 (small blind) folded before Flop
Seat 5: montreal555 (big blind) folded before Flop
Seat 6: Almanza63 folded before Flop (didn't bet)
Seat 7: Ruan metal folded on the Flop
Seat 8: Maxr_2992 collected ($0.50)



PokerStars Hand #237569810188:  Hold'em No Limit ($0.02/$0.05 USD) - 2022/07/24 19:31:36 PT [2022/07/24 22:31:36 ET]
Table 'Stebbins' 9-max Seat #4 is the button
Seat 1: BlackMagic974 ($7.96 in chips) 
Seat 2: men-androsxx ($11.65 in chips) 
Seat 3: Ginnungagap7 ($3.41 in chips) 
Seat 4: Dorex2007 ($5.72 in chips) 
Seat 5: montreal555 ($5.20 in chips) 
Seat 6: Almanza63 ($4.80 in chips) 
Seat 7: Ruan metal ($7.65 in chips) 
Seat 8: Maxr_2992 ($5.28 in chips) 
montreal555: posts small blind $0.02
Almanza63: posts big blind $0.05
Eighcehole: sits out 
*** HOLE CARDS ***
Dealt to Dorex2007 [3d 5c]
Ruan metal: folds 
Maxr_2992: folds 
Maxr_2992 leaves the table
BlackMagic974: calls $0.05
men-androsxx: folds 
Ginnungagap7: folds 
Dorex2007: folds 
montreal555: folds 
Almanza63: raises $0.08 to $0.13
Mauricio3407 joins the table at seat #8 
BlackMagic974: calls $0.08
*** FLOP *** [As Td 6s]
Almanza63: bets $0.13
BlackMagic974: calls $0.13
*** TURN *** [As Td 6s] [Kd]
Almanza63: checks 
BlackMagic974: bets $0.52
Mauricio3407 leaves the table
Almanza63: folds 
Uncalled bet ($0.52) returned to BlackMagic974
BlackMagic974 collected $0.52 from pot
*** SUMMARY ***
Total pot $0.54 | Rake $0.02 
Board [As Td 6s Kd]
Seat 1: BlackMagic974 collected ($0.52)
Seat 2: men-androsxx folded before Flop (didn't bet)
Seat 3: Ginnungagap7 folded before Flop (didn't bet)
Seat 4: Dorex2007 (button) folded before Flop (didn't bet)
Seat 5: montreal555 (small blind) folded before Flop
Seat 6: Almanza63 (big blind) folded on the Turn
Seat 7: Ruan metal folded before Flop (didn't bet)
Seat 8: Maxr_2992 folded before Flop (didn't bet)



PokerStars Hand #237569824933:  Hold'em No Limit ($0.02/$0.05 USD) - 2022/07/24 19:33:00 PT [2022/07/24 22:33:00 ET]
Table 'Stebbins' 9-max Seat #5 is the button
Seat 1: BlackMagic974 ($8.22 in chips) 
Seat 2: men-androsxx ($11.65 in chips) 
Seat 3: Ginnungagap7 ($3.41 in chips) 
Seat 4: Dorex2007 ($5.72 in chips) 
Seat 5: montreal555 ($5.18 in chips) 
Seat 6: Almanza63 ($4.54 in chips) 
Seat 7: Ruan metal ($7.65 in chips) 
Almanza63: posts small blind $0.02
Ruan metal: posts big blind $0.05
Eighcehole: sits out 
*** HOLE CARDS ***
Dealt to Dorex2007 [Kc 5s]
BlackMagic974: raises $0.10 to $0.15
men-androsxx: calls $0.15
Ginnungagap7: folds 
Dorex2007: folds 
montreal555: folds 
Almanza63: folds 
Ruan metal: folds 
*** FLOP *** [8d 4c Td]
BlackMagic974: bets $0.22
men-androsxx: calls $0.22
*** TURN *** [8d 4c Td] [6h]
BlackMagic974: bets $0.44
men-androsxx: calls $0.44
*** RIVER *** [8d 4c Td 6h] [7s]
BlackMagic974: bets $1.62
men-androsxx: raises $4.86 to $6.48
BlackMagic974: folds 
Uncalled bet ($4.86) returned to men-androsxx
men-androsxx collected $4.73 from pot
*** SUMMARY ***
Total pot $4.93 | Rake $0.20 
Board [8d 4c Td 6h 7s]
Seat 1: BlackMagic974 folded on the River
Seat 2: men-androsxx collected ($4.73)
Seat 3: Ginnungagap7 folded before Flop (didn't bet)
Seat 4: Dorex2007 folded before Flop (didn't bet)
Seat 5: montreal555 (button) folded before Flop (didn't bet)
Seat 6: Almanza63 (small blind) folded before Flop
Seat 7: Ruan metal (big blind) folded before Flop



PokerStars Hand #237569832308:  Hold'em No Limit ($0.02/$0.05 USD) - 2022/07/24 19:33:44 PT [2022/07/24 22:33:44 ET]
Table 'Stebbins' 9-max Seat #6 is the button
Seat 1: BlackMagic974 ($5.79 in chips) 
Seat 2: men-androsxx ($13.95 in chips) 
Seat 3: Ginnungagap7 ($3.41 in chips) 
Seat 4: Dorex2007 ($5.72 in chips) 
Seat 5: montreal555 ($5.18 in chips) 
Seat 6: Almanza63 ($4.52 in chips) 
Seat 7: Ruan metal ($7.60 in chips) 
Seat 9: Eighcehole ($5 in chips) 
Ruan metal: posts small blind $0.02
Eighcehole: posts big blind $0.05
*** HOLE CARDS ***
Dealt to Dorex2007 [9d 5s]
BlackMagic974: folds 
BlackMagic974 leaves the table
men-androsxx: folds 
Ginnungagap7: folds 
Dorex2007: folds 
montreal555: folds 
Almanza63: folds 
Ruan metal: calls $0.03
Eighcehole: checks 
*** FLOP *** [7d Ad 2h]
Ruan metal: checks 
Eighcehole: checks 
*** TURN *** [7d Ad 2h] [3c]
Ruan metal: bets $0.10
Eighcehole: folds 
Uncalled bet ($0.10) returned to Ruan metal
Ruan metal collected $0.10 from pot
*** SUMMARY ***
Total pot $0.10 | Rake $0 
Board [7d Ad 2h 3c]
Seat 1: BlackMagic974 folded before Flop (didn't bet)
Seat 2: men-androsxx folded before Flop (didn't bet)
Seat 3: Ginnungagap7 folded before Flop (didn't bet)
Seat 4: Dorex2007 folded before Flop (didn't bet)
Seat 5: montreal555 folded before Flop (didn't bet)
Seat 6: Almanza63 (button) folded before Flop (didn't bet)
Seat 7: Ruan metal (small blind) collected ($0.10)
Seat 9: Eighcehole (big blind) folded on the Turn



PokerStars Hand #237569837579:  Hold'em No Limit ($0.02/$0.05 USD) - 2022/07/24 19:34:15 PT [2022/07/24 22:34:15 ET]
Table 'Stebbins' 9-max Seat #7 is the button
Seat 2: men-androsxx ($13.95 in chips) 
Seat 3: Ginnungagap7 ($3.41 in chips) 
Seat 4: Dorex2007 ($5.72 in chips) 
Seat 5: montreal555 ($5.18 in chips) 
Seat 6: Almanza63 ($4.52 in chips) 
Seat 7: Ruan metal ($7.65 in chips) 
Seat 9: Eighcehole ($4.95 in chips) 
Eighcehole: posts small blind $0.02
men-androsxx: posts big blind $0.05
*** HOLE CARDS ***
Dealt to Dorex2007 [3h Jd]
Ginnungagap7: folds 
Dorex2007: folds 
montreal555: folds 
Almanza63: folds 
Quiet Sunday joins the table at seat #1 
Ruan metal: raises $0.10 to $0.15
Eighcehole: folds 
men-androsxx: calls $0.10
*** FLOP *** [Tc 7c 5s]
men-androsxx: bets $0.31
Ruan metal: folds 
Uncalled bet ($0.31) returned to men-androsxx
men-androsxx collected $0.31 from pot
*** SUMMARY ***
Total pot $0.32 | Rake $0.01 
Board [Tc 7c 5s]
Seat 2: men-androsxx (big blind) collected ($0.31)
Seat 3: Ginnungagap7 folded before Flop (didn't bet)
Seat 4: Dorex2007 folded before Flop (didn't bet)
Seat 5: montreal555 folded before Flop (didn't bet)
Seat 6: Almanza63 folded before Flop (didn't bet)
Seat 7: Ruan metal (button) folded on the Flop
Seat 9: Eighcehole (small blind) folded before Flop



PokerStars Hand #237569841350:  Hold'em No Limit ($0.02/$0.05 USD) - 2022/07/24 19:34:37 PT [2022/07/24 22:34:37 ET]
Table 'Stebbins' 9-max Seat #9 is the button
Seat 2: men-androsxx ($14.11 in chips) 
Seat 3: Ginnungagap7 ($3.41 in chips) 
Seat 4: Dorex2007 ($5.72 in chips) 
Seat 5: montreal555 ($5.18 in chips) 
Seat 6: Almanza63 ($4.52 in chips) 
Seat 7: Ruan metal ($7.50 in chips) 
Seat 9: Eighcehole ($4.93 in chips) 
men-androsxx: posts small blind $0.02
Ginnungagap7: posts big blind $0.05
*** HOLE CARDS ***
Dealt to Dorex2007 [5s 5h]
Dorex2007: calls $0.05
montreal555: folds 
Almanza63: folds 
Ruan metal: folds 
alexvgb444 joins the table at seat #8 
Eighcehole: raises $0.10 to $0.15
men-androsxx: calls $0.13
Ginnungagap7: folds 
Dorex2007: calls $0.10
*** FLOP *** [Qd 6d Kd]
men-androsxx: checks 
Dorex2007: checks 
Eighcehole: checks 
*** TURN *** [Qd 6d Kd] [2d]
men-androsxx: checks 
Dorex2007: checks 
Eighcehole: checks 
*** RIVER *** [Qd 6d Kd 2d] [4h]
men-androsxx: bets $0.48
Dorex2007: folds 
Eighcehole: folds 
Uncalled bet ($0.48) returned to men-androsxx
men-androsxx collected $0.48 from pot
*** SUMMARY ***
Total pot $0.50 | Rake $0.02 
Board [Qd 6d Kd 2d 4h]
Seat 2: men-androsxx (small blind) collected ($0.48)
Seat 3: Ginnungagap7 (big blind) folded before Flop
Seat 4: Dorex2007 folded on the River
Seat 5: montreal555 folded before Flop (didn't bet)
Seat 6: Almanza63 folded before Flop (didn't bet)
Seat 7: Ruan metal folded before Flop (didn't bet)
Seat 9: Eighcehole (button) folded on the River



PokerStars Hand #237569849922:  Hold'em No Limit ($0.02/$0.05 USD) - 2022/07/24 19:35:27 PT [2022/07/24 22:35:27 ET]
Table 'Stebbins' 9-max Seat #2 is the button
Seat 2: men-androsxx ($14.44 in chips) 
Seat 3: Ginnungagap7 ($3.36 in chips) 
Seat 4: Dorex2007 ($5.57 in chips) 
Seat 5: montreal555 ($5.18 in chips) 
Seat 6: Almanza63 ($4.52 in chips) 
Seat 7: Ruan metal ($7.50 in chips) 
Seat 9: Eighcehole ($4.78 in chips) 
Ginnungagap7: posts small blind $0.02
Dorex2007: posts big blind $0.05
alexvgb444: sits out 
Quiet Sunday: sits out 
*** HOLE CARDS ***
Dealt to Dorex2007 [4d Qh]
montreal555: folds 
Almanza63: folds 
Ruan metal: raises $0.10 to $0.15
Eighcehole: folds 
men-androsxx: calls $0.15
Ginnungagap7: folds 
Dorex2007: folds 
*** FLOP *** [5c Kc 7c]
Ruan metal: bets $0.17
men-androsxx: calls $0.17
*** TURN *** [5c Kc 7c] [4c]
Ruan metal: bets $0.34
men-androsxx: calls $0.34
*** RIVER *** [5c Kc 7c 4c] [Ah]
Ruan metal: bets $1.33
men-androsxx: calls $1.33
*** SHOW DOWN ***
Ruan metal: shows [Qc Kd] (a flush, King high)
men-androsxx: mucks hand 
Ruan metal collected $3.88 from pot
*** SUMMARY ***
Total pot $4.05 | Rake $0.17 
Board [5c Kc 7c 4c Ah]
Seat 2: men-androsxx (button) mucked [3c 7s]
Seat 3: Ginnungagap7 (small blind) folded before Flop
Seat 4: Dorex2007 (big blind) folded before Flop
Seat 5: montreal555 folded before Flop (didn't bet)
Seat 6: Almanza63 folded before Flop (didn't bet)
Seat 7: Ruan metal showed [Qc Kd] and won ($3.88) with a flush, King high
Seat 9: Eighcehole folded before Flop (didn't bet)



PokerStars Hand #237569856925:  Hold'em No Limit ($0.02/$0.05 USD) - 2022/07/24 19:36:08 PT [2022/07/24 22:36:08 ET]
Table 'Stebbins' 9-max Seat #3 is the button
Seat 2: men-androsxx ($12.45 in chips) 
Seat 3: Ginnungagap7 ($3.34 in chips) 
Seat 4: Dorex2007 ($5.52 in chips) 
Seat 5: montreal555 ($5.18 in chips) 
Seat 6: Almanza63 ($4.52 in chips) 
Seat 7: Ruan metal ($9.39 in chips) 
Seat 8: alexvgb444 ($5 in chips) 
Seat 9: Eighcehole ($4.78 in chips) 
Dorex2007: posts small blind $0.02
montreal555: posts big blind $0.05
alexvgb444: posts big blind $0.05
Quiet Sunday: sits out 
*** HOLE CARDS ***
Dealt to Dorex2007 [Jd Th]
Almanza63: folds 
Ruan metal: folds 
alexvgb444: checks 
Eighcehole: folds 
men-androsxx: calls $0.05
Ginnungagap7: folds 
Dorex2007: calls $0.03
montreal555: checks 
*** FLOP *** [Kh 3c 3s]
Dorex2007: checks 
montreal555: checks 
alexvgb444: checks 
men-androsxx: bets $0.19
Dorex2007: folds 
montreal555: folds 
alexvgb444: folds 
Uncalled bet ($0.19) returned to men-androsxx
men-androsxx collected $0.19 from pot
*** SUMMARY ***
Total pot $0.20 | Rake $0.01 
Board [Kh 3c 3s]
Seat 2: men-androsxx collected ($0.19)
Seat 3: Ginnungagap7 (button) folded before Flop (didn't bet)
Seat 4: Dorex2007 (small blind) folded on the Flop
Seat 5: montreal555 (big blind) folded on the Flop
Seat 6: Almanza63 folded before Flop (didn't bet)
Seat 7: Ruan metal folded before Flop (didn't bet)
Seat 8: alexvgb444 folded on the Flop (didn't bet)
Seat 9: Eighcehole folded before Flop (didn't bet)



PokerStars Hand #237569865638:  Hold'em No Limit ($0.02/$0.05 USD) - 2022/07/24 19:37:00 PT [2022/07/24 22:37:00 ET]
Table 'Stebbins' 9-max Seat #4 is the button
Seat 2: men-androsxx ($12.59 in chips) 
Seat 3: Ginnungagap7 ($3.34 in chips) 
Seat 4: Dorex2007 ($5.47 in chips) 
Seat 5: montreal555 ($5.13 in chips) 
Seat 6: Almanza63 ($4.52 in chips) 
Seat 7: Ruan metal ($9.39 in chips) 
Seat 8: alexvgb444 ($4.95 in chips) 
Seat 9: Eighcehole ($4.78 in chips) 
montreal555: posts small blind $0.02
Almanza63: posts big blind $0.05
Quiet Sunday: sits out 
*** HOLE CARDS ***
Dealt to Dorex2007 [2s 9s]
Ruan metal: folds 
alexvgb444: calls $0.05
Eighcehole: folds 
men-androsxx: calls $0.05
Ginnungagap7: raises $0.22 to $0.27
Dorex2007: folds 
montreal555: folds 
Almanza63: raises $0.52 to $0.79
alexvgb444: folds 
men-androsxx: folds 
Ginnungagap7: raises $2.55 to $3.34 and is all-in
Almanza63: calls $2.55
*** FLOP *** [Jh 9c 4d]
*** TURN *** [Jh 9c 4d] [6d]
*** RIVER *** [Jh 9c 4d 6d] [7c]
*** SHOW DOWN ***
Almanza63: shows [As Ac] (a pair of Aces)
Ginnungagap7: shows [Kh Kc] (a pair of Kings)
Almanza63 collected $6.52 from pot
*** SUMMARY ***
Total pot $6.80 | Rake $0.28 
Board [Jh 9c 4d 6d 7c]
Seat 2: men-androsxx folded before Flop
Seat 3: Ginnungagap7 showed [Kh Kc] and lost with a pair of Kings
Seat 4: Dorex2007 (button) folded before Flop (didn't bet)
Seat 5: montreal555 (small blind) folded before Flop
Seat 6: Almanza63 (big blind) showed [As Ac] and won ($6.52) with a pair of Aces
Seat 7: Ruan metal folded before Flop (didn't bet)
Seat 8: alexvgb444 folded before Flop
Seat 9: Eighcehole folded before Flop (didn't bet)



PokerStars Hand #237569873374:  Hold'em No Limit ($0.02/$0.05 USD) - 2022/07/24 19:37:45 PT [2022/07/24 22:37:45 ET]
Table 'Stebbins' 9-max Seat #5 is the button
Seat 2: men-androsxx ($12.54 in chips) 
Seat 3: Ginnungagap7 ($2 in chips) 
Seat 4: Dorex2007 ($5.47 in chips) 
Seat 5: montreal555 ($5.11 in chips) 
Seat 6: Almanza63 ($7.70 in chips) 
Seat 7: Ruan metal ($9.39 in chips) 
Seat 8: alexvgb444 ($4.90 in chips) 
Seat 9: Eighcehole ($4.78 in chips) 
Almanza63: posts small blind $0.02
Ruan metal: posts big blind $0.05
Quiet Sunday: sits out 
*** HOLE CARDS ***
Dealt to Dorex2007 [4c Jc]
alexvgb444: calls $0.05
Eighcehole: folds 
men-androsxx: calls $0.05
Ginnungagap7: folds 
Dorex2007: folds 
montreal555: folds 
Almanza63: calls $0.03
Ruan metal: checks 
*** FLOP *** [8d 6h 9c]
Almanza63: checks 
Ruan metal: checks 
alexvgb444: checks 
men-androsxx: checks 
*** TURN *** [8d 6h 9c] [9d]
Almanza63: bets $0.10
Ruan metal: folds 
alexvgb444: calls $0.10
men-androsxx: folds 
*** RIVER *** [8d 6h 9c 9d] [3d]
Almanza63: bets $0.48
alexvgb444: calls $0.48
*** SHOW DOWN ***
Almanza63: shows [Th 2h] (a pair of Nines)
alexvgb444: shows [Qs 9s] (three of a kind, Nines)
alexvgb444 collected $1.30 from pot
*** SUMMARY ***
Total pot $1.36 | Rake $0.06 
Board [8d 6h 9c 9d 3d]
Seat 2: men-androsxx folded on the Turn
Seat 3: Ginnungagap7 folded before Flop (didn't bet)
Seat 4: Dorex2007 folded before Flop (didn't bet)
Seat 5: montreal555 (button) folded before Flop (didn't bet)
Seat 6: Almanza63 (small blind) showed [Th 2h] and lost with a pair of Nines
Seat 7: Ruan metal (big blind) folded on the Turn
Seat 8: alexvgb444 showed [Qs 9s] and won ($1.30) with three of a kind, Nines
Seat 9: Eighcehole folded before Flop (didn't bet)



PokerStars Hand #237569882548:  Hold'em No Limit ($0.02/$0.05 USD) - 2022/07/24 19:38:40 PT [2022/07/24 22:38:40 ET]
Table 'Stebbins' 9-max Seat #6 is the button
Seat 2: men-androsxx ($12.49 in chips) 
Seat 3: Ginnungagap7 ($2 in chips) 
Seat 4: Dorex2007 ($5.47 in chips) 
Seat 5: montreal555 ($5.11 in chips) 
Seat 6: Almanza63 ($7.07 in chips) 
Seat 7: Ruan metal ($9.34 in chips) 
Seat 8: alexvgb444 ($5.57 in chips) 
Seat 9: Eighcehole ($4.78 in chips) 
Ruan metal: posts small blind $0.02
alexvgb444: posts big blind $0.05
Quiet Sunday: sits out 
*** HOLE CARDS ***
Dealt to Dorex2007 [7d Js]
Eighcehole: calls $0.05
men-androsxx: folds 
Ginnungagap7: folds 
Dorex2007: folds 
montreal555: calls $0.05
Almanza63: folds 
Ruan metal: calls $0.03
alexvgb444: checks 
*** FLOP *** [6s Jh Ts]
Ruan metal: checks 
alexvgb444: checks 
Eighcehole: checks 
montreal555: bets $0.19
Ruan metal: folds 
alexvgb444: folds 
Eighcehole: folds 
Uncalled bet ($0.19) returned to montreal555
montreal555 collected $0.19 from pot
*** SUMMARY ***
Total pot $0.20 | Rake $0.01 
Board [6s Jh Ts]
Seat 2: men-androsxx folded before Flop (didn't bet)
Seat 3: Ginnungagap7 folded before Flop (didn't bet)
Seat 4: Dorex2007 folded before Flop (didn't bet)
Seat 5: montreal555 collected ($0.19)
Seat 6: Almanza63 (button) folded before Flop (didn't bet)
Seat 7: Ruan metal (small blind) folded on the Flop
Seat 8: alexvgb444 (big blind) folded on the Flop
Seat 9: Eighcehole folded on the Flop



PokerStars Hand #237569888471:  Hold'em No Limit ($0.02/$0.05 USD) - 2022/07/24 19:39:15 PT [2022/07/24 22:39:15 ET]
Table 'Stebbins' 9-max Seat #7 is the button
Seat 2: men-androsxx ($12.49 in chips) 
Seat 3: Ginnungagap7 ($2 in chips) 
Seat 4: Dorex2007 ($5.47 in chips) 
Seat 5: montreal555 ($5.25 in chips) 
Seat 6: Almanza63 ($7.07 in chips) 
Seat 7: Ruan metal ($9.29 in chips) 
Seat 8: alexvgb444 ($5.52 in chips) 
Seat 9: Eighcehole ($4.73 in chips) 
alexvgb444: posts small blind $0.02
Eighcehole: posts big blind $0.05
Quiet Sunday: sits out 
*** HOLE CARDS ***
Dealt to Dorex2007 [Qd Kd]
men-androsxx: calls $0.05
Ginnungagap7: folds 
Dorex2007: raises $0.05 to $0.10
montreal555: folds 
Almanza63: folds 
Ruan metal: folds 
alexvgb444: folds 
Eighcehole: calls $0.05
men-androsxx: calls $0.05
*** FLOP *** [Th 5h 2s]
Eighcehole: checks 
men-androsxx: checks 
Dorex2007: checks 
*** TURN *** [Th 5h 2s] [3c]
Eighcehole: checks 
men-androsxx: checks 
Dorex2007: bets $0.15
Eighcehole: calls $0.15
men-androsxx: calls $0.15
*** RIVER *** [Th 5h 2s 3c] [8c]
Eighcehole: checks 
men-androsxx: checks 
Dorex2007: checks 
*** SHOW DOWN ***
Eighcehole: shows [Ks 4s] (high card King)
men-androsxx: shows [3s 7d] (a pair of Threes)
Dorex2007: mucks hand 
men-androsxx collected $0.74 from pot
*** SUMMARY ***
Total pot $0.77 | Rake $0.03 
Board [Th 5h 2s 3c 8c]
Seat 2: men-androsxx showed [3s 7d] and won ($0.74) with a pair of Threes
Seat 3: Ginnungagap7 folded before Flop (didn't bet)
Seat 4: Dorex2007 mucked [Qd Kd]
Seat 5: montreal555 folded before Flop (didn't bet)
Seat 6: Almanza63 folded before Flop (didn't bet)
Seat 7: Ruan metal (button) folded before Flop (didn't bet)
Seat 8: alexvgb444 (small blind) folded before Flop
Seat 9: Eighcehole (big blind) showed [Ks 4s] and lost with high card King



PokerStars Hand #237569906972:  Hold'em No Limit ($0.02/$0.05 USD) - 2022/07/24 19:40:19 PT [2022/07/24 22:40:19 ET]
Table 'Stebbins' 9-max Seat #8 is the button
Seat 1: Quiet Sunday ($5 in chips) 
Seat 2: men-androsxx ($12.98 in chips) 
Seat 3: Ginnungagap7 ($2 in chips) 
Seat 4: Dorex2007 ($5.22 in chips) 
Seat 5: montreal555 ($5.25 in chips) 
Seat 6: Almanza63 ($7.07 in chips) 
Seat 7: Ruan metal ($9.29 in chips) 
Seat 8: alexvgb444 ($5.50 in chips) 
Seat 9: Eighcehole ($4.48 in chips) 
Eighcehole: posts small blind $0.02
Quiet Sunday: posts big blind $0.05
*** HOLE CARDS ***
Dealt to Dorex2007 [7s 2h]
men-androsxx: calls $0.05
Ginnungagap7: folds 
Dorex2007: folds 
montreal555: calls $0.05
Almanza63: folds 
Ruan metal: folds 
alexvgb444: calls $0.05
Eighcehole: folds 
Quiet Sunday: raises $0.22 to $0.27
men-androsxx: calls $0.22
montreal555: folds 
alexvgb444: folds 
*** FLOP *** [Ad 3d 9s]
Quiet Sunday: bets $0.31
men-androsxx: calls $0.31
*** TURN *** [Ad 3d 9s] [8c]
Quiet Sunday: bets $1.23
men-androsxx: folds 
Uncalled bet ($1.23) returned to Quiet Sunday
Quiet Sunday collected $1.23 from pot
*** SUMMARY ***
Total pot $1.28 | Rake $0.05 
Board [Ad 3d 9s 8c]
Seat 1: Quiet Sunday (big blind) collected ($1.23)
Seat 2: men-androsxx folded on the Turn
Seat 3: Ginnungagap7 folded before Flop (didn't bet)
Seat 4: Dorex2007 folded before Flop (didn't bet)
Seat 5: montreal555 folded before Flop
Seat 6: Almanza63 folded before Flop (didn't bet)
Seat 7: Ruan metal folded before Flop (didn't bet)
Seat 8: alexvgb444 (button) folded before Flop
Seat 9: Eighcehole (small blind) folded before Flop



PokerStars Hand #237569915441:  Hold'em No Limit ($0.02/$0.05 USD) - 2022/07/24 19:41:10 PT [2022/07/24 22:41:10 ET]
Table 'Stebbins' 9-max Seat #9 is the button
Seat 1: Quiet Sunday ($5.65 in chips) 
Seat 2: men-androsxx ($12.40 in chips) 
Seat 3: Ginnungagap7 ($2 in chips) 
Seat 4: Dorex2007 ($5.22 in chips) 
Seat 5: montreal555 ($5.20 in chips) 
Seat 6: Almanza63 ($7.07 in chips) 
Seat 7: Ruan metal ($9.29 in chips) 
Seat 8: alexvgb444 ($5.45 in chips) 
Seat 9: Eighcehole ($4.46 in chips) 
Quiet Sunday: posts small blind $0.02
men-androsxx: posts big blind $0.05
*** HOLE CARDS ***
Dealt to Dorex2007 [As 6s]
Ginnungagap7: folds 
Dorex2007: calls $0.05
montreal555: folds 
Almanza63: folds 
Ruan metal: raises $0.17 to $0.22
alexvgb444: folds 
Eighcehole: folds 
Quiet Sunday: folds 
men-androsxx: folds 
Dorex2007: folds 
Uncalled bet ($0.17) returned to Ruan metal
Ruan metal collected $0.17 from pot
*** SUMMARY ***
Total pot $0.17 | Rake $0 
Seat 1: Quiet Sunday (small blind) folded before Flop
Seat 2: men-androsxx (big blind) folded before Flop
Seat 3: Ginnungagap7 folded before Flop (didn't bet)
Seat 4: Dorex2007 folded before Flop
Seat 5: montreal555 folded before Flop (didn't bet)
Seat 6: Almanza63 folded before Flop (didn't bet)
Seat 7: Ruan metal collected ($0.17)
Seat 8: alexvgb444 folded before Flop (didn't bet)
Seat 9: Eighcehole (button) folded before Flop (didn't bet)



PokerStars Hand #237569920914:  Hold'em No Limit ($0.02/$0.05 USD) - 2022/07/24 19:41:43 PT [2022/07/24 22:41:43 ET]
Table 'Stebbins' 9-max Seat #1 is the button
Seat 1: Quiet Sunday ($5.63 in chips) 
Seat 2: men-androsxx ($12.35 in chips) 
Seat 3: Ginnungagap7 ($2 in chips) 
Seat 4: Dorex2007 ($5.17 in chips) 
Seat 5: montreal555 ($5.20 in chips) 
Seat 6: Almanza63 ($7.07 in chips) 
Seat 7: Ruan metal ($9.41 in chips) 
Seat 8: alexvgb444 ($5.45 in chips) 
Seat 9: Eighcehole ($4.46 in chips) 
men-androsxx: posts small blind $0.02
Ginnungagap7: posts big blind $0.05
*** HOLE CARDS ***
Dealt to Dorex2007 [Tc 6s]
Dorex2007: folds 
montreal555: folds 
Almanza63: folds 
Ruan metal: folds 
alexvgb444: calls $0.05
Eighcehole: raises $0.15 to $0.20
Quiet Sunday: folds 
men-androsxx: calls $0.18
Ginnungagap7: raises $1.80 to $2 and is all-in
alexvgb444: raises $3.45 to $5.45 and is all-in
Eighcehole: folds 
men-androsxx: folds 
Uncalled bet ($3.45) returned to alexvgb444
*** FLOP *** [5c 4s 4h]
*** TURN *** [5c 4s 4h] [2h]
*** RIVER *** [5c 4s 4h 2h] [Jd]
*** SHOW DOWN ***
Ginnungagap7: shows [Qs Qd] (two pair, Queens and Fours)
alexvgb444: shows [Ts Th] (two pair, Tens and Fours)
Ginnungagap7 collected $4.22 from pot
*** SUMMARY ***
Total pot $4.40 | Rake $0.18 
Board [5c 4s 4h 2h Jd]
Seat 1: Quiet Sunday (button) folded before Flop (didn't bet)
Seat 2: men-androsxx (small blind) folded before Flop
Seat 3: Ginnungagap7 (big blind) showed [Qs Qd] and won ($4.22) with two pair, Queens and Fours
Seat 4: Dorex2007 folded before Flop (didn't bet)
Seat 5: montreal555 folded before Flop (didn't bet)
Seat 6: Almanza63 folded before Flop (didn't bet)
Seat 7: Ruan metal folded before Flop (didn't bet)
Seat 8: alexvgb444 showed [Ts Th] and lost with two pair, Tens and Fours
Seat 9: Eighcehole folded before Flop



PokerStars Hand #237569928787:  Hold'em No Limit ($0.02/$0.05 USD) - 2022/07/24 19:42:31 PT [2022/07/24 22:42:31 ET]
Table 'Stebbins' 9-max Seat #2 is the button
Seat 1: Quiet Sunday ($5.63 in chips) 
Seat 2: men-androsxx ($12.15 in chips) 
Seat 3: Ginnungagap7 ($4.22 in chips) 
Seat 4: Dorex2007 ($5.17 in chips) 
Seat 5: montreal555 ($5.20 in chips) 
Seat 6: Almanza63 ($7.07 in chips) 
Seat 7: Ruan metal ($9.41 in chips) 
Seat 8: alexvgb444 ($3.45 in chips) 
Seat 9: Eighcehole ($4.26 in chips) 
Ginnungagap7: posts small blind $0.02
Dorex2007: posts big blind $0.05
*** HOLE CARDS ***
Dealt to Dorex2007 [4s Ah]
montreal555: folds 
Almanza63: folds 
montreal555 leaves the table
Ruan metal: raises $0.10 to $0.15
alexvgb444: calls $0.15
Eighcehole: folds 
Quiet Sunday: folds 
men-androsxx: calls $0.15
Ginnungagap7: folds 
Dorex2007: folds 
*** FLOP *** [3d Ac 5c]
Ruan metal: checks 
alexvgb444: checks 
men-androsxx: checks 
*** TURN *** [3d Ac 5c] [Js]
Ruan metal: bets $0.25
alexvgb444: raises $0.25 to $0.50
men-androsxx: calls $0.50
Ruan metal: calls $0.25
*** RIVER *** [3d Ac 5c Js] [Qh]
Ruan metal: checks 
alexvgb444: checks 
men-androsxx: checks 
*** SHOW DOWN ***
Ruan metal: shows [7c 8c] (high card Ace)
alexvgb444: shows [6c 3c] (a pair of Threes)
men-androsxx: shows [Jh 7s] (a pair of Jacks)
men-androsxx collected $1.94 from pot
*** SUMMARY ***
Total pot $2.02 | Rake $0.08 
Board [3d Ac 5c Js Qh]
Seat 1: Quiet Sunday folded before Flop (didn't bet)
Seat 2: men-androsxx (button) showed [Jh 7s] and won ($1.94) with a pair of Jacks
Seat 3: Ginnungagap7 (small blind) folded before Flop
Seat 4: Dorex2007 (big blind) folded before Flop
Seat 5: montreal555 folded before Flop (didn't bet)
Seat 6: Almanza63 folded before Flop (didn't bet)
Seat 7: Ruan metal showed [7c 8c] and lost with high card Ace
Seat 8: alexvgb444 showed [6c 3c] and lost with a pair of Threes
Seat 9: Eighcehole folded before Flop (didn't bet)



PokerStars Hand #237569939161:  Hold'em No Limit ($0.02/$0.05 USD) - 2022/07/24 19:43:33 PT [2022/07/24 22:43:33 ET]
Table 'Stebbins' 9-max Seat #3 is the button
Seat 1: Quiet Sunday ($5.63 in chips) 
Seat 2: men-androsxx ($13.44 in chips) 
Seat 3: Ginnungagap7 ($4.20 in chips) 
Seat 4: Dorex2007 ($5.12 in chips) 
Seat 6: Almanza63 ($7.07 in chips) 
Seat 7: Ruan metal ($8.76 in chips) 
Seat 8: alexvgb444 ($2.80 in chips) 
Seat 9: Eighcehole ($4.26 in chips) 
Dorex2007: posts small blind $0.02
Almanza63: posts big blind $0.05
*** HOLE CARDS ***
Dealt to Dorex2007 [2s 8h]
Ruan metal: folds 
alexvgb444: calls $0.05
Eighcehole: raises $0.10 to $0.15
Quiet Sunday: folds 
men-androsxx: calls $0.15
Ginnungagap7: calls $0.15
Dorex2007: folds 
Almanza63: folds 
alexvgb444: calls $0.10
*** FLOP *** [7h 7d Qh]
alexvgb444: checks 
Eighcehole: checks 
men-androsxx: checks 
Ginnungagap7: checks 
*** TURN *** [7h 7d Qh] [3h]
alexvgb444: checks 
Eighcehole: bets $0.25
men-androsxx: calls $0.25
Ginnungagap7: folds 
alexvgb444: folds 
*** RIVER *** [7h 7d Qh 3h] [Th]
Eighcehole: checks 
men-androsxx: checks 
*** SHOW DOWN ***
Eighcehole: shows [5c Ac] (a pair of Sevens)
men-androsxx: shows [6d 6c] (two pair, Sevens and Sixes)
men-androsxx collected $1.12 from pot
*** SUMMARY ***
Total pot $1.17 | Rake $0.05 
Board [7h 7d Qh 3h Th]
Seat 1: Quiet Sunday folded before Flop (didn't bet)
Seat 2: men-androsxx showed [6d 6c] and won ($1.12) with two pair, Sevens and Sixes
Seat 3: Ginnungagap7 (button) folded on the Turn
Seat 4: Dorex2007 (small blind) folded before Flop
Seat 6: Almanza63 (big blind) folded before Flop
Seat 7: Ruan metal folded before Flop (didn't bet)
Seat 8: alexvgb444 folded on the Turn
Seat 9: Eighcehole showed [5c Ac] and lost with a pair of Sevens



PokerStars Hand #237569948723:  Hold'em No Limit ($0.02/$0.05 USD) - 2022/07/24 19:44:31 PT [2022/07/24 22:44:31 ET]
Table 'Stebbins' 9-max Seat #4 is the button
Seat 1: Quiet Sunday ($5.63 in chips) 
Seat 2: men-androsxx ($14.16 in chips) 
Seat 3: Ginnungagap7 ($4.05 in chips) 
Seat 4: Dorex2007 ($5.10 in chips) 
Seat 6: Almanza63 ($7.02 in chips) 
Seat 7: Ruan metal ($8.76 in chips) 
Seat 8: alexvgb444 ($2.65 in chips) 
Seat 9: Eighcehole ($3.86 in chips) 
Almanza63: posts small blind $0.02
Ruan metal: posts big blind $0.05
*** HOLE CARDS ***
Dealt to Dorex2007 [8d Qd]
alexvgb444: calls $0.05
Eighcehole: raises $0.15 to $0.20
Quiet Sunday: folds 
men-androsxx: calls $0.20
Ginnungagap7: folds 
Dorex2007 has timed out
Dorex2007: folds 
Almanza63: folds 
Ruan metal: folds 
alexvgb444: calls $0.15
*** FLOP *** [Kh 4s 4c]
alexvgb444: checks 
Eighcehole: bets $0.20
men-androsxx: folds 
alexvgb444: folds 
Uncalled bet ($0.20) returned to Eighcehole
Eighcehole collected $0.64 from pot
*** SUMMARY ***
Total pot $0.67 | Rake $0.03 
Board [Kh 4s 4c]
Seat 1: Quiet Sunday folded before Flop (didn't bet)
Seat 2: men-androsxx folded on the Flop
Seat 3: Ginnungagap7 folded before Flop (didn't bet)
Seat 4: Dorex2007 (button) folded before Flop (didn't bet)
Seat 6: Almanza63 (small blind) folded before Flop
Seat 7: Ruan metal (big blind) folded before Flop
Seat 8: alexvgb444 folded on the Flop
Seat 9: Eighcehole collected ($0.64)



PokerStars Hand #237569966641:  Hold'em No Limit ($0.02/$0.05 USD) - 2022/07/24 19:46:20 PT [2022/07/24 22:46:20 ET]
Table 'Stebbins' 9-max Seat #7 is the button
Seat 1: Quiet Sunday ($5.63 in chips) 
Seat 2: men-androsxx ($14.50 in chips) 
Seat 3: Ginnungagap7 ($4.05 in chips) 
Seat 4: Dorex2007 ($5.10 in chips) 
Seat 6: Almanza63 ($7 in chips) 
Seat 7: Ruan metal ($8.17 in chips) 
Seat 8: alexvgb444 ($2.40 in chips) 
Seat 9: Eighcehole ($4.30 in chips) 
alexvgb444: posts small blind $0.02
Eighcehole: posts big blind $0.05
*** HOLE CARDS ***
Dealt to Dorex2007 [Jh 6s]
Quiet Sunday: folds 
men-androsxx: calls $0.05
Ginnungagap7: folds 
Dorex2007: folds 
Almanza63: folds 
Ruan metal: folds 
alexvgb444: raises $2.35 to $2.40 and is all-in
Eighcehole: folds 
VLNZL joins the table at seat #5 
men-androsxx: folds 
Uncalled bet ($2.35) returned to alexvgb444
alexvgb444 collected $0.15 from pot
*** SUMMARY ***
Total pot $0.15 | Rake $0 
Seat 1: Quiet Sunday folded before Flop (didn't bet)
Seat 2: men-androsxx folded before Flop
Seat 3: Ginnungagap7 folded before Flop (didn't bet)
Seat 4: Dorex2007 folded before Flop (didn't bet)
Seat 6: Almanza63 folded before Flop (didn't bet)
Seat 7: Ruan metal (button) folded before Flop (didn't bet)
Seat 8: alexvgb444 (small blind) collected ($0.15)
Seat 9: Eighcehole (big blind) folded before Flop



PokerStars Hand #237569974342:  Hold'em No Limit ($0.02/$0.05 USD) - 2022/07/24 19:47:07 PT [2022/07/24 22:47:07 ET]
Table 'Stebbins' 9-max Seat #8 is the button
Seat 1: Quiet Sunday ($5.63 in chips) 
Seat 2: men-androsxx ($14.45 in chips) 
Seat 3: Ginnungagap7 ($4.05 in chips) 
Seat 4: Dorex2007 ($5.10 in chips) 
Seat 6: Almanza63 ($7 in chips) 
Seat 7: Ruan metal ($8.17 in chips) 
Seat 8: alexvgb444 ($2.50 in chips) 
Seat 9: Eighcehole ($4.25 in chips) 
Eighcehole: posts small blind $0.02
Quiet Sunday: posts big blind $0.05
VLNZL: sits out 
*** HOLE CARDS ***
Dealt to Dorex2007 [7s 9c]
men-androsxx: calls $0.05
Ginnungagap7: folds 
Dorex2007: folds 
Almanza63: folds 
Ruan metal: folds 
alexvgb444: calls $0.05
Eighcehole: calls $0.03
Quiet Sunday: checks 
*** FLOP *** [Kh Ac Qh]
Eighcehole: checks 
Quiet Sunday: checks 
men-androsxx: checks 
alexvgb444: checks 
*** TURN *** [Kh Ac Qh] [As]
Eighcehole: bets $0.05
Quiet Sunday: folds 
men-androsxx: calls $0.05
alexvgb444: folds 
*** RIVER *** [Kh Ac Qh As] [Td]
Eighcehole: checks 
men-androsxx: checks 
*** SHOW DOWN ***
Eighcehole: shows [Ad 5h] (three of a kind, Aces)
men-androsxx: mucks hand 
Eighcehole collected $0.29 from pot
*** SUMMARY ***
Total pot $0.30 | Rake $0.01 
Board [Kh Ac Qh As Td]
Seat 1: Quiet Sunday (big blind) folded on the Turn
Seat 2: men-androsxx mucked [3h Kc]
Seat 3: Ginnungagap7 folded before Flop (didn't bet)
Seat 4: Dorex2007 folded before Flop (didn't bet)
Seat 6: Almanza63 folded before Flop (didn't bet)
Seat 7: Ruan metal folded before Flop (didn't bet)
Seat 8: alexvgb444 (button) folded on the Turn
Seat 9: Eighcehole (small blind) showed [Ad 5h] and won ($0.29) with three of a kind, Aces



PokerStars Hand #237569982305:  Hold'em No Limit ($0.02/$0.05 USD) - 2022/07/24 19:47:57 PT [2022/07/24 22:47:57 ET]
Table 'Stebbins' 9-max Seat #9 is the button
Seat 1: Quiet Sunday ($5.58 in chips) 
Seat 2: men-androsxx ($14.35 in chips) 
Seat 3: Ginnungagap7 ($4.05 in chips) 
Seat 4: Dorex2007 ($5.10 in chips) 
Seat 6: Almanza63 ($7 in chips) 
Seat 7: Ruan metal ($8.17 in chips) 
Seat 8: alexvgb444 ($2.45 in chips) 
Seat 9: Eighcehole ($4.44 in chips) 
Quiet Sunday: posts small blind $0.02
men-androsxx: posts big blind $0.05
VLNZL: sits out 
*** HOLE CARDS ***
Dealt to Dorex2007 [3c 2s]
Ginnungagap7: folds 
Dorex2007: folds 
Almanza63: folds 
Ruan metal: folds 
alexvgb444: raises $0.10 to $0.15
Eighcehole: folds 
Quiet Sunday: folds 
men-androsxx: calls $0.10
*** FLOP *** [6d 5c 5s]
men-androsxx: checks 
alexvgb444: bets $0.15
men-androsxx: calls $0.15
*** TURN *** [6d 5c 5s] [Tc]
men-androsxx: checks 
alexvgb444: bets $0.29
men-androsxx: folds 
Uncalled bet ($0.29) returned to alexvgb444
alexvgb444 collected $0.59 from pot
*** SUMMARY ***
Total pot $0.62 | Rake $0.03 
Board [6d 5c 5s Tc]
Seat 1: Quiet Sunday (small blind) folded before Flop
Seat 2: men-androsxx (big blind) folded on the Turn
Seat 3: Ginnungagap7 folded before Flop (didn't bet)
Seat 4: Dorex2007 folded before Flop (didn't bet)
Seat 6: Almanza63 folded before Flop (didn't bet)
Seat 7: Ruan metal folded before Flop (didn't bet)
Seat 8: alexvgb444 collected ($0.59)
Seat 9: Eighcehole (button) folded before Flop (didn't bet)



PokerStars Hand #237569988484:  Hold'em No Limit ($0.02/$0.05 USD) - 2022/07/24 19:48:34 PT [2022/07/24 22:48:34 ET]
Table 'Stebbins' 9-max Seat #1 is the button
Seat 1: Quiet Sunday ($5.56 in chips) 
Seat 2: men-androsxx ($14.05 in chips) 
Seat 3: Ginnungagap7 ($4.05 in chips) 
Seat 4: Dorex2007 ($5.10 in chips) 
Seat 6: Almanza63 ($7 in chips) 
Seat 7: Ruan metal ($8.17 in chips) 
Seat 8: alexvgb444 ($2.74 in chips) 
Seat 9: Eighcehole ($4.44 in chips) 
men-androsxx: posts small blind $0.02
Ginnungagap7: posts big blind $0.05
VLNZL: sits out 
*** HOLE CARDS ***
Dealt to Dorex2007 [Qs Ac]
Dorex2007: raises $0.10 to $0.15
Almanza63: folds 
Ruan metal: folds 
alexvgb444: calls $0.15
Eighcehole: folds 
Quiet Sunday: folds 
men-androsxx: calls $0.13
Ginnungagap7: folds 
*** FLOP *** [9s Qh 9d]
men-androsxx: checks 
Dorex2007: checks 
alexvgb444: checks 
*** TURN *** [9s Qh 9d] [Jh]
men-androsxx: checks 
Dorex2007: bets $0.32
alexvgb444: folds 
men-androsxx: calls $0.32
*** RIVER *** [9s Qh 9d Jh] [6s]
men-androsxx: checks 
Dorex2007: bets $0.54
men-androsxx: raises $4.31 to $4.85
Dorex2007: folds 
Uncalled bet ($4.31) returned to men-androsxx
men-androsxx collected $2.13 from pot
*** SUMMARY ***
Total pot $2.22 | Rake $0.09 
Board [9s Qh 9d Jh 6s]
Seat 1: Quiet Sunday (button) folded before Flop (didn't bet)
Seat 2: men-androsxx (small blind) collected ($2.13)
Seat 3: Ginnungagap7 (big blind) folded before Flop
Seat 4: Dorex2007 folded on the River
Seat 6: Almanza63 folded before Flop (didn't bet)
Seat 7: Ruan metal folded before Flop (didn't bet)
Seat 8: alexvgb444 folded on the Turn
Seat 9: Eighcehole folded before Flop (didn't bet)



PokerStars Hand #237570003675:  Hold'em No Limit ($0.02/$0.05 USD) - 2022/07/24 19:50:06 PT [2022/07/24 22:50:06 ET]
Table 'Stebbins' 9-max Seat #2 is the button
Seat 1: Quiet Sunday ($5.56 in chips) 
Seat 2: men-androsxx ($15.17 in chips) 
Seat 3: Ginnungagap7 ($4 in chips) 
Seat 4: Dorex2007 ($5 in chips) 
Seat 6: Almanza63 ($7 in chips) 
Seat 7: Ruan metal ($8.17 in chips) 
Seat 8: alexvgb444 ($2.59 in chips) 
Seat 9: Eighcehole ($4.44 in chips) 
Ginnungagap7: posts small blind $0.02
Dorex2007: posts big blind $0.05
VLNZL: sits out 
*** HOLE CARDS ***
Dealt to Dorex2007 [5h 4h]
Almanza63: folds 
Ruan metal: folds 
alexvgb444: folds 
Eighcehole: folds 
Quiet Sunday: raises $0.10 to $0.15
men-androsxx: calls $0.15
Ginnungagap7: folds 
Dorex2007: folds 
*** FLOP *** [6d 9h 7d]
Quiet Sunday: checks 
men-androsxx: checks 
*** TURN *** [6d 9h 7d] [9s]
Quiet Sunday: checks 
men-androsxx: checks 
*** RIVER *** [6d 9h 7d 9s] [4s]
Quiet Sunday: checks 
men-androsxx: checks 
*** SHOW DOWN ***
Quiet Sunday: shows [Jd Ks] (a pair of Nines)
men-androsxx: shows [Kc Qs] (a pair of Nines - King+Queen kicker)
men-androsxx collected $0.35 from pot
*** SUMMARY ***
Total pot $0.37 | Rake $0.02 
Board [6d 9h 7d 9s 4s]
Seat 1: Quiet Sunday showed [Jd Ks] and lost with a pair of Nines
Seat 2: men-androsxx (button) showed [Kc Qs] and won ($0.35) with a pair of Nines
Seat 3: Ginnungagap7 (small blind) folded before Flop
Seat 4: Dorex2007 (big blind) folded before Flop
Seat 6: Almanza63 folded before Flop (didn't bet)
Seat 7: Ruan metal folded before Flop (didn't bet)
Seat 8: alexvgb444 folded before Flop (didn't bet)
Seat 9: Eighcehole folded before Flop (didn't bet)



PokerStars Hand #237570010406:  Hold'em No Limit ($0.02/$0.05 USD) - 2022/07/24 19:50:46 PT [2022/07/24 22:50:46 ET]
Table 'Stebbins' 9-max Seat #3 is the button
Seat 1: Quiet Sunday ($5.41 in chips) 
Seat 2: men-androsxx ($15.37 in chips) 
Seat 3: Ginnungagap7 ($3.98 in chips) 
Seat 4: Dorex2007 ($5 in chips) 
Seat 5: VLNZL ($2 in chips) 
Seat 6: Almanza63 ($7 in chips) 
Seat 7: Ruan metal ($8.17 in chips) 
Seat 8: alexvgb444 ($2.59 in chips) 
Seat 9: Eighcehole ($4.44 in chips) 
Dorex2007: posts small blind $0.02
VLNZL: posts big blind $0.05
*** HOLE CARDS ***
Dealt to Dorex2007 [Kh As]
Almanza63: raises $0.10 to $0.15
Ruan metal: calls $0.15
alexvgb444: folds 
Eighcehole: folds 
Quiet Sunday: folds 
men-androsxx: folds 
Ginnungagap7: folds 
Dorex2007: raises $0.25 to $0.40
VLNZL: folds 
Almanza63: calls $0.25
Ruan metal: calls $0.25
*** FLOP *** [Qd 8s 4c]
Dorex2007: bets $0.45
Almanza63: folds 
Ruan metal: calls $0.45
*** TURN *** [Qd 8s 4c] [4h]
Dorex2007: bets $0.60
Ruan metal: calls $0.60
*** RIVER *** [Qd 8s 4c 4h] [Qc]
Dorex2007: bets $0.20
Ruan metal: calls $0.20
*** SHOW DOWN ***
Dorex2007: shows [Kh As] (two pair, Queens and Fours)
Ruan metal: shows [Js Jc] (two pair, Queens and Jacks)
Ruan metal collected $3.59 from pot
*** SUMMARY ***
Total pot $3.75 | Rake $0.16 
Board [Qd 8s 4c 4h Qc]
Seat 1: Quiet Sunday folded before Flop (didn't bet)
Seat 2: men-androsxx folded before Flop (didn't bet)
Seat 3: Ginnungagap7 (button) folded before Flop (didn't bet)
Seat 4: Dorex2007 (small blind) showed [Kh As] and lost with two pair, Queens and Fours
Seat 5: VLNZL (big blind) folded before Flop
Seat 6: Almanza63 folded on the Flop
Seat 7: Ruan metal showed [Js Jc] and won ($3.59) with two pair, Queens and Jacks
Seat 8: alexvgb444 folded before Flop (didn't bet)
Seat 9: Eighcehole folded before Flop (didn't bet)



PokerStars Hand #237570022062:  Hold'em No Limit ($0.02/$0.05 USD) - 2022/07/24 19:51:58 PT [2022/07/24 22:51:58 ET]
Table 'Stebbins' 9-max Seat #4 is the button
Seat 1: Quiet Sunday ($5.41 in chips) 
Seat 2: men-androsxx ($15.37 in chips) 
Seat 3: Ginnungagap7 ($3.98 in chips) 
Seat 4: Dorex2007 ($5 in chips) 
Seat 5: VLNZL ($1.95 in chips) 
Seat 6: Almanza63 ($6.60 in chips) 
Seat 7: Ruan metal ($10.11 in chips) 
Seat 8: alexvgb444 ($2.59 in chips) 
Seat 9: Eighcehole ($4.44 in chips) 
VLNZL: posts small blind $0.02
Almanza63: posts big blind $0.05
*** HOLE CARDS ***
Dealt to Dorex2007 [9h Ah]
Ruan metal: folds 
alexvgb444: calls $0.05
Eighcehole: folds 
Quiet Sunday: folds 
men-androsxx: calls $0.05
Ginnungagap7: folds 
Dorex2007: calls $0.05
VLNZL: calls $0.03
Almanza63: checks 
*** FLOP *** [Qc 7s 6h]
VLNZL: checks 
Almanza63: checks 
alexvgb444: checks 
men-androsxx: checks 
Dorex2007: checks 
*** TURN *** [Qc 7s 6h] [Td]
VLNZL: checks 
Almanza63: bets $0.24
alexvgb444: calls $0.24
men-androsxx: folds 
Dorex2007: folds 
VLNZL: folds 
*** RIVER *** [Qc 7s 6h Td] [Kc]
Almanza63: checks 
alexvgb444: checks 
*** SHOW DOWN ***
Almanza63: shows [Ts 7h] (two pair, Tens and Sevens)
alexvgb444: mucks hand 
Almanza63 collected $0.70 from pot
*** SUMMARY ***
Total pot $0.73 | Rake $0.03 
Board [Qc 7s 6h Td Kc]
Seat 1: Quiet Sunday folded before Flop (didn't bet)
Seat 2: men-androsxx folded on the Turn
Seat 3: Ginnungagap7 folded before Flop (didn't bet)
Seat 4: Dorex2007 (button) folded on the Turn
Seat 5: VLNZL (small blind) folded on the Turn
Seat 6: Almanza63 (big blind) showed [Ts 7h] and won ($0.70) with two pair, Tens and Sevens
Seat 7: Ruan metal folded before Flop (didn't bet)
Seat 8: alexvgb444 mucked [As Ks]
Seat 9: Eighcehole folded before Flop (didn't bet)



PokerStars Hand #237570037725:  Hold'em No Limit ($0.02/$0.05 USD) - 2022/07/24 19:53:08 PT [2022/07/24 22:53:08 ET]
Table 'Stebbins' 9-max Seat #5 is the button
Seat 1: Quiet Sunday ($5.41 in chips) 
Seat 2: men-androsxx ($15.32 in chips) 
Seat 3: Ginnungagap7 ($3.98 in chips) 
Seat 4: Dorex2007 ($5 in chips) 
Seat 5: VLNZL ($1.90 in chips) 
Seat 6: Almanza63 ($7.01 in chips) 
Seat 7: Ruan metal ($10.11 in chips) 
Seat 8: alexvgb444 ($2.30 in chips) 
Seat 9: Eighcehole ($4.44 in chips) 
Almanza63: posts small blind $0.02
Ruan metal: posts big blind $0.05
*** HOLE CARDS ***
Dealt to Dorex2007 [Kc 5s]
alexvgb444: folds 
Eighcehole: raises $0.10 to $0.15
Quiet Sunday: folds 
men-androsxx: folds 
Ginnungagap7: folds 
Dorex2007: folds 
VLNZL: calls $0.15
Almanza63: folds 
Ruan metal: folds 
*** FLOP *** [Jd 8s 2c]
Eighcehole: checks 
VLNZL: bets $0.17
Eighcehole: folds 
Uncalled bet ($0.17) returned to VLNZL
VLNZL collected $0.35 from pot
*** SUMMARY ***
Total pot $0.37 | Rake $0.02 
Board [Jd 8s 2c]
Seat 1: Quiet Sunday folded before Flop (didn't bet)
Seat 2: men-androsxx folded before Flop (didn't bet)
Seat 3: Ginnungagap7 folded before Flop (didn't bet)
Seat 4: Dorex2007 folded before Flop (didn't bet)
Seat 5: VLNZL (button) collected ($0.35)
Seat 6: Almanza63 (small blind) folded before Flop
Seat 7: Ruan metal (big blind) folded before Flop
Seat 8: alexvgb444 folded before Flop (didn't bet)
Seat 9: Eighcehole folded on the Flop



PokerStars Hand #237570044608:  Hold'em No Limit ($0.02/$0.05 USD) - 2022/07/24 19:53:51 PT [2022/07/24 22:53:51 ET]
Table 'Stebbins' 9-max Seat #6 is the button
Seat 1: Quiet Sunday ($5.41 in chips) 
Seat 2: men-androsxx ($15.32 in chips) 
Seat 3: Ginnungagap7 ($3.98 in chips) 
Seat 4: Dorex2007 ($5 in chips) 
Seat 5: VLNZL ($2.10 in chips) 
Seat 6: Almanza63 ($6.99 in chips) 
Seat 7: Ruan metal ($10.06 in chips) 
Seat 8: alexvgb444 ($2.30 in chips) 
Seat 9: Eighcehole ($4.29 in chips) 
Ruan metal: posts small blind $0.02
alexvgb444: posts big blind $0.05
*** HOLE CARDS ***
Dealt to Dorex2007 [8s 7s]
Eighcehole has timed out
Eighcehole: folds 
Quiet Sunday: folds 
men-androsxx: folds 
Ginnungagap7: folds 
Dorex2007: raises $0.05 to $0.10
VLNZL: folds 
Almanza63: calls $0.10
Ruan metal: folds 
alexvgb444: calls $0.05
*** FLOP *** [As 6c 2h]
alexvgb444: checks 
Dorex2007: checks 
Almanza63: checks 
*** TURN *** [As 6c 2h] [4h]
alexvgb444: bets $0.20
Dorex2007: folds 
Almanza63: folds 
Uncalled bet ($0.20) returned to alexvgb444
alexvgb444 collected $0.31 from pot
*** SUMMARY ***
Total pot $0.32 | Rake $0.01 
Board [As 6c 2h 4h]
Seat 1: Quiet Sunday folded before Flop (didn't bet)
Seat 2: men-androsxx folded before Flop (didn't bet)
Seat 3: Ginnungagap7 folded before Flop (didn't bet)
Seat 4: Dorex2007 folded on the Turn
Seat 5: VLNZL folded before Flop (didn't bet)
Seat 6: Almanza63 (button) folded on the Turn
Seat 7: Ruan metal (small blind) folded before Flop
Seat 8: alexvgb444 (big blind) collected ($0.31)
Seat 9: Eighcehole folded before Flop (didn't bet)



PokerStars Hand #237570054632:  Hold'em No Limit ($0.02/$0.05 USD) - 2022/07/24 19:54:51 PT [2022/07/24 22:54:51 ET]
Table 'Stebbins' 9-max Seat #7 is the button
Seat 1: Quiet Sunday ($5.41 in chips) 
Seat 2: men-androsxx ($15.32 in chips) 
Seat 3: Ginnungagap7 ($3.98 in chips) 
Seat 4: Dorex2007 ($5 in chips) 
Seat 5: VLNZL ($2.10 in chips) 
Seat 6: Almanza63 ($6.89 in chips) 
Seat 7: Ruan metal ($10.04 in chips) 
Seat 8: alexvgb444 ($2.51 in chips) 
Seat 9: Eighcehole ($4.29 in chips) 
alexvgb444: posts small blind $0.02
Eighcehole: posts big blind $0.05
*** HOLE CARDS ***
Dealt to Dorex2007 [Kc 8d]
Quiet Sunday: raises $0.10 to $0.15
men-androsxx: calls $0.15
Ginnungagap7: folds 
Dorex2007: folds 
VLNZL: calls $0.15
Almanza63: calls $0.15
Ruan metal: folds 
alexvgb444: folds 
Eighcehole: raises $0.90 to $1.05
Quiet Sunday: folds 
men-androsxx: folds 
VLNZL: folds 
Almanza63: folds 
Uncalled bet ($0.90) returned to Eighcehole
Eighcehole collected $0.77 from pot
*** SUMMARY ***
Total pot $0.77 | Rake $0 
Seat 1: Quiet Sunday folded before Flop
Seat 2: men-androsxx folded before Flop
Seat 3: Ginnungagap7 folded before Flop (didn't bet)
Seat 4: Dorex2007 folded before Flop (didn't bet)
Seat 5: VLNZL folded before Flop
Seat 6: Almanza63 folded before Flop
Seat 7: Ruan metal (button) folded before Flop (didn't bet)
Seat 8: alexvgb444 (small blind) folded before Flop
Seat 9: Eighcehole (big blind) collected ($0.77)



PokerStars Hand #237570060248:  Hold'em No Limit ($0.02/$0.05 USD) - 2022/07/24 19:55:29 PT [2022/07/24 22:55:29 ET]
Table 'Stebbins' 9-max Seat #8 is the button
Seat 1: Quiet Sunday ($5.26 in chips) 
Seat 2: men-androsxx ($15.17 in chips) 
Seat 3: Ginnungagap7 ($3.98 in chips) 
Seat 4: Dorex2007 ($5 in chips) 
Seat 5: VLNZL ($1.95 in chips) 
Seat 6: Almanza63 ($6.74 in chips) 
Seat 7: Ruan metal ($10.04 in chips) 
Seat 8: alexvgb444 ($2.49 in chips) 
Seat 9: Eighcehole ($4.91 in chips) 
Eighcehole: posts small blind $0.02
Quiet Sunday: posts big blind $0.05
*** HOLE CARDS ***
Dealt to Dorex2007 [Ac Ts]
men-androsxx: folds 
Ginnungagap7: raises $0.10 to $0.15
Dorex2007: folds 
VLNZL: folds 
Almanza63: calls $0.15
Ruan metal: folds 
alexvgb444: calls $0.15
Eighcehole: folds 
Quiet Sunday: folds 
*** FLOP *** [Js 6d 2c]
Ginnungagap7: bets $0.38
Almanza63: calls $0.38
alexvgb444: folds 
*** TURN *** [Js 6d 2c] [5d]
Ginnungagap7: bets $0.92
Almanza63: folds 
Uncalled bet ($0.92) returned to Ginnungagap7
Ginnungagap7 collected $1.23 from pot
*** SUMMARY ***
Total pot $1.28 | Rake $0.05 
Board [Js 6d 2c 5d]
Seat 1: Quiet Sunday (big blind) folded before Flop
Seat 2: men-androsxx folded before Flop (didn't bet)
Seat 3: Ginnungagap7 collected ($1.23)
Seat 4: Dorex2007 folded before Flop (didn't bet)
Seat 5: VLNZL folded before Flop (didn't bet)
Seat 6: Almanza63 folded on the Turn
Seat 7: Ruan metal folded before Flop (didn't bet)
Seat 8: alexvgb444 (button) folded on the Flop
Seat 9: Eighcehole (small blind) folded before Flop



PokerStars Hand #237570067761:  Hold'em No Limit ($0.02/$0.05 USD) - 2022/07/24 19:56:24 PT [2022/07/24 22:56:24 ET]
Table 'Stebbins' 9-max Seat #9 is the button
Seat 1: Quiet Sunday ($5.21 in chips) 
Seat 2: men-androsxx ($15.17 in chips) 
Seat 3: Ginnungagap7 ($4.68 in chips) 
Seat 4: Dorex2007 ($5 in chips) 
Seat 5: VLNZL ($1.95 in chips) 
Seat 6: Almanza63 ($6.21 in chips) 
Seat 7: Ruan metal ($10.04 in chips) 
Seat 8: alexvgb444 ($2.34 in chips) 
Seat 9: Eighcehole ($4.89 in chips) 
Quiet Sunday: posts small blind $0.02
men-androsxx: posts big blind $0.05
*** HOLE CARDS ***
Dealt to Dorex2007 [Td Th]
Ginnungagap7: folds 
Dorex2007: raises $0.25 to $0.30
VLNZL: folds 
Almanza63: folds 
Ruan metal: folds 
alexvgb444: folds 
Eighcehole: calls $0.30
Quiet Sunday: folds 
men-androsxx: calls $0.25
*** FLOP *** [Kc 2c 5h]
men-androsxx: checks 
Dorex2007: checks 
Eighcehole: checks 
*** TURN *** [Kc 2c 5h] [8d]
men-androsxx: checks 
Dorex2007: bets $0.44
Eighcehole: folds 
men-androsxx: calls $0.44
*** RIVER *** [Kc 2c 5h 8d] [Ks]
men-androsxx: checks 
Dorex2007: checks 
*** SHOW DOWN ***
men-androsxx: shows [4c 6h] (a pair of Kings)
Dorex2007: shows [Td Th] (two pair, Kings and Tens)
Dorex2007 collected $1.73 from pot
*** SUMMARY ***
Total pot $1.80 | Rake $0.07 
Board [Kc 2c 5h 8d Ks]
Seat 1: Quiet Sunday (small blind) folded before Flop
Seat 2: men-androsxx (big blind) showed [4c 6h] and lost with a pair of Kings
Seat 3: Ginnungagap7 folded before Flop (didn't bet)
Seat 4: Dorex2007 showed [Td Th] and won ($1.73) with two pair, Kings and Tens
Seat 5: VLNZL folded before Flop (didn't bet)
Seat 6: Almanza63 folded before Flop (didn't bet)
Seat 7: Ruan metal folded before Flop (didn't bet)
Seat 8: alexvgb444 folded before Flop (didn't bet)
Seat 9: Eighcehole (button) folded on the Turn



PokerStars Hand #237570075234:  Hold'em No Limit ($0.02/$0.05 USD) - 2022/07/24 19:57:19 PT [2022/07/24 22:57:19 ET]
Table 'Stebbins' 9-max Seat #1 is the button
Seat 1: Quiet Sunday ($5.19 in chips) 
Seat 2: men-androsxx ($14.43 in chips) 
Seat 3: Ginnungagap7 ($4.68 in chips) 
Seat 4: Dorex2007 ($5.99 in chips) 
Seat 5: VLNZL ($1.95 in chips) 
Seat 6: Almanza63 ($6.21 in chips) 
Seat 7: Ruan metal ($10.04 in chips) 
Seat 8: alexvgb444 ($2.34 in chips) 
Seat 9: Eighcehole ($4.59 in chips) 
men-androsxx: posts small blind $0.02
Ginnungagap7: posts big blind $0.05
*** HOLE CARDS ***
Dealt to Dorex2007 [9c Ah]
Dorex2007: folds 
VLNZL: folds 
Almanza63: folds 
Ruan metal: raises $0.10 to $0.15
alexvgb444: folds 
Eighcehole: folds 
Quiet Sunday: folds 
men-androsxx: calls $0.13
Ginnungagap7: folds 
*** FLOP *** [8h 4h 6h]
men-androsxx: checks 
Ruan metal: checks 
*** TURN *** [8h 4h 6h] [3s]
men-androsxx: bets $0.34
Ruan metal: folds 
Uncalled bet ($0.34) returned to men-androsxx
men-androsxx collected $0.34 from pot
*** SUMMARY ***
Total pot $0.35 | Rake $0.01 
Board [8h 4h 6h 3s]
Seat 1: Quiet Sunday (button) folded before Flop (didn't bet)
Seat 2: men-androsxx (small blind) collected ($0.34)
Seat 3: Ginnungagap7 (big blind) folded before Flop
Seat 4: Dorex2007 folded before Flop (didn't bet)
Seat 5: VLNZL folded before Flop (didn't bet)
Seat 6: Almanza63 folded before Flop (didn't bet)
Seat 7: Ruan metal folded on the Turn
Seat 8: alexvgb444 folded before Flop (didn't bet)
Seat 9: Eighcehole folded before Flop (didn't bet)



PokerStars Hand #237570081499:  Hold'em No Limit ($0.02/$0.05 USD) - 2022/07/24 19:58:05 PT [2022/07/24 22:58:05 ET]
Table 'Stebbins' 9-max Seat #2 is the button
Seat 1: Quiet Sunday ($5.19 in chips) 
Seat 2: men-androsxx ($14.62 in chips) 
Seat 3: Ginnungagap7 ($4.63 in chips) 
Seat 4: Dorex2007 ($5.99 in chips) 
Seat 5: VLNZL ($1.95 in chips) 
Seat 6: Almanza63 ($6.21 in chips) 
Seat 7: Ruan metal ($9.89 in chips) 
Seat 8: alexvgb444 ($2.34 in chips) 
Seat 9: Eighcehole ($4.59 in chips) 
Ginnungagap7: posts small blind $0.02
Dorex2007: posts big blind $0.05
*** HOLE CARDS ***
Dealt to Dorex2007 [Th 7d]
VLNZL: calls $0.05
Almanza63: folds 
Ruan metal: folds 
alexvgb444: calls $0.05
Eighcehole: folds 
Quiet Sunday: folds 
men-androsxx: calls $0.05
Ginnungagap7: calls $0.03
Dorex2007: checks 
*** FLOP *** [Qc 8c Qs]
Ginnungagap7: bets $0.18
Dorex2007: folds 
VLNZL: folds 
alexvgb444: folds 
men-androsxx: folds 
Uncalled bet ($0.18) returned to Ginnungagap7
Ginnungagap7 collected $0.24 from pot
*** SUMMARY ***
Total pot $0.25 | Rake $0.01 
Board [Qc 8c Qs]
Seat 1: Quiet Sunday folded before Flop (didn't bet)
Seat 2: men-androsxx (button) folded on the Flop
Seat 3: Ginnungagap7 (small blind) collected ($0.24)
Seat 4: Dorex2007 (big blind) folded on the Flop
Seat 5: VLNZL folded on the Flop
Seat 6: Almanza63 folded before Flop (didn't bet)
Seat 7: Ruan metal folded before Flop (didn't bet)
Seat 8: alexvgb444 folded on the Flop
Seat 9: Eighcehole folded before Flop (didn't bet)



PokerStars Hand #237570086400:  Hold'em No Limit ($0.02/$0.05 USD) - 2022/07/24 19:58:41 PT [2022/07/24 22:58:41 ET]
Table 'Stebbins' 9-max Seat #3 is the button
Seat 1: Quiet Sunday ($5.19 in chips) 
Seat 2: men-androsxx ($14.57 in chips) 
Seat 3: Ginnungagap7 ($4.82 in chips) 
Seat 4: Dorex2007 ($5.94 in chips) 
Seat 5: VLNZL ($1.90 in chips) 
Seat 6: Almanza63 ($6.21 in chips) 
Seat 7: Ruan metal ($9.89 in chips) 
Seat 8: alexvgb444 ($2.29 in chips) 
Seat 9: Eighcehole ($4.59 in chips) 
Dorex2007: posts small blind $0.02
VLNZL: posts big blind $0.05
*** HOLE CARDS ***
Dealt to Dorex2007 [Ac Tc]
Almanza63 has timed out
Almanza63: folds 
Ruan metal: folds 
alexvgb444: raises $0.20 to $0.25
Eighcehole: folds 
Quiet Sunday: folds 
men-androsxx: calls $0.25
Ginnungagap7: folds 
Dorex2007: calls $0.23
VLNZL: folds 
*** FLOP *** [Kc 8s 4c]
Dorex2007: bets $0.51
alexvgb444: folds 
men-androsxx: folds 
Uncalled bet ($0.51) returned to Dorex2007
Dorex2007 collected $0.77 from pot
*** SUMMARY ***
Total pot $0.80 | Rake $0.03 
Board [Kc 8s 4c]
Seat 1: Quiet Sunday folded before Flop (didn't bet)
Seat 2: men-androsxx folded on the Flop
Seat 3: Ginnungagap7 (button) folded before Flop (didn't bet)
Seat 4: Dorex2007 (small blind) collected ($0.77)
Seat 5: VLNZL (big blind) folded before Flop
Seat 6: Almanza63 folded before Flop (didn't bet)
Seat 7: Ruan metal folded before Flop (didn't bet)
Seat 8: alexvgb444 folded on the Flop
Seat 9: Eighcehole folded before Flop (didn't bet)



PokerStars Hand #237570095058:  Hold'em No Limit ($0.02/$0.05 USD) - 2022/07/24 19:59:26 PT [2022/07/24 22:59:26 ET]
Table 'Stebbins' 9-max Seat #4 is the button
Seat 1: Quiet Sunday ($5.19 in chips) 
Seat 2: men-androsxx ($14.32 in chips) 
Seat 3: Ginnungagap7 ($4.82 in chips) 
Seat 4: Dorex2007 ($6.46 in chips) 
Seat 5: VLNZL ($1.85 in chips) 
Seat 6: Almanza63 ($6.21 in chips) 
Seat 7: Ruan metal ($9.89 in chips) 
Seat 8: alexvgb444 ($2.04 in chips) 
Seat 9: Eighcehole ($4.59 in chips) 
VLNZL: posts small blind $0.02
Almanza63: posts big blind $0.05
*** HOLE CARDS ***
Dealt to Dorex2007 [Qc Ah]
Ruan metal: folds 
alexvgb444: calls $0.05
Eighcehole: raises $0.15 to $0.20
Quiet Sunday: folds 
men-androsxx: calls $0.20
Ginnungagap7: folds 
Dorex2007: calls $0.20
VLNZL: folds 
Almanza63: folds 
alexvgb444: calls $0.15
*** FLOP *** [9d 6s 2h]
alexvgb444: bets $0.41
Eighcehole: folds 
men-androsxx: folds 
Dorex2007: folds 
Uncalled bet ($0.41) returned to alexvgb444
alexvgb444 collected $0.83 from pot
*** SUMMARY ***
Total pot $0.87 | Rake $0.04 
Board [9d 6s 2h]
Seat 1: Quiet Sunday folded before Flop (didn't bet)
Seat 2: men-androsxx folded on the Flop
Seat 3: Ginnungagap7 folded before Flop (didn't bet)
Seat 4: Dorex2007 (button) folded on the Flop
Seat 5: VLNZL (small blind) folded before Flop
Seat 6: Almanza63 (big blind) folded before Flop
Seat 7: Ruan metal folded before Flop (didn't bet)
Seat 8: alexvgb444 collected ($0.83)
Seat 9: Eighcehole folded on the Flop



PokerStars Hand #237570101567:  Hold'em No Limit ($0.02/$0.05 USD) - 2022/07/24 20:00:13 PT [2022/07/24 23:00:13 ET]
Table 'Stebbins' 9-max Seat #5 is the button
Seat 1: Quiet Sunday ($5.19 in chips) 
Seat 2: men-androsxx ($14.12 in chips) 
Seat 3: Ginnungagap7 ($4.82 in chips) 
Seat 4: Dorex2007 ($6.26 in chips) 
Seat 5: VLNZL ($1.83 in chips) 
Seat 6: Almanza63 ($6.16 in chips) 
Seat 7: Ruan metal ($9.89 in chips) 
Seat 8: alexvgb444 ($2.67 in chips) 
Seat 9: Eighcehole ($4.39 in chips) 
Almanza63: posts small blind $0.02
Ruan metal: posts big blind $0.05
*** HOLE CARDS ***
Dealt to Dorex2007 [9d Ad]
alexvgb444: folds 
Eighcehole: folds 
Quiet Sunday: folds 
men-androsxx: calls $0.05
Ginnungagap7: folds 
Dorex2007: calls $0.05
VLNZL: calls $0.05
Almanza63: calls $0.03
Ruan metal: raises $0.35 to $0.40
men-androsxx: calls $0.35
Dorex2007: folds 
VLNZL: folds 
Almanza63: folds 
*** FLOP *** [6c 7s 6h]
Ruan metal: checks 
men-androsxx: bets $0.91
Ruan metal: folds 
Uncalled bet ($0.91) returned to men-androsxx
men-androsxx collected $0.91 from pot
*** SUMMARY ***
Total pot $0.95 | Rake $0.04 
Board [6c 7s 6h]
Seat 1: Quiet Sunday folded before Flop (didn't bet)
Seat 2: men-androsxx collected ($0.91)
Seat 3: Ginnungagap7 folded before Flop (didn't bet)
Seat 4: Dorex2007 folded before Flop
Seat 5: VLNZL (button) folded before Flop
Seat 6: Almanza63 (small blind) folded before Flop
Seat 7: Ruan metal (big blind) folded on the Flop
Seat 8: alexvgb444 folded before Flop (didn't bet)
Seat 9: Eighcehole folded before Flop (didn't bet)



PokerStars Hand #237570118298:  Hold'em No Limit ($0.02/$0.05 USD) - 2022/07/24 20:02:03 PT [2022/07/24 23:02:03 ET]
Table 'Stebbins' 9-max Seat #6 is the button
Seat 1: Quiet Sunday ($5.19 in chips) 
Seat 2: men-androsxx ($14.63 in chips) 
Seat 3: Ginnungagap7 ($4.82 in chips) 
Seat 4: Dorex2007 ($6.21 in chips) 
Seat 5: VLNZL ($1.78 in chips) 
Seat 6: Almanza63 ($6.11 in chips) 
Seat 7: Ruan metal ($9.49 in chips) 
Seat 8: alexvgb444 ($2.67 in chips) 
Seat 9: Eighcehole ($4.39 in chips) 
Ruan metal: posts small blind $0.02
alexvgb444: posts big blind $0.05
*** HOLE CARDS ***
Dealt to Dorex2007 [Kh 7c]
Eighcehole: folds 
Quiet Sunday: folds 
men-androsxx: calls $0.05
Ginnungagap7: folds 
Dorex2007 has timed out
Dorex2007: folds 
VLNZL: calls $0.05
Almanza63: folds 
Ruan metal: folds 
alexvgb444: checks 
*** FLOP *** [Tc 9s Kc]
alexvgb444: checks 
men-androsxx: checks 
VLNZL: checks 
*** TURN *** [Tc 9s Kc] [Qd]
alexvgb444: checks 
men-androsxx: bets $0.16
VLNZL: calls $0.16
alexvgb444: folds 
*** RIVER *** [Tc 9s Kc Qd] [9h]
men-androsxx: checks 
VLNZL: bets $0.23
men-androsxx: calls $0.23
*** SHOW DOWN ***
VLNZL: shows [9d Ad] (three of a kind, Nines)
men-androsxx: mucks hand 
VLNZL collected $0.91 from pot
*** SUMMARY ***
Total pot $0.95 | Rake $0.04 
Board [Tc 9s Kc Qd 9h]
Seat 1: Quiet Sunday folded before Flop (didn't bet)
Seat 2: men-androsxx mucked [Qs 8s]
Seat 3: Ginnungagap7 folded before Flop (didn't bet)
Seat 4: Dorex2007 folded before Flop (didn't bet)
Seat 5: VLNZL showed [9d Ad] and won ($0.91) with three of a kind, Nines
Seat 6: Almanza63 (button) folded before Flop (didn't bet)
Seat 7: Ruan metal (small blind) folded before Flop
Seat 8: alexvgb444 (big blind) folded on the Turn
Seat 9: Eighcehole folded before Flop (didn't bet)



PokerStars Hand #237570130749:  Hold'em No Limit ($0.02/$0.05 USD) - 2022/07/24 20:03:08 PT [2022/07/24 23:03:08 ET]
Table 'Stebbins' 9-max Seat #7 is the button
Seat 1: Quiet Sunday ($5.19 in chips) 
Seat 2: men-androsxx ($14.19 in chips) 
Seat 3: Ginnungagap7 ($4.82 in chips) 
Seat 4: Dorex2007 ($6.21 in chips) 
Seat 5: VLNZL ($2.25 in chips) 
Seat 6: Almanza63 ($6.11 in chips) 
Seat 7: Ruan metal ($9.47 in chips) 
Seat 8: alexvgb444 ($2.62 in chips) 
Seat 9: Eighcehole ($4.39 in chips) 
alexvgb444: posts small blind $0.02
Eighcehole: posts big blind $0.05
*** HOLE CARDS ***
Dealt to Dorex2007 [6h 4d]
Quiet Sunday: folds 
men-androsxx: calls $0.05
Ginnungagap7: folds 
Dorex2007: folds 
VLNZL: calls $0.05
Almanza63: folds 
Ruan metal: folds 
alexvgb444: calls $0.03
Eighcehole: raises $0.20 to $0.25
men-androsxx: calls $0.20
VLNZL: calls $0.20
alexvgb444: calls $0.20
*** FLOP *** [7c Ac Tc]
alexvgb444: checks 
Eighcehole: bets $0.25
men-androsxx: calls $0.25
VLNZL: calls $0.25
alexvgb444: folds 
*** TURN *** [7c Ac Tc] [8h]
Eighcehole: bets $1.10
men-androsxx: folds 
VLNZL: folds 
Uncalled bet ($1.10) returned to Eighcehole
Eighcehole collected $1.68 from pot
*** SUMMARY ***
Total pot $1.75 | Rake $0.07 
Board [7c Ac Tc 8h]
Seat 1: Quiet Sunday folded before Flop (didn't bet)
Seat 2: men-androsxx folded on the Turn
Seat 3: Ginnungagap7 folded before Flop (didn't bet)
Seat 4: Dorex2007 folded before Flop (didn't bet)
Seat 5: VLNZL folded on the Turn
Seat 6: Almanza63 folded before Flop (didn't bet)
Seat 7: Ruan metal (button) folded before Flop (didn't bet)
Seat 8: alexvgb444 (small blind) folded on the Flop
Seat 9: Eighcehole (big blind) collected ($1.68)



PokerStars Hand #237570141796:  Hold'em No Limit ($0.02/$0.05 USD) - 2022/07/24 20:04:18 PT [2022/07/24 23:04:18 ET]
Table 'Stebbins' 9-max Seat #8 is the button
Seat 1: Quiet Sunday ($5.19 in chips) 
Seat 2: men-androsxx ($13.69 in chips) 
Seat 3: Ginnungagap7 ($4.82 in chips) 
Seat 4: Dorex2007 ($6.21 in chips) 
Seat 5: VLNZL ($1.75 in chips) 
Seat 6: Almanza63 ($6.11 in chips) 
Seat 7: Ruan metal ($9.47 in chips) 
Seat 8: alexvgb444 ($2.37 in chips) 
Seat 9: Eighcehole ($5.57 in chips) 
Eighcehole: posts small blind $0.02
Quiet Sunday: posts big blind $0.05
*** HOLE CARDS ***
Dealt to Dorex2007 [Ks Kc]
men-androsxx: calls $0.05
Ginnungagap7: folds 
Dorex2007: raises $0.10 to $0.15
VLNZL: folds 
Almanza63: folds 
Ruan metal: folds 
alexvgb444: calls $0.15
Eighcehole: folds 
Quiet Sunday: calls $0.10
men-androsxx: calls $0.10
*** FLOP *** [2h 8c 5d]
Quiet Sunday: checks 
men-androsxx: checks 
Dorex2007: bets $0.29
alexvgb444: folds 
Quiet Sunday: calls $0.29
men-androsxx: folds 
*** TURN *** [2h 8c 5d] [6d]
Quiet Sunday: checks 
Dorex2007: bets $0.57
Quiet Sunday: calls $0.57
*** RIVER *** [2h 8c 5d 6d] [5h]
Quiet Sunday: checks 
Dorex2007: checks 
*** SHOW DOWN ***
Quiet Sunday: shows [7s 6s] (two pair, Sixes and Fives)
Dorex2007: shows [Ks Kc] (two pair, Kings and Fives)
Dorex2007 collected $2.24 from pot
*** SUMMARY ***
Total pot $2.34 | Rake $0.10 
Board [2h 8c 5d 6d 5h]
Seat 1: Quiet Sunday (big blind) showed [7s 6s] and lost with two pair, Sixes and Fives
Seat 2: men-androsxx folded on the Flop
Seat 3: Ginnungagap7 folded before Flop (didn't bet)
Seat 4: Dorex2007 showed [Ks Kc] and won ($2.24) with two pair, Kings and Fives
Seat 5: VLNZL folded before Flop (didn't bet)
Seat 6: Almanza63 folded before Flop (didn't bet)
Seat 7: Ruan metal folded before Flop (didn't bet)
Seat 8: alexvgb444 (button) folded on the Flop
Seat 9: Eighcehole (small blind) folded before Flop



PokerStars Hand #237570153993:  Hold'em No Limit ($0.02/$0.05 USD) - 2022/07/24 20:05:36 PT [2022/07/24 23:05:36 ET]
Table 'Stebbins' 9-max Seat #9 is the button
Seat 1: Quiet Sunday ($4.18 in chips) 
Seat 2: men-androsxx ($13.54 in chips) 
Seat 3: Ginnungagap7 ($4.82 in chips) 
Seat 4: Dorex2007 ($7.44 in chips) 
Seat 5: VLNZL ($1.75 in chips) 
Seat 6: Almanza63 ($6.11 in chips) 
Seat 7: Ruan metal ($9.47 in chips) 
Seat 8: alexvgb444 ($2.22 in chips) 
Seat 9: Eighcehole ($5.55 in chips) 
Quiet Sunday: posts small blind $0.02
men-androsxx: posts big blind $0.05
*** HOLE CARDS ***
Dealt to Dorex2007 [2d 2c]
Ginnungagap7: raises $0.10 to $0.15
Dorex2007: folds 
VLNZL: calls $0.15
Almanza63: folds 
Ruan metal: folds 
alexvgb444: folds 
Eighcehole: folds 
Quiet Sunday: folds 
men-androsxx: calls $0.10
*** FLOP *** [6c 6h Qh]
men-androsxx: checks 
Ginnungagap7: checks 
VLNZL: bets $0.22
men-androsxx: folds 
Ginnungagap7: folds 
Uncalled bet ($0.22) returned to VLNZL
VLNZL collected $0.45 from pot
*** SUMMARY ***
Total pot $0.47 | Rake $0.02 
Board [6c 6h Qh]
Seat 1: Quiet Sunday (small blind) folded before Flop
Seat 2: men-androsxx (big blind) folded on the Flop
Seat 3: Ginnungagap7 folded on the Flop
Seat 4: Dorex2007 folded before Flop (didn't bet)
Seat 5: VLNZL collected ($0.45)
Seat 6: Almanza63 folded before Flop (didn't bet)
Seat 7: Ruan metal folded before Flop (didn't bet)
Seat 8: alexvgb444 folded before Flop (didn't bet)
Seat 9: Eighcehole (button) folded before Flop (didn't bet)



PokerStars Hand #237570163684:  Hold'em No Limit ($0.02/$0.05 USD) - 2022/07/24 20:06:07 PT [2022/07/24 23:06:07 ET]
Table 'Stebbins' 9-max Seat #1 is the button
Seat 1: Quiet Sunday ($4.16 in chips) 
Seat 2: men-androsxx ($13.39 in chips) 
Seat 3: Ginnungagap7 ($4.67 in chips) 
Seat 4: Dorex2007 ($7.44 in chips) 
Seat 5: VLNZL ($2.05 in chips) 
Seat 6: Almanza63 ($6.11 in chips) 
Seat 7: Ruan metal ($9.47 in chips) 
Seat 8: alexvgb444 ($2.22 in chips) 
Seat 9: Eighcehole ($5.55 in chips) 
men-androsxx: posts small blind $0.02
Ginnungagap7: posts big blind $0.05
*** HOLE CARDS ***
Dealt to Dorex2007 [Td 2s]
Dorex2007: folds 
VLNZL: folds 
Almanza63: folds 
Ruan metal: raises $0.10 to $0.15
alexvgb444: calls $0.15
Eighcehole: folds 
Quiet Sunday: folds 
men-androsxx: calls $0.13
Ginnungagap7: folds 
*** FLOP *** [Tc Jd Js]
men-androsxx: checks 
Ruan metal: bets $0.24
alexvgb444: folds 
men-androsxx: folds 
Uncalled bet ($0.24) returned to Ruan metal
Ruan metal collected $0.48 from pot
*** SUMMARY ***
Total pot $0.50 | Rake $0.02 
Board [Tc Jd Js]
Seat 1: Quiet Sunday (button) folded before Flop (didn't bet)
Seat 2: men-androsxx (small blind) folded on the Flop
Seat 3: Ginnungagap7 (big blind) folded before Flop
Seat 4: Dorex2007 folded before Flop (didn't bet)
Seat 5: VLNZL folded before Flop (didn't bet)
Seat 6: Almanza63 folded before Flop (didn't bet)
Seat 7: Ruan metal collected ($0.48)
Seat 8: alexvgb444 folded on the Flop
Seat 9: Eighcehole folded before Flop (didn't bet)



PokerStars Hand #237570170435:  Hold'em No Limit ($0.02/$0.05 USD) - 2022/07/24 20:06:46 PT [2022/07/24 23:06:46 ET]
Table 'Stebbins' 9-max Seat #2 is the button
Seat 1: Quiet Sunday ($4.16 in chips) 
Seat 2: men-androsxx ($13.24 in chips) 
Seat 3: Ginnungagap7 ($4.62 in chips) 
Seat 4: Dorex2007 ($7.44 in chips) 
Seat 5: VLNZL ($2.05 in chips) 
Seat 6: Almanza63 ($6.11 in chips) 
Seat 7: Ruan metal ($9.80 in chips) 
Seat 8: alexvgb444 ($2.07 in chips) 
Seat 9: Eighcehole ($5.55 in chips) 
Ginnungagap7: posts small blind $0.02
Dorex2007: posts big blind $0.05
*** HOLE CARDS ***
Dealt to Dorex2007 [Qs 7h]
VLNZL: calls $0.05
Almanza63: raises $0.20 to $0.25
Ruan metal: folds 
alexvgb444: folds 
Eighcehole: folds 
Quiet Sunday: folds 
men-androsxx: calls $0.25
Ginnungagap7: folds 
Dorex2007: folds 
VLNZL: calls $0.20
*** FLOP *** [Ts 9c Ad]
VLNZL: checks 
Almanza63: checks 
men-androsxx: checks 
*** TURN *** [Ts 9c Ad] [Kc]
VLNZL: checks 
Almanza63: checks 
men-androsxx: bets $0.79
VLNZL: raises $0.79 to $1.58
Almanza63: folds 
men-androsxx: calls $0.79
*** RIVER *** [Ts 9c Ad Kc] [8h]
VLNZL: checks 
men-androsxx: bets $3.81
VLNZL: calls $0.22 and is all-in
Uncalled bet ($3.59) returned to men-androsxx
*** SHOW DOWN ***
men-androsxx: shows [Js 4s] (high card Ace)
VLNZL: shows [Kd Kh] (three of a kind, Kings)
VLNZL collected $4.24 from pot
*** SUMMARY ***
Total pot $4.42 | Rake $0.18 
Board [Ts 9c Ad Kc 8h]
Seat 1: Quiet Sunday folded before Flop (didn't bet)
Seat 2: men-androsxx (button) showed [Js 4s] and lost with high card Ace
Seat 3: Ginnungagap7 (small blind) folded before Flop
Seat 4: Dorex2007 (big blind) folded before Flop
Seat 5: VLNZL showed [Kd Kh] and won ($4.24) with three of a kind, Kings
Seat 6: Almanza63 folded on the Turn
Seat 7: Ruan metal folded before Flop (didn't bet)
Seat 8: alexvgb444 folded before Flop (didn't bet)
Seat 9: Eighcehole folded before Flop (didn't bet)



PokerStars Hand #237570181852:  Hold'em No Limit ($0.02/$0.05 USD) - 2022/07/24 20:07:59 PT [2022/07/24 23:07:59 ET]
Table 'Stebbins' 9-max Seat #3 is the button
Seat 1: Quiet Sunday ($4.16 in chips) 
Seat 2: men-androsxx ($11.19 in chips) 
Seat 3: Ginnungagap7 ($4.60 in chips) 
Seat 4: Dorex2007 ($7.39 in chips) 
Seat 5: VLNZL ($4.24 in chips) 
Seat 6: Almanza63 ($5.86 in chips) 
Seat 7: Ruan metal ($9.80 in chips) 
Seat 8: alexvgb444 ($2.07 in chips) 
Seat 9: Eighcehole ($5.55 in chips) 
Dorex2007: posts small blind $0.02
VLNZL: posts big blind $0.05
*** HOLE CARDS ***
Dealt to Dorex2007 [7h 4h]
Almanza63: folds 
Ruan metal: folds 
alexvgb444: folds 
Eighcehole: raises $0.10 to $0.15
Quiet Sunday: calls $0.15
men-androsxx: calls $0.15
Ginnungagap7: calls $0.15
Dorex2007: folds 
VLNZL: calls $0.10
*** FLOP *** [2s Td 4c]
VLNZL: checks 
Eighcehole: checks 
Quiet Sunday: bets $0.37
men-androsxx: calls $0.37
Ginnungagap7: folds 
VLNZL: folds 
Eighcehole: calls $0.37
*** TURN *** [2s Td 4c] [2c]
Eighcehole: checks 
Quiet Sunday: checks 
men-androsxx: checks 
*** RIVER *** [2s Td 4c 2c] [3c]
Eighcehole: checks 
Quiet Sunday: checks 
men-androsxx: bets $1.80
Eighcehole: folds 
Quiet Sunday: calls $1.80
*** SHOW DOWN ***
men-androsxx: shows [Ts Ks] (two pair, Tens and Deuces)
Quiet Sunday: mucks hand 
men-androsxx collected $5.25 from pot
*** SUMMARY ***
Total pot $5.48 | Rake $0.23 
Board [2s Td 4c 2c 3c]
Seat 1: Quiet Sunday mucked [Th 8h]
Seat 2: men-androsxx showed [Ts Ks] and won ($5.25) with two pair, Tens and Deuces
Seat 3: Ginnungagap7 (button) folded on the Flop
Seat 4: Dorex2007 (small blind) folded before Flop
Seat 5: VLNZL (big blind) folded on the Flop
Seat 6: Almanza63 folded before Flop (didn't bet)
Seat 7: Ruan metal folded before Flop (didn't bet)
Seat 8: alexvgb444 folded before Flop (didn't bet)
Seat 9: Eighcehole folded on the River



PokerStars Hand #237570194234:  Hold'em No Limit ($0.02/$0.05 USD) - 2022/07/24 20:09:14 PT [2022/07/24 23:09:14 ET]
Table 'Stebbins' 9-max Seat #4 is the button
Seat 1: Quiet Sunday ($1.84 in chips) 
Seat 2: men-androsxx ($14.12 in chips) 
Seat 3: Ginnungagap7 ($4.45 in chips) 
Seat 4: Dorex2007 ($7.37 in chips) 
Seat 5: VLNZL ($4.09 in chips) 
Seat 6: Almanza63 ($5.86 in chips) 
Seat 7: Ruan metal ($9.80 in chips) 
Seat 8: alexvgb444 ($2.07 in chips) 
Seat 9: Eighcehole ($5.03 in chips) 
VLNZL: posts small blind $0.02
Almanza63: posts big blind $0.05
*** HOLE CARDS ***
Dealt to Dorex2007 [Tc Jc]
Ruan metal: folds 
alexvgb444: folds 
Eighcehole: folds 
Quiet Sunday: raises $0.12 to $0.17
men-androsxx: calls $0.17
Ginnungagap7: folds 
Dorex2007: folds 
VLNZL: folds 
Almanza63: folds 
*** FLOP *** [7c 5d 3d]
Quiet Sunday: checks 
men-androsxx: bets $0.39
Quiet Sunday: folds 
Uncalled bet ($0.39) returned to men-androsxx
men-androsxx collected $0.39 from pot
*** SUMMARY ***
Total pot $0.41 | Rake $0.02 
Board [7c 5d 3d]
Seat 1: Quiet Sunday folded on the Flop
Seat 2: men-androsxx collected ($0.39)
Seat 3: Ginnungagap7 folded before Flop (didn't bet)
Seat 4: Dorex2007 (button) folded before Flop (didn't bet)
Seat 5: VLNZL (small blind) folded before Flop
Seat 6: Almanza63 (big blind) folded before Flop
Seat 7: Ruan metal folded before Flop (didn't bet)
Seat 8: alexvgb444 folded before Flop (didn't bet)
Seat 9: Eighcehole folded before Flop (didn't bet)



PokerStars Hand #237570201029:  Hold'em No Limit ($0.02/$0.05 USD) - 2022/07/24 20:09:59 PT [2022/07/24 23:09:59 ET]
Table 'Stebbins' 9-max Seat #5 is the button
Seat 1: Quiet Sunday ($1.67 in chips) 
Seat 2: men-androsxx ($14.34 in chips) 
Seat 3: Ginnungagap7 ($4.45 in chips) 
Seat 4: Dorex2007 ($7.37 in chips) 
Seat 5: VLNZL ($4.07 in chips) 
Seat 6: Almanza63 ($5.81 in chips) 
Seat 7: Ruan metal ($9.80 in chips) 
Seat 8: alexvgb444 ($2.07 in chips) 
Seat 9: Eighcehole ($5.03 in chips) 
Almanza63: posts small blind $0.02
Ruan metal: posts big blind $0.05
*** HOLE CARDS ***
Dealt to Dorex2007 [Js 8h]
alexvgb444: raises $0.10 to $0.15
Eighcehole: folds 
Quiet Sunday: folds 
men-androsxx: calls $0.15
Ginnungagap7: folds 
Dorex2007: folds 
VLNZL: folds 
Almanza63: folds 
Ruan metal: calls $0.10
*** FLOP *** [Kh 4d Qs]
Ruan metal: checks 
alexvgb444: bets $1.92 and is all-in
men-androsxx: folds 
Ruan metal: folds 
Uncalled bet ($1.92) returned to alexvgb444
alexvgb444 collected $0.45 from pot
*** SUMMARY ***
Total pot $0.47 | Rake $0.02 
Board [Kh 4d Qs]
Seat 1: Quiet Sunday folded before Flop (didn't bet)
Seat 2: men-androsxx folded on the Flop
Seat 3: Ginnungagap7 folded before Flop (didn't bet)
Seat 4: Dorex2007 folded before Flop (didn't bet)
Seat 5: VLNZL (button) folded before Flop (didn't bet)
Seat 6: Almanza63 (small blind) folded before Flop
Seat 7: Ruan metal (big blind) folded on the Flop
Seat 8: alexvgb444 collected ($0.45)
Seat 9: Eighcehole folded before Flop (didn't bet)



PokerStars Hand #237570206793:  Hold'em No Limit ($0.02/$0.05 USD) - 2022/07/24 20:10:36 PT [2022/07/24 23:10:36 ET]
Table 'Stebbins' 9-max Seat #6 is the button
Seat 1: Quiet Sunday ($1.67 in chips) 
Seat 2: men-androsxx ($14.19 in chips) 
Seat 3: Ginnungagap7 ($4.45 in chips) 
Seat 4: Dorex2007 ($7.37 in chips) 
Seat 5: VLNZL ($4.07 in chips) 
Seat 6: Almanza63 ($5.79 in chips) 
Seat 7: Ruan metal ($9.65 in chips) 
Seat 8: alexvgb444 ($2.37 in chips) 
Seat 9: Eighcehole ($5.03 in chips) 
Ruan metal: posts small blind $0.02
alexvgb444: posts big blind $0.05
*** HOLE CARDS ***
Dealt to Dorex2007 [Ts Ah]
Eighcehole: folds 
Quiet Sunday: raises $0.10 to $0.15
men-androsxx: calls $0.15
Ginnungagap7: folds 
Dorex2007: folds 
VLNZL: folds 
Almanza63: folds 
Ruan metal: folds 
alexvgb444: calls $0.10
*** FLOP *** [8s 5h 5c]
alexvgb444: checks 
Quiet Sunday: checks 
men-androsxx: checks 
*** TURN *** [8s 5h 5c] [4s]
alexvgb444: checks 
Quiet Sunday: checks 
men-androsxx: bets $0.45
alexvgb444: folds 
Quiet Sunday: folds 
Uncalled bet ($0.45) returned to men-androsxx
men-androsxx collected $0.45 from pot
*** SUMMARY ***
Total pot $0.47 | Rake $0.02 
Board [8s 5h 5c 4s]
Seat 1: Quiet Sunday folded on the Turn
Seat 2: men-androsxx collected ($0.45)
Seat 3: Ginnungagap7 folded before Flop (didn't bet)
Seat 4: Dorex2007 folded before Flop (didn't bet)
Seat 5: VLNZL folded before Flop (didn't bet)
Seat 6: Almanza63 (button) folded before Flop (didn't bet)
Seat 7: Ruan metal (small blind) folded before Flop
Seat 8: alexvgb444 (big blind) folded on the Turn
Seat 9: Eighcehole folded before Flop (didn't bet)



PokerStars Hand #237570215494:  Hold'em No Limit ($0.02/$0.05 USD) - 2022/07/24 20:11:32 PT [2022/07/24 23:11:32 ET]
Table 'Stebbins' 9-max Seat #7 is the button
Seat 1: Quiet Sunday ($1.52 in chips) 
Seat 2: men-androsxx ($14.49 in chips) 
Seat 3: Ginnungagap7 ($4.45 in chips) 
Seat 4: Dorex2007 ($7.37 in chips) 
Seat 5: VLNZL ($4.07 in chips) 
Seat 6: Almanza63 ($5.79 in chips) 
Seat 7: Ruan metal ($9.63 in chips) 
Seat 8: alexvgb444 ($2.22 in chips) 
Seat 9: Eighcehole ($5.03 in chips) 
alexvgb444: posts small blind $0.02
Eighcehole: posts big blind $0.05
*** HOLE CARDS ***
Dealt to Dorex2007 [Ad 8c]
Quiet Sunday: folds 
men-androsxx: folds 
Ginnungagap7: raises $0.10 to $0.15
Dorex2007: folds 
VLNZL: folds 
Almanza63: folds 
Ruan metal: folds 
alexvgb444: raises $2.07 to $2.22 and is all-in
Eighcehole: folds 
Ginnungagap7: folds 
Uncalled bet ($2.07) returned to alexvgb444
alexvgb444 collected $0.35 from pot
*** SUMMARY ***
Total pot $0.35 | Rake $0 
Seat 1: Quiet Sunday folded before Flop (didn't bet)
Seat 2: men-androsxx folded before Flop (didn't bet)
Seat 3: Ginnungagap7 folded before Flop
Seat 4: Dorex2007 folded before Flop (didn't bet)
Seat 5: VLNZL folded before Flop (didn't bet)
Seat 6: Almanza63 folded before Flop (didn't bet)
Seat 7: Ruan metal (button) folded before Flop (didn't bet)
Seat 8: alexvgb444 (small blind) collected ($0.35)
Seat 9: Eighcehole (big blind) folded before Flop



PokerStars Hand #237570220283:  Hold'em No Limit ($0.02/$0.05 USD) - 2022/07/24 20:12:03 PT [2022/07/24 23:12:03 ET]
Table 'Stebbins' 9-max Seat #8 is the button
Seat 2: men-androsxx ($14.49 in chips) 
Seat 3: Ginnungagap7 ($4.30 in chips) 
Seat 4: Dorex2007 ($7.37 in chips) 
Seat 5: VLNZL ($4.07 in chips) 
Seat 6: Almanza63 ($5.79 in chips) 
Seat 7: Ruan metal ($9.63 in chips) 
Seat 8: alexvgb444 ($2.42 in chips) 
Seat 9: Eighcehole ($4.98 in chips) 
Eighcehole: posts small blind $0.02
men-androsxx: posts big blind $0.05
*** HOLE CARDS ***
Dealt to Dorex2007 [As 5d]
Ginnungagap7: folds 
Dorex2007: folds 
VLNZL: folds 
Almanza63: folds 
Ruan metal: folds 
alexvgb444: calls $0.05
Eighcehole: folds 
men-androsxx: raises $0.12 to $0.17
alexvgb444: calls $0.12
*** FLOP *** [2h Js 6c]
men-androsxx: checks 
alexvgb444: bets $0.17
men-androsxx: calls $0.17
*** TURN *** [2h Js 6c] [9c]
men-androsxx: checks 
alexvgb444: bets $0.33
men-androsxx: raises $1.72 to $2.05
alexvgb444: raises $0.03 to $2.08 and is all-in
men-androsxx: calls $0.03
*** RIVER *** [2h Js 6c 9c] [Ah]
*** SHOW DOWN ***
men-androsxx: shows [Ks Kh] (a pair of Kings)
alexvgb444: shows [Jc 5c] (a pair of Jacks)
men-androsxx collected $4.66 from pot
*** SUMMARY ***
Total pot $4.86 | Rake $0.20 
Board [2h Js 6c 9c Ah]
Seat 2: men-androsxx (big blind) showed [Ks Kh] and won ($4.66) with a pair of Kings
Seat 3: Ginnungagap7 folded before Flop (didn't bet)
Seat 4: Dorex2007 folded before Flop (didn't bet)
Seat 5: VLNZL folded before Flop (didn't bet)
Seat 6: Almanza63 folded before Flop (didn't bet)
Seat 7: Ruan metal folded before Flop (didn't bet)
Seat 8: alexvgb444 (button) showed [Jc 5c] and lost with a pair of Jacks
Seat 9: Eighcehole (small blind) folded before Flop



PokerStars Hand #237570237780:  Hold'em No Limit ($0.02/$0.05 USD) - 2022/07/24 20:12:58 PT [2022/07/24 23:12:58 ET]
Table 'Stebbins' 9-max Seat #9 is the button
Seat 2: men-androsxx ($16.73 in chips) 
Seat 3: Ginnungagap7 ($4.30 in chips) 
Seat 4: Dorex2007 ($7.37 in chips) 
Seat 5: VLNZL ($4.07 in chips) 
Seat 6: Almanza63 ($5.79 in chips) 
Seat 7: Ruan metal ($9.63 in chips) 
Seat 9: Eighcehole ($4.96 in chips) 
men-androsxx: posts small blind $0.02
Ginnungagap7: posts big blind $0.05
*** HOLE CARDS ***
Dealt to Dorex2007 [9s Ts]
Dorex2007: calls $0.05
alexvgb444 leaves the table
VLNZL: folds 
Almanza63: folds 
Ruan metal: folds 
Eighcehole: raises $0.15 to $0.20
men-androsxx: calls $0.18
Ginnungagap7: folds 
Dorex2007: folds 
*** FLOP *** [5s 7d 4s]
men-androsxx: checks 
Eighcehole: bets $0.15
men-androsxx: calls $0.15
*** TURN *** [5s 7d 4s] [Jc]
men-androsxx: bets $0.77
Eighcehole: calls $0.77
*** RIVER *** [5s 7d 4s Jc] [Ad]
men-androsxx: checks 
scofo83 joins the table at seat #8 
Eighcehole: checks 
*** SHOW DOWN ***
men-androsxx: shows [Qh Jd] (a pair of Jacks)
Eighcehole: shows [Qs Js] (a pair of Jacks)
men-androsxx collected $1.12 from pot
Eighcehole collected $1.12 from pot
*** SUMMARY ***
Total pot $2.34 | Rake $0.10 
Board [5s 7d 4s Jc Ad]
Seat 2: men-androsxx (small blind) showed [Qh Jd] and won ($1.12) with a pair of Jacks
Seat 3: Ginnungagap7 (big blind) folded before Flop
Seat 4: Dorex2007 folded before Flop
Seat 5: VLNZL folded before Flop (didn't bet)
Seat 6: Almanza63 folded before Flop (didn't bet)
Seat 7: Ruan metal folded before Flop (didn't bet)
Seat 9: Eighcehole (button) showed [Qs Js] and won ($1.12) with a pair of Jacks



PokerStars Hand #237570245307:  Hold'em No Limit ($0.02/$0.05 USD) - 2022/07/24 20:13:47 PT [2022/07/24 23:13:47 ET]
Table 'Stebbins' 9-max Seat #2 is the button
Seat 2: men-androsxx ($16.73 in chips) 
Seat 3: Ginnungagap7 ($4.25 in chips) 
Seat 4: Dorex2007 ($7.32 in chips) 
Seat 5: VLNZL ($4.07 in chips) 
Seat 6: Almanza63 ($5.79 in chips) 
Seat 7: Ruan metal ($9.63 in chips) 
Seat 9: Eighcehole ($4.96 in chips) 
Ginnungagap7: posts small blind $0.02
Dorex2007: posts big blind $0.05
scofo83: sits out 
*** HOLE CARDS ***
Dealt to Dorex2007 [Qh 4s]
VLNZL: folds 
Almanza63: folds 
Ruan metal: folds 
Eighcehole: raises $0.10 to $0.15
men-androsxx: raises $0.37 to $0.52
Ginnungagap7: folds 
Dorex2007: folds 
Eighcehole: calls $0.37
*** FLOP *** [5d 8d 9s]
Eighcehole: checks 
men-androsxx: checks 
*** TURN *** [5d 8d 9s] [Qc]
Eighcehole: checks 
men-androsxx: checks 
*** RIVER *** [5d 8d 9s Qc] [3s]
Eighcehole: bets $0.05
men-androsxx: calls $0.05
*** SHOW DOWN ***
Eighcehole: shows [9h Th] (a pair of Nines)
men-androsxx: mucks hand 
Eighcehole collected $1.16 from pot
*** SUMMARY ***
Total pot $1.21 | Rake $0.05 
Board [5d 8d 9s Qc 3s]
Seat 2: men-androsxx (button) mucked [5s As]
Seat 3: Ginnungagap7 (small blind) folded before Flop
Seat 4: Dorex2007 (big blind) folded before Flop
Seat 5: VLNZL folded before Flop (didn't bet)
Seat 6: Almanza63 folded before Flop (didn't bet)
Seat 7: Ruan metal folded before Flop (didn't bet)
Seat 9: Eighcehole showed [9h Th] and won ($1.16) with a pair of Nines



PokerStars Hand #237570251042:  Hold'em No Limit ($0.02/$0.05 USD) - 2022/07/24 20:14:25 PT [2022/07/24 23:14:25 ET]
Table 'Stebbins' 9-max Seat #3 is the button
Seat 2: men-androsxx ($16.16 in chips) 
Seat 3: Ginnungagap7 ($4.23 in chips) 
Seat 4: Dorex2007 ($7.27 in chips) 
Seat 5: VLNZL ($4.07 in chips) 
Seat 6: Almanza63 ($5.79 in chips) 
Seat 7: Ruan metal ($9.63 in chips) 
Seat 9: Eighcehole ($5.55 in chips) 
Dorex2007: posts small blind $0.02
VLNZL: posts big blind $0.05
scofo83: sits out 
*** HOLE CARDS ***
Dealt to Dorex2007 [4s 4c]
Almanza63: folds 
Ruan metal: folds 
Eighcehole: folds 
men-androsxx: calls $0.05
Ginnungagap7: raises $0.17 to $0.22
Quiet Sunday leaves the table
Dorex2007: folds 
VLNZL: calls $0.17
men-androsxx: calls $0.17
*** FLOP *** [Jc Th 9c]
VLNZL: checks 
men-androsxx: checks 
Ginnungagap7: checks 
*** TURN *** [Jc Th 9c] [7s]
VLNZL: checks 
men-androsxx: checks 
Ginnungagap7: checks 
*** RIVER *** [Jc Th 9c 7s] [9h]
VLNZL: checks 
men-androsxx: checks 
Ginnungagap7: checks 
*** SHOW DOWN ***
VLNZL: shows [Ts Kh] (two pair, Tens and Nines)
men-androsxx: mucks hand 
Ginnungagap7: mucks hand 
VLNZL collected $0.65 from pot
*** SUMMARY ***
Total pot $0.68 | Rake $0.03 
Board [Jc Th 9c 7s 9h]
Seat 2: men-androsxx mucked [5c 6d]
Seat 3: Ginnungagap7 (button) mucked [Kd Ah]
Seat 4: Dorex2007 (small blind) folded before Flop
Seat 5: VLNZL (big blind) showed [Ts Kh] and won ($0.65) with two pair, Tens and Nines
Seat 6: Almanza63 folded before Flop (didn't bet)
Seat 7: Ruan metal folded before Flop (didn't bet)
Seat 9: Eighcehole folded before Flop (didn't bet)



PokerStars Hand #237570260432:  Hold'em No Limit ($0.02/$0.05 USD) - 2022/07/24 20:15:28 PT [2022/07/24 23:15:28 ET]
Table 'Stebbins' 9-max Seat #4 is the button
Seat 2: men-androsxx ($15.94 in chips) 
Seat 3: Ginnungagap7 ($4.01 in chips) 
Seat 4: Dorex2007 ($7.25 in chips) 
Seat 5: VLNZL ($4.50 in chips) 
Seat 6: Almanza63 ($5.79 in chips) 
Seat 7: Ruan metal ($9.63 in chips) 
Seat 9: Eighcehole ($5.55 in chips) 
VLNZL: posts small blind $0.02
Almanza63: posts big blind $0.05
scofo83: sits out 
*** HOLE CARDS ***
Dealt to Dorex2007 [Qh 2c]
Ruan metal: folds 
Eighcehole has timed out
Eighcehole: folds 
men-androsxx has timed out
men-androsxx: folds 
Ginnungagap7: raises $0.10 to $0.15
Dorex2007: folds 
Kentotoy joins the table at seat #1 
VLNZL: folds 
Almanza63: calls $0.10
*** FLOP *** [5h 3s 6d]
Almanza63: checks 
Ginnungagap7: checks 
*** TURN *** [5h 3s 6d] [2h]
Almanza63: bets $0.19
Ginnungagap7: folds 
Uncalled bet ($0.19) returned to Almanza63
Almanza63 collected $0.31 from pot
*** SUMMARY ***
Total pot $0.32 | Rake $0.01 
Board [5h 3s 6d 2h]
Seat 2: men-androsxx folded before Flop (didn't bet)
Seat 3: Ginnungagap7 folded on the Turn
Seat 4: Dorex2007 (button) folded before Flop (didn't bet)
Seat 5: VLNZL (small blind) folded before Flop
Seat 6: Almanza63 (big blind) collected ($0.31)
Seat 7: Ruan metal folded before Flop (didn't bet)
Seat 9: Eighcehole folded before Flop (didn't bet)



PokerStars Hand #237570270118:  Hold'em No Limit ($0.02/$0.05 USD) - 2022/07/24 20:16:31 PT [2022/07/24 23:16:31 ET]
Table 'Stebbins' 9-max Seat #5 is the button
Seat 1: Kentotoy ($5 in chips) 
Seat 2: men-androsxx ($15.94 in chips) 
Seat 3: Ginnungagap7 ($3.86 in chips) 
Seat 4: Dorex2007 ($7.25 in chips) 
Seat 5: VLNZL ($4.48 in chips) 
Seat 6: Almanza63 ($5.95 in chips) 
Seat 7: Ruan metal ($9.63 in chips) 
Seat 9: Eighcehole ($5.55 in chips) 
Almanza63: posts small blind $0.02
Ruan metal: posts big blind $0.05
scofo83: sits out 
Kentotoy: posts big blind $0.05
*** HOLE CARDS ***
Dealt to Dorex2007 [Ac 5h]
Eighcehole: folds 
Kentotoy: checks 
men-androsxx: calls $0.05
Ginnungagap7: calls $0.05
Dorex2007: folds 
VLNZL: calls $0.05
Almanza63: calls $0.03
Ruan metal: checks 
*** FLOP *** [2d Kc 8c]
Almanza63: checks 
Ruan metal: checks 
Kentotoy: checks 
men-androsxx: checks 
Ginnungagap7: bets $0.22
VLNZL: folds 
Almanza63: folds 
Ruan metal: folds 
Kentotoy: folds 
men-androsxx: calls $0.22
*** TURN *** [2d Kc 8c] [4s]
men-androsxx: bets $0.71
Ginnungagap7: folds 
Uncalled bet ($0.71) returned to men-androsxx
men-androsxx collected $0.71 from pot
*** SUMMARY ***
Total pot $0.74 | Rake $0.03 
Board [2d Kc 8c 4s]
Seat 1: Kentotoy folded on the Flop (didn't bet)
Seat 2: men-androsxx collected ($0.71)
Seat 3: Ginnungagap7 folded on the Turn
Seat 4: Dorex2007 folded before Flop (didn't bet)
Seat 5: VLNZL (button) folded on the Flop
Seat 6: Almanza63 (small blind) folded on the Flop
Seat 7: Ruan metal (big blind) folded on the Flop
Seat 9: Eighcehole folded before Flop (didn't bet)



PokerStars Hand #237570278985:  Hold'em No Limit ($0.02/$0.05 USD) - 2022/07/24 20:17:28 PT [2022/07/24 23:17:28 ET]
Table 'Stebbins' 9-max Seat #6 is the button
Seat 1: Kentotoy ($4.95 in chips) 
Seat 2: men-androsxx ($16.38 in chips) 
Seat 3: Ginnungagap7 ($3.59 in chips) 
Seat 4: Dorex2007 ($7.25 in chips) 
Seat 5: VLNZL ($4.43 in chips) 
Seat 6: Almanza63 ($5.90 in chips) 
Seat 7: Ruan metal ($9.58 in chips) 
Seat 8: scofo83 ($5 in chips) 
Seat 9: Eighcehole ($5.55 in chips) 
Ruan metal: posts small blind $0.02
scofo83: posts big blind $0.05
*** HOLE CARDS ***
Dealt to Dorex2007 [Kh 9s]
Eighcehole: folds 
Kentotoy: folds 
men-androsxx has timed out
men-androsxx: folds 
Ginnungagap7: folds 
Dorex2007: folds 
VLNZL: folds 
Almanza63: folds 
Ruan metal: calls $0.03
scofo83 has timed out
scofo83: checks 
*** FLOP *** [8s Tc Qh]
Ruan metal: bets $0.05
scofo83: folds 
Uncalled bet ($0.05) returned to Ruan metal
Ruan metal collected $0.10 from pot
*** SUMMARY ***
Total pot $0.10 | Rake $0 
Board [8s Tc Qh]
Seat 1: Kentotoy folded before Flop (didn't bet)
Seat 2: men-androsxx folded before Flop (didn't bet)
Seat 3: Ginnungagap7 folded before Flop (didn't bet)
Seat 4: Dorex2007 folded before Flop (didn't bet)
Seat 5: VLNZL folded before Flop (didn't bet)
Seat 6: Almanza63 (button) folded before Flop (didn't bet)
Seat 7: Ruan metal (small blind) collected ($0.10)
Seat 8: scofo83 (big blind) folded on the Flop
Seat 9: Eighcehole folded before Flop (didn't bet)



PokerStars Hand #237570292937:  Hold'em No Limit ($0.02/$0.05 USD) - 2022/07/24 20:18:30 PT [2022/07/24 23:18:30 ET]
Table 'Stebbins' 9-max Seat #7 is the button
Seat 1: Kentotoy ($4.95 in chips) 
Seat 3: Ginnungagap7 ($3.59 in chips) 
Seat 4: Dorex2007 ($7.25 in chips) 
Seat 5: VLNZL ($4.43 in chips) 
Seat 6: Almanza63 ($5.90 in chips) 
Seat 7: Ruan metal ($9.63 in chips) 
Seat 8: scofo83 ($5 in chips) 
Seat 9: Eighcehole ($5.55 in chips) 
scofo83: posts small blind $0.02
Eighcehole: posts big blind $0.05
*** HOLE CARDS ***
Dealt to Dorex2007 [Jc 2c]
Kentotoy: folds 
Ginnungagap7: folds 
Dorex2007: folds 
VLNZL: folds 
Almanza63: folds 
Ruan metal: raises $0.10 to $0.15
scofo83: folds 
Eighcehole: folds 
Uncalled bet ($0.10) returned to Ruan metal
Ruan metal collected $0.12 from pot
*** SUMMARY ***
Total pot $0.12 | Rake $0 
Seat 1: Kentotoy folded before Flop (didn't bet)
Seat 3: Ginnungagap7 folded before Flop (didn't bet)
Seat 4: Dorex2007 folded before Flop (didn't bet)
Seat 5: VLNZL folded before Flop (didn't bet)
Seat 6: Almanza63 folded before Flop (didn't bet)
Seat 7: Ruan metal (button) collected ($0.12)
Seat 8: scofo83 (small blind) folded before Flop
Seat 9: Eighcehole (big blind) folded before Flop



PokerStars Hand #237570298161:  Hold'em No Limit ($0.02/$0.05 USD) - 2022/07/24 20:19:03 PT [2022/07/24 23:19:03 ET]
Table 'Stebbins' 9-max Seat #8 is the button
Seat 1: Kentotoy ($4.95 in chips) 
Seat 3: Ginnungagap7 ($3.59 in chips) 
Seat 4: Dorex2007 ($7.25 in chips) 
Seat 5: VLNZL ($4.43 in chips) 
Seat 6: Almanza63 ($5.90 in chips) 
Seat 7: Ruan metal ($9.70 in chips) 
Seat 8: scofo83 ($5 in chips) 
Seat 9: Eighcehole ($5.50 in chips) 
Eighcehole: posts small blind $0.02
Kentotoy: posts big blind $0.05
*** HOLE CARDS ***
Dealt to Dorex2007 [Kh Ac]
Ginnungagap7: folds 
Dorex2007 has timed out
Dorex2007: folds 
VLNZL: calls $0.05
Almanza63: folds 
men-androsxx leaves the table
Ruan metal: raises $0.17 to $0.22
scofo83: folds 
Eighcehole: folds 
Kentotoy: folds 
VLNZL: calls $0.17
*** FLOP *** [4c Qh 8s]
VLNZL: bets $0.24
Ruan metal: folds 
Uncalled bet ($0.24) returned to VLNZL
VLNZL collected $0.49 from pot
*** SUMMARY ***
Total pot $0.51 | Rake $0.02 
Board [4c Qh 8s]
Seat 1: Kentotoy (big blind) folded before Flop
Seat 3: Ginnungagap7 folded before Flop (didn't bet)
Seat 4: Dorex2007 folded before Flop (didn't bet)
Seat 5: VLNZL collected ($0.49)
Seat 6: Almanza63 folded before Flop (didn't bet)
Seat 7: Ruan metal folded on the Flop
Seat 8: scofo83 (button) folded before Flop (didn't bet)
Seat 9: Eighcehole (small blind) folded before Flop



PokerStars Hand #237570306490:  Hold'em No Limit ($0.02/$0.05 USD) - 2022/07/24 20:19:58 PT [2022/07/24 23:19:58 ET]
Table 'Stebbins' 9-max Seat #9 is the button
Seat 1: Kentotoy ($4.90 in chips) 
Seat 3: Ginnungagap7 ($3.59 in chips) 
Seat 4: Dorex2007 ($7.25 in chips) 
Seat 5: VLNZL ($4.70 in chips) 
Seat 6: Almanza63 ($5.90 in chips) 
Seat 7: Ruan metal ($9.48 in chips) 
Seat 8: scofo83 ($5 in chips) 
Seat 9: Eighcehole ($5.48 in chips) 
Kentotoy: posts small blind $0.02
Ginnungagap7: posts big blind $0.05
*** HOLE CARDS ***
Dealt to Dorex2007 [Qc 6s]
Dorex2007: folds 
VLNZL: calls $0.05
Almanza63: folds 
Ruan metal: folds 
scofo83: raises $0.05 to $0.10
RisingChaoz joins the table at seat #2 
Eighcehole: raises $0.20 to $0.30
Kentotoy: folds 
Ginnungagap7: raises $0.77 to $1.07
VLNZL: folds 
scofo83: folds 
Eighcehole: calls $0.77
*** FLOP *** [3d Qs Ah]
Ginnungagap7: bets $0.90
Eighcehole: folds 
Uncalled bet ($0.90) returned to Ginnungagap7
Ginnungagap7 collected $2.21 from pot
*** SUMMARY ***
Total pot $2.31 | Rake $0.10 
Board [3d Qs Ah]
Seat 1: Kentotoy (small blind) folded before Flop
Seat 3: Ginnungagap7 (big blind) collected ($2.21)
Seat 4: Dorex2007 folded before Flop (didn't bet)
Seat 5: VLNZL folded before Flop
Seat 6: Almanza63 folded before Flop (didn't bet)
Seat 7: Ruan metal folded before Flop (didn't bet)
Seat 8: scofo83 folded before Flop
Seat 9: Eighcehole (button) folded on the Flop



PokerStars Hand #237570314138:  Hold'em No Limit ($0.02/$0.05 USD) - 2022/07/24 20:20:47 PT [2022/07/24 23:20:47 ET]
Table 'Stebbins' 9-max Seat #1 is the button
Seat 1: Kentotoy ($4.88 in chips) 
Seat 3: Ginnungagap7 ($4.73 in chips) 
Seat 4: Dorex2007 ($7.25 in chips) 
Seat 5: VLNZL ($4.65 in chips) 
Seat 6: Almanza63 ($5.90 in chips) 
Seat 7: Ruan metal ($9.48 in chips) 
Seat 8: scofo83 ($5 in chips) 
Seat 9: Eighcehole ($4.41 in chips) 
Ginnungagap7: posts small blind $0.02
Dorex2007: posts big blind $0.05
*** HOLE CARDS ***
Dealt to Dorex2007 [5s 6c]
VLNZL: calls $0.05
Almanza63: folds 
Ruan metal: folds 
scofo83: folds 
Eighcehole: folds 
Kentotoy: raises $0.10 to $0.15
Ginnungagap7: folds 
Dorex2007: folds 
VLNZL: calls $0.10
*** FLOP *** [8s 3h 3c]
VLNZL: checks 
Kentotoy: bets $0.18
VLNZL: folds 
Uncalled bet ($0.18) returned to Kentotoy
Kentotoy collected $0.35 from pot
*** SUMMARY ***
Total pot $0.37 | Rake $0.02 
Board [8s 3h 3c]
Seat 1: Kentotoy (button) collected ($0.35)
Seat 3: Ginnungagap7 (small blind) folded before Flop
Seat 4: Dorex2007 (big blind) folded before Flop
Seat 5: VLNZL folded on the Flop
Seat 6: Almanza63 folded before Flop (didn't bet)
Seat 7: Ruan metal folded before Flop (didn't bet)
Seat 8: scofo83 folded before Flop (didn't bet)
Seat 9: Eighcehole folded before Flop (didn't bet)



PokerStars Hand #237570321941:  Hold'em No Limit ($0.02/$0.05 USD) - 2022/07/24 20:21:33 PT [2022/07/24 23:21:33 ET]
Table 'Stebbins' 9-max Seat #3 is the button
Seat 1: Kentotoy ($5.08 in chips) 
Seat 2: RisingChaoz ($4 in chips) 
Seat 3: Ginnungagap7 ($4.71 in chips) 
Seat 4: Dorex2007 ($7.20 in chips) 
Seat 5: VLNZL ($4.50 in chips) 
Seat 6: Almanza63 ($5.90 in chips) 
Seat 7: Ruan metal ($9.48 in chips) 
Seat 8: scofo83 ($5 in chips) 
Seat 9: Eighcehole ($4.41 in chips) 
Dorex2007: posts small blind $0.02
VLNZL: posts big blind $0.05
RisingChaoz: posts big blind $0.05
*** HOLE CARDS ***
Dealt to Dorex2007 [6s 2h]
Almanza63 has timed out
Almanza63: folds 
Ruan metal: folds 
scofo83: folds 
Eighcehole: folds 
Kentotoy: folds 
RisingChaoz: checks 
Ginnungagap7: folds 
Dorex2007: folds 
VLNZL: checks 
*** FLOP *** [Qc 6h 4d]
VLNZL: checks 
RisingChaoz: checks 
*** TURN *** [Qc 6h 4d] [6d]
VLNZL: checks 
RisingChaoz: checks 
*** RIVER *** [Qc 6h 4d 6d] [8d]
VLNZL: checks 
RisingChaoz: bets $0.10
VLNZL: calls $0.10
*** SHOW DOWN ***
RisingChaoz: shows [9s 5s] (a pair of Sixes)
VLNZL: shows [8h Ac] (two pair, Eights and Sixes)
VLNZL collected $0.31 from pot
*** SUMMARY ***
Total pot $0.32 | Rake $0.01 
Board [Qc 6h 4d 6d 8d]
Seat 1: Kentotoy folded before Flop (didn't bet)
Seat 2: RisingChaoz showed [9s 5s] and lost with a pair of Sixes
Seat 3: Ginnungagap7 (button) folded before Flop (didn't bet)
Seat 4: Dorex2007 (small blind) folded before Flop
Seat 5: VLNZL (big blind) showed [8h Ac] and won ($0.31) with two pair, Eights and Sixes
Seat 6: Almanza63 folded before Flop (didn't bet)
Seat 7: Ruan metal folded before Flop (didn't bet)
Seat 8: scofo83 folded before Flop (didn't bet)
Seat 9: Eighcehole folded before Flop (didn't bet)



PokerStars Hand #237570328229:  Hold'em No Limit ($0.02/$0.05 USD) - 2022/07/24 20:22:14 PT [2022/07/24 23:22:14 ET]
Table 'Stebbins' 9-max Seat #4 is the button
Seat 1: Kentotoy ($5.08 in chips) 
Seat 2: RisingChaoz ($3.85 in chips) 
Seat 3: Ginnungagap7 ($4.71 in chips) 
Seat 4: Dorex2007 ($7.18 in chips) 
Seat 5: VLNZL ($4.66 in chips) 
Seat 6: Almanza63 ($5.90 in chips) 
Seat 7: Ruan metal ($9.48 in chips) 
Seat 8: scofo83 ($5 in chips) 
Seat 9: Eighcehole ($4.41 in chips) 
VLNZL: posts small blind $0.02
Almanza63: posts big blind $0.05
*** HOLE CARDS ***
Dealt to Dorex2007 [6s Td]
Ruan metal: raises $0.10 to $0.15
scofo83: calls $0.15
Eighcehole: folds 
Kentotoy: folds 
RisingChaoz: calls $0.15
Ginnungagap7: folds 
Dorex2007: folds 
VLNZL: folds 
Almanza63: folds 
*** FLOP *** [5d 8h 4s]
Ruan metal: bets $0.25
scofo83: folds 
RisingChaoz: calls $0.25
*** TURN *** [5d 8h 4s] [Ah]
Ruan metal: bets $0.49
RisingChaoz: folds 
Uncalled bet ($0.49) returned to Ruan metal
Ruan metal collected $0.98 from pot
*** SUMMARY ***
Total pot $1.02 | Rake $0.04 
Board [5d 8h 4s Ah]
Seat 1: Kentotoy folded before Flop (didn't bet)
Seat 2: RisingChaoz folded on the Turn
Seat 3: Ginnungagap7 folded before Flop (didn't bet)
Seat 4: Dorex2007 (button) folded before Flop (didn't bet)
Seat 5: VLNZL (small blind) folded before Flop
Seat 6: Almanza63 (big blind) folded before Flop
Seat 7: Ruan metal collected ($0.98)
Seat 8: scofo83 folded on the Flop
Seat 9: Eighcehole folded before Flop (didn't bet)



PokerStars Hand #237570334204:  Hold'em No Limit ($0.02/$0.05 USD) - 2022/07/24 20:22:54 PT [2022/07/24 23:22:54 ET]
Table 'Stebbins' 9-max Seat #5 is the button
Seat 1: Kentotoy ($5.08 in chips) 
Seat 2: RisingChaoz ($3.45 in chips) 
Seat 3: Ginnungagap7 ($4.71 in chips) 
Seat 4: Dorex2007 ($7.18 in chips) 
Seat 5: VLNZL ($4.64 in chips) 
Seat 6: Almanza63 ($5.85 in chips) 
Seat 7: Ruan metal ($10.06 in chips) 
Seat 8: scofo83 ($5 in chips) 
Seat 9: Eighcehole ($4.41 in chips) 
Almanza63: posts small blind $0.02
Ruan metal: posts big blind $0.05
*** HOLE CARDS ***
Dealt to Dorex2007 [Kh Td]
scofo83: folds 
Eighcehole: folds 
Kentotoy: raises $0.10 to $0.15
RisingChaoz: folds 
Ginnungagap7: folds 
Dorex2007: folds 
VLNZL: calls $0.15
Almanza63: folds 
Ruan metal: calls $0.10
*** FLOP *** [8h 5d Ks]
Ruan metal: checks 
Kentotoy: bets $0.23
VLNZL: calls $0.23
Ruan metal: folds 
*** TURN *** [8h 5d Ks] [4s]
Kentotoy: checks 
VLNZL: checks 
*** RIVER *** [8h 5d Ks 4s] [7s]
Kentotoy: checks 
VLNZL: checks 
*** SHOW DOWN ***
Kentotoy: shows [As Qc] (high card Ace)
VLNZL: shows [Kc 9c] (a pair of Kings)
VLNZL collected $0.89 from pot
*** SUMMARY ***
Total pot $0.93 | Rake $0.04 
Board [8h 5d Ks 4s 7s]
Seat 1: Kentotoy showed [As Qc] and lost with high card Ace
Seat 2: RisingChaoz folded before Flop (didn't bet)
Seat 3: Ginnungagap7 folded before Flop (didn't bet)
Seat 4: Dorex2007 folded before Flop (didn't bet)
Seat 5: VLNZL (button) showed [Kc 9c] and won ($0.89) with a pair of Kings
Seat 6: Almanza63 (small blind) folded before Flop
Seat 7: Ruan metal (big blind) folded on the Flop
Seat 8: scofo83 folded before Flop (didn't bet)
Seat 9: Eighcehole folded before Flop (didn't bet)



PokerStars Hand #237570343115:  Hold'em No Limit ($0.02/$0.05 USD) - 2022/07/24 20:23:52 PT [2022/07/24 23:23:52 ET]
Table 'Stebbins' 9-max Seat #6 is the button
Seat 1: Kentotoy ($4.70 in chips) 
Seat 2: RisingChaoz ($3.45 in chips) 
Seat 3: Ginnungagap7 ($4.71 in chips) 
Seat 4: Dorex2007 ($7.18 in chips) 
Seat 5: VLNZL ($5.15 in chips) 
Seat 6: Almanza63 ($5.83 in chips) 
Seat 7: Ruan metal ($9.91 in chips) 
Seat 8: scofo83 ($5 in chips) 
Seat 9: Eighcehole ($4.41 in chips) 
Ruan metal: posts small blind $0.02
scofo83: posts big blind $0.05
*** HOLE CARDS ***
Dealt to Dorex2007 [2d Jd]
Eighcehole: folds 
Kentotoy: folds 
RisingChaoz: calls $0.05
Ginnungagap7: folds 
Dorex2007: folds 
VLNZL: folds 
Almanza63: folds 
Ruan metal: raises $0.15 to $0.20
scofo83: folds 
RisingChaoz: calls $0.15
*** FLOP *** [Jc 5s Jh]
Ruan metal: bets $0.21
RisingChaoz: folds 
Uncalled bet ($0.21) returned to Ruan metal
Ruan metal collected $0.43 from pot
*** SUMMARY ***
Total pot $0.45 | Rake $0.02 
Board [Jc 5s Jh]
Seat 1: Kentotoy folded before Flop (didn't bet)
Seat 2: RisingChaoz folded on the Flop
Seat 3: Ginnungagap7 folded before Flop (didn't bet)
Seat 4: Dorex2007 folded before Flop (didn't bet)
Seat 5: VLNZL folded before Flop (didn't bet)
Seat 6: Almanza63 (button) folded before Flop (didn't bet)
Seat 7: Ruan metal (small blind) collected ($0.43)
Seat 8: scofo83 (big blind) folded before Flop
Seat 9: Eighcehole folded before Flop (didn't bet)



PokerStars Hand #237570348433:  Hold'em No Limit ($0.02/$0.05 USD) - 2022/07/24 20:24:27 PT [2022/07/24 23:24:27 ET]
Table 'Stebbins' 9-max Seat #7 is the button
Seat 1: Kentotoy ($4.70 in chips) 
Seat 2: RisingChaoz ($3.25 in chips) 
Seat 3: Ginnungagap7 ($4.71 in chips) 
Seat 4: Dorex2007 ($7.18 in chips) 
Seat 5: VLNZL ($5.15 in chips) 
Seat 6: Almanza63 ($5.83 in chips) 
Seat 7: Ruan metal ($10.14 in chips) 
Seat 8: scofo83 ($5 in chips) 
Seat 9: Eighcehole ($4.41 in chips) 
scofo83: posts small blind $0.02
Eighcehole: posts big blind $0.05
*** HOLE CARDS ***
Dealt to Dorex2007 [6c 3d]
Kentotoy: folds 
RisingChaoz: calls $0.05
Ginnungagap7: calls $0.05
Dorex2007: folds 
VLNZL: calls $0.05
Almanza63: folds 
Ruan metal: folds 
scofo83: raises $0.49 to $0.54
Eighcehole: folds 
RisingChaoz: folds 
Ginnungagap7: folds 
VLNZL: folds 
Uncalled bet ($0.49) returned to scofo83
scofo83 collected $0.25 from pot
*** SUMMARY ***
Total pot $0.25 | Rake $0 
Seat 1: Kentotoy folded before Flop (didn't bet)
Seat 2: RisingChaoz folded before Flop
Seat 3: Ginnungagap7 folded before Flop
Seat 4: Dorex2007 folded before Flop (didn't bet)
Seat 5: VLNZL folded before Flop
Seat 6: Almanza63 folded before Flop (didn't bet)
Seat 7: Ruan metal (button) folded before Flop (didn't bet)
Seat 8: scofo83 (small blind) collected ($0.25)
Seat 9: Eighcehole (big blind) folded before Flop



PokerStars Hand #237570354057:  Hold'em No Limit ($0.02/$0.05 USD) - 2022/07/24 20:25:05 PT [2022/07/24 23:25:05 ET]
Table 'Stebbins' 9-max Seat #8 is the button
Seat 1: Kentotoy ($4.70 in chips) 
Seat 2: RisingChaoz ($3.20 in chips) 
Seat 3: Ginnungagap7 ($4.66 in chips) 
Seat 4: Dorex2007 ($7.18 in chips) 
Seat 5: VLNZL ($5.10 in chips) 
Seat 6: Almanza63 ($5.83 in chips) 
Seat 7: Ruan metal ($10.14 in chips) 
Seat 8: scofo83 ($5.20 in chips) 
Seat 9: Eighcehole ($4.36 in chips) 
Eighcehole: posts small blind $0.02
Kentotoy: posts big blind $0.05
*** HOLE CARDS ***
Dealt to Dorex2007 [9h Qd]
RisingChaoz: folds 
Ginnungagap7: folds 
Dorex2007: folds 
VLNZL: folds 
Almanza63: folds 
Ruan metal: folds 
scofo83: raises $0.05 to $0.10
Eighcehole: folds 
Kentotoy: folds 
Uncalled bet ($0.05) returned to scofo83
scofo83 collected $0.12 from pot
*** SUMMARY ***
Total pot $0.12 | Rake $0 
Seat 1: Kentotoy (big blind) folded before Flop
Seat 2: RisingChaoz folded before Flop (didn't bet)
Seat 3: Ginnungagap7 folded before Flop (didn't bet)
Seat 4: Dorex2007 folded before Flop (didn't bet)
Seat 5: VLNZL folded before Flop (didn't bet)
Seat 6: Almanza63 folded before Flop (didn't bet)
Seat 7: Ruan metal folded before Flop (didn't bet)
Seat 8: scofo83 (button) collected ($0.12)
Seat 9: Eighcehole (small blind) folded before Flop



PokerStars Hand #237570357738:  Hold'em No Limit ($0.02/$0.05 USD) - 2022/07/24 20:25:29 PT [2022/07/24 23:25:29 ET]
Table 'Stebbins' 9-max Seat #9 is the button
Seat 1: Kentotoy ($4.65 in chips) 
Seat 2: RisingChaoz ($3.20 in chips) 
Seat 3: Ginnungagap7 ($4.66 in chips) 
Seat 4: Dorex2007 ($7.18 in chips) 
Seat 5: VLNZL ($5.10 in chips) 
Seat 6: Almanza63 ($5.83 in chips) 
Seat 7: Ruan metal ($10.14 in chips) 
Seat 8: scofo83 ($5.27 in chips) 
Seat 9: Eighcehole ($4.34 in chips) 
Kentotoy: posts small blind $0.02
RisingChaoz: posts big blind $0.05
*** HOLE CARDS ***
Dealt to Dorex2007 [5h 3h]
Ginnungagap7: folds 
Dorex2007: folds 
VLNZL: folds 
Almanza63: folds 
Ruan metal: raises $0.10 to $0.15
scofo83: folds 
Eighcehole: raises $0.30 to $0.45
Kentotoy: folds 
RisingChaoz: folds 
Ruan metal: folds 
Uncalled bet ($0.30) returned to Eighcehole
Eighcehole collected $0.37 from pot
*** SUMMARY ***
Total pot $0.37 | Rake $0 
Seat 1: Kentotoy (small blind) folded before Flop
Seat 2: RisingChaoz (big blind) folded before Flop
Seat 3: Ginnungagap7 folded before Flop (didn't bet)
Seat 4: Dorex2007 folded before Flop (didn't bet)
Seat 5: VLNZL folded before Flop (didn't bet)
Seat 6: Almanza63 folded before Flop (didn't bet)
Seat 7: Ruan metal folded before Flop
Seat 8: scofo83 folded before Flop (didn't bet)
Seat 9: Eighcehole (button) collected ($0.37)



PokerStars Hand #237570363088:  Hold'em No Limit ($0.02/$0.05 USD) - 2022/07/24 20:26:05 PT [2022/07/24 23:26:05 ET]
Table 'Stebbins' 9-max Seat #1 is the button
Seat 1: Kentotoy ($4.63 in chips) 
Seat 2: RisingChaoz ($3.15 in chips) 
Seat 3: Ginnungagap7 ($4.66 in chips) 
Seat 4: Dorex2007 ($7.18 in chips) 
Seat 5: VLNZL ($5.10 in chips) 
Seat 6: Almanza63 ($5.83 in chips) 
Seat 7: Ruan metal ($9.99 in chips) 
Seat 8: scofo83 ($5.27 in chips) 
Seat 9: Eighcehole ($4.56 in chips) 
RisingChaoz: posts small blind $0.02
Ginnungagap7: posts big blind $0.05
*** HOLE CARDS ***
Dealt to Dorex2007 [Ah 7d]
Dorex2007: folds 
VLNZL: folds 
Almanza63: raises $0.10 to $0.15
Ruan metal: folds 
scofo83: folds 
Eighcehole: folds 
Kentotoy: folds 
RisingChaoz: calls $0.13
Ginnungagap7: folds 
*** FLOP *** [Th Ts As]
RisingChaoz: bets $0.05
Almanza63: raises $0.10 to $0.15
RisingChaoz: calls $0.10
*** TURN *** [Th Ts As] [4s]
RisingChaoz: checks 
Almanza63: bets $0.51
RisingChaoz: folds 
Uncalled bet ($0.51) returned to Almanza63
Almanza63 collected $0.62 from pot
*** SUMMARY ***
Total pot $0.65 | Rake $0.03 
Board [Th Ts As 4s]
Seat 1: Kentotoy (button) folded before Flop (didn't bet)
Seat 2: RisingChaoz (small blind) folded on the Turn
Seat 3: Ginnungagap7 (big blind) folded before Flop
Seat 4: Dorex2007 folded before Flop (didn't bet)
Seat 5: VLNZL folded before Flop (didn't bet)
Seat 6: Almanza63 collected ($0.62)
Seat 7: Ruan metal folded before Flop (didn't bet)
Seat 8: scofo83 folded before Flop (didn't bet)
Seat 9: Eighcehole folded before Flop (didn't bet)



PokerStars Hand #237570370544:  Hold'em No Limit ($0.02/$0.05 USD) - 2022/07/24 20:26:55 PT [2022/07/24 23:26:55 ET]
Table 'Stebbins' 9-max Seat #2 is the button
Seat 1: Kentotoy ($4.63 in chips) 
Seat 2: RisingChaoz ($2.85 in chips) 
Seat 3: Ginnungagap7 ($4.61 in chips) 
Seat 4: Dorex2007 ($7.18 in chips) 
Seat 5: VLNZL ($5.10 in chips) 
Seat 6: Almanza63 ($6.15 in chips) 
Seat 7: Ruan metal ($9.99 in chips) 
Seat 8: scofo83 ($5.27 in chips) 
Seat 9: Eighcehole ($4.56 in chips) 
Ginnungagap7: posts small blind $0.02
Dorex2007: posts big blind $0.05
*** HOLE CARDS ***
Dealt to Dorex2007 [5d 5h]
VLNZL: calls $0.05
Almanza63: folds 
Ruan metal: folds 
scofo83: folds 
Eighcehole: calls $0.05
Kentotoy: folds 
RisingChaoz: folds 
Ginnungagap7: folds 
Dorex2007: checks 
*** FLOP *** [9s 8c 6s]
Dorex2007: checks 
VLNZL: checks 
Eighcehole: checks 
*** TURN *** [9s 8c 6s] [Qc]
Dorex2007: checks 
VLNZL: checks 
Eighcehole: bets $0.16
Dorex2007: folds 
VLNZL: calls $0.16
*** RIVER *** [9s 8c 6s Qc] [2c]
VLNZL: checks 
Eighcehole: bets $0.15
VLNZL: calls $0.15
*** SHOW DOWN ***
Eighcehole: shows [Qs Th] (a pair of Queens)
VLNZL: shows [Kd Kc] (a pair of Kings)
VLNZL collected $0.76 from pot
*** SUMMARY ***
Total pot $0.79 | Rake $0.03 
Board [9s 8c 6s Qc 2c]
Seat 1: Kentotoy folded before Flop (didn't bet)
Seat 2: RisingChaoz (button) folded before Flop (didn't bet)
Seat 3: Ginnungagap7 (small blind) folded before Flop
Seat 4: Dorex2007 (big blind) folded on the Turn
Seat 5: VLNZL showed [Kd Kc] and won ($0.76) with a pair of Kings
Seat 6: Almanza63 folded before Flop (didn't bet)
Seat 7: Ruan metal folded before Flop (didn't bet)
Seat 8: scofo83 folded before Flop (didn't bet)
Seat 9: Eighcehole showed [Qs Th] and lost with a pair of Queens



PokerStars Hand #237570378450:  Hold'em No Limit ($0.02/$0.05 USD) - 2022/07/24 20:27:48 PT [2022/07/24 23:27:48 ET]
Table 'Stebbins' 9-max Seat #3 is the button
Seat 1: Kentotoy ($4.63 in chips) 
Seat 2: RisingChaoz ($2.85 in chips) 
Seat 3: Ginnungagap7 ($4.59 in chips) 
Seat 4: Dorex2007 ($7.13 in chips) 
Seat 5: VLNZL ($5.50 in chips) 
Seat 6: Almanza63 ($6.15 in chips) 
Seat 7: Ruan metal ($9.99 in chips) 
Seat 8: scofo83 ($5.27 in chips) 
Seat 9: Eighcehole ($4.20 in chips) 
Dorex2007: posts small blind $0.02
VLNZL: posts big blind $0.05
*** HOLE CARDS ***
Dealt to Dorex2007 [4s Ad]
Almanza63: folds 
Ruan metal: folds 
scofo83: folds 
Eighcehole: folds 
Kentotoy: folds 
RisingChaoz: calls $0.05
Ginnungagap7: folds 
Dorex2007: folds 
VLNZL: checks 
*** FLOP *** [3s 8c 9d]
VLNZL: checks 
RisingChaoz: bets $0.05
VLNZL: calls $0.05
*** TURN *** [3s 8c 9d] [Ks]
VLNZL: checks 
RisingChaoz: bets $0.05
VLNZL: calls $0.05
*** RIVER *** [3s 8c 9d Ks] [2c]
VLNZL: checks 
RisingChaoz: bets $0.10
VLNZL: folds 
Uncalled bet ($0.10) returned to RisingChaoz
RisingChaoz collected $0.31 from pot
*** SUMMARY ***
Total pot $0.32 | Rake $0.01 
Board [3s 8c 9d Ks 2c]
Seat 1: Kentotoy folded before Flop (didn't bet)
Seat 2: RisingChaoz collected ($0.31)
Seat 3: Ginnungagap7 (button) folded before Flop (didn't bet)
Seat 4: Dorex2007 (small blind) folded before Flop
Seat 5: VLNZL (big blind) folded on the River
Seat 6: Almanza63 folded before Flop (didn't bet)
Seat 7: Ruan metal folded before Flop (didn't bet)
Seat 8: scofo83 folded before Flop (didn't bet)
Seat 9: Eighcehole folded before Flop (didn't bet)



PokerStars Hand #237570388866:  Hold'em No Limit ($0.02/$0.05 USD) - 2022/07/24 20:28:52 PT [2022/07/24 23:28:52 ET]
Table 'Stebbins' 9-max Seat #4 is the button
Seat 1: Kentotoy ($4.63 in chips) 
Seat 2: RisingChaoz ($3.01 in chips) 
Seat 3: Ginnungagap7 ($4.59 in chips) 
Seat 4: Dorex2007 ($7.11 in chips) 
Seat 5: VLNZL ($5.35 in chips) 
Seat 6: Almanza63 ($6.15 in chips) 
Seat 7: Ruan metal ($9.99 in chips) 
Seat 8: scofo83 ($5.27 in chips) 
Seat 9: Eighcehole ($4.20 in chips) 
VLNZL: posts small blind $0.02
Almanza63: posts big blind $0.05
*** HOLE CARDS ***
Dealt to Dorex2007 [Tc 7h]
Ruan metal: folds 
scofo83 has timed out
scofo83: folds 
Eighcehole: folds 
Kentotoy: raises $0.10 to $0.15
RisingChaoz: folds 
Ginnungagap7: calls $0.15
Dorex2007: folds 
VLNZL: folds 
Almanza63: folds 
*** FLOP *** [Td 3d 5s]
Kentotoy: bets $0.30
Ginnungagap7: folds 
Uncalled bet ($0.30) returned to Kentotoy
Kentotoy collected $0.35 from pot
*** SUMMARY ***
Total pot $0.37 | Rake $0.02 
Board [Td 3d 5s]
Seat 1: Kentotoy collected ($0.35)
Seat 2: RisingChaoz folded before Flop (didn't bet)
Seat 3: Ginnungagap7 folded on the Flop
Seat 4: Dorex2007 (button) folded before Flop (didn't bet)
Seat 5: VLNZL (small blind) folded before Flop
Seat 6: Almanza63 (big blind) folded before Flop
Seat 7: Ruan metal folded before Flop (didn't bet)
Seat 8: scofo83 folded before Flop (didn't bet)
Seat 9: Eighcehole folded before Flop (didn't bet)



PokerStars Hand #237570397118:  Hold'em No Limit ($0.02/$0.05 USD) - 2022/07/24 20:29:48 PT [2022/07/24 23:29:48 ET]
Table 'Stebbins' 9-max Seat #5 is the button
Seat 1: Kentotoy ($4.83 in chips) 
Seat 2: RisingChaoz ($3.01 in chips) 
Seat 3: Ginnungagap7 ($4.44 in chips) 
Seat 4: Dorex2007 ($7.11 in chips) 
Seat 5: VLNZL ($5.33 in chips) 
Seat 6: Almanza63 ($6.10 in chips) 
Seat 7: Ruan metal ($9.99 in chips) 
Seat 8: scofo83 ($5.27 in chips) 
Seat 9: Eighcehole ($4.20 in chips) 
Almanza63: posts small blind $0.02
Ruan metal: posts big blind $0.05
*** HOLE CARDS ***
Dealt to Dorex2007 [6h Qh]
scofo83 has timed out
scofo83: folds 
Eighcehole: folds 
Kentotoy: folds 
RisingChaoz: folds 
Ginnungagap7: folds 
Dorex2007: folds 
VLNZL: calls $0.05
Almanza63: calls $0.03
Ruan metal: checks 
*** FLOP *** [8d 6d Ts]
Almanza63: checks 
Ruan metal: checks 
VLNZL: checks 
*** TURN *** [8d 6d Ts] [Kd]
Almanza63: checks 
Ruan metal: bets $0.14
VLNZL: calls $0.14
Almanza63: folds 
*** RIVER *** [8d 6d Ts Kd] [4c]
Ruan metal: checks 
VLNZL: checks 
*** SHOW DOWN ***
Ruan metal: shows [9s Qd] (high card King)
VLNZL: shows [Kc 8h] (two pair, Kings and Eights)
VLNZL collected $0.41 from pot
*** SUMMARY ***
Total pot $0.43 | Rake $0.02 
Board [8d 6d Ts Kd 4c]
Seat 1: Kentotoy folded before Flop (didn't bet)
Seat 2: RisingChaoz folded before Flop (didn't bet)
Seat 3: Ginnungagap7 folded before Flop (didn't bet)
Seat 4: Dorex2007 folded before Flop (didn't bet)
Seat 5: VLNZL (button) showed [Kc 8h] and won ($0.41) with two pair, Kings and Eights
Seat 6: Almanza63 (small blind) folded on the Turn
Seat 7: Ruan metal (big blind) showed [9s Qd] and lost with high card King
Seat 8: scofo83 folded before Flop (didn't bet)
Seat 9: Eighcehole folded before Flop (didn't bet)



PokerStars Hand #237570408339:  Hold'em No Limit ($0.02/$0.05 USD) - 2022/07/24 20:31:04 PT [2022/07/24 23:31:04 ET]
Table 'Stebbins' 9-max Seat #6 is the button
Seat 1: Kentotoy ($4.83 in chips) 
Seat 2: RisingChaoz ($3.01 in chips) 
Seat 3: Ginnungagap7 ($4.44 in chips) 
Seat 4: Dorex2007 ($7.11 in chips) 
Seat 5: VLNZL ($5.55 in chips) 
Seat 6: Almanza63 ($6.05 in chips) 
Seat 7: Ruan metal ($9.80 in chips) 
Seat 8: scofo83 ($5.27 in chips) 
Seat 9: Eighcehole ($4.20 in chips) 
Ruan metal: posts small blind $0.02
scofo83: posts big blind $0.05
*** HOLE CARDS ***
Dealt to Dorex2007 [Qd Ac]
Eighcehole: calls $0.05
Kentotoy: folds 
RisingChaoz: folds 
Ginnungagap7: folds 
Dorex2007: raises $0.20 to $0.25
VLNZL: folds 
Almanza63: folds 
Ruan metal: calls $0.23
scofo83: folds 
Eighcehole: calls $0.20
*** FLOP *** [Jh 5c 9c]
Ruan metal: checks 
Eighcehole: bets $0.25
Dorex2007: calls $0.25
Ruan metal: folds 
*** TURN *** [Jh 5c 9c] [Ah]
Eighcehole: checks 
Dorex2007: bets $0.62
Eighcehole: calls $0.62
*** RIVER *** [Jh 5c 9c Ah] [Qh]
Eighcehole: checks 
Dorex2007: bets $1.62
Eighcehole: folds 
Uncalled bet ($1.62) returned to Dorex2007
Dorex2007 collected $2.43 from pot
*** SUMMARY ***
Total pot $2.54 | Rake $0.11 
Board [Jh 5c 9c Ah Qh]
Seat 1: Kentotoy folded before Flop (didn't bet)
Seat 2: RisingChaoz folded before Flop (didn't bet)
Seat 3: Ginnungagap7 folded before Flop (didn't bet)
Seat 4: Dorex2007 collected ($2.43)
Seat 5: VLNZL folded before Flop (didn't bet)
Seat 6: Almanza63 (button) folded before Flop (didn't bet)
Seat 7: Ruan metal (small blind) folded on the Flop
Seat 8: scofo83 (big blind) folded before Flop
Seat 9: Eighcehole folded on the River



PokerStars Hand #237570421983:  Hold'em No Limit ($0.02/$0.05 USD) - 2022/07/24 20:32:33 PT [2022/07/24 23:32:33 ET]
Table 'Stebbins' 9-max Seat #7 is the button
Seat 1: Kentotoy ($4.83 in chips) 
Seat 2: RisingChaoz ($3.01 in chips) 
Seat 3: Ginnungagap7 ($4.44 in chips) 
Seat 4: Dorex2007 ($8.42 in chips) 
Seat 5: VLNZL ($5.55 in chips) 
Seat 6: Almanza63 ($6.05 in chips) 
Seat 7: Ruan metal ($9.55 in chips) 
Seat 8: scofo83 ($5.22 in chips) 
Seat 9: Eighcehole ($3.08 in chips) 
scofo83: posts small blind $0.02
Eighcehole: posts big blind $0.05
*** HOLE CARDS ***
Dealt to Dorex2007 [6s 6d]
Kentotoy: folds 
RisingChaoz: calls $0.05
Ginnungagap7: folds 
Dorex2007: calls $0.05
VLNZL: calls $0.05
Almanza63: folds 
Ruan metal: folds 
scofo83: calls $0.03
Eighcehole: checks 
*** FLOP *** [Kh Js 8c]
scofo83: checks 
Eighcehole: checks 
RisingChaoz: bets $0.10
Dorex2007: folds 
VLNZL: folds 
scofo83: folds 
Eighcehole: folds 
Uncalled bet ($0.10) returned to RisingChaoz
RisingChaoz collected $0.24 from pot
*** SUMMARY ***
Total pot $0.25 | Rake $0.01 
Board [Kh Js 8c]
Seat 1: Kentotoy folded before Flop (didn't bet)
Seat 2: RisingChaoz collected ($0.24)
Seat 3: Ginnungagap7 folded before Flop (didn't bet)
Seat 4: Dorex2007 folded on the Flop
Seat 5: VLNZL folded on the Flop
Seat 6: Almanza63 folded before Flop (didn't bet)
Seat 7: Ruan metal (button) folded before Flop (didn't bet)
Seat 8: scofo83 (small blind) folded on the Flop
Seat 9: Eighcehole (big blind) folded on the Flop



PokerStars Hand #237570431414:  Hold'em No Limit ($0.02/$0.05 USD) - 2022/07/24 20:33:17 PT [2022/07/24 23:33:17 ET]
Table 'Stebbins' 9-max Seat #8 is the button
Seat 1: Kentotoy ($4.83 in chips) 
Seat 2: RisingChaoz ($3.20 in chips) 
Seat 3: Ginnungagap7 ($4.44 in chips) 
Seat 4: Dorex2007 ($8.37 in chips) 
Seat 5: VLNZL ($5.50 in chips) 
Seat 6: Almanza63 ($6.05 in chips) 
Seat 7: Ruan metal ($9.55 in chips) 
Seat 8: scofo83 ($5.17 in chips) 
Seat 9: Eighcehole ($3.03 in chips) 
Eighcehole: posts small blind $0.02
Kentotoy: posts big blind $0.05
*** HOLE CARDS ***
Dealt to Dorex2007 [5d 4c]
RisingChaoz: folds 
Ginnungagap7: folds 
Dorex2007: folds 
VLNZL: folds 
Almanza63: folds 
Ruan metal: raises $0.10 to $0.15
scofo83: folds 
Eighcehole: calls $0.13
Kentotoy: folds 
*** FLOP *** [Jh Ks Ah]
Eighcehole: checks 
Ruan metal: bets $0.15
Eighcehole: calls $0.15
*** TURN *** [Jh Ks Ah] [9d]
Eighcehole: checks 
Ruan metal: checks 
*** RIVER *** [Jh Ks Ah 9d] [Qc]
Eighcehole: bets $0.35
Ruan metal: folds 
Uncalled bet ($0.35) returned to Eighcehole
Eighcehole collected $0.62 from pot
*** SUMMARY ***
Total pot $0.65 | Rake $0.03 
Board [Jh Ks Ah 9d Qc]
Seat 1: Kentotoy (big blind) folded before Flop
Seat 2: RisingChaoz folded before Flop (didn't bet)
Seat 3: Ginnungagap7 folded before Flop (didn't bet)
Seat 4: Dorex2007 folded before Flop (didn't bet)
Seat 5: VLNZL folded before Flop (didn't bet)
Seat 6: Almanza63 folded before Flop (didn't bet)
Seat 7: Ruan metal folded on the River
Seat 8: scofo83 (button) folded before Flop (didn't bet)
Seat 9: Eighcehole (small blind) collected ($0.62)



PokerStars Hand #237570442197:  Hold'em No Limit ($0.02/$0.05 USD) - 2022/07/24 20:34:31 PT [2022/07/24 23:34:31 ET]
Table 'Stebbins' 9-max Seat #9 is the button
Seat 1: Kentotoy ($4.78 in chips) 
Seat 2: RisingChaoz ($3.20 in chips) 
Seat 3: Ginnungagap7 ($4.44 in chips) 
Seat 4: Dorex2007 ($8.37 in chips) 
Seat 5: VLNZL ($5.50 in chips) 
Seat 6: Almanza63 ($6.05 in chips) 
Seat 7: Ruan metal ($9.25 in chips) 
Seat 8: scofo83 ($5.17 in chips) 
Seat 9: Eighcehole ($3.35 in chips) 
Kentotoy: posts small blind $0.02
RisingChaoz: posts big blind $0.05
*** HOLE CARDS ***
Dealt to Dorex2007 [7h Ah]
Ginnungagap7: folds 
Dorex2007: folds 
VLNZL: folds 
Almanza63: folds 
Ruan metal: folds 
scofo83: folds 
Eighcehole: folds 
Kentotoy: folds 
Uncalled bet ($0.03) returned to RisingChaoz
RisingChaoz collected $0.04 from pot
*** SUMMARY ***
Total pot $0.04 | Rake $0 
Seat 1: Kentotoy (small blind) folded before Flop
Seat 2: RisingChaoz (big blind) collected ($0.04)
Seat 3: Ginnungagap7 folded before Flop (didn't bet)
Seat 4: Dorex2007 folded before Flop (didn't bet)
Seat 5: VLNZL folded before Flop (didn't bet)
Seat 6: Almanza63 folded before Flop (didn't bet)
Seat 7: Ruan metal folded before Flop (didn't bet)
Seat 8: scofo83 folded before Flop (didn't bet)
Seat 9: Eighcehole (button) folded before Flop (didn't bet)



PokerStars Hand #237570445603:  Hold'em No Limit ($0.02/$0.05 USD) - 2022/07/24 20:34:54 PT [2022/07/24 23:34:54 ET]
Table 'Stebbins' 9-max Seat #1 is the button
Seat 1: Kentotoy ($4.76 in chips) 
Seat 2: RisingChaoz ($3.22 in chips) 
Seat 3: Ginnungagap7 ($4.44 in chips) 
Seat 4: Dorex2007 ($8.37 in chips) 
Seat 5: VLNZL ($5.50 in chips) 
Seat 6: Almanza63 ($6.05 in chips) 
Seat 7: Ruan metal ($9.25 in chips) 
Seat 8: scofo83 ($5.17 in chips) 
Seat 9: Eighcehole ($3.35 in chips) 
RisingChaoz: posts small blind $0.02
Ginnungagap7: posts big blind $0.05
*** HOLE CARDS ***
Dealt to Dorex2007 [Tc 6s]
Dorex2007: folds 
VLNZL: calls $0.05
Almanza63: folds 
Ruan metal: folds 
scofo83: folds 
Eighcehole: folds 
Kentotoy: folds 
RisingChaoz: calls $0.03
Ginnungagap7: checks 
*** FLOP *** [8d 3s 2c]
RisingChaoz: checks 
Ginnungagap7: checks 
VLNZL: checks 
*** TURN *** [8d 3s 2c] [7h]
RisingChaoz: bets $0.05
Ginnungagap7: folds 
VLNZL: folds 
Uncalled bet ($0.05) returned to RisingChaoz
RisingChaoz collected $0.14 from pot
*** SUMMARY ***
Total pot $0.15 | Rake $0.01 
Board [8d 3s 2c 7h]
Seat 1: Kentotoy (button) folded before Flop (didn't bet)
Seat 2: RisingChaoz (small blind) collected ($0.14)
Seat 3: Ginnungagap7 (big blind) folded on the Turn
Seat 4: Dorex2007 folded before Flop (didn't bet)
Seat 5: VLNZL folded on the Turn
Seat 6: Almanza63 folded before Flop (didn't bet)
Seat 7: Ruan metal folded before Flop (didn't bet)
Seat 8: scofo83 folded before Flop (didn't bet)
Seat 9: Eighcehole folded before Flop (didn't bet)



PokerStars Hand #237570451964:  Hold'em No Limit ($0.02/$0.05 USD) - 2022/07/24 20:35:38 PT [2022/07/24 23:35:38 ET]
Table 'Stebbins' 9-max Seat #2 is the button
Seat 1: Kentotoy ($4.76 in chips) 
Seat 2: RisingChaoz ($3.31 in chips) 
Seat 3: Ginnungagap7 ($4.39 in chips) 
Seat 4: Dorex2007 ($8.37 in chips) 
Seat 5: VLNZL ($5.45 in chips) 
Seat 6: Almanza63 ($6.05 in chips) 
Seat 7: Ruan metal ($9.25 in chips) 
Seat 8: scofo83 ($5.17 in chips) 
Seat 9: Eighcehole ($3.35 in chips) 
Ginnungagap7: posts small blind $0.02
Dorex2007: posts big blind $0.05
*** HOLE CARDS ***
Dealt to Dorex2007 [3c 8c]
VLNZL: calls $0.05
Almanza63: folds 
Ruan metal: folds 
scofo83: folds 
Eighcehole: folds 
Kentotoy: raises $0.10 to $0.15
RisingChaoz: calls $0.15
Ginnungagap7: calls $0.13
Dorex2007: folds 
VLNZL: folds 
*** FLOP *** [3d 3s Th]
Ginnungagap7: checks 
Kentotoy: bets $0.27
RisingChaoz: calls $0.27
Ginnungagap7: folds 
*** TURN *** [3d 3s Th] [Tc]
Kentotoy: checks 
RisingChaoz: bets $0.15
Kentotoy: folds 
Uncalled bet ($0.15) returned to RisingChaoz
RisingChaoz collected $1.04 from pot
*** SUMMARY ***
Total pot $1.09 | Rake $0.05 
Board [3d 3s Th Tc]
Seat 1: Kentotoy folded on the Turn
Seat 2: RisingChaoz (button) collected ($1.04)
Seat 3: Ginnungagap7 (small blind) folded on the Flop
Seat 4: Dorex2007 (big blind) folded before Flop
Seat 5: VLNZL folded before Flop
Seat 6: Almanza63 folded before Flop (didn't bet)
Seat 7: Ruan metal folded before Flop (didn't bet)
Seat 8: scofo83 folded before Flop (didn't bet)
Seat 9: Eighcehole folded before Flop (didn't bet)



PokerStars Hand #237570460659:  Hold'em No Limit ($0.02/$0.05 USD) - 2022/07/24 20:36:38 PT [2022/07/24 23:36:38 ET]
Table 'Stebbins' 9-max Seat #3 is the button
Seat 1: Kentotoy ($4.34 in chips) 
Seat 2: RisingChaoz ($3.93 in chips) 
Seat 3: Ginnungagap7 ($4.24 in chips) 
Seat 4: Dorex2007 ($8.32 in chips) 
Seat 5: VLNZL ($5.40 in chips) 
Seat 6: Almanza63 ($6.05 in chips) 
Seat 7: Ruan metal ($9.25 in chips) 
Seat 8: scofo83 ($5.17 in chips) 
Seat 9: Eighcehole ($3.35 in chips) 
Dorex2007: posts small blind $0.02
VLNZL: posts big blind $0.05
*** HOLE CARDS ***
Dealt to Dorex2007 [Ts 2s]
Almanza63: folds 
Ruan metal: folds 
scofo83: folds 
Eighcehole: folds 
Kentotoy: folds 
RisingChaoz: folds 
Ginnungagap7: raises $0.10 to $0.15
Dorex2007: folds 
VLNZL: calls $0.10
*** FLOP *** [Jd 4h 9h]
VLNZL: checks 
Ginnungagap7: bets $0.23
VLNZL: folds 
Uncalled bet ($0.23) returned to Ginnungagap7
Ginnungagap7 collected $0.31 from pot
*** SUMMARY ***
Total pot $0.32 | Rake $0.01 
Board [Jd 4h 9h]
Seat 1: Kentotoy folded before Flop (didn't bet)
Seat 2: RisingChaoz folded before Flop (didn't bet)
Seat 3: Ginnungagap7 (button) collected ($0.31)
Seat 4: Dorex2007 (small blind) folded before Flop
Seat 5: VLNZL (big blind) folded on the Flop
Seat 6: Almanza63 folded before Flop (didn't bet)
Seat 7: Ruan metal folded before Flop (didn't bet)
Seat 8: scofo83 folded before Flop (didn't bet)
Seat 9: Eighcehole folded before Flop (didn't bet)



PokerStars Hand #237570473695:  Hold'em No Limit ($0.02/$0.05 USD) - 2022/07/24 20:37:15 PT [2022/07/24 23:37:15 ET]
Table 'Stebbins' 9-max Seat #4 is the button
Seat 1: Kentotoy ($4.34 in chips) 
Seat 2: RisingChaoz ($3.93 in chips) 
Seat 3: Ginnungagap7 ($4.40 in chips) 
Seat 4: Dorex2007 ($8.30 in chips) 
Seat 5: VLNZL ($5.25 in chips) 
Seat 6: Almanza63 ($6.05 in chips) 
Seat 7: Ruan metal ($9.25 in chips) 
Seat 8: scofo83 ($5.17 in chips) 
Seat 9: Eighcehole ($3.35 in chips) 
VLNZL: posts small blind $0.02
Almanza63: posts big blind $0.05
*** HOLE CARDS ***
Dealt to Dorex2007 [8h Jc]
Ruan metal: raises $0.10 to $0.15
scofo83: folds 
Eighcehole: folds 
Kentotoy: folds 
RisingChaoz: folds 
Ginnungagap7: folds 
Dorex2007: folds 
VLNZL: folds 
Almanza63: folds 
Uncalled bet ($0.10) returned to Ruan metal
Ruan metal collected $0.12 from pot
*** SUMMARY ***
Total pot $0.12 | Rake $0 
Seat 1: Kentotoy folded before Flop (didn't bet)
Seat 2: RisingChaoz folded before Flop (didn't bet)
Seat 3: Ginnungagap7 folded before Flop (didn't bet)
Seat 4: Dorex2007 (button) folded before Flop (didn't bet)
Seat 5: VLNZL (small blind) folded before Flop
Seat 6: Almanza63 (big blind) folded before Flop
Seat 7: Ruan metal collected ($0.12)
Seat 8: scofo83 folded before Flop (didn't bet)
Seat 9: Eighcehole folded before Flop (didn't bet)



PokerStars Hand #237570480912:  Hold'em No Limit ($0.02/$0.05 USD) - 2022/07/24 20:38:05 PT [2022/07/24 23:38:05 ET]
Table 'Stebbins' 9-max Seat #5 is the button
Seat 1: Kentotoy ($4.34 in chips) 
Seat 2: RisingChaoz ($3.93 in chips) 
Seat 3: Ginnungagap7 ($4.40 in chips) 
Seat 4: Dorex2007 ($8.30 in chips) 
Seat 5: VLNZL ($5.23 in chips) 
Seat 6: Almanza63 ($6 in chips) 
Seat 7: Ruan metal ($9.32 in chips) 
Seat 8: scofo83 ($5.17 in chips) 
Seat 9: Eighcehole ($3.35 in chips) 
Almanza63: posts small blind $0.02
Ruan metal: posts big blind $0.05
*** HOLE CARDS ***
Dealt to Dorex2007 [7h 5d]
scofo83: folds 
Eighcehole: raises $0.05 to $0.10
Kentotoy: raises $0.27 to $0.37
RisingChaoz: folds 
Ginnungagap7: folds 
Dorex2007: folds 
VLNZL: folds 
Almanza63: folds 
Ruan metal: folds 
Eighcehole: calls $0.27
*** FLOP *** [Ts 6d 3h]
Eighcehole: checks 
Kentotoy: bets $0.39
Eighcehole: folds 
Uncalled bet ($0.39) returned to Kentotoy
Kentotoy collected $0.78 from pot
*** SUMMARY ***
Total pot $0.81 | Rake $0.03 
Board [Ts 6d 3h]
Seat 1: Kentotoy collected ($0.78)
Seat 2: RisingChaoz folded before Flop (didn't bet)
Seat 3: Ginnungagap7 folded before Flop (didn't bet)
Seat 4: Dorex2007 folded before Flop (didn't bet)
Seat 5: VLNZL (button) folded before Flop (didn't bet)
Seat 6: Almanza63 (small blind) folded before Flop
Seat 7: Ruan metal (big blind) folded before Flop
Seat 8: scofo83 folded before Flop (didn't bet)
Seat 9: Eighcehole folded on the Flop



PokerStars Hand #237570486184:  Hold'em No Limit ($0.02/$0.05 USD) - 2022/07/24 20:38:42 PT [2022/07/24 23:38:42 ET]
Table 'Stebbins' 9-max Seat #6 is the button
Seat 1: Kentotoy ($4.75 in chips) 
Seat 2: RisingChaoz ($3.93 in chips) 
Seat 3: Ginnungagap7 ($4.40 in chips) 
Seat 4: Dorex2007 ($8.30 in chips) 
Seat 5: VLNZL ($5.23 in chips) 
Seat 6: Almanza63 ($5.98 in chips) 
Seat 7: Ruan metal ($9.27 in chips) 
Seat 8: scofo83 ($5.17 in chips) 
Seat 9: Eighcehole ($2.98 in chips) 
Ruan metal: posts small blind $0.02
scofo83: posts big blind $0.05
*** HOLE CARDS ***
Dealt to Dorex2007 [5d 5s]
Eighcehole: folds 
Kentotoy: folds 
RisingChaoz: folds 
Ginnungagap7: folds 
Dorex2007: raises $0.05 to $0.10
VLNZL has timed out
VLNZL: folds 
Almanza63: folds 
Ruan metal: folds 
scofo83: calls $0.05
*** FLOP *** [Ac Qd Ts]
scofo83: checks 
Dorex2007: checks 
*** TURN *** [Ac Qd Ts] [3s]
scofo83: checks 
Dorex2007: checks 
*** RIVER *** [Ac Qd Ts 3s] [9c]
scofo83: checks 
Dorex2007: checks 
*** SHOW DOWN ***
scofo83: shows [4c 4s] (a pair of Fours)
Dorex2007: shows [5d 5s] (a pair of Fives)
Dorex2007 collected $0.21 from pot
*** SUMMARY ***
Total pot $0.22 | Rake $0.01 
Board [Ac Qd Ts 3s 9c]
Seat 1: Kentotoy folded before Flop (didn't bet)
Seat 2: RisingChaoz folded before Flop (didn't bet)
Seat 3: Ginnungagap7 folded before Flop (didn't bet)
Seat 4: Dorex2007 showed [5d 5s] and won ($0.21) with a pair of Fives
Seat 5: VLNZL folded before Flop (didn't bet)
Seat 6: Almanza63 (button) folded before Flop (didn't bet)
Seat 7: Ruan metal (small blind) folded before Flop
Seat 8: scofo83 (big blind) showed [4c 4s] and lost with a pair of Fours
Seat 9: Eighcehole folded before Flop (didn't bet)



PokerStars Hand #237570496354:  Hold'em No Limit ($0.02/$0.05 USD) - 2022/07/24 20:39:53 PT [2022/07/24 23:39:53 ET]
Table 'Stebbins' 9-max Seat #7 is the button
Seat 1: Kentotoy ($4.75 in chips) 
Seat 2: RisingChaoz ($3.93 in chips) 
Seat 3: Ginnungagap7 ($4.40 in chips) 
Seat 4: Dorex2007 ($8.41 in chips) 
Seat 5: VLNZL ($5.23 in chips) 
Seat 6: Almanza63 ($5.98 in chips) 
Seat 7: Ruan metal ($9.25 in chips) 
Seat 8: scofo83 ($5.07 in chips) 
Seat 9: Eighcehole ($2.98 in chips) 
scofo83: posts small blind $0.02
Eighcehole: posts big blind $0.05
*** HOLE CARDS ***
Dealt to Dorex2007 [Th 9h]
Kentotoy: folds 
RisingChaoz: calls $0.05
Ginnungagap7: folds 
Dorex2007: folds 
VLNZL: calls $0.05
Almanza63: folds 
Ruan metal: folds 
scofo83: folds 
Eighcehole: raises $0.15 to $0.20
RisingChaoz: folds 
VLNZL: calls $0.15
*** FLOP *** [Ks 3s Qs]
Eighcehole: checks 
VLNZL: checks 
*** TURN *** [Ks 3s Qs] [7c]
Eighcehole: bets $0.15
VLNZL: folds 
Uncalled bet ($0.15) returned to Eighcehole
Eighcehole collected $0.45 from pot
*** SUMMARY ***
Total pot $0.47 | Rake $0.02 
Board [Ks 3s Qs 7c]
Seat 1: Kentotoy folded before Flop (didn't bet)
Seat 2: RisingChaoz folded before Flop
Seat 3: Ginnungagap7 folded before Flop (didn't bet)
Seat 4: Dorex2007 folded before Flop (didn't bet)
Seat 5: VLNZL folded on the Turn
Seat 6: Almanza63 folded before Flop (didn't bet)
Seat 7: Ruan metal (button) folded before Flop (didn't bet)
Seat 8: scofo83 (small blind) folded before Flop
Seat 9: Eighcehole (big blind) collected ($0.45)



PokerStars Hand #237570502701:  Hold'em No Limit ($0.02/$0.05 USD) - 2022/07/24 20:40:38 PT [2022/07/24 23:40:38 ET]
Table 'Stebbins' 9-max Seat #8 is the button
Seat 1: Kentotoy ($4.75 in chips) 
Seat 2: RisingChaoz ($3.88 in chips) 
Seat 3: Ginnungagap7 ($4.40 in chips) 
Seat 4: Dorex2007 ($8.41 in chips) 
Seat 5: VLNZL ($5.03 in chips) 
Seat 6: Almanza63 ($5.98 in chips) 
Seat 7: Ruan metal ($9.25 in chips) 
Seat 8: scofo83 ($5.05 in chips) 
Seat 9: Eighcehole ($3.23 in chips) 
Eighcehole: posts small blind $0.02
Kentotoy: posts big blind $0.05
*** HOLE CARDS ***
Dealt to Dorex2007 [3c 6h]
RisingChaoz: folds 
Ginnungagap7: folds 
Dorex2007: folds 
VLNZL: calls $0.05
Almanza63: folds 
Ruan metal: folds 
scofo83: folds 
Eighcehole: calls $0.03
Kentotoy: checks 
*** FLOP *** [5c 2c 9d]
Eighcehole: checks 
Kentotoy: bets $0.07
VLNZL: folds 
Eighcehole: folds 
Uncalled bet ($0.07) returned to Kentotoy
Kentotoy collected $0.14 from pot
*** SUMMARY ***
Total pot $0.15 | Rake $0.01 
Board [5c 2c 9d]
Seat 1: Kentotoy (big blind) collected ($0.14)
Seat 2: RisingChaoz folded before Flop (didn't bet)
Seat 3: Ginnungagap7 folded before Flop (didn't bet)
Seat 4: Dorex2007 folded before Flop (didn't bet)
Seat 5: VLNZL folded on the Flop
Seat 6: Almanza63 folded before Flop (didn't bet)
Seat 7: Ruan metal folded before Flop (didn't bet)
Seat 8: scofo83 (button) folded before Flop (didn't bet)
Seat 9: Eighcehole (small blind) folded on the Flop



PokerStars Hand #237570509167:  Hold'em No Limit ($0.02/$0.05 USD) - 2022/07/24 20:41:24 PT [2022/07/24 23:41:24 ET]
Table 'Stebbins' 9-max Seat #9 is the button
Seat 1: Kentotoy ($4.84 in chips) 
Seat 2: RisingChaoz ($3.88 in chips) 
Seat 3: Ginnungagap7 ($4.40 in chips) 
Seat 4: Dorex2007 ($8.41 in chips) 
Seat 5: VLNZL ($4.98 in chips) 
Seat 6: Almanza63 ($5.98 in chips) 
Seat 7: Ruan metal ($9.25 in chips) 
Seat 8: scofo83 ($5.05 in chips) 
Seat 9: Eighcehole ($3.18 in chips) 
Kentotoy: posts small blind $0.02
RisingChaoz: posts big blind $0.05
*** HOLE CARDS ***
Dealt to Dorex2007 [2c 2s]
Ginnungagap7: folds 
Dorex2007: calls $0.05
VLNZL: calls $0.05
Almanza63: folds 
Ruan metal: folds 
scofo83: calls $0.05
Eighcehole: calls $0.05
Kentotoy: raises $4.79 to $4.84 and is all-in
RisingChaoz: folds 
Dorex2007: folds 
VLNZL: folds 
scofo83 has timed out
scofo83: folds 
Eighcehole: folds 
Uncalled bet ($4.79) returned to Kentotoy
Kentotoy collected $0.30 from pot
*** SUMMARY ***
Total pot $0.30 | Rake $0 
Seat 1: Kentotoy (small blind) collected ($0.30)
Seat 2: RisingChaoz (big blind) folded before Flop
Seat 3: Ginnungagap7 folded before Flop (didn't bet)
Seat 4: Dorex2007 folded before Flop
Seat 5: VLNZL folded before Flop
Seat 6: Almanza63 folded before Flop (didn't bet)
Seat 7: Ruan metal folded before Flop (didn't bet)
Seat 8: scofo83 folded before Flop
Seat 9: Eighcehole (button) folded before Flop



PokerStars Hand #237570518200:  Hold'em No Limit ($0.02/$0.05 USD) - 2022/07/24 20:42:28 PT [2022/07/24 23:42:28 ET]
Table 'Stebbins' 9-max Seat #1 is the button
Seat 1: Kentotoy ($5.09 in chips) 
Seat 2: RisingChaoz ($3.83 in chips) 
Seat 3: Ginnungagap7 ($4.40 in chips) 
Seat 4: Dorex2007 ($8.36 in chips) 
Seat 5: VLNZL ($4.93 in chips) 
Seat 6: Almanza63 ($5.98 in chips) 
Seat 7: Ruan metal ($9.25 in chips) 
Seat 8: scofo83 ($5 in chips) 
Seat 9: Eighcehole ($3.13 in chips) 
RisingChaoz: posts small blind $0.02
Ginnungagap7: posts big blind $0.05
*** HOLE CARDS ***
Dealt to Dorex2007 [2s 3c]
Dorex2007: folds 
VLNZL: folds 
Almanza63: folds 
Ruan metal: raises $0.10 to $0.15
scofo83: folds 
Eighcehole: folds 
Kentotoy: folds 
Kentotoy leaves the table
RisingChaoz: folds 
Ginnungagap7: folds 
Uncalled bet ($0.10) returned to Ruan metal
Ruan metal collected $0.12 from pot
*** SUMMARY ***
Total pot $0.12 | Rake $0 
Seat 1: Kentotoy (button) folded before Flop (didn't bet)
Seat 2: RisingChaoz (small blind) folded before Flop
Seat 3: Ginnungagap7 (big blind) folded before Flop
Seat 4: Dorex2007 folded before Flop (didn't bet)
Seat 5: VLNZL folded before Flop (didn't bet)
Seat 6: Almanza63 folded before Flop (didn't bet)
Seat 7: Ruan metal collected ($0.12)
Seat 8: scofo83 folded before Flop (didn't bet)
Seat 9: Eighcehole folded before Flop (didn't bet)



PokerStars Hand #237570523186:  Hold'em No Limit ($0.02/$0.05 USD) - 2022/07/24 20:42:52 PT [2022/07/24 23:42:52 ET]
Table 'Stebbins' 9-max Seat #2 is the button
Seat 2: RisingChaoz ($3.81 in chips) 
Seat 3: Ginnungagap7 ($4.35 in chips) 
Seat 4: Dorex2007 ($8.36 in chips) 
Seat 5: VLNZL ($4.93 in chips) 
Seat 6: Almanza63 ($5.98 in chips) 
Seat 7: Ruan metal ($9.32 in chips) 
Seat 8: scofo83 ($5 in chips) 
Seat 9: Eighcehole ($3.13 in chips) 
Ginnungagap7: posts small blind $0.02
Dorex2007: posts big blind $0.05
*** HOLE CARDS ***
Dealt to Dorex2007 [7d 2c]
GG Lee GG joins the table at seat #1 
VLNZL: calls $0.05
Almanza63: folds 
Ruan metal: raises $0.17 to $0.22
scofo83: folds 
Eighcehole: folds 
RisingChaoz: calls $0.22
Ginnungagap7: calls $0.20
Dorex2007: folds 
VLNZL: calls $0.17
*** FLOP *** [6d 8h 2d]
Ginnungagap7: bets $0.50
VLNZL: folds 
Ruan metal: folds 
RisingChaoz: folds 
Uncalled bet ($0.50) returned to Ginnungagap7
Ginnungagap7 collected $0.89 from pot
*** SUMMARY ***
Total pot $0.93 | Rake $0.04 
Board [6d 8h 2d]
Seat 2: RisingChaoz (button) folded on the Flop
Seat 3: Ginnungagap7 (small blind) collected ($0.89)
Seat 4: Dorex2007 (big blind) folded before Flop
Seat 5: VLNZL folded on the Flop
Seat 6: Almanza63 folded before Flop (didn't bet)
Seat 7: Ruan metal folded on the Flop
Seat 8: scofo83 folded before Flop (didn't bet)
Seat 9: Eighcehole folded before Flop (didn't bet)



PokerStars Hand #237570528784:  Hold'em No Limit ($0.02/$0.05 USD) - 2022/07/24 20:43:33 PT [2022/07/24 23:43:33 ET]
Table 'Stebbins' 9-max Seat #3 is the button
Seat 1: GG Lee GG ($5 in chips) 
Seat 2: RisingChaoz ($3.59 in chips) 
Seat 3: Ginnungagap7 ($5.02 in chips) 
Seat 4: Dorex2007 ($8.31 in chips) 
Seat 5: VLNZL ($4.71 in chips) 
Seat 6: Almanza63 ($5.98 in chips) 
Seat 7: Ruan metal ($9.10 in chips) 
Seat 8: scofo83 ($5 in chips) 
Seat 9: Eighcehole ($3.13 in chips) 
Dorex2007: posts small blind $0.02
VLNZL: posts big blind $0.05
GG Lee GG: posts big blind $0.05
*** HOLE CARDS ***
Dealt to Dorex2007 [8s 2d]
Almanza63: folds 
Ruan metal: folds 
scofo83: folds 
Eighcehole: folds 
GG Lee GG: checks 
RisingChaoz: calls $0.05
Ginnungagap7: calls $0.05
Dorex2007: folds 
VLNZL: checks 
*** FLOP *** [Jc Qc 4h]
VLNZL: bets $0.10
GG Lee GG: folds 
RisingChaoz: calls $0.10
Ginnungagap7: folds 
*** TURN *** [Jc Qc 4h] [4c]
VLNZL: checks 
RisingChaoz: checks 
*** RIVER *** [Jc Qc 4h 4c] [Kd]
VLNZL: checks 
RisingChaoz: checks 
*** SHOW DOWN ***
VLNZL: shows [Qs 9c] (two pair, Queens and Fours)
RisingChaoz: mucks hand 
VLNZL collected $0.40 from pot
*** SUMMARY ***
Total pot $0.42 | Rake $0.02 
Board [Jc Qc 4h 4c Kd]
Seat 1: GG Lee GG folded on the Flop (didn't bet)
Seat 2: RisingChaoz mucked [Jd 5d]
Seat 3: Ginnungagap7 (button) folded on the Flop
Seat 4: Dorex2007 (small blind) folded before Flop
Seat 5: VLNZL (big blind) showed [Qs 9c] and won ($0.40) with two pair, Queens and Fours
Seat 6: Almanza63 folded before Flop (didn't bet)
Seat 7: Ruan metal folded before Flop (didn't bet)
Seat 8: scofo83 folded before Flop (didn't bet)
Seat 9: Eighcehole folded before Flop (didn't bet)



PokerStars Hand #237570536309:  Hold'em No Limit ($0.02/$0.05 USD) - 2022/07/24 20:44:27 PT [2022/07/24 23:44:27 ET]
Table 'Stebbins' 9-max Seat #4 is the button
Seat 1: GG Lee GG ($4.95 in chips) 
Seat 2: RisingChaoz ($3.44 in chips) 
Seat 3: Ginnungagap7 ($4.97 in chips) 
Seat 4: Dorex2007 ($8.29 in chips) 
Seat 5: VLNZL ($4.96 in chips) 
Seat 6: Almanza63 ($5.98 in chips) 
Seat 7: Ruan metal ($9.10 in chips) 
Seat 8: scofo83 ($5 in chips) 
Seat 9: Eighcehole ($3.13 in chips) 
VLNZL: posts small blind $0.02
Almanza63: posts big blind $0.05
*** HOLE CARDS ***
Dealt to Dorex2007 [6s 5d]
Ruan metal: folds 
scofo83 has timed out
scofo83: folds 
Eighcehole: folds 
GG Lee GG: folds 
RisingChaoz: calls $0.05
Ginnungagap7: raises $0.17 to $0.22
Dorex2007: folds 
VLNZL: folds 
Almanza63: folds 
RisingChaoz: calls $0.17
*** FLOP *** [4s 4d Ts]
RisingChaoz: checks 
Ginnungagap7: bets $0.37
RisingChaoz: folds 
Uncalled bet ($0.37) returned to Ginnungagap7
Ginnungagap7 collected $0.49 from pot
*** SUMMARY ***
Total pot $0.51 | Rake $0.02 
Board [4s 4d Ts]
Seat 1: GG Lee GG folded before Flop (didn't bet)
Seat 2: RisingChaoz folded on the Flop
Seat 3: Ginnungagap7 collected ($0.49)
Seat 4: Dorex2007 (button) folded before Flop (didn't bet)
Seat 5: VLNZL (small blind) folded before Flop
Seat 6: Almanza63 (big blind) folded before Flop
Seat 7: Ruan metal folded before Flop (didn't bet)
Seat 8: scofo83 folded before Flop (didn't bet)
Seat 9: Eighcehole folded before Flop (didn't bet)



PokerStars Hand #237570541474:  Hold'em No Limit ($0.02/$0.05 USD) - 2022/07/24 20:45:06 PT [2022/07/24 23:45:06 ET]
Table 'Stebbins' 9-max Seat #5 is the button
Seat 1: GG Lee GG ($4.95 in chips) 
Seat 2: RisingChaoz ($3.22 in chips) 
Seat 3: Ginnungagap7 ($5.24 in chips) 
Seat 4: Dorex2007 ($8.29 in chips) 
Seat 5: VLNZL ($4.94 in chips) 
Seat 6: Almanza63 ($5.93 in chips) 
Seat 7: Ruan metal ($9.10 in chips) 
Seat 8: scofo83 ($5 in chips) 
Seat 9: Eighcehole ($3.13 in chips) 
Almanza63: posts small blind $0.02
Ruan metal: posts big blind $0.05
*** HOLE CARDS ***
Dealt to Dorex2007 [Ks 6c]
scofo83: folds 
Eighcehole: folds 
GG Lee GG: folds 
RisingChaoz: calls $0.05
Ginnungagap7: folds 
Dorex2007: folds 
VLNZL: folds 
Almanza63: calls $0.03
Ruan metal: checks 
*** FLOP *** [7d 2h 3s]
Almanza63: checks 
Ruan metal: checks 
RisingChaoz: checks 
*** TURN *** [7d 2h 3s] [4c]
Almanza63: checks 
Ruan metal: bets $0.14
RisingChaoz: calls $0.14
Almanza63: folds 
*** RIVER *** [7d 2h 3s 4c] [Kd]
Ruan metal: checks 
RisingChaoz: checks 
*** SHOW DOWN ***
Ruan metal: shows [9h 5d] (high card King)
RisingChaoz: shows [Ad 7s] (a pair of Sevens)
RisingChaoz collected $0.41 from pot
*** SUMMARY ***
Total pot $0.43 | Rake $0.02 
Board [7d 2h 3s 4c Kd]
Seat 1: GG Lee GG folded before Flop (didn't bet)
Seat 2: RisingChaoz showed [Ad 7s] and won ($0.41) with a pair of Sevens
Seat 3: Ginnungagap7 folded before Flop (didn't bet)
Seat 4: Dorex2007 folded before Flop (didn't bet)
Seat 5: VLNZL (button) folded before Flop (didn't bet)
Seat 6: Almanza63 (small blind) folded on the Turn
Seat 7: Ruan metal (big blind) showed [9h 5d] and lost with high card King
Seat 8: scofo83 folded before Flop (didn't bet)
Seat 9: Eighcehole folded before Flop (didn't bet)



PokerStars Hand #237570550275:  Hold'em No Limit ($0.02/$0.05 USD) - 2022/07/24 20:46:10 PT [2022/07/24 23:46:10 ET]
Table 'Stebbins' 9-max Seat #6 is the button
Seat 1: GG Lee GG ($4.95 in chips) 
Seat 2: RisingChaoz ($3.44 in chips) 
Seat 3: Ginnungagap7 ($5.24 in chips) 
Seat 4: Dorex2007 ($8.29 in chips) 
Seat 5: VLNZL ($4.94 in chips) 
Seat 6: Almanza63 ($5.88 in chips) 
Seat 7: Ruan metal ($8.91 in chips) 
Seat 8: scofo83 ($5 in chips) 
Seat 9: Eighcehole ($3.13 in chips) 
Ruan metal: posts small blind $0.02
scofo83: posts big blind $0.05
*** HOLE CARDS ***
Dealt to Dorex2007 [3d 5h]
Eighcehole: folds 
GG Lee GG: folds 
RisingChaoz: calls $0.05
Ginnungagap7: raises $0.17 to $0.22
Dorex2007: folds 
VLNZL: calls $0.22
Almanza63: folds 
Ruan metal: folds 
scofo83: folds 
RisingChaoz: calls $0.17
*** FLOP *** [6c 8d 6d]
RisingChaoz: bets $0.05
Ginnungagap7: calls $0.05
VLNZL: raises $0.05 to $0.10
RisingChaoz: calls $0.05
Ginnungagap7: folds 
*** TURN *** [6c 8d 6d] [3c]
RisingChaoz: checks 
VLNZL: bets $0.47
RisingChaoz: folds 
Uncalled bet ($0.47) returned to VLNZL
VLNZL collected $0.94 from pot
*** SUMMARY ***
Total pot $0.98 | Rake $0.04 
Board [6c 8d 6d 3c]
Seat 1: GG Lee GG folded before Flop (didn't bet)
Seat 2: RisingChaoz folded on the Turn
Seat 3: Ginnungagap7 folded on the Flop
Seat 4: Dorex2007 folded before Flop (didn't bet)
Seat 5: VLNZL collected ($0.94)
Seat 6: Almanza63 (button) folded before Flop (didn't bet)
Seat 7: Ruan metal (small blind) folded before Flop
Seat 8: scofo83 (big blind) folded before Flop
Seat 9: Eighcehole folded before Flop (didn't bet)



PokerStars Hand #237570556806:  Hold'em No Limit ($0.02/$0.05 USD) - 2022/07/24 20:46:58 PT [2022/07/24 23:46:58 ET]
Table 'Stebbins' 9-max Seat #7 is the button
Seat 1: GG Lee GG ($4.95 in chips) 
Seat 2: RisingChaoz ($3.12 in chips) 
Seat 3: Ginnungagap7 ($4.97 in chips) 
Seat 4: Dorex2007 ($8.29 in chips) 
Seat 5: VLNZL ($5.56 in chips) 
Seat 6: Almanza63 ($5.88 in chips) 
Seat 7: Ruan metal ($8.89 in chips) 
Seat 8: scofo83 ($5 in chips) 
Seat 9: Eighcehole ($3.13 in chips) 
scofo83: posts small blind $0.02
Eighcehole: posts big blind $0.05
*** HOLE CARDS ***
Dealt to Dorex2007 [Js Qs]
GG Lee GG: folds 
RisingChaoz: raises $0.05 to $0.10
Ginnungagap7: folds 
Dorex2007: calls $0.10
VLNZL: folds 
Almanza63: folds 
Ruan metal: folds 
scofo83: folds 
Eighcehole: folds 
*** FLOP *** [Ad Th 9h]
RisingChaoz: bets $0.05
Dorex2007: calls $0.05
*** TURN *** [Ad Th 9h] [5d]
RisingChaoz: bets $0.05
Dorex2007: calls $0.05
*** RIVER *** [Ad Th 9h 5d] [Jc]
RisingChaoz: bets $0.10
Dorex2007: calls $0.10
*** SHOW DOWN ***
RisingChaoz: shows [Qc Ac] (a pair of Aces)
Dorex2007: mucks hand 
RisingChaoz collected $0.64 from pot
*** SUMMARY ***
Total pot $0.67 | Rake $0.03 
Board [Ad Th 9h 5d Jc]
Seat 1: GG Lee GG folded before Flop (didn't bet)
Seat 2: RisingChaoz showed [Qc Ac] and won ($0.64) with a pair of Aces
Seat 3: Ginnungagap7 folded before Flop (didn't bet)
Seat 4: Dorex2007 mucked [Js Qs]
Seat 5: VLNZL folded before Flop (didn't bet)
Seat 6: Almanza63 folded before Flop (didn't bet)
Seat 7: Ruan metal (button) folded before Flop (didn't bet)
Seat 8: scofo83 (small blind) folded before Flop
Seat 9: Eighcehole (big blind) folded before Flop



PokerStars Hand #237570561748:  Hold'em No Limit ($0.02/$0.05 USD) - 2022/07/24 20:47:34 PT [2022/07/24 23:47:34 ET]
Table 'Stebbins' 9-max Seat #8 is the button
Seat 1: GG Lee GG ($4.95 in chips) 
Seat 2: RisingChaoz ($3.46 in chips) 
Seat 3: Ginnungagap7 ($4.97 in chips) 
Seat 4: Dorex2007 ($7.99 in chips) 
Seat 5: VLNZL ($5.56 in chips) 
Seat 6: Almanza63 ($5.88 in chips) 
Seat 7: Ruan metal ($8.89 in chips) 
Seat 8: scofo83 ($5 in chips) 
Seat 9: Eighcehole ($3.08 in chips) 
Eighcehole: posts small blind $0.02
GG Lee GG: posts big blind $0.05
*** HOLE CARDS ***
Dealt to Dorex2007 [Ah 7s]
RisingChaoz: folds 
Ginnungagap7: folds 
Dorex2007: folds 
VLNZL: calls $0.05
Almanza63: folds 
Ruan metal: raises $0.30 to $0.35
scofo83: folds 
Eighcehole: folds 
GG Lee GG: folds 
VLNZL: calls $0.30
*** FLOP *** [5c 7c 6h]
VLNZL: checks 
Ruan metal: bets $0.40
VLNZL: folds 
Uncalled bet ($0.40) returned to Ruan metal
Ruan metal collected $0.74 from pot
*** SUMMARY ***
Total pot $0.77 | Rake $0.03 
Board [5c 7c 6h]
Seat 1: GG Lee GG (big blind) folded before Flop
Seat 2: RisingChaoz folded before Flop (didn't bet)
Seat 3: Ginnungagap7 folded before Flop (didn't bet)
Seat 4: Dorex2007 folded before Flop (didn't bet)
Seat 5: VLNZL folded on the Flop
Seat 6: Almanza63 folded before Flop (didn't bet)
Seat 7: Ruan metal collected ($0.74)
Seat 8: scofo83 (button) folded before Flop (didn't bet)
Seat 9: Eighcehole (small blind) folded before Flop



PokerStars Hand #237570584330:  Hold'em No Limit ($0.02/$0.05 USD) - 2022/07/24 20:48:30 PT [2022/07/24 23:48:30 ET]
Table 'Stebbins' 9-max Seat #9 is the button
Seat 1: GG Lee GG ($4.90 in chips) 
Seat 2: RisingChaoz ($3.46 in chips) 
Seat 3: Ginnungagap7 ($4.97 in chips) 
Seat 4: Dorex2007 ($7.99 in chips) 
Seat 5: VLNZL ($5.21 in chips) 
Seat 6: Almanza63 ($5.88 in chips) 
Seat 7: Ruan metal ($9.28 in chips) 
Seat 8: scofo83 ($5 in chips) 
Seat 9: Eighcehole ($3.06 in chips) 
GG Lee GG: posts small blind $0.02
RisingChaoz: posts big blind $0.05
*** HOLE CARDS ***
Dealt to Dorex2007 [4h Ah]
Ginnungagap7: folds 
Dorex2007: raises $0.05 to $0.10
VLNZL: folds 
Almanza63: folds 
Ruan metal: folds 
scofo83: folds 
Eighcehole: calls $0.10
GG Lee GG: calls $0.08
RisingChaoz: folds 
*** FLOP *** [Jd Td 8d]
GG Lee GG: checks 
Dorex2007: checks 
Eighcehole: bets $0.34
GG Lee GG: folds 
Dorex2007: folds 
Uncalled bet ($0.34) returned to Eighcehole
Eighcehole collected $0.34 from pot
*** SUMMARY ***
Total pot $0.35 | Rake $0.01 
Board [Jd Td 8d]
Seat 1: GG Lee GG (small blind) folded on the Flop
Seat 2: RisingChaoz (big blind) folded before Flop
Seat 3: Ginnungagap7 folded before Flop (didn't bet)
Seat 4: Dorex2007 folded on the Flop
Seat 5: VLNZL folded before Flop (didn't bet)
Seat 6: Almanza63 folded before Flop (didn't bet)
Seat 7: Ruan metal folded before Flop (didn't bet)
Seat 8: scofo83 folded before Flop (didn't bet)
Seat 9: Eighcehole (button) collected ($0.34)



PokerStars Hand #237570590992:  Hold'em No Limit ($0.02/$0.05 USD) - 2022/07/24 20:49:20 PT [2022/07/24 23:49:20 ET]
Table 'Stebbins' 9-max Seat #1 is the button
Seat 1: GG Lee GG ($4.80 in chips) 
Seat 2: RisingChaoz ($3.41 in chips) 
Seat 3: Ginnungagap7 ($4.97 in chips) 
Seat 4: Dorex2007 ($7.89 in chips) 
Seat 5: VLNZL ($5.21 in chips) 
Seat 6: Almanza63 ($5.88 in chips) 
Seat 8: scofo83 ($5 in chips) 
Seat 9: Eighcehole ($3.30 in chips) 
RisingChaoz: posts small blind $0.02
Ginnungagap7: posts big blind $0.05
*** HOLE CARDS ***
Dealt to Dorex2007 [9d 3h]
Dorex2007: folds 
VLNZL: folds 
Almanza63: folds 
scofo83: folds 
Eighcehole: folds 
GG Lee GG: raises $0.05 to $0.10
RisingChaoz: calls $0.08
Ginnungagap7: folds 
*** FLOP *** [6s 4d Qc]
RisingChaoz: bets $0.05
GG Lee GG: calls $0.05
*** TURN *** [6s 4d Qc] [8c]
RisingChaoz: checks 
GG Lee GG: bets $0.15
RisingChaoz: folds 
Uncalled bet ($0.15) returned to GG Lee GG
GG Lee GG collected $0.34 from pot
*** SUMMARY ***
Total pot $0.35 | Rake $0.01 
Board [6s 4d Qc 8c]
Seat 1: GG Lee GG (button) collected ($0.34)
Seat 2: RisingChaoz (small blind) folded on the Turn
Seat 3: Ginnungagap7 (big blind) folded before Flop
Seat 4: Dorex2007 folded before Flop (didn't bet)
Seat 5: VLNZL folded before Flop (didn't bet)
Seat 6: Almanza63 folded before Flop (didn't bet)
Seat 8: scofo83 folded before Flop (didn't bet)
Seat 9: Eighcehole folded before Flop (didn't bet)



PokerStars Hand #237570594797:  Hold'em No Limit ($0.02/$0.05 USD) - 2022/07/24 20:49:49 PT [2022/07/24 23:49:49 ET]
Table 'Stebbins' 9-max Seat #2 is the button
Seat 1: GG Lee GG ($4.99 in chips) 
Seat 2: RisingChaoz ($3.26 in chips) 
Seat 3: Ginnungagap7 ($4.92 in chips) 
Seat 4: Dorex2007 ($7.89 in chips) 
Seat 5: VLNZL ($5.21 in chips) 
Seat 6: Almanza63 ($5.88 in chips) 
Seat 8: scofo83 ($5 in chips) 
Seat 9: Eighcehole ($3.30 in chips) 
Ginnungagap7: posts small blind $0.02
Dorex2007: posts big blind $0.05
*** HOLE CARDS ***
Dealt to Dorex2007 [4d 8c]
VLNZL: calls $0.05
Almanza63 has timed out
Almanza63: folds 
scofo83: raises $0.05 to $0.10
Eighcehole: folds 
GG Lee GG: raises $0.10 to $0.20
RisingChaoz: folds 
Ginnungagap7: calls $0.18
Dorex2007: folds 
VLNZL: calls $0.15
scofo83: calls $0.10
*** FLOP *** [5s 2c 3h]
Ginnungagap7: checks 
VLNZL: checks 
scofo83: bets $0.32
GG Lee GG: folds 
Ginnungagap7: folds 
VLNZL: folds 
Uncalled bet ($0.32) returned to scofo83
scofo83 collected $0.81 from pot
*** SUMMARY ***
Total pot $0.85 | Rake $0.04 
Board [5s 2c 3h]
Seat 1: GG Lee GG folded on the Flop
Seat 2: RisingChaoz (button) folded before Flop (didn't bet)
Seat 3: Ginnungagap7 (small blind) folded on the Flop
Seat 4: Dorex2007 (big blind) folded before Flop
Seat 5: VLNZL folded on the Flop
Seat 6: Almanza63 folded before Flop (didn't bet)
Seat 8: scofo83 collected ($0.81)
Seat 9: Eighcehole folded before Flop (didn't bet)



PokerStars Hand #237570603791:  Hold'em No Limit ($0.02/$0.05 USD) - 2022/07/24 20:50:56 PT [2022/07/24 23:50:56 ET]
Table 'Stebbins' 9-max Seat #3 is the button
Seat 1: GG Lee GG ($4.79 in chips) 
Seat 2: RisingChaoz ($3.26 in chips) 
Seat 3: Ginnungagap7 ($4.72 in chips) 
Seat 4: Dorex2007 ($7.84 in chips) 
Seat 5: VLNZL ($5.01 in chips) 
Seat 6: Almanza63 ($5.88 in chips) 
Seat 8: scofo83 ($5.61 in chips) 
Seat 9: Eighcehole ($3.30 in chips) 
Dorex2007: posts small blind $0.02
VLNZL: posts big blind $0.05
*** HOLE CARDS ***
Dealt to Dorex2007 [7d Qs]
Almanza63: folds 
scofo83 has timed out
scofo83: folds 
Eighcehole: folds 
GG Lee GG: folds 
RisingChaoz: calls $0.05
Ginnungagap7: raises $0.17 to $0.22
Dorex2007: folds 
VLNZL: folds 
RisingChaoz: folds 
Uncalled bet ($0.17) returned to Ginnungagap7
Ginnungagap7 collected $0.17 from pot
*** SUMMARY ***
Total pot $0.17 | Rake $0 
Seat 1: GG Lee GG folded before Flop (didn't bet)
Seat 2: RisingChaoz folded before Flop
Seat 3: Ginnungagap7 (button) collected ($0.17)
Seat 4: Dorex2007 (small blind) folded before Flop
Seat 5: VLNZL (big blind) folded before Flop
Seat 6: Almanza63 folded before Flop (didn't bet)
Seat 8: scofo83 folded before Flop (didn't bet)
Seat 9: Eighcehole folded before Flop (didn't bet)



PokerStars Hand #237570608222:  Hold'em No Limit ($0.02/$0.05 USD) - 2022/07/24 20:51:29 PT [2022/07/24 23:51:29 ET]
Table 'Stebbins' 9-max Seat #4 is the button
Seat 1: GG Lee GG ($4.79 in chips) 
Seat 2: RisingChaoz ($3.21 in chips) 
Seat 3: Ginnungagap7 ($4.84 in chips) 
Seat 4: Dorex2007 ($7.82 in chips) 
Seat 5: VLNZL ($4.96 in chips) 
Seat 6: Almanza63 ($5.88 in chips) 
Seat 8: scofo83 ($5.61 in chips) 
Seat 9: Eighcehole ($3.30 in chips) 
VLNZL: posts small blind $0.02
Almanza63: posts big blind $0.05
*** HOLE CARDS ***
Dealt to Dorex2007 [Kd Kc]
scofo83: folds 
Eighcehole: raises $0.05 to $0.10
GG Lee GG: folds 
RisingChaoz: calls $0.10
Ginnungagap7: folds 
Dorex2007: raises $0.20 to $0.30
VLNZL: folds 
Almanza63: folds 
Eighcehole: calls $0.20
RisingChaoz: calls $0.20
*** FLOP *** [Ac 6s Tc]
Eighcehole: checks 
RisingChaoz: bets $0.10
Dorex2007: calls $0.10
Eighcehole: folds 
*** TURN *** [Ac 6s Tc] [Ks]
RisingChaoz: bets $0.10
Dorex2007: raises $0.66 to $0.76
RisingChaoz: calls $0.66
*** RIVER *** [Ac 6s Tc Ks] [6h]
RisingChaoz: checks 
Dorex2007: bets $2.58
RisingChaoz: calls $2.05 and is all-in
Uncalled bet ($0.53) returned to Dorex2007
*** SHOW DOWN ***
Dorex2007: shows [Kd Kc] (a full house, Kings full of Sixes)
RisingChaoz: shows [As 3c] (two pair, Aces and Sixes)
Dorex2007 collected $6.51 from pot
*** SUMMARY ***
Total pot $6.79 | Rake $0.28 
Board [Ac 6s Tc Ks 6h]
Seat 1: GG Lee GG folded before Flop (didn't bet)
Seat 2: RisingChaoz showed [As 3c] and lost with two pair, Aces and Sixes
Seat 3: Ginnungagap7 folded before Flop (didn't bet)
Seat 4: Dorex2007 (button) showed [Kd Kc] and won ($6.51) with a full house, Kings full of Sixes
Seat 5: VLNZL (small blind) folded before Flop
Seat 6: Almanza63 (big blind) folded before Flop
Seat 8: scofo83 folded before Flop (didn't bet)
Seat 9: Eighcehole folded on the Flop



PokerStars Hand #237570616617:  Hold'em No Limit ($0.02/$0.05 USD) - 2022/07/24 20:52:31 PT [2022/07/24 23:52:31 ET]
Table 'Stebbins' 9-max Seat #5 is the button
Seat 1: GG Lee GG ($4.79 in chips) 
Seat 3: Ginnungagap7 ($4.84 in chips) 
Seat 4: Dorex2007 ($11.12 in chips) 
Seat 5: VLNZL ($4.94 in chips) 
Seat 6: Almanza63 ($5.83 in chips) 
Seat 8: scofo83 ($5.61 in chips) 
Seat 9: Eighcehole ($3 in chips) 
Almanza63: posts small blind $0.02
scofo83: posts big blind $0.05
*** HOLE CARDS ***
Dealt to Dorex2007 [Tc 8h]
Eighcehole: raises $0.05 to $0.10
GG Lee GG: calls $0.10
Ginnungagap7: folds 
Dorex2007: folds 
VLNZL: calls $0.10
Almanza63: folds 
scofo83: folds 
*** FLOP *** [Qd 9s 8d]
Eighcehole: bets $0.10
GG Lee GG: folds 
VLNZL: folds 
Uncalled bet ($0.10) returned to Eighcehole
Eighcehole collected $0.35 from pot
*** SUMMARY ***
Total pot $0.37 | Rake $0.02 
Board [Qd 9s 8d]
Seat 1: GG Lee GG folded on the Flop
Seat 3: Ginnungagap7 folded before Flop (didn't bet)
Seat 4: Dorex2007 folded before Flop (didn't bet)
Seat 5: VLNZL (button) folded on the Flop
Seat 6: Almanza63 (small blind) folded before Flop
Seat 8: scofo83 (big blind) folded before Flop
Seat 9: Eighcehole collected ($0.35)



PokerStars Hand #237570620194:  Hold'em No Limit ($0.02/$0.05 USD) - 2022/07/24 20:52:57 PT [2022/07/24 23:52:57 ET]
Table 'Stebbins' 9-max Seat #6 is the button
Seat 1: GG Lee GG ($4.69 in chips) 
Seat 3: Ginnungagap7 ($4.84 in chips) 
Seat 4: Dorex2007 ($11.12 in chips) 
Seat 5: VLNZL ($4.84 in chips) 
Seat 6: Almanza63 ($5.81 in chips) 
Seat 8: scofo83 ($5.56 in chips) 
Seat 9: Eighcehole ($3.25 in chips) 
scofo83: posts small blind $0.02
Eighcehole: posts big blind $0.05
*** HOLE CARDS ***
Dealt to Dorex2007 [5c Ah]
GG Lee GG: folds 
Ginnungagap7: folds 
Dorex2007: folds 
VLNZL: calls $0.05
RisingChaoz is disconnected 
Almanza63: calls $0.05
scofo83: folds 
Eighcehole: checks 
*** FLOP *** [6c Ad 6h]
Eighcehole: checks 
VLNZL: checks 
Almanza63: bets $0.15
Eighcehole: folds 
VLNZL: folds 
Uncalled bet ($0.15) returned to Almanza63
Almanza63 collected $0.16 from pot
*** SUMMARY ***
Total pot $0.17 | Rake $0.01 
Board [6c Ad 6h]
Seat 1: GG Lee GG folded before Flop (didn't bet)
Seat 3: Ginnungagap7 folded before Flop (didn't bet)
Seat 4: Dorex2007 folded before Flop (didn't bet)
Seat 5: VLNZL folded on the Flop
Seat 6: Almanza63 (button) collected ($0.16)
Seat 8: scofo83 (small blind) folded before Flop
Seat 9: Eighcehole (big blind) folded on the Flop



PokerStars Hand #237570627127:  Hold'em No Limit ($0.02/$0.05 USD) - 2022/07/24 20:53:48 PT [2022/07/24 23:53:48 ET]
Table 'Stebbins' 9-max Seat #8 is the button
Seat 1: GG Lee GG ($4.69 in chips) 
Seat 3: Ginnungagap7 ($4.84 in chips) 
Seat 4: Dorex2007 ($11.12 in chips) 
Seat 5: VLNZL ($4.79 in chips) 
Seat 6: Almanza63 ($5.92 in chips) 
Seat 8: scofo83 ($5.54 in chips) 
Seat 9: Eighcehole ($3.20 in chips) 
Eighcehole: posts small blind $0.02
GG Lee GG: posts big blind $0.05
Ruan metal: sits out 
*** HOLE CARDS ***
Dealt to Dorex2007 [3c 4c]
Ginnungagap7: raises $0.10 to $0.15
Dorex2007: folds 
VLNZL: folds 
Almanza63: folds 
scofo83: folds 
Eighcehole: calls $0.13
GG Lee GG: raises $0.25 to $0.40
Ginnungagap7: raises $0.60 to $1
Eighcehole: folds 
GG Lee GG: calls $0.60
*** FLOP *** [2h 7c Kc]
GG Lee GG: checks 
Ginnungagap7: bets $0.85
GG Lee GG: calls $0.85
*** TURN *** [2h 7c Kc] [3h]
GG Lee GG: checks 
Ginnungagap7: bets $2.99 and is all-in
GG Lee GG: calls $2.84 and is all-in
Uncalled bet ($0.15) returned to Ginnungagap7
*** RIVER *** [2h 7c Kc 3h] [Td]
*** SHOW DOWN ***
GG Lee GG: shows [Jh Js] (a pair of Jacks)
Ginnungagap7: shows [As Ah] (a pair of Aces)
Ginnungagap7 collected $9.13 from pot
*** SUMMARY ***
Total pot $9.53 | Rake $0.40 
Board [2h 7c Kc 3h Td]
Seat 1: GG Lee GG (big blind) showed [Jh Js] and lost with a pair of Jacks
Seat 3: Ginnungagap7 showed [As Ah] and won ($9.13) with a pair of Aces
Seat 4: Dorex2007 folded before Flop (didn't bet)
Seat 5: VLNZL folded before Flop (didn't bet)
Seat 6: Almanza63 folded before Flop (didn't bet)
Seat 8: scofo83 (button) folded before Flop (didn't bet)
Seat 9: Eighcehole (small blind) folded before Flop



PokerStars Hand #237570638810:  Hold'em No Limit ($0.02/$0.05 USD) - 2022/07/24 20:55:19 PT [2022/07/24 23:55:19 ET]
Table 'Stebbins' 9-max Seat #9 is the button
Seat 3: Ginnungagap7 ($9.28 in chips) 
Seat 4: Dorex2007 ($11.12 in chips) 
Seat 5: VLNZL ($4.79 in chips) 
Seat 6: Almanza63 ($5.92 in chips) 
Seat 8: scofo83 ($5.54 in chips) 
Seat 9: Eighcehole ($3.05 in chips) 
Ginnungagap7: posts small blind $0.02
Dorex2007: posts big blind $0.05
GG Lee GG leaves the table
Ruan metal: sits out 
*** HOLE CARDS ***
Dealt to Dorex2007 [7d 2c]
VLNZL: calls $0.05
Almanza63: folds 
scofo83: folds 
Eighcehole: raises $0.15 to $0.20
Ginnungagap7: folds 
Dorex2007: folds 
VLNZL: calls $0.15
*** FLOP *** [3d 6c Kd]
VLNZL: bets $0.22
Eighcehole: folds 
Uncalled bet ($0.22) returned to VLNZL
VLNZL collected $0.45 from pot
*** SUMMARY ***
Total pot $0.47 | Rake $0.02 
Board [3d 6c Kd]
Seat 3: Ginnungagap7 (small blind) folded before Flop
Seat 4: Dorex2007 (big blind) folded before Flop
Seat 5: VLNZL collected ($0.45)
Seat 6: Almanza63 folded before Flop (didn't bet)
Seat 8: scofo83 folded before Flop (didn't bet)
Seat 9: Eighcehole (button) folded on the Flop



PokerStars Hand #237570642684:  Hold'em No Limit ($0.02/$0.05 USD) - 2022/07/24 20:55:54 PT [2022/07/24 23:55:54 ET]
Table 'Stebbins' 9-max Seat #3 is the button
Seat 3: Ginnungagap7 ($9.26 in chips) 
Seat 4: Dorex2007 ($11.07 in chips) 
Seat 5: VLNZL ($5.04 in chips) 
Seat 6: Almanza63 ($5.92 in chips) 
Seat 8: scofo83 ($5.54 in chips) 
Seat 9: Eighcehole ($2.85 in chips) 
Dorex2007: posts small blind $0.02
VLNZL: posts big blind $0.05
Ruan metal: sits out 
*** HOLE CARDS ***
Dealt to Dorex2007 [Tc Ks]
Almanza63: folds 
scofo83: folds 
Eighcehole: folds 
Ginnungagap7: raises $0.10 to $0.15
Dorex2007: calls $0.13
VLNZL: calls $0.10
*** FLOP *** [4s 8h Kc]
Dorex2007: bets $0.21
VLNZL: folds 
Ginnungagap7: folds 
Uncalled bet ($0.21) returned to Dorex2007
Dorex2007 collected $0.43 from pot
*** SUMMARY ***
Total pot $0.45 | Rake $0.02 
Board [4s 8h Kc]
Seat 3: Ginnungagap7 (button) folded on the Flop
Seat 4: Dorex2007 (small blind) collected ($0.43)
Seat 5: VLNZL (big blind) folded on the Flop
Seat 6: Almanza63 folded before Flop (didn't bet)
Seat 8: scofo83 folded before Flop (didn't bet)
Seat 9: Eighcehole folded before Flop (didn't bet)



