PokerStars Hand #234468563660:  Hold'em No Limit ($0.01/$0.02 USD) - 2022/02/28 20:00:32 PT [2022/02/28 23:00:32 ET]
Table 'Gianfar' 9-max Seat #5 is the button
Seat 1: Grigory215 ($0.51 in chips) 
Seat 2: fsrenan ($1.20 in chips) 
Seat 3: Dorex2007 ($2 in chips) 
Seat 4: tashawms2022 ($2.30 in chips) 
Seat 5: surbarun ($0.88 in chips) 
Seat 6: smalljaw6.2 ($3.76 in chips) 
Seat 7: Tobiz89 ($2 in chips) 
Seat 8: AleksP1970 ($1.97 in chips) 
Seat 9: Nastysha184 ($2.05 in chips) 
smalljaw6.2: posts small blind $0.01
Tobiz89: posts big blind $0.02
Dorex2007: posts big blind $0.02
*** HOLE CARDS ***
Dealt to Dorex2007 [2d Js]
AleksP1970: raises $0.04 to $0.06
Nastysha184: folds 
Grigory215: folds 
fsrenan: calls $0.06
Dorex2007: folds 
tashawms2022: calls $0.06
surbarun: folds 
smalljaw6.2: calls $0.05
Tobiz89: folds 
*** FLOP *** [9s 6c Kh]
smalljaw6.2: checks 
AleksP1970: bets $0.24
fsrenan: folds 
tashawms2022: folds 
smalljaw6.2: folds 
Uncalled bet ($0.24) returned to AleksP1970
AleksP1970 collected $0.27 from pot
*** SUMMARY ***
Total pot $0.28 | Rake $0.01 
Board [9s 6c Kh]
Seat 1: Grigory215 folded before Flop (didn't bet)
Seat 2: fsrenan folded on the Flop
Seat 3: Dorex2007 folded before Flop (didn't bet)
Seat 4: tashawms2022 folded on the Flop
Seat 5: surbarun (button) folded before Flop (didn't bet)
Seat 6: smalljaw6.2 (small blind) folded on the Flop
Seat 7: Tobiz89 (big blind) folded before Flop
Seat 8: AleksP1970 collected ($0.27)
Seat 9: Nastysha184 folded before Flop (didn't bet)



PokerStars Hand #234468571535:  Hold'em No Limit ($0.01/$0.02 USD) - 2022/02/28 20:01:20 PT [2022/02/28 23:01:20 ET]
Table 'Gianfar' 9-max Seat #7 is the button
Seat 1: Grigory215 ($0.51 in chips) 
Seat 2: fsrenan ($1.14 in chips) 
Seat 3: Dorex2007 ($2 in chips) 
Seat 4: tashawms2022 ($2.24 in chips) 
Seat 5: surbarun ($0.88 in chips) 
Seat 7: Tobiz89 ($2 in chips) 
Seat 8: AleksP1970 ($2.18 in chips) 
Seat 9: Nastysha184 ($2.05 in chips) 
AleksP1970: posts small blind $0.01
Nastysha184: posts big blind $0.02
*** HOLE CARDS ***
Dealt to Dorex2007 [4c Kc]
Grigory215: folds 
fsrenan: folds 
Dorex2007: folds 
tashawms2022: calls $0.02
surbarun: folds 
Tobiz89: folds 
AleksP1970: folds 
Nastysha184: checks 
*** FLOP *** [Ts Td 8s]
Nastysha184: checks 
tashawms2022: bets $0.02
Nastysha184: folds 
Uncalled bet ($0.02) returned to tashawms2022
tashawms2022 collected $0.05 from pot
tashawms2022: doesn't show hand 
*** SUMMARY ***
Total pot $0.05 | Rake $0 
Board [Ts Td 8s]
Seat 1: Grigory215 folded before Flop (didn't bet)
Seat 2: fsrenan folded before Flop (didn't bet)
Seat 3: Dorex2007 folded before Flop (didn't bet)
Seat 4: tashawms2022 collected ($0.05)
Seat 5: surbarun folded before Flop (didn't bet)
Seat 7: Tobiz89 (button) folded before Flop (didn't bet)
Seat 8: AleksP1970 (small blind) folded before Flop
Seat 9: Nastysha184 (big blind) folded on the Flop



PokerStars Hand #234468575348:  Hold'em No Limit ($0.01/$0.02 USD) - 2022/02/28 20:01:43 PT [2022/02/28 23:01:43 ET]
Table 'Gianfar' 9-max Seat #8 is the button
Seat 1: Grigory215 ($0.51 in chips) 
Seat 2: fsrenan ($1.14 in chips) 
Seat 3: Dorex2007 ($2 in chips) 
Seat 4: tashawms2022 ($2.27 in chips) 
Seat 5: surbarun ($0.88 in chips) 
Seat 7: Tobiz89 ($2 in chips) 
Seat 8: AleksP1970 ($2.17 in chips) 
Seat 9: Nastysha184 ($2.03 in chips) 
Nastysha184: posts small blind $0.01
Grigory215: posts big blind $0.02
*** HOLE CARDS ***
Dealt to Dorex2007 [9c 4c]
fsrenan: folds 
Dorex2007: folds 
tashawms2022: folds 
surbarun: folds 
Tobiz89: folds 
AleksP1970: raises $0.04 to $0.06
Nastysha184: folds 
Grigory215: folds 
Uncalled bet ($0.04) returned to AleksP1970
AleksP1970 collected $0.05 from pot
*** SUMMARY ***
Total pot $0.05 | Rake $0 
Seat 1: Grigory215 (big blind) folded before Flop
Seat 2: fsrenan folded before Flop (didn't bet)
Seat 3: Dorex2007 folded before Flop (didn't bet)
Seat 4: tashawms2022 folded before Flop (didn't bet)
Seat 5: surbarun folded before Flop (didn't bet)
Seat 7: Tobiz89 folded before Flop (didn't bet)
Seat 8: AleksP1970 (button) collected ($0.05)
Seat 9: Nastysha184 (small blind) folded before Flop



PokerStars Hand #234468579728:  Hold'em No Limit ($0.01/$0.02 USD) - 2022/02/28 20:02:08 PT [2022/02/28 23:02:08 ET]
Table 'Gianfar' 9-max Seat #9 is the button
Seat 1: Grigory215 ($0.49 in chips) 
Seat 2: fsrenan ($1.14 in chips) 
Seat 3: Dorex2007 ($2 in chips) 
Seat 4: tashawms2022 ($2.27 in chips) 
Seat 5: surbarun ($0.88 in chips) 
Seat 7: Tobiz89 ($2 in chips) 
Seat 8: AleksP1970 ($2.20 in chips) 
Seat 9: Nastysha184 ($2.02 in chips) 
Grigory215: posts small blind $0.01
fsrenan: posts big blind $0.02
*** HOLE CARDS ***
Dealt to Dorex2007 [Td 9d]
Dorex2007: folds 
tashawms2022: calls $0.02
surbarun: folds 
Tobiz89: raises $0.08 to $0.10
AleksP1970: folds 
Nastysha184: folds 
Grigory215: calls $0.09
fsrenan: calls $0.08
tashawms2022: calls $0.08
*** FLOP *** [Js Ks Kh]
Grigory215: checks 
fsrenan: checks 
tashawms2022: checks 
Tobiz89: checks 
*** TURN *** [Js Ks Kh] [5c]
Grigory215: bets $0.06
fsrenan: folds 
tashawms2022: folds 
Tobiz89: folds 
Uncalled bet ($0.06) returned to Grigory215
Grigory215 collected $0.39 from pot
Grigory215: doesn't show hand 
*** SUMMARY ***
Total pot $0.40 | Rake $0.01 
Board [Js Ks Kh 5c]
Seat 1: Grigory215 (small blind) collected ($0.39)
Seat 2: fsrenan (big blind) folded on the Turn
Seat 3: Dorex2007 folded before Flop (didn't bet)
Seat 4: tashawms2022 folded on the Turn
Seat 5: surbarun folded before Flop (didn't bet)
Seat 7: Tobiz89 folded on the Turn
Seat 8: AleksP1970 folded before Flop (didn't bet)
Seat 9: Nastysha184 (button) folded before Flop (didn't bet)



PokerStars Hand #234468590045:  Hold'em No Limit ($0.01/$0.02 USD) - 2022/02/28 20:03:07 PT [2022/02/28 23:03:07 ET]
Table 'Gianfar' 9-max Seat #1 is the button
Seat 1: Grigory215 ($0.78 in chips) 
Seat 2: fsrenan ($1.04 in chips) 
Seat 3: Dorex2007 ($2 in chips) 
Seat 4: tashawms2022 ($2.17 in chips) 
Seat 5: surbarun ($0.88 in chips) 
Seat 7: Tobiz89 ($2 in chips) 
Seat 8: AleksP1970 ($2.20 in chips) 
Seat 9: Nastysha184 ($2.02 in chips) 
fsrenan: posts small blind $0.01
Dorex2007: posts big blind $0.02
*** HOLE CARDS ***
Dealt to Dorex2007 [4d 3c]
tashawms2022: folds 
surbarun: folds 
Tobiz89: folds 
AleksP1970: folds 
Nastysha184: raises $0.04 to $0.06
Grigory215: calls $0.06
fsrenan: calls $0.05
Dorex2007: folds 
*** FLOP *** [As Ks Jc]
fsrenan: checks 
Nastysha184: bets $0.13
Grigory215: folds 
fsrenan: folds 
Uncalled bet ($0.13) returned to Nastysha184
Nastysha184 collected $0.19 from pot
Nastysha184: doesn't show hand 
*** SUMMARY ***
Total pot $0.20 | Rake $0.01 
Board [As Ks Jc]
Seat 1: Grigory215 (button) folded on the Flop
Seat 2: fsrenan (small blind) folded on the Flop
Seat 3: Dorex2007 (big blind) folded before Flop
Seat 4: tashawms2022 folded before Flop (didn't bet)
Seat 5: surbarun folded before Flop (didn't bet)
Seat 7: Tobiz89 folded before Flop (didn't bet)
Seat 8: AleksP1970 folded before Flop (didn't bet)
Seat 9: Nastysha184 collected ($0.19)



PokerStars Hand #234468604027:  Hold'em No Limit ($0.01/$0.02 USD) - 2022/02/28 20:03:46 PT [2022/02/28 23:03:46 ET]
Table 'Gianfar' 9-max Seat #2 is the button
Seat 1: Grigory215 ($0.72 in chips) 
Seat 2: fsrenan ($0.98 in chips) 
Seat 3: Dorex2007 ($2 in chips) 
Seat 4: tashawms2022 ($2.17 in chips) 
Seat 5: surbarun ($0.88 in chips) 
Seat 7: Tobiz89 ($2 in chips) 
Seat 8: AleksP1970 ($2.20 in chips) 
Seat 9: Nastysha184 ($2.15 in chips) 
Dorex2007: posts small blind $0.01
tashawms2022: posts big blind $0.02
*** HOLE CARDS ***
Dealt to Dorex2007 [5d 7h]
surbarun: folds 
Tobiz89: raises $0.04 to $0.06
AleksP1970: folds 
Nastysha184: folds 
Nastysha184 leaves the table
Grigory215: calls $0.06
fsrenan: calls $0.06
Dorex2007: folds 
tashawms2022: folds 
*** FLOP *** [2h 5s 7c]
Tobiz89: checks 
Grigory215: bets $0.06
fsrenan: calls $0.06
Tobiz89: folds 
*** TURN *** [2h 5s 7c] [Jd]
Grigory215: bets $0.10
fsrenan: folds 
Uncalled bet ($0.10) returned to Grigory215
Grigory215 collected $0.32 from pot
Grigory215: doesn't show hand 
braga121 joins the table at seat #9 
*** SUMMARY ***
Total pot $0.33 | Rake $0.01 
Board [2h 5s 7c Jd]
Seat 1: Grigory215 collected ($0.32)
Seat 2: fsrenan (button) folded on the Turn
Seat 3: Dorex2007 (small blind) folded before Flop
Seat 4: tashawms2022 (big blind) folded before Flop
Seat 5: surbarun folded before Flop (didn't bet)
Seat 7: Tobiz89 folded on the Flop
Seat 8: AleksP1970 folded before Flop (didn't bet)
Seat 9: Nastysha184 folded before Flop (didn't bet)



PokerStars Hand #234468612964:  Hold'em No Limit ($0.01/$0.02 USD) - 2022/02/28 20:04:38 PT [2022/02/28 23:04:38 ET]
Table 'Gianfar' 9-max Seat #3 is the button
Seat 1: Grigory215 ($0.92 in chips) 
Seat 2: fsrenan ($0.86 in chips) 
Seat 3: Dorex2007 ($2 in chips) 
Seat 4: tashawms2022 ($2.15 in chips) 
Seat 5: surbarun ($0.88 in chips) 
Seat 7: Tobiz89 ($2 in chips) 
Seat 8: AleksP1970 ($2.20 in chips) 
tashawms2022: posts small blind $0.01
surbarun: posts big blind $0.02
braga121: sits out 
*** HOLE CARDS ***
Dealt to Dorex2007 [2c 6c]
Tobiz89: folds 
AleksP1970: folds 
Grigory215: folds 
fsrenan: folds 
Dorex2007: folds 
tashawms2022: calls $0.01
surbarun: checks 
*** FLOP *** [Qs 7d 5c]
tashawms2022: checks 
surbarun: checks 
*** TURN *** [Qs 7d 5c] [8d]
tashawms2022: checks 
surbarun: checks 
*** RIVER *** [Qs 7d 5c 8d] [6h]
tashawms2022: bets $0.02
surbarun: raises $0.05 to $0.07
tashawms2022: calls $0.05
*** SHOW DOWN ***
surbarun: shows [3s 9s] (a straight, Five to Nine)
tashawms2022: mucks hand 
surbarun collected $0.17 from pot
*** SUMMARY ***
Total pot $0.18 | Rake $0.01 
Board [Qs 7d 5c 8d 6h]
Seat 1: Grigory215 folded before Flop (didn't bet)
Seat 2: fsrenan folded before Flop (didn't bet)
Seat 3: Dorex2007 (button) folded before Flop (didn't bet)
Seat 4: tashawms2022 (small blind) mucked [8c As]
Seat 5: surbarun (big blind) showed [3s 9s] and won ($0.17) with a straight, Five to Nine
Seat 7: Tobiz89 folded before Flop (didn't bet)
Seat 8: AleksP1970 folded before Flop (didn't bet)



PokerStars Hand #234468622003:  Hold'em No Limit ($0.01/$0.02 USD) - 2022/02/28 20:05:27 PT [2022/02/28 23:05:27 ET]
Table 'Gianfar' 9-max Seat #4 is the button
Seat 1: Grigory215 ($0.92 in chips) 
Seat 2: fsrenan ($0.86 in chips) 
Seat 3: Dorex2007 ($2 in chips) 
Seat 4: tashawms2022 ($2.06 in chips) 
Seat 5: surbarun ($0.96 in chips) 
Seat 7: Tobiz89 ($2 in chips) 
Seat 8: AleksP1970 ($2.20 in chips) 
surbarun: posts small blind $0.01
Tobiz89: posts big blind $0.02
braga121: sits out 
*** HOLE CARDS ***
Dealt to Dorex2007 [Kc Tc]
AleksP1970: folds 
Grigory215: folds 
fsrenan: folds 
Dorex2007: raises $0.04 to $0.06
tashawms2022: folds 
surbarun: calls $0.05
Tobiz89: folds 
*** FLOP *** [5s 8c 3c]
surbarun: checks 
Dorex2007: bets $0.14
surbarun: folds 
Uncalled bet ($0.14) returned to Dorex2007
Dorex2007 collected $0.14 from pot
Dorex2007: doesn't show hand 
*** SUMMARY ***
Total pot $0.14 | Rake $0 
Board [5s 8c 3c]
Seat 1: Grigory215 folded before Flop (didn't bet)
Seat 2: fsrenan folded before Flop (didn't bet)
Seat 3: Dorex2007 collected ($0.14)
Seat 4: tashawms2022 (button) folded before Flop (didn't bet)
Seat 5: surbarun (small blind) folded on the Flop
Seat 7: Tobiz89 (big blind) folded before Flop
Seat 8: AleksP1970 folded before Flop (didn't bet)



PokerStars Hand #234468627126:  Hold'em No Limit ($0.01/$0.02 USD) - 2022/02/28 20:05:56 PT [2022/02/28 23:05:56 ET]
Table 'Gianfar' 9-max Seat #5 is the button
Seat 1: Grigory215 ($0.92 in chips) 
Seat 2: fsrenan ($0.86 in chips) 
Seat 3: Dorex2007 ($2.08 in chips) 
Seat 5: surbarun ($0.90 in chips) 
Seat 7: Tobiz89 ($2 in chips) 
Seat 8: AleksP1970 ($2.20 in chips) 
Tobiz89: posts small blind $0.01
AleksP1970: posts big blind $0.02
braga121: sits out 
*** HOLE CARDS ***
Dealt to Dorex2007 [Jc Js]
Grigory215: calls $0.02
fsrenan: raises $0.04 to $0.06
Dorex2007: raises $0.12 to $0.18
surbarun: folds 
Tobiz89: folds 
AleksP1970: folds 
Grigory215: folds 
fsrenan: folds 
Uncalled bet ($0.12) returned to Dorex2007
Dorex2007 collected $0.17 from pot
Dorex2007: doesn't show hand 
*** SUMMARY ***
Total pot $0.17 | Rake $0 
Seat 1: Grigory215 folded before Flop
Seat 2: fsrenan folded before Flop
Seat 3: Dorex2007 collected ($0.17)
Seat 5: surbarun (button) folded before Flop (didn't bet)
Seat 7: Tobiz89 (small blind) folded before Flop
Seat 8: AleksP1970 (big blind) folded before Flop



PokerStars Hand #234468632168:  Hold'em No Limit ($0.01/$0.02 USD) - 2022/02/28 20:06:25 PT [2022/02/28 23:06:25 ET]
Table 'Gianfar' 9-max Seat #7 is the button
Seat 1: Grigory215 ($0.90 in chips) 
Seat 2: fsrenan ($0.80 in chips) 
Seat 3: Dorex2007 ($2.19 in chips) 
Seat 5: surbarun ($0.90 in chips) 
Seat 7: Tobiz89 ($2 in chips) 
Seat 8: AleksP1970 ($2.18 in chips) 
Seat 9: braga121 ($0.80 in chips) 
AleksP1970: posts small blind $0.01
smalljaw6.2 leaves the table
braga121: posts big blind $0.02
*** HOLE CARDS ***
Dealt to Dorex2007 [Qh Kc]
Grigory215: folds 
fsrenan: folds 
Dorex2007: raises $0.02 to $0.04
surbarun: folds 
Pepono101 joins the table at seat #6 
Tobiz89: calls $0.04
AleksP1970: raises $0.14 to $0.18
braga121: folds 
Dorex2007: folds 
Tobiz89: folds 
Uncalled bet ($0.14) returned to AleksP1970
AleksP1970 collected $0.14 from pot
AleksP1970: shows [Ah Ac] (a pair of Aces)
*** SUMMARY ***
Total pot $0.14 | Rake $0 
Seat 1: Grigory215 folded before Flop (didn't bet)
Seat 2: fsrenan folded before Flop (didn't bet)
Seat 3: Dorex2007 folded before Flop
Seat 5: surbarun folded before Flop (didn't bet)
Seat 7: Tobiz89 (button) folded before Flop
Seat 8: AleksP1970 (small blind) collected ($0.14)
Seat 9: braga121 (big blind) folded before Flop



PokerStars Hand #234468641463:  Hold'em No Limit ($0.01/$0.02 USD) - 2022/02/28 20:07:04 PT [2022/02/28 23:07:04 ET]
Table 'Gianfar' 9-max Seat #8 is the button
Seat 1: Grigory215 ($0.90 in chips) 
Seat 2: fsrenan ($0.80 in chips) 
Seat 3: Dorex2007 ($2.15 in chips) 
Seat 5: surbarun ($0.90 in chips) 
Seat 7: Tobiz89 ($2 in chips) 
Seat 8: AleksP1970 ($2.28 in chips) 
Seat 9: braga121 ($0.78 in chips) 
braga121: posts small blind $0.01
Grigory215: posts big blind $0.02
Pepono101: sits out 
*** HOLE CARDS ***
Dealt to Dorex2007 [Kd 4c]
fsrenan: folds 
Dorex2007: folds 
surbarun: folds 
Tobiz89: raises $0.03 to $0.05
AleksP1970: folds 
braga121: calls $0.04
Grigory215: calls $0.03
*** FLOP *** [5d Qc Jc]
braga121: bets $0.07
Grigory215: folds 
Tobiz89: calls $0.07
*** TURN *** [5d Qc Jc] [9d]
braga121: bets $0.08
Tobiz89: folds 
Uncalled bet ($0.08) returned to braga121
braga121 collected $0.28 from pot
braga121: doesn't show hand 
*** SUMMARY ***
Total pot $0.29 | Rake $0.01 
Board [5d Qc Jc 9d]
Seat 1: Grigory215 (big blind) folded on the Flop
Seat 2: fsrenan folded before Flop (didn't bet)
Seat 3: Dorex2007 folded before Flop (didn't bet)
Seat 5: surbarun folded before Flop (didn't bet)
Seat 7: Tobiz89 folded on the Turn
Seat 8: AleksP1970 (button) folded before Flop (didn't bet)
Seat 9: braga121 (small blind) collected ($0.28)



PokerStars Hand #234468648838:  Hold'em No Limit ($0.01/$0.02 USD) - 2022/02/28 20:07:47 PT [2022/02/28 23:07:47 ET]
Table 'Gianfar' 9-max Seat #9 is the button
Seat 1: Grigory215 ($0.85 in chips) 
Seat 2: fsrenan ($0.80 in chips) 
Seat 3: Dorex2007 ($2.15 in chips) 
Seat 5: surbarun ($0.90 in chips) 
Seat 7: Tobiz89 ($2 in chips) 
Seat 8: AleksP1970 ($2.28 in chips) 
Seat 9: braga121 ($0.94 in chips) 
Grigory215: posts small blind $0.01
fsrenan: posts big blind $0.02
Pepono101: sits out 
*** HOLE CARDS ***
Dealt to Dorex2007 [Tc Qh]
Dorex2007: folds 
surbarun: folds 
Tobiz89: folds 
AleksP1970: folds 
braga121: folds 
Grigory215: folds 
Uncalled bet ($0.01) returned to fsrenan
fsrenan collected $0.02 from pot
*** SUMMARY ***
Total pot $0.02 | Rake $0 
Seat 1: Grigory215 (small blind) folded before Flop
Seat 2: fsrenan (big blind) collected ($0.02)
Seat 3: Dorex2007 folded before Flop (didn't bet)
Seat 5: surbarun folded before Flop (didn't bet)
Seat 7: Tobiz89 folded before Flop (didn't bet)
Seat 8: AleksP1970 folded before Flop (didn't bet)
Seat 9: braga121 (button) folded before Flop (didn't bet)



PokerStars Hand #234468651221:  Hold'em No Limit ($0.01/$0.02 USD) - 2022/02/28 20:08:01 PT [2022/02/28 23:08:01 ET]
Table 'Gianfar' 9-max Seat #1 is the button
Seat 1: Grigory215 ($0.84 in chips) 
Seat 2: fsrenan ($0.81 in chips) 
Seat 3: Dorex2007 ($2.15 in chips) 
Seat 5: surbarun ($0.90 in chips) 
Seat 6: Pepono101 ($2 in chips) 
Seat 7: Tobiz89 ($2 in chips) 
Seat 8: AleksP1970 ($2.28 in chips) 
Seat 9: braga121 ($0.94 in chips) 
fsrenan: posts small blind $0.01
Dorex2007: posts big blind $0.02
Pepono101: posts big blind $0.02
*** HOLE CARDS ***
Dealt to Dorex2007 [8s 6s]
surbarun: folds 
Pepono101: checks 
Tobiz89: folds 
AleksP1970: folds 
braga121: raises $0.07 to $0.09
Grigory215: folds 
fsrenan: folds 
Dorex2007: folds 
Pepono101: folds 
Uncalled bet ($0.07) returned to braga121
braga121 collected $0.07 from pot
braga121: doesn't show hand 
*** SUMMARY ***
Total pot $0.07 | Rake $0 
Seat 1: Grigory215 (button) folded before Flop (didn't bet)
Seat 2: fsrenan (small blind) folded before Flop
Seat 3: Dorex2007 (big blind) folded before Flop
Seat 5: surbarun folded before Flop (didn't bet)
Seat 6: Pepono101 folded before Flop (didn't bet)
Seat 7: Tobiz89 folded before Flop (didn't bet)
Seat 8: AleksP1970 folded before Flop (didn't bet)
Seat 9: braga121 collected ($0.07)



PokerStars Hand #234468655295:  Hold'em No Limit ($0.01/$0.02 USD) - 2022/02/28 20:08:25 PT [2022/02/28 23:08:25 ET]
Table 'Gianfar' 9-max Seat #2 is the button
Seat 1: Grigory215 ($0.84 in chips) 
Seat 2: fsrenan ($0.80 in chips) 
Seat 3: Dorex2007 ($2.13 in chips) 
Seat 5: surbarun ($0.90 in chips) 
Seat 6: Pepono101 ($1.98 in chips) 
Seat 7: Tobiz89 ($2 in chips) 
Seat 8: AleksP1970 ($2.28 in chips) 
Seat 9: braga121 ($0.99 in chips) 
Dorex2007: posts small blind $0.01
surbarun: posts big blind $0.02
*** HOLE CARDS ***
Dealt to Dorex2007 [8c 4s]
Pepono101: folds 
Tobiz89: folds 
AleksP1970: folds 
braga121: folds 
Grigory215: raises $0.02 to $0.04
fsrenan: folds 
Dorex2007: folds 
surbarun: folds 
Uncalled bet ($0.02) returned to Grigory215
Grigory215 collected $0.05 from pot
Grigory215: doesn't show hand 
*** SUMMARY ***
Total pot $0.05 | Rake $0 
Seat 1: Grigory215 collected ($0.05)
Seat 2: fsrenan (button) folded before Flop (didn't bet)
Seat 3: Dorex2007 (small blind) folded before Flop
Seat 5: surbarun (big blind) folded before Flop
Seat 6: Pepono101 folded before Flop (didn't bet)
Seat 7: Tobiz89 folded before Flop (didn't bet)
Seat 8: AleksP1970 folded before Flop (didn't bet)
Seat 9: braga121 folded before Flop (didn't bet)



PokerStars Hand #234468659276:  Hold'em No Limit ($0.01/$0.02 USD) - 2022/02/28 20:08:49 PT [2022/02/28 23:08:49 ET]
Table 'Gianfar' 9-max Seat #3 is the button
Seat 1: Grigory215 ($0.87 in chips) 
Seat 2: fsrenan ($0.80 in chips) 
Seat 3: Dorex2007 ($2.12 in chips) 
Seat 5: surbarun ($0.88 in chips) 
Seat 6: Pepono101 ($1.98 in chips) 
Seat 7: Tobiz89 ($2 in chips) 
Seat 8: AleksP1970 ($2.28 in chips) 
Seat 9: braga121 ($0.99 in chips) 
surbarun: posts small blind $0.01
Pepono101: posts big blind $0.02
*** HOLE CARDS ***
Dealt to Dorex2007 [3s As]
Tobiz89: folds 
AleksP1970: folds 
braga121: calls $0.02
Grigory215: calls $0.02
fsrenan: folds 
Dorex2007: folds 
surbarun: calls $0.01
Pepono101: checks 
*** FLOP *** [Kh Qd 3d]
surbarun: checks 
Pepono101: bets $0.08
braga121: folds 
Grigory215: calls $0.08
surbarun: calls $0.08
*** TURN *** [Kh Qd 3d] [4h]
surbarun: checks 
Pepono101: checks 
Grigory215: bets $0.10
surbarun: calls $0.10
Pepono101: folds 
*** RIVER *** [Kh Qd 3d 4h] [Ac]
surbarun: checks 
Grigory215: checks 
*** SHOW DOWN ***
surbarun: shows [6d Td] (high card Ace)
Grigory215: shows [Th Kd] (a pair of Kings)
Grigory215 collected $0.50 from pot
*** SUMMARY ***
Total pot $0.52 | Rake $0.02 
Board [Kh Qd 3d 4h Ac]
Seat 1: Grigory215 showed [Th Kd] and won ($0.50) with a pair of Kings
Seat 2: fsrenan folded before Flop (didn't bet)
Seat 3: Dorex2007 (button) folded before Flop (didn't bet)
Seat 5: surbarun (small blind) showed [6d Td] and lost with high card Ace
Seat 6: Pepono101 (big blind) folded on the Turn
Seat 7: Tobiz89 folded before Flop (didn't bet)
Seat 8: AleksP1970 folded before Flop (didn't bet)
Seat 9: braga121 folded on the Flop



PokerStars Hand #234468673779:  Hold'em No Limit ($0.01/$0.02 USD) - 2022/02/28 20:10:12 PT [2022/02/28 23:10:12 ET]
Table 'Gianfar' 9-max Seat #5 is the button
Seat 1: Grigory215 ($1.17 in chips) 
Seat 2: fsrenan ($0.80 in chips) 
Seat 3: Dorex2007 ($2.12 in chips) 
Seat 5: surbarun ($0.68 in chips) 
Seat 6: Pepono101 ($1.88 in chips) 
Seat 8: AleksP1970 ($2.28 in chips) 
Seat 9: braga121 ($0.97 in chips) 
Pepono101: posts small blind $0.01
Tobiz89: is sitting out 
AleksP1970: posts big blind $0.02
*** HOLE CARDS ***
Dealt to Dorex2007 [8c Ad]
Tobiz89 leaves the table
braga121: folds 
Grigory215: folds 
fsrenan: folds 
Dorex2007: folds 
surbarun: folds 
Pepono101: calls $0.01
AleksP1970: checks 
*** FLOP *** [7d 6s 5h]
Pepono101: checks 
AleksP1970: checks 
*** TURN *** [7d 6s 5h] [5d]
Pepono101: bets $0.04
AleksP1970: folds 
Uncalled bet ($0.04) returned to Pepono101
Pepono101 collected $0.04 from pot
Pepono101: doesn't show hand 
*** SUMMARY ***
Total pot $0.04 | Rake $0 
Board [7d 6s 5h 5d]
Seat 1: Grigory215 folded before Flop (didn't bet)
Seat 2: fsrenan folded before Flop (didn't bet)
Seat 3: Dorex2007 folded before Flop (didn't bet)
Seat 5: surbarun (button) folded before Flop (didn't bet)
Seat 6: Pepono101 (small blind) collected ($0.04)
Seat 8: AleksP1970 (big blind) folded on the Turn
Seat 9: braga121 folded before Flop (didn't bet)



PokerStars Hand #234468681330:  Hold'em No Limit ($0.01/$0.02 USD) - 2022/02/28 20:10:56 PT [2022/02/28 23:10:56 ET]
Table 'Gianfar' 9-max Seat #6 is the button
Seat 1: Grigory215 ($1.17 in chips) 
Seat 2: fsrenan ($0.80 in chips) 
Seat 3: Dorex2007 ($2.12 in chips) 
Seat 5: surbarun ($0.68 in chips) 
Seat 6: Pepono101 ($1.90 in chips) 
Seat 8: AleksP1970 ($2.26 in chips) 
Seat 9: braga121 ($0.97 in chips) 
AleksP1970: posts small blind $0.01
braga121: posts big blind $0.02
*** HOLE CARDS ***
Dealt to Dorex2007 [7h 5c]
Grigory215: calls $0.02
fsrenan: folds 
Dorex2007: folds 
surbarun: folds 
Pepono101: folds 
AleksP1970: folds 
braga121: raises $0.05 to $0.07
Grigory215: calls $0.05
*** FLOP *** [9d Th 8h]
braga121: bets $0.07
Grigory215: folds 
Uncalled bet ($0.07) returned to braga121
braga121 collected $0.14 from pot
braga121: doesn't show hand 
*** SUMMARY ***
Total pot $0.15 | Rake $0.01 
Board [9d Th 8h]
Seat 1: Grigory215 folded on the Flop
Seat 2: fsrenan folded before Flop (didn't bet)
Seat 3: Dorex2007 folded before Flop (didn't bet)
Seat 5: surbarun folded before Flop (didn't bet)
Seat 6: Pepono101 (button) folded before Flop (didn't bet)
Seat 8: AleksP1970 (small blind) folded before Flop
Seat 9: braga121 (big blind) collected ($0.14)



PokerStars Hand #234468686009:  Hold'em No Limit ($0.01/$0.02 USD) - 2022/02/28 20:11:24 PT [2022/02/28 23:11:24 ET]
Table 'Gianfar' 9-max Seat #8 is the button
Seat 1: Grigory215 ($1.10 in chips) 
Seat 2: fsrenan ($0.80 in chips) 
Seat 3: Dorex2007 ($2.12 in chips) 
Seat 5: surbarun ($0.68 in chips) 
Seat 6: Pepono101 ($1.90 in chips) 
Seat 8: AleksP1970 ($2.25 in chips) 
Seat 9: braga121 ($1.04 in chips) 
braga121: posts small blind $0.01
Grigory215: posts big blind $0.02
*** HOLE CARDS ***
Dealt to Dorex2007 [4h 4c]
LELEELARI joins the table at seat #7 
fsrenan: raises $0.04 to $0.06
Dorex2007: folds 
surbarun: folds 
Pepono101: folds 
AleksP1970: folds 
braga121: folds 
Grigory215: folds 
Uncalled bet ($0.04) returned to fsrenan
fsrenan collected $0.05 from pot
*** SUMMARY ***
Total pot $0.05 | Rake $0 
Seat 1: Grigory215 (big blind) folded before Flop
Seat 2: fsrenan collected ($0.05)
Seat 3: Dorex2007 folded before Flop (didn't bet)
Seat 5: surbarun folded before Flop (didn't bet)
Seat 6: Pepono101 folded before Flop (didn't bet)
Seat 8: AleksP1970 (button) folded before Flop (didn't bet)
Seat 9: braga121 (small blind) folded before Flop



PokerStars Hand #234468690535:  Hold'em No Limit ($0.01/$0.02 USD) - 2022/02/28 20:11:50 PT [2022/02/28 23:11:50 ET]
Table 'Gianfar' 9-max Seat #9 is the button
Seat 1: Grigory215 ($1.08 in chips) 
Seat 2: fsrenan ($0.83 in chips) 
Seat 3: Dorex2007 ($2.12 in chips) 
Seat 5: surbarun ($0.68 in chips) 
Seat 6: Pepono101 ($1.90 in chips) 
Seat 7: LELEELARI ($2 in chips) 
Seat 8: AleksP1970 ($2.25 in chips) 
Seat 9: braga121 ($1.03 in chips) 
Grigory215: posts small blind $0.01
fsrenan: posts big blind $0.02
LELEELARI: posts big blind $0.02
*** HOLE CARDS ***
Dealt to Dorex2007 [Ts 8d]
Dorex2007: folds 
surbarun: raises $0.04 to $0.06
Pepono101: folds 
LELEELARI: calls $0.04
AleksP1970: folds 
braga121: folds 
Grigory215: calls $0.05
fsrenan: folds 
*** FLOP *** [2d As 2c]
Grigory215: checks 
surbarun: bets $0.06
LELEELARI: folds 
Grigory215: calls $0.06
*** TURN *** [2d As 2c] [7s]
Grigory215: checks 
surbarun: checks 
*** RIVER *** [2d As 2c 7s] [Qc]
Grigory215: checks 
surbarun: bets $0.21
Grigory215: calls $0.21
*** SHOW DOWN ***
surbarun: shows [Qd Qh] (a full house, Queens full of Deuces)
Grigory215: mucks hand 
surbarun collected $0.71 from pot
*** SUMMARY ***
Total pot $0.74 | Rake $0.03 
Board [2d As 2c 7s Qc]
Seat 1: Grigory215 (small blind) mucked [8c Ac]
Seat 2: fsrenan (big blind) folded before Flop
Seat 3: Dorex2007 folded before Flop (didn't bet)
Seat 5: surbarun showed [Qd Qh] and won ($0.71) with a full house, Queens full of Deuces
Seat 6: Pepono101 folded before Flop (didn't bet)
Seat 7: LELEELARI folded on the Flop
Seat 8: AleksP1970 folded before Flop (didn't bet)
Seat 9: braga121 (button) folded before Flop (didn't bet)



PokerStars Hand #234468701271:  Hold'em No Limit ($0.01/$0.02 USD) - 2022/02/28 20:12:52 PT [2022/02/28 23:12:52 ET]
Table 'Gianfar' 9-max Seat #1 is the button
Seat 1: Grigory215 ($0.75 in chips) 
Seat 2: fsrenan ($0.81 in chips) 
Seat 3: Dorex2007 ($2.12 in chips) 
Seat 5: surbarun ($1.06 in chips) 
Seat 6: Pepono101 ($1.90 in chips) 
Seat 7: LELEELARI ($1.94 in chips) 
Seat 8: AleksP1970 ($2.25 in chips) 
Seat 9: braga121 ($1.03 in chips) 
fsrenan: posts small blind $0.01
Dorex2007: posts big blind $0.02
*** HOLE CARDS ***
Dealt to Dorex2007 [8c 5c]
surbarun: folds 
Pepono101: folds 
LELEELARI: folds 
AleksP1970: raises $0.04 to $0.06
braga121: calls $0.06
Grigory215: calls $0.06
fsrenan: folds 
Dorex2007: folds 
*** FLOP *** [7h Kh 3d]
AleksP1970: checks 
braga121: bets $0.10
Grigory215: folds 
AleksP1970: calls $0.10
*** TURN *** [7h Kh 3d] [2c]
AleksP1970: checks 
braga121: checks 
*** RIVER *** [7h Kh 3d 2c] [8d]
AleksP1970: bets $0.24
braga121: calls $0.24
*** SHOW DOWN ***
AleksP1970: shows [Tc Ts] (a pair of Tens)
braga121: shows [Jc Js] (a pair of Jacks)
braga121 collected $0.86 from pot
*** SUMMARY ***
Total pot $0.89 | Rake $0.03 
Board [7h Kh 3d 2c 8d]
Seat 1: Grigory215 (button) folded on the Flop
Seat 2: fsrenan (small blind) folded before Flop
Seat 3: Dorex2007 (big blind) folded before Flop
Seat 5: surbarun folded before Flop (didn't bet)
Seat 6: Pepono101 folded before Flop (didn't bet)
Seat 7: LELEELARI folded before Flop (didn't bet)
Seat 8: AleksP1970 showed [Tc Ts] and lost with a pair of Tens
Seat 9: braga121 showed [Jc Js] and won ($0.86) with a pair of Jacks



PokerStars Hand #234468710174:  Hold'em No Limit ($0.01/$0.02 USD) - 2022/02/28 20:13:44 PT [2022/02/28 23:13:44 ET]
Table 'Gianfar' 9-max Seat #2 is the button
Seat 1: Grigory215 ($0.69 in chips) 
Seat 2: fsrenan ($0.80 in chips) 
Seat 3: Dorex2007 ($2.10 in chips) 
Seat 4: tashawms2022 ($2.06 in chips) 
Seat 5: surbarun ($1.06 in chips) 
Seat 6: Pepono101 ($1.90 in chips) 
Seat 7: LELEELARI ($1.94 in chips) 
Seat 8: AleksP1970 ($1.85 in chips) 
Seat 9: braga121 ($1.49 in chips) 
Dorex2007: posts small blind $0.01
tashawms2022: posts big blind $0.02
*** HOLE CARDS ***
Dealt to Dorex2007 [3c 2d]
surbarun: raises $0.03 to $0.05
Pepono101: folds 
LELEELARI: folds 
AleksP1970: folds 
braga121: folds 
Grigory215: folds 
fsrenan: folds 
Dorex2007: folds 
tashawms2022: folds 
Uncalled bet ($0.03) returned to surbarun
surbarun collected $0.05 from pot
surbarun: doesn't show hand 
*** SUMMARY ***
Total pot $0.05 | Rake $0 
Seat 1: Grigory215 folded before Flop (didn't bet)
Seat 2: fsrenan (button) folded before Flop (didn't bet)
Seat 3: Dorex2007 (small blind) folded before Flop
Seat 4: tashawms2022 (big blind) folded before Flop
Seat 5: surbarun collected ($0.05)
Seat 6: Pepono101 folded before Flop (didn't bet)
Seat 7: LELEELARI folded before Flop (didn't bet)
Seat 8: AleksP1970 folded before Flop (didn't bet)
Seat 9: braga121 folded before Flop (didn't bet)



PokerStars Hand #234468713697:  Hold'em No Limit ($0.01/$0.02 USD) - 2022/02/28 20:14:05 PT [2022/02/28 23:14:05 ET]
Table 'Gianfar' 9-max Seat #3 is the button
Seat 1: Grigory215 ($0.69 in chips) 
Seat 2: fsrenan ($0.80 in chips) 
Seat 3: Dorex2007 ($2.09 in chips) 
Seat 4: tashawms2022 ($2.04 in chips) 
Seat 5: surbarun ($1.09 in chips) 
Seat 6: Pepono101 ($1.90 in chips) 
Seat 7: LELEELARI ($1.94 in chips) 
Seat 8: AleksP1970 ($1.85 in chips) 
Seat 9: braga121 ($1.49 in chips) 
tashawms2022: posts small blind $0.01
surbarun: posts big blind $0.02
*** HOLE CARDS ***
Dealt to Dorex2007 [4c Ah]
Pepono101: folds 
LELEELARI: folds 
AleksP1970: folds 
braga121: folds 
Grigory215: folds 
fsrenan: folds 
Dorex2007: folds 
tashawms2022: calls $0.01
surbarun: raises $0.04 to $0.06
tashawms2022: folds 
Uncalled bet ($0.04) returned to surbarun
surbarun collected $0.04 from pot
surbarun: doesn't show hand 
*** SUMMARY ***
Total pot $0.04 | Rake $0 
Seat 1: Grigory215 folded before Flop (didn't bet)
Seat 2: fsrenan folded before Flop (didn't bet)
Seat 3: Dorex2007 (button) folded before Flop (didn't bet)
Seat 4: tashawms2022 (small blind) folded before Flop
Seat 5: surbarun (big blind) collected ($0.04)
Seat 6: Pepono101 folded before Flop (didn't bet)
Seat 7: LELEELARI folded before Flop (didn't bet)
Seat 8: AleksP1970 folded before Flop (didn't bet)
Seat 9: braga121 folded before Flop (didn't bet)



PokerStars Hand #234468718040:  Hold'em No Limit ($0.01/$0.02 USD) - 2022/02/28 20:14:31 PT [2022/02/28 23:14:31 ET]
Table 'Gianfar' 9-max Seat #4 is the button
Seat 1: Grigory215 ($0.69 in chips) 
Seat 2: fsrenan ($0.80 in chips) 
Seat 3: Dorex2007 ($2.09 in chips) 
Seat 4: tashawms2022 ($2.02 in chips) 
Seat 5: surbarun ($1.11 in chips) 
Seat 6: Pepono101 ($1.90 in chips) 
Seat 7: LELEELARI ($1.94 in chips) 
Seat 8: AleksP1970 ($1.85 in chips) 
Seat 9: braga121 ($1.49 in chips) 
surbarun: posts small blind $0.01
Pepono101: posts big blind $0.02
*** HOLE CARDS ***
Dealt to Dorex2007 [8d 4h]
LELEELARI: folds 
AleksP1970: folds 
braga121: folds 
Grigory215: calls $0.02
fsrenan: raises $0.04 to $0.06
Dorex2007: folds 
tashawms2022: calls $0.06
surbarun: raises $0.12 to $0.18
Pepono101: folds 
Grigory215: calls $0.16
fsrenan: calls $0.12
tashawms2022: raises $1.84 to $2.02 and is all-in
surbarun: folds 
Grigory215: calls $0.51 and is all-in
fsrenan: folds 
Uncalled bet ($1.33) returned to tashawms2022
*** FLOP *** [9s Qd Qs]
*** TURN *** [9s Qd Qs] [7h]
*** RIVER *** [9s Qd Qs 7h] [2c]
*** SHOW DOWN ***
Grigory215: shows [5h Kh] (a pair of Queens)
tashawms2022: shows [Ac Th] (a pair of Queens - Ace kicker)
tashawms2022 collected $1.70 from pot
*** SUMMARY ***
Total pot $1.76 | Rake $0.06 
Board [9s Qd Qs 7h 2c]
Seat 1: Grigory215 showed [5h Kh] and lost with a pair of Queens
Seat 2: fsrenan folded before Flop
Seat 3: Dorex2007 folded before Flop (didn't bet)
Seat 4: tashawms2022 (button) showed [Ac Th] and won ($1.70) with a pair of Queens
Seat 5: surbarun (small blind) folded before Flop
Seat 6: Pepono101 (big blind) folded before Flop
Seat 7: LELEELARI folded before Flop (didn't bet)
Seat 8: AleksP1970 folded before Flop (didn't bet)
Seat 9: braga121 folded before Flop (didn't bet)



PokerStars Hand #234468734345:  Hold'em No Limit ($0.01/$0.02 USD) - 2022/02/28 20:15:45 PT [2022/02/28 23:15:45 ET]
Table 'Gianfar' 9-max Seat #5 is the button
Seat 2: fsrenan ($0.62 in chips) 
Seat 3: Dorex2007 ($2.09 in chips) 
Seat 4: tashawms2022 ($3.03 in chips) 
Seat 5: surbarun ($0.93 in chips) 
Seat 6: Pepono101 ($1.88 in chips) 
Seat 7: LELEELARI ($1.94 in chips) 
Seat 8: AleksP1970 ($1.85 in chips) 
Seat 9: braga121 ($1.49 in chips) 
Pepono101: posts small blind $0.01
LELEELARI: posts big blind $0.02
*** HOLE CARDS ***
Dealt to Dorex2007 [7s Tc]
AleksP1970: folds 
braga121: calls $0.02
fsrenan: folds 
Dorex2007: folds 
tashawms2022: calls $0.02
Grigory215 leaves the table
surbarun: folds 
Pepono101: calls $0.01
LELEELARI: checks 
*** FLOP *** [As 3h 4s]
Pepono101: checks 
LELEELARI: checks 
braga121: bets $0.04
tashawms2022: folds 
Pepono101: calls $0.04
LELEELARI: folds 
*** TURN *** [As 3h 4s] [Th]
Pepono101: checks 
braga121: bets $0.08
Pepono101: calls $0.08
*** RIVER *** [As 3h 4s Th] [3c]
Pepono101: bets $0.31
braga121: calls $0.31
*** SHOW DOWN ***
Pepono101: shows [8s 6s] (a pair of Threes)
braga121: shows [Ts Js] (two pair, Tens and Threes)
braga121 collected $0.91 from pot
*** SUMMARY ***
Total pot $0.94 | Rake $0.03 
Board [As 3h 4s Th 3c]
Seat 2: fsrenan folded before Flop (didn't bet)
Seat 3: Dorex2007 folded before Flop (didn't bet)
Seat 4: tashawms2022 folded on the Flop
Seat 5: surbarun (button) folded before Flop (didn't bet)
Seat 6: Pepono101 (small blind) showed [8s 6s] and lost with a pair of Threes
Seat 7: LELEELARI (big blind) folded on the Flop
Seat 8: AleksP1970 folded before Flop (didn't bet)
Seat 9: braga121 showed [Ts Js] and won ($0.91) with two pair, Tens and Threes



PokerStars Hand #234468746815:  Hold'em No Limit ($0.01/$0.02 USD) - 2022/02/28 20:16:59 PT [2022/02/28 23:16:59 ET]
Table 'Gianfar' 9-max Seat #6 is the button
Seat 2: fsrenan ($0.62 in chips) 
Seat 3: Dorex2007 ($2.09 in chips) 
Seat 4: tashawms2022 ($3.01 in chips) 
Seat 5: surbarun ($0.93 in chips) 
Seat 6: Pepono101 ($1.43 in chips) 
Seat 7: LELEELARI ($1.92 in chips) 
Seat 8: AleksP1970 ($1.85 in chips) 
Seat 9: braga121 ($1.95 in chips) 
LELEELARI: posts small blind $0.01
AleksP1970: posts big blind $0.02
*** HOLE CARDS ***
Dealt to Dorex2007 [6d 8s]
braga121: folds 
fsrenan: folds 
Dorex2007: folds 
tashawms2022: folds 
braga121 leaves the table
surbarun: folds 
Pepono101: raises $0.05 to $0.07
LELEELARI: calls $0.06
AleksP1970: folds 
*** FLOP *** [2h 9h Ah]
MarkParis joins the table at seat #1 
LELEELARI: checks 
Pepono101: checks 
*** TURN *** [2h 9h Ah] [5s]
LELEELARI: bets $0.02
Pepono101: raises $0.08 to $0.10
LELEELARI: calls $0.08
*** RIVER *** [2h 9h Ah 5s] [8h]
LELEELARI: checks 
Pepono101: bets $0.50
LELEELARI: folds 
Uncalled bet ($0.50) returned to Pepono101
Pepono101 collected $0.35 from pot
Pepono101: doesn't show hand 
*** SUMMARY ***
Total pot $0.36 | Rake $0.01 
Board [2h 9h Ah 5s 8h]
Seat 2: fsrenan folded before Flop (didn't bet)
Seat 3: Dorex2007 folded before Flop (didn't bet)
Seat 4: tashawms2022 folded before Flop (didn't bet)
Seat 5: surbarun folded before Flop (didn't bet)
Seat 6: Pepono101 (button) collected ($0.35)
Seat 7: LELEELARI (small blind) folded on the River
Seat 8: AleksP1970 (big blind) folded before Flop
Seat 9: braga121 folded before Flop (didn't bet)



PokerStars Hand #234468756682:  Hold'em No Limit ($0.01/$0.02 USD) - 2022/02/28 20:17:58 PT [2022/02/28 23:17:58 ET]
Table 'Gianfar' 9-max Seat #7 is the button
Seat 2: fsrenan ($0.62 in chips) 
Seat 3: Dorex2007 ($2.09 in chips) 
Seat 4: tashawms2022 ($3.01 in chips) 
Seat 5: surbarun ($0.93 in chips) 
Seat 6: Pepono101 ($1.61 in chips) 
Seat 7: LELEELARI ($1.75 in chips) 
Seat 8: AleksP1970 ($1.83 in chips) 
AleksP1970: posts small blind $0.01
fsrenan: posts big blind $0.02
*** HOLE CARDS ***
Dealt to Dorex2007 [Ah 3h]
Dorex2007: folds 
tashawms2022: calls $0.02
surbarun: folds 
Pepono101: calls $0.02
LELEELARI: calls $0.02
AleksP1970: folds 
fsrenan: checks 
*** FLOP *** [7c 4h Jd]
fsrenan: checks 
tashawms2022: checks 
RealKoi joins the table at seat #9 
Pepono101: folds 
Pepono101 leaves the table
LELEELARI: checks 
*** TURN *** [7c 4h Jd] [8c]
fsrenan: bets $0.05
tashawms2022: calls $0.05
LELEELARI: calls $0.05
*** RIVER *** [7c 4h Jd 8c] [As]
fsrenan: checks 
tashawms2022: checks 
LELEELARI: checks 
*** SHOW DOWN ***
fsrenan: shows [4d 6c] (a pair of Fours)
tashawms2022: mucks hand 
LELEELARI: shows [7h 2h] (a pair of Sevens)
LELEELARI collected $0.23 from pot
*** SUMMARY ***
Total pot $0.24 | Rake $0.01 
Board [7c 4h Jd 8c As]
Seat 2: fsrenan (big blind) showed [4d 6c] and lost with a pair of Fours
Seat 3: Dorex2007 folded before Flop (didn't bet)
Seat 4: tashawms2022 mucked [Qc Tc]
Seat 5: surbarun folded before Flop (didn't bet)
Seat 6: Pepono101 folded on the Flop
Seat 7: LELEELARI (button) showed [7h 2h] and won ($0.23) with a pair of Sevens
Seat 8: AleksP1970 (small blind) folded before Flop



PokerStars Hand #234468765242:  Hold'em No Limit ($0.01/$0.02 USD) - 2022/02/28 20:18:48 PT [2022/02/28 23:18:48 ET]
Table 'Gianfar' 9-max Seat #8 is the button
Seat 2: fsrenan ($0.55 in chips) 
Seat 3: Dorex2007 ($2.09 in chips) 
Seat 4: tashawms2022 ($2.94 in chips) 
Seat 5: surbarun ($0.93 in chips) 
Seat 7: LELEELARI ($1.91 in chips) 
Seat 8: AleksP1970 ($1.82 in chips) 
fsrenan: posts small blind $0.01
Dorex2007: posts big blind $0.02
*** HOLE CARDS ***
Dealt to Dorex2007 [6s Qh]
tashawms2022: calls $0.02
surbarun: folds 
LELEELARI: calls $0.02
AleksP1970: raises $0.10 to $0.12
fsrenan: folds 
Dorex2007: folds 
tashawms2022: calls $0.10
LELEELARI: folds 
*** FLOP *** [3d 4s 7c]
tashawms2022: checks 
AleksP1970: bets $0.24
Canguru19 joins the table at seat #6 
tashawms2022: folds 
Uncalled bet ($0.24) returned to AleksP1970
AleksP1970 collected $0.28 from pot
*** SUMMARY ***
Total pot $0.29 | Rake $0.01 
Board [3d 4s 7c]
Seat 2: fsrenan (small blind) folded before Flop
Seat 3: Dorex2007 (big blind) folded before Flop
Seat 4: tashawms2022 folded on the Flop
Seat 5: surbarun folded before Flop (didn't bet)
Seat 7: LELEELARI folded before Flop
Seat 8: AleksP1970 (button) collected ($0.28)



PokerStars Hand #234468771751:  Hold'em No Limit ($0.01/$0.02 USD) - 2022/02/28 20:19:28 PT [2022/02/28 23:19:28 ET]
Table 'Gianfar' 9-max Seat #2 is the button
Seat 2: fsrenan ($0.54 in chips) 
Seat 3: Dorex2007 ($2.07 in chips) 
Seat 4: tashawms2022 ($2.82 in chips) 
Seat 5: surbarun ($0.93 in chips) 
Seat 7: LELEELARI ($1.89 in chips) 
Seat 8: AleksP1970 ($1.98 in chips) 
Seat 9: RealKoi ($1.60 in chips) 
Dorex2007: posts small blind $0.01
tashawms2022: posts big blind $0.02
Canguru19: sits out 
RealKoi: posts big blind $0.02
*** HOLE CARDS ***
Dealt to Dorex2007 [Ks Tc]
surbarun: folds 
LELEELARI: folds 
AleksP1970: folds 
RealKoi: checks 
fsrenan: folds 
Dorex2007: calls $0.01
tashawms2022: checks 
*** FLOP *** [Kh 9h Js]
Dorex2007: checks 
tashawms2022: checks 
RealKoi: bets $0.02
Dorex2007: raises $0.04 to $0.06
tashawms2022: calls $0.06
RealKoi: calls $0.04
*** TURN *** [Kh 9h Js] [4c]
Dorex2007: checks 
tashawms2022: checks 
RealKoi: bets $0.10
Dorex2007: calls $0.10
tashawms2022: folds 
*** RIVER *** [Kh 9h Js 4c] [9d]
Dorex2007: bets $0.21
RealKoi: folds 
Uncalled bet ($0.21) returned to Dorex2007
Dorex2007 collected $0.42 from pot
Dorex2007: doesn't show hand 
*** SUMMARY ***
Total pot $0.44 | Rake $0.02 
Board [Kh 9h Js 4c 9d]
Seat 2: fsrenan (button) folded before Flop (didn't bet)
Seat 3: Dorex2007 (small blind) collected ($0.42)
Seat 4: tashawms2022 (big blind) folded on the Turn
Seat 5: surbarun folded before Flop (didn't bet)
Seat 7: LELEELARI folded before Flop (didn't bet)
Seat 8: AleksP1970 folded before Flop (didn't bet)
Seat 9: RealKoi folded on the River



PokerStars Hand #234468784506:  Hold'em No Limit ($0.01/$0.02 USD) - 2022/02/28 20:20:44 PT [2022/02/28 23:20:44 ET]
Table 'Gianfar' 9-max Seat #3 is the button
Seat 2: fsrenan ($0.54 in chips) 
Seat 3: Dorex2007 ($2.31 in chips) 
Seat 4: tashawms2022 ($2.74 in chips) 
Seat 5: surbarun ($0.93 in chips) 
Seat 7: LELEELARI ($1.89 in chips) 
Seat 8: AleksP1970 ($1.98 in chips) 
Seat 9: RealKoi ($1.42 in chips) 
tashawms2022: posts small blind $0.01
surbarun: posts big blind $0.02
Canguru19: sits out 
MarkParis: sits out 
*** HOLE CARDS ***
Dealt to Dorex2007 [Qc Kd]
LELEELARI: folds 
AleksP1970: folds 
RealKoi: calls $0.02
fsrenan: raises $0.06 to $0.08
Dorex2007: folds 
tashawms2022: folds 
surbarun: folds 
RealKoi: calls $0.06
*** FLOP *** [7h 9d 6c]
RealKoi: checks 
fsrenan: bets $0.10
RealKoi: folds 
Uncalled bet ($0.10) returned to fsrenan
fsrenan collected $0.18 from pot
*** SUMMARY ***
Total pot $0.19 | Rake $0.01 
Board [7h 9d 6c]
Seat 2: fsrenan collected ($0.18)
Seat 3: Dorex2007 (button) folded before Flop (didn't bet)
Seat 4: tashawms2022 (small blind) folded before Flop
Seat 5: surbarun (big blind) folded before Flop
Seat 7: LELEELARI folded before Flop (didn't bet)
Seat 8: AleksP1970 folded before Flop (didn't bet)
Seat 9: RealKoi folded on the Flop



PokerStars Hand #234468793888:  Hold'em No Limit ($0.01/$0.02 USD) - 2022/02/28 20:21:32 PT [2022/02/28 23:21:32 ET]
Table 'Gianfar' 9-max Seat #4 is the button
Seat 2: fsrenan ($0.64 in chips) 
Seat 3: Dorex2007 ($2.31 in chips) 
Seat 4: tashawms2022 ($2.73 in chips) 
Seat 5: surbarun ($0.91 in chips) 
Seat 6: Canguru19 ($1.60 in chips) 
Seat 7: LELEELARI ($1.89 in chips) 
Seat 8: AleksP1970 ($1.98 in chips) 
Seat 9: RealKoi ($1.34 in chips) 
surbarun: posts small blind $0.01
Canguru19: posts big blind $0.02
MarkParis: sits out 
*** HOLE CARDS ***
Dealt to Dorex2007 [7c Td]
LELEELARI: folds 
AleksP1970: folds 
RealKoi: folds 
fsrenan: folds 
Dorex2007: folds 
tashawms2022: calls $0.02
surbarun: folds 
Canguru19: raises $0.06 to $0.08
tashawms2022: calls $0.06
*** FLOP *** [4h Ad 6h]
Canguru19: bets $0.08
tashawms2022: folds 
Uncalled bet ($0.08) returned to Canguru19
Canguru19 collected $0.16 from pot
Canguru19: doesn't show hand 
*** SUMMARY ***
Total pot $0.17 | Rake $0.01 
Board [4h Ad 6h]
Seat 2: fsrenan folded before Flop (didn't bet)
Seat 3: Dorex2007 folded before Flop (didn't bet)
Seat 4: tashawms2022 (button) folded on the Flop
Seat 5: surbarun (small blind) folded before Flop
Seat 6: Canguru19 (big blind) collected ($0.16)
Seat 7: LELEELARI folded before Flop (didn't bet)
Seat 8: AleksP1970 folded before Flop (didn't bet)
Seat 9: RealKoi folded before Flop (didn't bet)



PokerStars Hand #234468799098:  Hold'em No Limit ($0.01/$0.02 USD) - 2022/02/28 20:22:03 PT [2022/02/28 23:22:03 ET]
Table 'Gianfar' 9-max Seat #5 is the button
Seat 2: fsrenan ($0.64 in chips) 
Seat 3: Dorex2007 ($2.31 in chips) 
Seat 4: tashawms2022 ($2.65 in chips) 
Seat 5: surbarun ($0.90 in chips) 
Seat 6: Canguru19 ($1.68 in chips) 
Seat 7: LELEELARI ($1.89 in chips) 
Seat 8: AleksP1970 ($1.98 in chips) 
Seat 9: RealKoi ($1.34 in chips) 
Canguru19: posts small blind $0.01
LELEELARI: posts big blind $0.02
MarkParis: sits out 
*** HOLE CARDS ***
Dealt to Dorex2007 [Qc 4c]
AleksP1970: folds 
RealKoi: raises $0.02 to $0.04
fsrenan: folds 
Dorex2007: folds 
tashawms2022: folds 
surbarun: folds 
Canguru19: calls $0.03
LELEELARI: raises $0.04 to $0.08
RealKoi: calls $0.04
Canguru19: calls $0.04
*** FLOP *** [Ad 6h 7d]
Canguru19: checks 
LELEELARI: bets $0.06
RealKoi: raises $0.06 to $0.12
Canguru19: folds 
LELEELARI: raises $0.06 to $0.18
RealKoi: calls $0.06
*** TURN *** [Ad 6h 7d] [5h]
LELEELARI: bets $0.58
RealKoi: calls $0.58
*** RIVER *** [Ad 6h 7d 5h] [Kc]
LELEELARI: checks 
RealKoi: checks 
*** SHOW DOWN ***
LELEELARI: shows [Jd Ac] (a pair of Aces)
RealKoi: mucks hand 
LELEELARI collected $1.70 from pot
*** SUMMARY ***
Total pot $1.76 | Rake $0.06 
Board [Ad 6h 7d 5h Kc]
Seat 2: fsrenan folded before Flop (didn't bet)
Seat 3: Dorex2007 folded before Flop (didn't bet)
Seat 4: tashawms2022 folded before Flop (didn't bet)
Seat 5: surbarun (button) folded before Flop (didn't bet)
Seat 6: Canguru19 (small blind) folded on the Flop
Seat 7: LELEELARI (big blind) showed [Jd Ac] and won ($1.70) with a pair of Aces
Seat 8: AleksP1970 folded before Flop (didn't bet)
Seat 9: RealKoi mucked [Qd Kd]



PokerStars Hand #234468810496:  Hold'em No Limit ($0.01/$0.02 USD) - 2022/02/28 20:23:12 PT [2022/02/28 23:23:12 ET]
Table 'Gianfar' 9-max Seat #6 is the button
Seat 2: fsrenan ($0.64 in chips) 
Seat 3: Dorex2007 ($2.31 in chips) 
Seat 4: tashawms2022 ($2.65 in chips) 
Seat 5: surbarun ($0.90 in chips) 
Seat 6: Canguru19 ($1.60 in chips) 
Seat 7: LELEELARI ($2.75 in chips) 
Seat 8: AleksP1970 ($1.98 in chips) 
Seat 9: RealKoi ($0.50 in chips) 
LELEELARI: posts small blind $0.01
AleksP1970: posts big blind $0.02
MarkParis: sits out 
*** HOLE CARDS ***
Dealt to Dorex2007 [3s 2c]
RealKoi: raises $0.04 to $0.06
fsrenan: folds 
Dorex2007: folds 
tashawms2022: calls $0.06
surbarun: folds 
Canguru19: folds 
LELEELARI: calls $0.05
AleksP1970: folds 
*** FLOP *** [3d 7d 3h]
LELEELARI: bets $0.19
RealKoi: raises $0.25 to $0.44 and is all-in
tashawms2022: folds 
LELEELARI: calls $0.25
*** TURN *** [3d 7d 3h] [Td]
*** RIVER *** [3d 7d 3h Td] [9h]
*** SHOW DOWN ***
LELEELARI: shows [4s 4d] (two pair, Fours and Threes)
RealKoi: shows [6h 6s] (two pair, Sixes and Threes)
RealKoi collected $1.04 from pot
*** SUMMARY ***
Total pot $1.08 | Rake $0.04 
Board [3d 7d 3h Td 9h]
Seat 2: fsrenan folded before Flop (didn't bet)
Seat 3: Dorex2007 folded before Flop (didn't bet)
Seat 4: tashawms2022 folded on the Flop
Seat 5: surbarun folded before Flop (didn't bet)
Seat 6: Canguru19 (button) folded before Flop (didn't bet)
Seat 7: LELEELARI (small blind) showed [4s 4d] and lost with two pair, Fours and Threes
Seat 8: AleksP1970 (big blind) folded before Flop
Seat 9: RealKoi showed [6h 6s] and won ($1.04) with two pair, Sixes and Threes



PokerStars Hand #234468817756:  Hold'em No Limit ($0.01/$0.02 USD) - 2022/02/28 20:23:56 PT [2022/02/28 23:23:56 ET]
Table 'Gianfar' 9-max Seat #7 is the button
Seat 2: fsrenan ($0.64 in chips) 
Seat 3: Dorex2007 ($2.31 in chips) 
Seat 4: tashawms2022 ($2.59 in chips) 
Seat 5: surbarun ($0.90 in chips) 
Seat 6: Canguru19 ($1.60 in chips) 
Seat 7: LELEELARI ($2.25 in chips) 
Seat 8: AleksP1970 ($1.96 in chips) 
Seat 9: RealKoi ($1.04 in chips) 
AleksP1970: posts small blind $0.01
RealKoi: posts big blind $0.02
MarkParis: sits out 
*** HOLE CARDS ***
Dealt to Dorex2007 [6d 8h]
fsrenan: raises $0.04 to $0.06
Dorex2007: folds 
tashawms2022: calls $0.06
surbarun: raises $0.12 to $0.18
Canguru19: folds 
LELEELARI: calls $0.18
AleksP1970: folds 
RealKoi: folds 
fsrenan: folds 
tashawms2022: folds 
*** FLOP *** [3h 5h 2d]
surbarun: bets $0.72 and is all-in
LELEELARI: calls $0.72
*** TURN *** [3h 5h 2d] [9h]
*** RIVER *** [3h 5h 2d 9h] [4h]
*** SHOW DOWN ***
surbarun: shows [As Ad] (a straight, Ace to Five)
LELEELARI: shows [Ac Th] (a flush, Ten high)
LELEELARI collected $1.88 from pot
*** SUMMARY ***
Total pot $1.95 | Rake $0.07 
Board [3h 5h 2d 9h 4h]
Seat 2: fsrenan folded before Flop
Seat 3: Dorex2007 folded before Flop (didn't bet)
Seat 4: tashawms2022 folded before Flop
Seat 5: surbarun showed [As Ad] and lost with a straight, Ace to Five
Seat 6: Canguru19 folded before Flop (didn't bet)
Seat 7: LELEELARI (button) showed [Ac Th] and won ($1.88) with a flush, Ten high
Seat 8: AleksP1970 (small blind) folded before Flop
Seat 9: RealKoi (big blind) folded before Flop



PokerStars Hand #234468825601:  Hold'em No Limit ($0.01/$0.02 USD) - 2022/02/28 20:24:44 PT [2022/02/28 23:24:44 ET]
Table 'Gianfar' 9-max Seat #8 is the button
Seat 1: MarkParis ($1.10 in chips) 
Seat 2: fsrenan ($0.58 in chips) 
Seat 3: Dorex2007 ($2.31 in chips) 
Seat 4: tashawms2022 ($2.53 in chips) 
Seat 6: Canguru19 ($1.60 in chips) 
Seat 7: LELEELARI ($3.23 in chips) 
Seat 8: AleksP1970 ($1.95 in chips) 
Seat 9: RealKoi ($1.02 in chips) 
RealKoi: posts small blind $0.01
MarkParis: posts big blind $0.02
*** HOLE CARDS ***
Dealt to Dorex2007 [5d 7c]
fsrenan: folds 
Dorex2007: folds 
tashawms2022: calls $0.02
Canguru19: calls $0.02
LELEELARI: calls $0.02
AleksP1970: raises $0.14 to $0.16
RealKoi: raises $0.86 to $1.02 and is all-in
MarkParis: folds 
tashawms2022: folds 
Canguru19: folds 
LELEELARI: folds 
AleksP1970: calls $0.86
*** FLOP *** [8c 7s 6h]
*** TURN *** [8c 7s 6h] [Th]
*** RIVER *** [8c 7s 6h Th] [9d]
*** SHOW DOWN ***
RealKoi: shows [Ks Ad] (a straight, Six to Ten)
AleksP1970: shows [Jh Jd] (a straight, Seven to Jack)
AleksP1970 cashed out the hand for $1.15 | Cash Out Fee $0.01
*** SUMMARY ***
Total pot $2.12 | Rake $0.07 
Board [8c 7s 6h Th 9d]
Seat 1: MarkParis (big blind) folded before Flop
Seat 2: fsrenan folded before Flop (didn't bet)
Seat 3: Dorex2007 folded before Flop (didn't bet)
Seat 4: tashawms2022 folded before Flop
Seat 6: Canguru19 folded before Flop
Seat 7: LELEELARI folded before Flop
Seat 8: AleksP1970 (button) showed [Jh Jd] and won ($2.05) with a straight, Seven to Jack (pot not awarded as player cashed out)
Seat 9: RealKoi (small blind) showed [Ks Ad] and lost with a straight, Six to Ten



PokerStars Hand #234468835034:  Hold'em No Limit ($0.01/$0.02 USD) - 2022/02/28 20:25:28 PT [2022/02/28 23:25:28 ET]
Table 'Gianfar' 9-max Seat #1 is the button
Seat 1: MarkParis ($1.08 in chips) 
Seat 2: fsrenan ($0.58 in chips) 
Seat 3: Dorex2007 ($2.31 in chips) 
Seat 4: tashawms2022 ($2.51 in chips) 
Seat 5: surbarun ($0.80 in chips) 
Seat 6: Canguru19 ($1.58 in chips) 
Seat 7: LELEELARI ($3.21 in chips) 
Seat 8: AleksP1970 ($2.08 in chips) 
fsrenan: posts small blind $0.01
Dorex2007: posts big blind $0.02
*** HOLE CARDS ***
Dealt to Dorex2007 [5c 6c]
tashawms2022: folds 
surbarun: folds 
Canguru19: calls $0.02
LELEELARI: folds 
AleksP1970: folds 
MarkParis: raises $0.04 to $0.06
fsrenan: calls $0.05
Dorex2007: folds 
Canguru19: calls $0.04
*** FLOP *** [Jc 7c Kc]
fsrenan: checks 
Canguru19: checks 
MarkParis: bets $0.10
fsrenan: folds 
Canguru19: folds 
Uncalled bet ($0.10) returned to MarkParis
MarkParis collected $0.19 from pot
*** SUMMARY ***
Total pot $0.20 | Rake $0.01 
Board [Jc 7c Kc]
Seat 1: MarkParis (button) collected ($0.19)
Seat 2: fsrenan (small blind) folded on the Flop
Seat 3: Dorex2007 (big blind) folded before Flop
Seat 4: tashawms2022 folded before Flop (didn't bet)
Seat 5: surbarun folded before Flop (didn't bet)
Seat 6: Canguru19 folded on the Flop
Seat 7: LELEELARI folded before Flop (didn't bet)
Seat 8: AleksP1970 folded before Flop (didn't bet)



PokerStars Hand #234468843974:  Hold'em No Limit ($0.01/$0.02 USD) - 2022/02/28 20:26:22 PT [2022/02/28 23:26:22 ET]
Table 'Gianfar' 9-max Seat #2 is the button
Seat 1: MarkParis ($1.21 in chips) 
Seat 2: fsrenan ($0.52 in chips) 
Seat 3: Dorex2007 ($2.29 in chips) 
Seat 4: tashawms2022 ($2.51 in chips) 
Seat 5: surbarun ($0.80 in chips) 
Seat 6: Canguru19 ($1.52 in chips) 
Seat 7: LELEELARI ($3.21 in chips) 
Seat 8: AleksP1970 ($2.08 in chips) 
Seat 9: RealKoi ($1.60 in chips) 
Dorex2007: posts small blind $0.01
tashawms2022: posts big blind $0.02
*** HOLE CARDS ***
Dealt to Dorex2007 [6d Th]
surbarun: folds 
Canguru19: folds 
LELEELARI: folds 
AleksP1970: folds 
RealKoi: calls $0.02
MarkParis: calls $0.02
fsrenan: folds 
Dorex2007: folds 
tashawms2022: checks 
*** FLOP *** [Ks 7h 9d]
tashawms2022: checks 
RealKoi: checks 
MarkParis: bets $0.02
tashawms2022: folds 
RealKoi: folds 
Uncalled bet ($0.02) returned to MarkParis
MarkParis collected $0.07 from pot
*** SUMMARY ***
Total pot $0.07 | Rake $0 
Board [Ks 7h 9d]
Seat 1: MarkParis collected ($0.07)
Seat 2: fsrenan (button) folded before Flop (didn't bet)
Seat 3: Dorex2007 (small blind) folded before Flop
Seat 4: tashawms2022 (big blind) folded on the Flop
Seat 5: surbarun folded before Flop (didn't bet)
Seat 6: Canguru19 folded before Flop (didn't bet)
Seat 7: LELEELARI folded before Flop (didn't bet)
Seat 8: AleksP1970 folded before Flop (didn't bet)
Seat 9: RealKoi folded on the Flop



PokerStars Hand #234468848553:  Hold'em No Limit ($0.01/$0.02 USD) - 2022/02/28 20:26:50 PT [2022/02/28 23:26:50 ET]
Table 'Gianfar' 9-max Seat #3 is the button
Seat 1: MarkParis ($1.26 in chips) 
Seat 2: fsrenan ($0.52 in chips) 
Seat 3: Dorex2007 ($2.28 in chips) 
Seat 4: tashawms2022 ($2.49 in chips) 
Seat 5: surbarun ($0.80 in chips) 
Seat 6: Canguru19 ($1.52 in chips) 
Seat 7: LELEELARI ($3.21 in chips) 
Seat 8: AleksP1970 ($2.08 in chips) 
Seat 9: RealKoi ($1.58 in chips) 
tashawms2022: posts small blind $0.01
surbarun: posts big blind $0.02
*** HOLE CARDS ***
Dealt to Dorex2007 [Qd 6s]
Canguru19: calls $0.02
LELEELARI: folds 
AleksP1970: folds 
RealKoi: calls $0.02
MarkParis: calls $0.02
fsrenan: folds 
Dorex2007: folds 
tashawms2022: folds 
surbarun: checks 
*** FLOP *** [4d 8h 2d]
surbarun: checks 
Canguru19: checks 
RealKoi: checks 
MarkParis: checks 
*** TURN *** [4d 8h 2d] [2h]
surbarun: bets $0.06
Canguru19: folds 
RealKoi: folds 
MarkParis: folds 
Uncalled bet ($0.06) returned to surbarun
surbarun collected $0.09 from pot
surbarun: doesn't show hand 
*** SUMMARY ***
Total pot $0.09 | Rake $0 
Board [4d 8h 2d 2h]
Seat 1: MarkParis folded on the Turn
Seat 2: fsrenan folded before Flop (didn't bet)
Seat 3: Dorex2007 (button) folded before Flop (didn't bet)
Seat 4: tashawms2022 (small blind) folded before Flop
Seat 5: surbarun (big blind) collected ($0.09)
Seat 6: Canguru19 folded on the Turn
Seat 7: LELEELARI folded before Flop (didn't bet)
Seat 8: AleksP1970 folded before Flop (didn't bet)
Seat 9: RealKoi folded on the Turn



PokerStars Hand #234468857203:  Hold'em No Limit ($0.01/$0.02 USD) - 2022/02/28 20:27:43 PT [2022/02/28 23:27:43 ET]
Table 'Gianfar' 9-max Seat #4 is the button
Seat 1: MarkParis ($1.24 in chips) 
Seat 2: fsrenan ($0.52 in chips) 
Seat 3: Dorex2007 ($2.28 in chips) 
Seat 4: tashawms2022 ($2.48 in chips) 
Seat 5: surbarun ($0.87 in chips) 
Seat 6: Canguru19 ($1.50 in chips) 
Seat 7: LELEELARI ($3.21 in chips) 
Seat 8: AleksP1970 ($2.08 in chips) 
Seat 9: RealKoi ($1.56 in chips) 
surbarun: posts small blind $0.01
Canguru19: posts big blind $0.02
*** HOLE CARDS ***
Dealt to Dorex2007 [Kc Jc]
LELEELARI: folds 
AleksP1970 has timed out
AleksP1970: folds 
RealKoi: folds 
MarkParis: folds 
fsrenan: raises $0.04 to $0.06
Dorex2007: calls $0.06
tashawms2022: folds 
surbarun: folds 
Canguru19: calls $0.04
*** FLOP *** [Qs 9s Ah]
Canguru19: checks 
fsrenan: bets $0.12
Dorex2007: folds 
Canguru19: folds 
Uncalled bet ($0.12) returned to fsrenan
fsrenan collected $0.18 from pot
*** SUMMARY ***
Total pot $0.19 | Rake $0.01 
Board [Qs 9s Ah]
Seat 1: MarkParis folded before Flop (didn't bet)
Seat 2: fsrenan collected ($0.18)
Seat 3: Dorex2007 folded on the Flop
Seat 4: tashawms2022 (button) folded before Flop (didn't bet)
Seat 5: surbarun (small blind) folded before Flop
Seat 6: Canguru19 (big blind) folded on the Flop
Seat 7: LELEELARI folded before Flop (didn't bet)
Seat 8: AleksP1970 folded before Flop (didn't bet)
Seat 9: RealKoi folded before Flop (didn't bet)



PokerStars Hand #234468863969:  Hold'em No Limit ($0.01/$0.02 USD) - 2022/02/28 20:28:24 PT [2022/02/28 23:28:24 ET]
Table 'Gianfar' 9-max Seat #5 is the button
Seat 1: MarkParis ($1.24 in chips) 
Seat 2: fsrenan ($0.64 in chips) 
Seat 3: Dorex2007 ($2.22 in chips) 
Seat 4: tashawms2022 ($2.48 in chips) 
Seat 5: surbarun ($0.86 in chips) 
Seat 6: Canguru19 ($1.44 in chips) 
Seat 7: LELEELARI ($3.21 in chips) 
Seat 9: RealKoi ($1.56 in chips) 
Canguru19: posts small blind $0.01
LELEELARI: posts big blind $0.02
*** HOLE CARDS ***
Dealt to Dorex2007 [8d 6s]
RealKoi: folds 
MarkParis: folds 
fsrenan: raises $0.04 to $0.06
Dorex2007: folds 
tashawms2022: folds 
surbarun: folds 
Canguru19: calls $0.05
LELEELARI: folds 
*** FLOP *** [Jd 2h 4h]
Canguru19: checks 
fsrenan: bets $0.10
Canguru19: folds 
Uncalled bet ($0.10) returned to fsrenan
fsrenan collected $0.14 from pot
*** SUMMARY ***
Total pot $0.14 | Rake $0 
Board [Jd 2h 4h]
Seat 1: MarkParis folded before Flop (didn't bet)
Seat 2: fsrenan collected ($0.14)
Seat 3: Dorex2007 folded before Flop (didn't bet)
Seat 4: tashawms2022 folded before Flop (didn't bet)
Seat 5: surbarun (button) folded before Flop (didn't bet)
Seat 6: Canguru19 (small blind) folded on the Flop
Seat 7: LELEELARI (big blind) folded before Flop
Seat 9: RealKoi folded before Flop (didn't bet)



PokerStars Hand #234468873348:  Hold'em No Limit ($0.01/$0.02 USD) - 2022/02/28 20:29:12 PT [2022/02/28 23:29:12 ET]
Table 'Gianfar' 9-max Seat #6 is the button
Seat 1: MarkParis ($1.24 in chips) 
Seat 2: fsrenan ($0.72 in chips) 
Seat 3: Dorex2007 ($2.22 in chips) 
Seat 4: tashawms2022 ($2.48 in chips) 
Seat 5: surbarun ($0.86 in chips) 
Seat 6: Canguru19 ($1.38 in chips) 
Seat 7: LELEELARI ($3.19 in chips) 
Seat 9: RealKoi ($1.56 in chips) 
LELEELARI: posts small blind $0.01
RealKoi: posts big blind $0.02
*** HOLE CARDS ***
Dealt to Dorex2007 [7c 9s]
MarkParis: folds 
fsrenan: raises $0.04 to $0.06
Dorex2007: folds 
tashawms2022: folds 
surbarun: folds 
Canguru19: folds 
LELEELARI: folds 
RealKoi: folds 
Uncalled bet ($0.04) returned to fsrenan
fsrenan collected $0.05 from pot
*** SUMMARY ***
Total pot $0.05 | Rake $0 
Seat 1: MarkParis folded before Flop (didn't bet)
Seat 2: fsrenan collected ($0.05)
Seat 3: Dorex2007 folded before Flop (didn't bet)
Seat 4: tashawms2022 folded before Flop (didn't bet)
Seat 5: surbarun folded before Flop (didn't bet)
Seat 6: Canguru19 (button) folded before Flop (didn't bet)
Seat 7: LELEELARI (small blind) folded before Flop
Seat 9: RealKoi (big blind) folded before Flop



PokerStars Hand #234468878408:  Hold'em No Limit ($0.01/$0.02 USD) - 2022/02/28 20:29:43 PT [2022/02/28 23:29:43 ET]
Table 'Gianfar' 9-max Seat #7 is the button
Seat 2: fsrenan ($0.75 in chips) 
Seat 3: Dorex2007 ($2.22 in chips) 
Seat 4: tashawms2022 ($2.48 in chips) 
Seat 5: surbarun ($0.86 in chips) 
Seat 6: Canguru19 ($1.38 in chips) 
Seat 7: LELEELARI ($3.18 in chips) 
Seat 9: RealKoi ($1.54 in chips) 
RealKoi: posts small blind $0.01
fsrenan: posts big blind $0.02
*** HOLE CARDS ***
Dealt to Dorex2007 [Kc 6s]
Dorex2007: folds 
tashawms2022: folds 
surbarun: folds 
Canguru19: calls $0.02
LELEELARI: raises $0.04 to $0.06
RealKoi: folds 
fsrenan: folds 
Canguru19: calls $0.04
*** FLOP *** [3h 2h Tc]
Canguru19: checks 
LELEELARI: bets $0.06
Canguru19: raises $0.06 to $0.12
LELEELARI: folds 
Uncalled bet ($0.06) returned to Canguru19
Canguru19 collected $0.26 from pot
Canguru19: doesn't show hand 
*** SUMMARY ***
Total pot $0.27 | Rake $0.01 
Board [3h 2h Tc]
Seat 2: fsrenan (big blind) folded before Flop
Seat 3: Dorex2007 folded before Flop (didn't bet)
Seat 4: tashawms2022 folded before Flop (didn't bet)
Seat 5: surbarun folded before Flop (didn't bet)
Seat 6: Canguru19 collected ($0.26)
Seat 7: LELEELARI (button) folded on the Flop
Seat 9: RealKoi (small blind) folded before Flop



PokerStars Hand #234468883813:  Hold'em No Limit ($0.01/$0.02 USD) - 2022/02/28 20:30:17 PT [2022/02/28 23:30:17 ET]
Table 'Gianfar' 9-max Seat #9 is the button
Seat 2: fsrenan ($0.73 in chips) 
Seat 3: Dorex2007 ($2.22 in chips) 
Seat 4: tashawms2022 ($2.48 in chips) 
Seat 5: surbarun ($0.86 in chips) 
Seat 6: Canguru19 ($1.52 in chips) 
Seat 7: LELEELARI ($3.06 in chips) 
Seat 9: RealKoi ($1.53 in chips) 
fsrenan: posts small blind $0.01
Dorex2007: posts big blind $0.02
*** HOLE CARDS ***
Dealt to Dorex2007 [Ac 2c]
tashawms2022: folds 
surbarun: folds 
Canguru19: calls $0.02
LELEELARI: folds 
RealKoi: folds 
fsrenan: raises $0.04 to $0.06
Dorex2007: calls $0.04
Canguru19: calls $0.04
*** FLOP *** [9h Jh 4c]
fsrenan: checks 
Dorex2007: checks 
Canguru19: checks 
*** TURN *** [9h Jh 4c] [Ad]
fsrenan: checks 
Dorex2007: bets $0.11
Canguru19: folds 
fsrenan: folds 
Uncalled bet ($0.11) returned to Dorex2007
Dorex2007 collected $0.17 from pot
Dorex2007: doesn't show hand 
*** SUMMARY ***
Total pot $0.18 | Rake $0.01 
Board [9h Jh 4c Ad]
Seat 2: fsrenan (small blind) folded on the Turn
Seat 3: Dorex2007 (big blind) collected ($0.17)
Seat 4: tashawms2022 folded before Flop (didn't bet)
Seat 5: surbarun folded before Flop (didn't bet)
Seat 6: Canguru19 folded on the Turn
Seat 7: LELEELARI folded before Flop (didn't bet)
Seat 9: RealKoi (button) folded before Flop (didn't bet)



PokerStars Hand #234468893631:  Hold'em No Limit ($0.01/$0.02 USD) - 2022/02/28 20:31:10 PT [2022/02/28 23:31:10 ET]
Table 'Gianfar' 9-max Seat #2 is the button
Seat 2: fsrenan ($0.67 in chips) 
Seat 3: Dorex2007 ($2.33 in chips) 
Seat 4: tashawms2022 ($2.48 in chips) 
Seat 5: surbarun ($0.86 in chips) 
Seat 6: Canguru19 ($1.46 in chips) 
Seat 7: LELEELARI ($3.06 in chips) 
Seat 9: RealKoi ($1.53 in chips) 
Dorex2007: posts small blind $0.01
tashawms2022: posts big blind $0.02
*** HOLE CARDS ***
Dealt to Dorex2007 [Tc 7h]
surbarun: folds 
Canguru19: folds 
LELEELARI: raises $0.04 to $0.06
RealKoi: folds 
fsrenan: calls $0.06
Dorex2007: folds 
tashawms2022: folds 
*** FLOP *** [Qs Jc Jh]
LELEELARI: bets $0.14
fsrenan: folds 
Uncalled bet ($0.14) returned to LELEELARI
LELEELARI collected $0.14 from pot
LELEELARI: doesn't show hand 
*** SUMMARY ***
Total pot $0.15 | Rake $0.01 
Board [Qs Jc Jh]
Seat 2: fsrenan (button) folded on the Flop
Seat 3: Dorex2007 (small blind) folded before Flop
Seat 4: tashawms2022 (big blind) folded before Flop
Seat 5: surbarun folded before Flop (didn't bet)
Seat 6: Canguru19 folded before Flop (didn't bet)
Seat 7: LELEELARI collected ($0.14)
Seat 9: RealKoi folded before Flop (didn't bet)



PokerStars Hand #234468902284:  Hold'em No Limit ($0.01/$0.02 USD) - 2022/02/28 20:32:04 PT [2022/02/28 23:32:04 ET]
Table 'Gianfar' 9-max Seat #3 is the button
Seat 2: fsrenan ($0.61 in chips) 
Seat 3: Dorex2007 ($2.32 in chips) 
Seat 4: tashawms2022 ($2.46 in chips) 
Seat 5: surbarun ($0.86 in chips) 
Seat 6: Canguru19 ($1.46 in chips) 
Seat 7: LELEELARI ($3.14 in chips) 
Seat 9: RealKoi ($1.53 in chips) 
tashawms2022: posts small blind $0.01
surbarun: posts big blind $0.02
*** HOLE CARDS ***
Dealt to Dorex2007 [4c 2h]
Canguru19: folds 
LELEELARI: folds 
RealKoi: calls $0.02
fsrenan: raises $0.04 to $0.06
Dorex2007: folds 
tashawms2022: calls $0.05
surbarun: folds 
RealKoi: calls $0.04
*** FLOP *** [Js 9c Kh]
tashawms2022: checks 
RealKoi: bets $0.04
fsrenan: folds 
tashawms2022: calls $0.04
*** TURN *** [Js 9c Kh] [5h]
tashawms2022: checks 
RealKoi: bets $0.10
tashawms2022: calls $0.10
*** RIVER *** [Js 9c Kh 5h] [6c]
tashawms2022: checks 
RealKoi: checks 
*** SHOW DOWN ***
tashawms2022: shows [7h 8c] (a straight, Five to Nine)
RealKoi: mucks hand 
tashawms2022 collected $0.46 from pot
*** SUMMARY ***
Total pot $0.48 | Rake $0.02 
Board [Js 9c Kh 5h 6c]
Seat 2: fsrenan folded on the Flop
Seat 3: Dorex2007 (button) folded before Flop (didn't bet)
Seat 4: tashawms2022 (small blind) showed [7h 8c] and won ($0.46) with a straight, Five to Nine
Seat 5: surbarun (big blind) folded before Flop
Seat 6: Canguru19 folded before Flop (didn't bet)
Seat 7: LELEELARI folded before Flop (didn't bet)
Seat 9: RealKoi mucked [Jd Qd]



PokerStars Hand #234468918383:  Hold'em No Limit ($0.01/$0.02 USD) - 2022/02/28 20:33:43 PT [2022/02/28 23:33:43 ET]
Table 'Gianfar' 9-max Seat #4 is the button
Seat 2: fsrenan ($0.55 in chips) 
Seat 3: Dorex2007 ($2.32 in chips) 
Seat 4: tashawms2022 ($2.72 in chips) 
Seat 5: surbarun ($0.84 in chips) 
Seat 6: Canguru19 ($1.46 in chips) 
Seat 7: LELEELARI ($3.14 in chips) 
Seat 9: RealKoi ($1.33 in chips) 
surbarun: posts small blind $0.01
Canguru19: posts big blind $0.02
MarkParis: sits out 
*** HOLE CARDS ***
Dealt to Dorex2007 [3h 5h]
LELEELARI: folds 
RealKoi: folds 
fsrenan: folds 
Dorex2007: folds 
tashawms2022: folds 
surbarun: raises $0.03 to $0.05
Canguru19: calls $0.03
*** FLOP *** [4h Jh 2h]
surbarun: bets $0.03
Canguru19: folds 
Uncalled bet ($0.03) returned to surbarun
surbarun collected $0.10 from pot
surbarun: doesn't show hand 
*** SUMMARY ***
Total pot $0.10 | Rake $0 
Board [4h Jh 2h]
Seat 2: fsrenan folded before Flop (didn't bet)
Seat 3: Dorex2007 folded before Flop (didn't bet)
Seat 4: tashawms2022 (button) folded before Flop (didn't bet)
Seat 5: surbarun (small blind) collected ($0.10)
Seat 6: Canguru19 (big blind) folded on the Flop
Seat 7: LELEELARI folded before Flop (didn't bet)
Seat 9: RealKoi folded before Flop (didn't bet)



PokerStars Hand #234468925282:  Hold'em No Limit ($0.01/$0.02 USD) - 2022/02/28 20:34:21 PT [2022/02/28 23:34:21 ET]
Table 'Gianfar' 9-max Seat #5 is the button
Seat 2: fsrenan ($0.55 in chips) 
Seat 3: Dorex2007 ($2.32 in chips) 
Seat 4: tashawms2022 ($2.72 in chips) 
Seat 5: surbarun ($0.89 in chips) 
Seat 6: Canguru19 ($1.41 in chips) 
Seat 7: LELEELARI ($3.14 in chips) 
Seat 9: RealKoi ($1.33 in chips) 
Canguru19: posts small blind $0.01
LELEELARI: posts big blind $0.02
AleksP1970: sits out 
MarkParis: sits out 
*** HOLE CARDS ***
Dealt to Dorex2007 [Qh 6s]
RealKoi: folds 
fsrenan has timed out
fsrenan: folds 
Dorex2007: folds 
tashawms2022: folds 
surbarun: folds 
Canguru19: folds 
Uncalled bet ($0.01) returned to LELEELARI
LELEELARI collected $0.02 from pot
LELEELARI: doesn't show hand 
*** SUMMARY ***
Total pot $0.02 | Rake $0 
Seat 2: fsrenan folded before Flop (didn't bet)
Seat 3: Dorex2007 folded before Flop (didn't bet)
Seat 4: tashawms2022 folded before Flop (didn't bet)
Seat 5: surbarun (button) folded before Flop (didn't bet)
Seat 6: Canguru19 (small blind) folded before Flop
Seat 7: LELEELARI (big blind) collected ($0.02)
Seat 9: RealKoi folded before Flop (didn't bet)



PokerStars Hand #234468931756:  Hold'em No Limit ($0.01/$0.02 USD) - 2022/02/28 20:34:44 PT [2022/02/28 23:34:44 ET]
Table 'Gianfar' 9-max Seat #6 is the button
Seat 3: Dorex2007 ($2.32 in chips) 
Seat 4: tashawms2022 ($2.72 in chips) 
Seat 5: surbarun ($0.89 in chips) 
Seat 6: Canguru19 ($1.40 in chips) 
Seat 7: LELEELARI ($3.15 in chips) 
Seat 8: AleksP1970 ($2.08 in chips) 
Seat 9: RealKoi ($1.33 in chips) 
LELEELARI: posts small blind $0.01
AleksP1970: posts big blind $0.02
MarkParis: sits out 
*** HOLE CARDS ***
Dealt to Dorex2007 [8s 7h]
RealKoi: raises $0.02 to $0.04
Dorex2007: folds 
tashawms2022: calls $0.04
surbarun: folds 
Canguru19: calls $0.04
LELEELARI: calls $0.03
AleksP1970: calls $0.02
*** FLOP *** [4h Ac 8d]
LELEELARI: checks 
AleksP1970: checks 
RealKoi: checks 
tashawms2022: checks 
Canguru19: checks 
*** TURN *** [4h Ac 8d] [Kd]
LELEELARI: bets $0.02
AleksP1970: folds 
RealKoi: calls $0.02
tashawms2022: folds 
Canguru19: folds 
*** RIVER *** [4h Ac 8d Kd] [9c]
LELEELARI: bets $0.23
RealKoi: folds 
Uncalled bet ($0.23) returned to LELEELARI
LELEELARI collected $0.23 from pot
LELEELARI: doesn't show hand 
*** SUMMARY ***
Total pot $0.24 | Rake $0.01 
Board [4h Ac 8d Kd 9c]
Seat 3: Dorex2007 folded before Flop (didn't bet)
Seat 4: tashawms2022 folded on the Turn
Seat 5: surbarun folded before Flop (didn't bet)
Seat 6: Canguru19 (button) folded on the Turn
Seat 7: LELEELARI (small blind) collected ($0.23)
Seat 8: AleksP1970 (big blind) folded on the Turn
Seat 9: RealKoi folded on the River



PokerStars Hand #234468943064:  Hold'em No Limit ($0.01/$0.02 USD) - 2022/02/28 20:35:56 PT [2022/02/28 23:35:56 ET]
Table 'Gianfar' 9-max Seat #7 is the button
Seat 2: fsrenan ($0.55 in chips) 
Seat 3: Dorex2007 ($2.32 in chips) 
Seat 4: tashawms2022 ($2.68 in chips) 
Seat 5: surbarun ($0.89 in chips) 
Seat 6: Canguru19 ($1.36 in chips) 
Seat 7: LELEELARI ($3.32 in chips) 
Seat 8: AleksP1970 ($2.04 in chips) 
Seat 9: RealKoi ($1.27 in chips) 
AleksP1970: posts small blind $0.01
RealKoi: posts big blind $0.02
MarkParis: sits out 
*** HOLE CARDS ***
Dealt to Dorex2007 [4c 5s]
fsrenan has timed out
fsrenan: folds 
Dorex2007: folds 
tashawms2022: folds 
surbarun: folds 
Canguru19: calls $0.02
LELEELARI: folds 
AleksP1970: folds 
RealKoi: checks 
*** FLOP *** [4d Kh Ah]
RealKoi: checks 
Canguru19: bets $0.05
RealKoi: folds 
Uncalled bet ($0.05) returned to Canguru19
Canguru19 collected $0.05 from pot
Canguru19: doesn't show hand 
*** SUMMARY ***
Total pot $0.05 | Rake $0 
Board [4d Kh Ah]
Seat 2: fsrenan folded before Flop (didn't bet)
Seat 3: Dorex2007 folded before Flop (didn't bet)
Seat 4: tashawms2022 folded before Flop (didn't bet)
Seat 5: surbarun folded before Flop (didn't bet)
Seat 6: Canguru19 collected ($0.05)
Seat 7: LELEELARI (button) folded before Flop (didn't bet)
Seat 8: AleksP1970 (small blind) folded before Flop
Seat 9: RealKoi (big blind) folded on the Flop



PokerStars Hand #234468953265:  Hold'em No Limit ($0.01/$0.02 USD) - 2022/02/28 20:36:34 PT [2022/02/28 23:36:34 ET]
Table 'Gianfar' 9-max Seat #8 is the button
Seat 1: MarkParis ($1.24 in chips) 
Seat 2: fsrenan ($0.55 in chips) 
Seat 3: Dorex2007 ($2.32 in chips) 
Seat 4: tashawms2022 ($2.68 in chips) 
Seat 5: surbarun ($0.89 in chips) 
Seat 6: Canguru19 ($1.39 in chips) 
Seat 7: LELEELARI ($3.32 in chips) 
Seat 8: AleksP1970 ($2.03 in chips) 
Seat 9: RealKoi ($1.25 in chips) 
RealKoi: posts small blind $0.01
MarkParis: posts big blind $0.02
*** HOLE CARDS ***
Dealt to Dorex2007 [9c As]
fsrenan: raises $0.04 to $0.06
Dorex2007: folds 
tashawms2022: folds 
surbarun: calls $0.06
Canguru19: folds 
LELEELARI: folds 
AleksP1970: folds 
RealKoi: folds 
MarkParis: calls $0.04
*** FLOP *** [8h 2s Qs]
MarkParis: checks 
fsrenan: checks 
surbarun: bets $0.12
MarkParis: calls $0.12
fsrenan has timed out
fsrenan: folds 
*** TURN *** [8h 2s Qs] [8s]
MarkParis: checks 
surbarun: bets $0.27
MarkParis: calls $0.27
*** RIVER *** [8h 2s Qs 8s] [6h]
MarkParis: checks 
surbarun: bets $0.42
MarkParis: calls $0.42
*** SHOW DOWN ***
surbarun: shows [Ts Js] (a flush, Queen high)
MarkParis: mucks hand 
surbarun collected $1.75 from pot
*** SUMMARY ***
Total pot $1.81 | Rake $0.06 
Board [8h 2s Qs 8s 6h]
Seat 1: MarkParis (big blind) mucked [8d 7h]
Seat 2: fsrenan folded on the Flop
Seat 3: Dorex2007 folded before Flop (didn't bet)
Seat 4: tashawms2022 folded before Flop (didn't bet)
Seat 5: surbarun showed [Ts Js] and won ($1.75) with a flush, Queen high
Seat 6: Canguru19 folded before Flop (didn't bet)
Seat 7: LELEELARI folded before Flop (didn't bet)
Seat 8: AleksP1970 (button) folded before Flop (didn't bet)
Seat 9: RealKoi (small blind) folded before Flop



PokerStars Hand #234468973409:  Hold'em No Limit ($0.01/$0.02 USD) - 2022/02/28 20:38:41 PT [2022/02/28 23:38:41 ET]
Table 'Gianfar' 9-max Seat #9 is the button
Seat 1: MarkParis ($0.37 in chips) 
Seat 2: fsrenan ($0.49 in chips) 
Seat 3: Dorex2007 ($2.32 in chips) 
Seat 4: tashawms2022 ($2.68 in chips) 
Seat 5: surbarun ($1.77 in chips) 
Seat 6: Canguru19 ($1.39 in chips) 
Seat 7: LELEELARI ($3.32 in chips) 
Seat 8: AleksP1970 ($2.03 in chips) 
Seat 9: RealKoi ($1.24 in chips) 
MarkParis: posts small blind $0.01
fsrenan: posts big blind $0.02
*** HOLE CARDS ***
Dealt to Dorex2007 [Kh As]
Dorex2007: raises $0.02 to $0.04
tashawms2022: folds 
surbarun: raises $0.06 to $0.10
Canguru19: folds 
LELEELARI: folds 
AleksP1970: folds 
RealKoi: folds 
MarkParis: calls $0.09
fsrenan: calls $0.08
Dorex2007: folds 
*** FLOP *** [7s 5d Ad]
MarkParis: checks 
fsrenan: checks 
surbarun: checks 
*** TURN *** [7s 5d Ad] [6d]
MarkParis: checks 
fsrenan: bets $0.17
surbarun: folds 
MarkParis: folds 
Uncalled bet ($0.17) returned to fsrenan
fsrenan collected $0.33 from pot
*** SUMMARY ***
Total pot $0.34 | Rake $0.01 
Board [7s 5d Ad 6d]
Seat 1: MarkParis (small blind) folded on the Turn
Seat 2: fsrenan (big blind) collected ($0.33)
Seat 3: Dorex2007 folded before Flop
Seat 4: tashawms2022 folded before Flop (didn't bet)
Seat 5: surbarun folded on the Turn
Seat 6: Canguru19 folded before Flop (didn't bet)
Seat 7: LELEELARI folded before Flop (didn't bet)
Seat 8: AleksP1970 folded before Flop (didn't bet)
Seat 9: RealKoi (button) folded before Flop (didn't bet)



PokerStars Hand #234468996356:  Hold'em No Limit ($0.01/$0.02 USD) - 2022/02/28 20:40:35 PT [2022/02/28 23:40:35 ET]
Table 'Gianfar' 9-max Seat #1 is the button
Seat 1: MarkParis ($0.27 in chips) 
Seat 2: fsrenan ($0.72 in chips) 
Seat 3: Dorex2007 ($2.28 in chips) 
Seat 4: tashawms2022 ($2.68 in chips) 
Seat 5: surbarun ($1.67 in chips) 
Seat 6: Canguru19 ($1.39 in chips) 
Seat 7: LELEELARI ($3.32 in chips) 
Seat 8: AleksP1970 ($2.03 in chips) 
Seat 9: RealKoi ($1.24 in chips) 
fsrenan: posts small blind $0.01
Dorex2007: posts big blind $0.02
*** HOLE CARDS ***
Dealt to Dorex2007 [9d 4c]
tashawms2022: folds 
surbarun: folds 
Canguru19: calls $0.02
LELEELARI: folds 
AleksP1970: folds 
RealKoi: calls $0.02
MarkParis: folds 
fsrenan: calls $0.01
Dorex2007: checks 
*** FLOP *** [Tc Qd 7s]
fsrenan: checks 
Dorex2007: checks 
Canguru19: checks 
RealKoi: checks 
*** TURN *** [Tc Qd 7s] [8d]
fsrenan: checks 
Dorex2007: bets $0.08
Canguru19: folds 
RealKoi: folds 
fsrenan: folds 
Uncalled bet ($0.08) returned to Dorex2007
Dorex2007 collected $0.08 from pot
Dorex2007: doesn't show hand 
*** SUMMARY ***
Total pot $0.08 | Rake $0 
Board [Tc Qd 7s 8d]
Seat 1: MarkParis (button) folded before Flop (didn't bet)
Seat 2: fsrenan (small blind) folded on the Turn
Seat 3: Dorex2007 (big blind) collected ($0.08)
Seat 4: tashawms2022 folded before Flop (didn't bet)
Seat 5: surbarun folded before Flop (didn't bet)
Seat 6: Canguru19 folded on the Turn
Seat 7: LELEELARI folded before Flop (didn't bet)
Seat 8: AleksP1970 folded before Flop (didn't bet)
Seat 9: RealKoi folded on the Turn



PokerStars Hand #234469008245:  Hold'em No Limit ($0.01/$0.02 USD) - 2022/02/28 20:41:53 PT [2022/02/28 23:41:53 ET]
Table 'Gianfar' 9-max Seat #2 is the button
Seat 1: MarkParis ($0.27 in chips) 
Seat 2: fsrenan ($0.70 in chips) 
Seat 3: Dorex2007 ($2.34 in chips) 
Seat 4: tashawms2022 ($2.68 in chips) 
Seat 5: surbarun ($1.67 in chips) 
Seat 6: Canguru19 ($1.37 in chips) 
Seat 7: LELEELARI ($3.32 in chips) 
Seat 8: AleksP1970 ($2.03 in chips) 
Seat 9: RealKoi ($1.22 in chips) 
Dorex2007: posts small blind $0.01
tashawms2022: posts big blind $0.02
*** HOLE CARDS ***
Dealt to Dorex2007 [4s 4d]
surbarun: folds 
Canguru19: calls $0.02
LELEELARI has timed out
LELEELARI: folds 
AleksP1970: folds 
RealKoi: folds 
MarkParis: folds 
fsrenan: raises $0.04 to $0.06
Dorex2007: folds 
tashawms2022: calls $0.04
Canguru19: calls $0.04
*** FLOP *** [Js Ac 4h]
tashawms2022: checks 
Canguru19: checks 
fsrenan: bets $0.10
tashawms2022: folds 
Canguru19: calls $0.10
*** TURN *** [Js Ac 4h] [3s]
Canguru19: checks 
fsrenan: bets $0.19
Canguru19: calls $0.19
*** RIVER *** [Js Ac 4h 3s] [6d]
Canguru19: checks 
fsrenan: checks 
*** SHOW DOWN ***
Canguru19: shows [9h As] (a pair of Aces)
fsrenan: mucks hand 
Canguru19 collected $0.74 from pot
*** SUMMARY ***
Total pot $0.77 | Rake $0.03 
Board [Js Ac 4h 3s 6d]
Seat 1: MarkParis folded before Flop (didn't bet)
Seat 2: fsrenan (button) mucked [Qs Jh]
Seat 3: Dorex2007 (small blind) folded before Flop
Seat 4: tashawms2022 (big blind) folded on the Flop
Seat 5: surbarun folded before Flop (didn't bet)
Seat 6: Canguru19 showed [9h As] and won ($0.74) with a pair of Aces
Seat 7: LELEELARI folded before Flop (didn't bet)
Seat 8: AleksP1970 folded before Flop (didn't bet)
Seat 9: RealKoi folded before Flop (didn't bet)



PokerStars Hand #234469017983:  Hold'em No Limit ($0.01/$0.02 USD) - 2022/02/28 20:42:56 PT [2022/02/28 23:42:56 ET]
Table 'Gianfar' 9-max Seat #3 is the button
Seat 1: MarkParis ($0.27 in chips) 
Seat 2: fsrenan ($0.35 in chips) 
Seat 3: Dorex2007 ($2.33 in chips) 
Seat 4: tashawms2022 ($2.62 in chips) 
Seat 5: surbarun ($1.67 in chips) 
Seat 6: Canguru19 ($1.76 in chips) 
Seat 7: LELEELARI ($3.32 in chips) 
Seat 8: AleksP1970 ($2.03 in chips) 
Seat 9: RealKoi ($1.22 in chips) 
tashawms2022: posts small blind $0.01
surbarun: posts big blind $0.02
*** HOLE CARDS ***
Dealt to Dorex2007 [3h 5h]
Canguru19: folds 
LELEELARI has timed out
LELEELARI: folds 
AleksP1970: folds 
RealKoi: folds 
MarkParis: folds 
fsrenan: raises $0.04 to $0.06
Dorex2007: folds 
tashawms2022: calls $0.05
surbarun: folds 
*** FLOP *** [2c 5s 6d]
tashawms2022: checks 
fsrenan: bets $0.10
tashawms2022: folds 
Uncalled bet ($0.10) returned to fsrenan
fsrenan collected $0.14 from pot
*** SUMMARY ***
Total pot $0.14 | Rake $0 
Board [2c 5s 6d]
Seat 1: MarkParis folded before Flop (didn't bet)
Seat 2: fsrenan collected ($0.14)
Seat 3: Dorex2007 (button) folded before Flop (didn't bet)
Seat 4: tashawms2022 (small blind) folded on the Flop
Seat 5: surbarun (big blind) folded before Flop
Seat 6: Canguru19 folded before Flop (didn't bet)
Seat 7: LELEELARI folded before Flop (didn't bet)
Seat 8: AleksP1970 folded before Flop (didn't bet)
Seat 9: RealKoi folded before Flop (didn't bet)



PokerStars Hand #234469024139:  Hold'em No Limit ($0.01/$0.02 USD) - 2022/02/28 20:43:36 PT [2022/02/28 23:43:36 ET]
Table 'Gianfar' 9-max Seat #4 is the button
Seat 1: MarkParis ($0.27 in chips) 
Seat 2: fsrenan ($0.43 in chips) 
Seat 3: Dorex2007 ($2.33 in chips) 
Seat 4: tashawms2022 ($2.56 in chips) 
Seat 5: surbarun ($1.65 in chips) 
Seat 6: Canguru19 ($1.76 in chips) 
Seat 8: AleksP1970 ($2.03 in chips) 
Seat 9: RealKoi ($1.22 in chips) 
surbarun: posts small blind $0.01
Canguru19: posts big blind $0.02
*** HOLE CARDS ***
Dealt to Dorex2007 [Kh 7s]
AleksP1970: folds 
RealKoi: raises $0.02 to $0.04
MarkParis: folds 
fsrenan: folds 
Dorex2007: folds 
tashawms2022: calls $0.04
surbarun: folds 
Canguru19: calls $0.02
*** FLOP *** [3s Kc 2s]
Canguru19: checks 
RealKoi: checks 
tashawms2022: checks 
*** TURN *** [3s Kc 2s] [Ts]
Canguru19: bets $0.06
RealKoi: folds 
tashawms2022: calls $0.06
*** RIVER *** [3s Kc 2s Ts] [6c]
Canguru19: bets $0.12
tashawms2022: calls $0.12
*** SHOW DOWN ***
Canguru19: shows [Ks 5c] (a pair of Kings)
tashawms2022: mucks hand 
Canguru19 collected $0.47 from pot
*** SUMMARY ***
Total pot $0.49 | Rake $0.02 
Board [3s Kc 2s Ts 6c]
Seat 1: MarkParis folded before Flop (didn't bet)
Seat 2: fsrenan folded before Flop (didn't bet)
Seat 3: Dorex2007 folded before Flop (didn't bet)
Seat 4: tashawms2022 (button) mucked [Th 9c]
Seat 5: surbarun (small blind) folded before Flop
Seat 6: Canguru19 (big blind) showed [Ks 5c] and won ($0.47) with a pair of Kings
Seat 8: AleksP1970 folded before Flop (didn't bet)
Seat 9: RealKoi folded on the Turn



PokerStars Hand #234469030530:  Hold'em No Limit ($0.01/$0.02 USD) - 2022/02/28 20:44:18 PT [2022/02/28 23:44:18 ET]
Table 'Gianfar' 9-max Seat #5 is the button
Seat 1: MarkParis ($0.27 in chips) 
Seat 2: fsrenan ($0.43 in chips) 
Seat 3: Dorex2007 ($2.33 in chips) 
Seat 4: tashawms2022 ($2.34 in chips) 
Seat 5: surbarun ($1.64 in chips) 
Seat 6: Canguru19 ($2.01 in chips) 
Seat 8: AleksP1970 ($2.03 in chips) 
Seat 9: RealKoi ($1.18 in chips) 
Canguru19: posts small blind $0.01
AleksP1970: posts big blind $0.02
*** HOLE CARDS ***
Dealt to Dorex2007 [Ac 5c]
RealKoi: folds 
MarkParis: folds 
fsrenan: raises $0.04 to $0.06
Dorex2007: folds 
tashawms2022: folds 
surbarun: folds 
Canguru19: folds 
AleksP1970: calls $0.04
*** FLOP *** [Qh 5s 8s]
AleksP1970: checks 
fsrenan: bets $0.10
AleksP1970: folds 
Uncalled bet ($0.10) returned to fsrenan
fsrenan collected $0.13 from pot
*** SUMMARY ***
Total pot $0.13 | Rake $0 
Board [Qh 5s 8s]
Seat 1: MarkParis folded before Flop (didn't bet)
Seat 2: fsrenan collected ($0.13)
Seat 3: Dorex2007 folded before Flop (didn't bet)
Seat 4: tashawms2022 folded before Flop (didn't bet)
Seat 5: surbarun (button) folded before Flop (didn't bet)
Seat 6: Canguru19 (small blind) folded before Flop
Seat 8: AleksP1970 (big blind) folded on the Flop
Seat 9: RealKoi folded before Flop (didn't bet)



PokerStars Hand #234469045026:  Hold'em No Limit ($0.01/$0.02 USD) - 2022/02/28 20:44:58 PT [2022/02/28 23:44:58 ET]
Table 'Gianfar' 9-max Seat #6 is the button
Seat 1: MarkParis ($0.27 in chips) 
Seat 2: fsrenan ($0.50 in chips) 
Seat 3: Dorex2007 ($2.33 in chips) 
Seat 4: tashawms2022 ($2.34 in chips) 
Seat 5: surbarun ($1.64 in chips) 
Seat 6: Canguru19 ($2 in chips) 
Seat 8: AleksP1970 ($1.97 in chips) 
Seat 9: RealKoi ($1.18 in chips) 
AleksP1970: posts small blind $0.01
RealKoi: posts big blind $0.02
*** HOLE CARDS ***
Dealt to Dorex2007 [Qs 7s]
MarkParis: calls $0.02
fsrenan: raises $0.06 to $0.08
Dorex2007: folds 
tashawms2022: folds 
surbarun: folds 
Canguru19: folds 
AleksP1970: folds 
RealKoi: folds 
MarkParis: calls $0.06
*** FLOP *** [8c 8h 3h]
MarkParis: checks 
fsrenan: checks 
*** TURN *** [8c 8h 3h] [Ac]
MarkParis: checks 
fsrenan: bets $0.12
MarkParis: raises $0.07 to $0.19 and is all-in
fsrenan: calls $0.07
*** RIVER *** [8c 8h 3h Ac] [Tc]
*** SHOW DOWN ***
MarkParis: shows [6d Ad] (two pair, Aces and Eights)
fsrenan: shows [Kc Jc] (a flush, Ace high)
fsrenan collected $0.55 from pot
*** SUMMARY ***
Total pot $0.57 | Rake $0.02 
Board [8c 8h 3h Ac Tc]
Seat 1: MarkParis showed [6d Ad] and lost with two pair, Aces and Eights
Seat 2: fsrenan showed [Kc Jc] and won ($0.55) with a flush, Ace high
Seat 3: Dorex2007 folded before Flop (didn't bet)
Seat 4: tashawms2022 folded before Flop (didn't bet)
Seat 5: surbarun folded before Flop (didn't bet)
Seat 6: Canguru19 (button) folded before Flop (didn't bet)
Seat 8: AleksP1970 (small blind) folded before Flop
Seat 9: RealKoi (big blind) folded before Flop



PokerStars Hand #234469051702:  Hold'em No Limit ($0.01/$0.02 USD) - 2022/02/28 20:45:42 PT [2022/02/28 23:45:42 ET]
Table 'Gianfar' 9-max Seat #8 is the button
Seat 2: fsrenan ($0.78 in chips) 
Seat 3: Dorex2007 ($2.33 in chips) 
Seat 4: tashawms2022 ($2.34 in chips) 
Seat 5: surbarun ($1.64 in chips) 
Seat 6: Canguru19 ($2 in chips) 
Seat 8: AleksP1970 ($1.96 in chips) 
Seat 9: RealKoi ($1.16 in chips) 
RealKoi: posts small blind $0.01
fsrenan: posts big blind $0.02
*** HOLE CARDS ***
Dealt to Dorex2007 [3h Kd]
Dorex2007: folds 
tashawms2022: folds 
surbarun: folds 
Canguru19: calls $0.02
AleksP1970: folds 
RealKoi: calls $0.01
fsrenan: checks 
*** FLOP *** [4h Js 5d]
RealKoi: checks 
fsrenan: checks 
Canguru19: bets $0.06
RealKoi: folds 
fsrenan: folds 
Uncalled bet ($0.06) returned to Canguru19
Canguru19 collected $0.06 from pot
Canguru19: doesn't show hand 
*** SUMMARY ***
Total pot $0.06 | Rake $0 
Board [4h Js 5d]
Seat 2: fsrenan (big blind) folded on the Flop
Seat 3: Dorex2007 folded before Flop (didn't bet)
Seat 4: tashawms2022 folded before Flop (didn't bet)
Seat 5: surbarun folded before Flop (didn't bet)
Seat 6: Canguru19 collected ($0.06)
Seat 8: AleksP1970 (button) folded before Flop (didn't bet)
Seat 9: RealKoi (small blind) folded on the Flop



PokerStars Hand #234469058588:  Hold'em No Limit ($0.01/$0.02 USD) - 2022/02/28 20:46:29 PT [2022/02/28 23:46:29 ET]
Table 'Gianfar' 9-max Seat #9 is the button
Seat 2: fsrenan ($0.76 in chips) 
Seat 3: Dorex2007 ($2.33 in chips) 
Seat 4: tashawms2022 ($2.34 in chips) 
Seat 5: surbarun ($1.64 in chips) 
Seat 6: Canguru19 ($2.04 in chips) 
Seat 8: AleksP1970 ($1.96 in chips) 
Seat 9: RealKoi ($1.14 in chips) 
fsrenan: posts small blind $0.01
Dorex2007: posts big blind $0.02
*** HOLE CARDS ***
Dealt to Dorex2007 [7s 2d]
tashawms2022: folds 
surbarun: raises $0.03 to $0.05
Canguru19: folds 
AleksP1970: folds 
RealKoi: folds 
fsrenan: folds 
Dorex2007: folds 
Uncalled bet ($0.03) returned to surbarun
surbarun collected $0.05 from pot
surbarun: doesn't show hand 
*** SUMMARY ***
Total pot $0.05 | Rake $0 
Seat 2: fsrenan (small blind) folded before Flop
Seat 3: Dorex2007 (big blind) folded before Flop
Seat 4: tashawms2022 folded before Flop (didn't bet)
Seat 5: surbarun collected ($0.05)
Seat 6: Canguru19 folded before Flop (didn't bet)
Seat 8: AleksP1970 folded before Flop (didn't bet)
Seat 9: RealKoi (button) folded before Flop (didn't bet)



PokerStars Hand #234469061985:  Hold'em No Limit ($0.01/$0.02 USD) - 2022/02/28 20:46:51 PT [2022/02/28 23:46:51 ET]
Table 'Gianfar' 9-max Seat #2 is the button
Seat 2: fsrenan ($0.75 in chips) 
Seat 3: Dorex2007 ($2.31 in chips) 
Seat 4: tashawms2022 ($2.34 in chips) 
Seat 5: surbarun ($1.67 in chips) 
Seat 6: Canguru19 ($2.04 in chips) 
Seat 7: LELEELARI ($3.32 in chips) 
Seat 8: AleksP1970 ($1.96 in chips) 
Seat 9: RealKoi ($1.14 in chips) 
Dorex2007: posts small blind $0.01
tashawms2022: posts big blind $0.02
LELEELARI: posts small & big blinds $0.03
*** HOLE CARDS ***
Dealt to Dorex2007 [3s 4c]
surbarun: folds 
Canguru19: folds 
LELEELARI: raises $0.02 to $0.04
AleksP1970: folds 
RealKoi: raises $0.02 to $0.06
fsrenan: folds 
Dorex2007: folds 
tashawms2022: calls $0.04
LELEELARI: calls $0.02
*** FLOP *** [Qd 7c 4s]
tashawms2022: checks 
LELEELARI: bets $0.04
RealKoi: calls $0.04
tashawms2022: calls $0.04
*** TURN *** [Qd 7c 4s] [5d]
tashawms2022: checks 
LELEELARI: bets $0.06
RealKoi: folds 
tashawms2022: folds 
Uncalled bet ($0.06) returned to LELEELARI
LELEELARI collected $0.31 from pot
LELEELARI: doesn't show hand 
*** SUMMARY ***
Total pot $0.32 | Rake $0.01 
Board [Qd 7c 4s 5d]
Seat 2: fsrenan (button) folded before Flop (didn't bet)
Seat 3: Dorex2007 (small blind) folded before Flop
Seat 4: tashawms2022 (big blind) folded on the Turn
Seat 5: surbarun folded before Flop (didn't bet)
Seat 6: Canguru19 folded before Flop (didn't bet)
Seat 7: LELEELARI collected ($0.31)
Seat 8: AleksP1970 folded before Flop (didn't bet)
Seat 9: RealKoi folded on the Turn



PokerStars Hand #234469071793:  Hold'em No Limit ($0.01/$0.02 USD) - 2022/02/28 20:47:56 PT [2022/02/28 23:47:56 ET]
Table 'Gianfar' 9-max Seat #3 is the button
Seat 2: fsrenan ($0.75 in chips) 
Seat 3: Dorex2007 ($2.30 in chips) 
Seat 4: tashawms2022 ($2.24 in chips) 
Seat 5: surbarun ($1.67 in chips) 
Seat 6: Canguru19 ($2.04 in chips) 
Seat 7: LELEELARI ($3.52 in chips) 
Seat 8: AleksP1970 ($1.96 in chips) 
Seat 9: RealKoi ($1.04 in chips) 
tashawms2022: posts small blind $0.01
surbarun: posts big blind $0.02
*** HOLE CARDS ***
Dealt to Dorex2007 [4s 3d]
Canguru19: folds 
LELEELARI: folds 
AleksP1970: folds 
RealKoi: folds 
fsrenan: folds 
Dorex2007: folds 
tashawms2022: raises $0.04 to $0.06
MarkParis leaves the table
surbarun: folds 
Uncalled bet ($0.04) returned to tashawms2022
tashawms2022 collected $0.04 from pot
tashawms2022: doesn't show hand 
*** SUMMARY ***
Total pot $0.04 | Rake $0 
Seat 2: fsrenan folded before Flop (didn't bet)
Seat 3: Dorex2007 (button) folded before Flop (didn't bet)
Seat 4: tashawms2022 (small blind) collected ($0.04)
Seat 5: surbarun (big blind) folded before Flop
Seat 6: Canguru19 folded before Flop (didn't bet)
Seat 7: LELEELARI folded before Flop (didn't bet)
Seat 8: AleksP1970 folded before Flop (didn't bet)
Seat 9: RealKoi folded before Flop (didn't bet)



PokerStars Hand #234469075326:  Hold'em No Limit ($0.01/$0.02 USD) - 2022/02/28 20:48:20 PT [2022/02/28 23:48:20 ET]
Table 'Gianfar' 9-max Seat #4 is the button
Seat 2: fsrenan ($0.75 in chips) 
Seat 3: Dorex2007 ($2.30 in chips) 
Seat 4: tashawms2022 ($2.26 in chips) 
Seat 5: surbarun ($1.65 in chips) 
Seat 6: Canguru19 ($2.04 in chips) 
Seat 7: LELEELARI ($3.52 in chips) 
Seat 8: AleksP1970 ($1.96 in chips) 
Seat 9: RealKoi ($1.04 in chips) 
surbarun: posts small blind $0.01
Canguru19: posts big blind $0.02
*** HOLE CARDS ***
Dealt to Dorex2007 [6s Jc]
LELEELARI has timed out
LELEELARI: folds 
AleksP1970: folds 
RealKoi: calls $0.02
Anderiusss joins the table at seat #1 
fsrenan: raises $0.06 to $0.08
Dorex2007: folds 
tashawms2022: calls $0.08
surbarun: folds 
Canguru19: calls $0.06
RealKoi: folds 
*** FLOP *** [5h 9h Js]
Canguru19: checks 
AleksP1970 leaves the table
ivan69252 joins the table at seat #8 
fsrenan: bets $0.13
tashawms2022: folds 
Canguru19: calls $0.13
*** TURN *** [5h 9h Js] [7d]
Canguru19: checks 
fsrenan: checks 
*** RIVER *** [5h 9h Js 7d] [7h]
Canguru19: bets $0.25
fsrenan: calls $0.25
*** SHOW DOWN ***
Canguru19: shows [Jd Ks] (two pair, Jacks and Sevens)
fsrenan: mucks hand 
Canguru19 collected $0.99 from pot
*** SUMMARY ***
Total pot $1.03 | Rake $0.04 
Board [5h 9h Js 7d 7h]
Seat 2: fsrenan mucked [Td Tc]
Seat 3: Dorex2007 folded before Flop (didn't bet)
Seat 4: tashawms2022 (button) folded on the Flop
Seat 5: surbarun (small blind) folded before Flop
Seat 6: Canguru19 (big blind) showed [Jd Ks] and won ($0.99) with two pair, Jacks and Sevens
Seat 7: LELEELARI folded before Flop (didn't bet)
Seat 8: AleksP1970 folded before Flop (didn't bet)
Seat 9: RealKoi folded before Flop



PokerStars Hand #234469088904:  Hold'em No Limit ($0.01/$0.02 USD) - 2022/02/28 20:49:36 PT [2022/02/28 23:49:36 ET]
Table 'Gianfar' 9-max Seat #5 is the button
Seat 1: Anderiusss ($2 in chips) 
Seat 2: fsrenan ($0.29 in chips) 
Seat 3: Dorex2007 ($2.30 in chips) 
Seat 4: tashawms2022 ($2.18 in chips) 
Seat 5: surbarun ($1.64 in chips) 
Seat 6: Canguru19 ($2.57 in chips) 
Seat 8: ivan69252 ($0.80 in chips) 
Seat 9: RealKoi ($1.02 in chips) 
Canguru19: posts small blind $0.01
ivan69252: posts big blind $0.02
Anderiusss: posts big blind $0.02
*** HOLE CARDS ***
Dealt to Dorex2007 [2d 2s]
RealKoi: raises $0.02 to $0.04
Anderiusss has timed out
Anderiusss: folds 
fsrenan: folds 
Dorex2007: calls $0.04
tashawms2022: folds 
surbarun: calls $0.04
Canguru19: calls $0.03
ivan69252: folds 
*** FLOP *** [7d Th 5h]
Canguru19: checks 
RealKoi: bets $0.04
Dorex2007: folds 
surbarun: calls $0.04
Canguru19: calls $0.04
*** TURN *** [7d Th 5h] [4h]
Canguru19: checks 
RealKoi: bets $0.04
surbarun: folds 
Canguru19: raises $0.10 to $0.14
RealKoi: folds 
Uncalled bet ($0.10) returned to Canguru19
Canguru19 collected $0.39 from pot
Canguru19: doesn't show hand 
*** SUMMARY ***
Total pot $0.40 | Rake $0.01 
Board [7d Th 5h 4h]
Seat 1: Anderiusss folded before Flop (didn't bet)
Seat 2: fsrenan folded before Flop (didn't bet)
Seat 3: Dorex2007 folded on the Flop
Seat 4: tashawms2022 folded before Flop (didn't bet)
Seat 5: surbarun (button) folded on the Turn
Seat 6: Canguru19 (small blind) collected ($0.39)
Seat 8: ivan69252 (big blind) folded before Flop
Seat 9: RealKoi folded on the Turn



PokerStars Hand #234469108133:  Hold'em No Limit ($0.01/$0.02 USD) - 2022/02/28 20:51:47 PT [2022/02/28 23:51:47 ET]
Table 'Gianfar' 9-max Seat #6 is the button
Seat 1: Anderiusss ($1.98 in chips) 
Seat 2: fsrenan ($0.29 in chips) 
Seat 3: Dorex2007 ($2.26 in chips) 
Seat 4: tashawms2022 ($2.18 in chips) 
Seat 5: surbarun ($1.56 in chips) 
Seat 6: Canguru19 ($2.84 in chips) 
Seat 8: ivan69252 ($0.78 in chips) 
Seat 9: RealKoi ($0.90 in chips) 
ivan69252: posts small blind $0.01
RealKoi: posts big blind $0.02
*** HOLE CARDS ***
Dealt to Dorex2007 [Kh 8h]
Anderiusss: calls $0.02
fsrenan: folds 
Dorex2007: folds 
tashawms2022: calls $0.02
surbarun: folds 
Canguru19: folds 
ivan69252: folds 
RealKoi: checks 
*** FLOP *** [Kd Ah 7c]
RealKoi: checks 
Anderiusss: checks 
tashawms2022: bets $0.04
RealKoi: folds 
Anderiusss: folds 
Uncalled bet ($0.04) returned to tashawms2022
tashawms2022 collected $0.07 from pot
tashawms2022: doesn't show hand 
*** SUMMARY ***
Total pot $0.07 | Rake $0 
Board [Kd Ah 7c]
Seat 1: Anderiusss folded on the Flop
Seat 2: fsrenan folded before Flop (didn't bet)
Seat 3: Dorex2007 folded before Flop (didn't bet)
Seat 4: tashawms2022 collected ($0.07)
Seat 5: surbarun folded before Flop (didn't bet)
Seat 6: Canguru19 (button) folded before Flop (didn't bet)
Seat 8: ivan69252 (small blind) folded before Flop
Seat 9: RealKoi (big blind) folded on the Flop



PokerStars Hand #234469116990:  Hold'em No Limit ($0.01/$0.02 USD) - 2022/02/28 20:52:47 PT [2022/02/28 23:52:47 ET]
Table 'Gianfar' 9-max Seat #8 is the button
Seat 1: Anderiusss ($1.96 in chips) 
Seat 2: fsrenan ($0.29 in chips) 
Seat 3: Dorex2007 ($2.26 in chips) 
Seat 4: tashawms2022 ($2.23 in chips) 
Seat 5: surbarun ($1.56 in chips) 
Seat 6: Canguru19 ($2.84 in chips) 
Seat 7: LELEELARI ($3.52 in chips) 
Seat 8: ivan69252 ($0.77 in chips) 
Seat 9: RealKoi ($0.88 in chips) 
RealKoi: posts small blind $0.01
Anderiusss: posts big blind $0.02
LELEELARI: posts small & big blinds $0.03
*** HOLE CARDS ***
Dealt to Dorex2007 [4c Jd]
fsrenan: raises $0.04 to $0.06
Dorex2007: folds 
tashawms2022: folds 
surbarun: folds 
Canguru19: folds 
LELEELARI has timed out
LELEELARI: folds 
ivan69252: folds 
RealKoi: calls $0.05
Anderiusss has timed out
Anderiusss: folds 
*** FLOP *** [7h Ac 3h]
tashawms2022 leaves the table
RealKoi: bets $0.06
fsrenan: raises $0.17 to $0.23 and is all-in
RealKoi: calls $0.17
*** TURN *** [7h Ac 3h] [Js]
*** RIVER *** [7h Ac 3h Js] [4h]
*** SHOW DOWN ***
RealKoi: shows [Ts Ah] (a pair of Aces)
fsrenan: shows [As Td] (a pair of Aces)
RealKoi collected $0.31 from pot
fsrenan collected $0.30 from pot
*** SUMMARY ***
Total pot $0.63 | Rake $0.02 
Board [7h Ac 3h Js 4h]
Seat 1: Anderiusss (big blind) folded before Flop
Seat 2: fsrenan showed [As Td] and won ($0.30) with a pair of Aces
Seat 3: Dorex2007 folded before Flop (didn't bet)
Seat 4: tashawms2022 folded before Flop (didn't bet)
Seat 5: surbarun folded before Flop (didn't bet)
Seat 6: Canguru19 folded before Flop (didn't bet)
Seat 7: LELEELARI folded before Flop (didn't bet)
Seat 8: ivan69252 (button) folded before Flop (didn't bet)
Seat 9: RealKoi (small blind) showed [Ts Ah] and won ($0.31) with a pair of Aces



PokerStars Hand #234469133488:  Hold'em No Limit ($0.01/$0.02 USD) - 2022/02/28 20:54:41 PT [2022/02/28 23:54:41 ET]
Table 'Gianfar' 9-max Seat #9 is the button
Seat 2: fsrenan ($0.30 in chips) 
Seat 3: Dorex2007 ($2.26 in chips) 
Seat 5: surbarun ($1.56 in chips) 
Seat 6: Canguru19 ($2.84 in chips) 
Seat 8: ivan69252 ($0.77 in chips) 
Seat 9: RealKoi ($0.90 in chips) 
fsrenan: posts small blind $0.01
Dorex2007: posts big blind $0.02
*** HOLE CARDS ***
Dealt to Dorex2007 [3c 6s]
surbarun: folds 
Artur16228 joins the table at seat #4 
Canguru19 has timed out
Canguru19: folds 
ivan69252: folds 
RealKoi: folds 
fsrenan: raises $0.04 to $0.06
Dorex2007: folds 
Uncalled bet ($0.04) returned to fsrenan
fsrenan collected $0.04 from pot
*** SUMMARY ***
Total pot $0.04 | Rake $0 
Seat 2: fsrenan (small blind) collected ($0.04)
Seat 3: Dorex2007 (big blind) folded before Flop
Seat 5: surbarun folded before Flop (didn't bet)
Seat 6: Canguru19 folded before Flop (didn't bet)
Seat 8: ivan69252 folded before Flop (didn't bet)
Seat 9: RealKoi (button) folded before Flop (didn't bet)



PokerStars Hand #234469140272:  Hold'em No Limit ($0.01/$0.02 USD) - 2022/02/28 20:55:08 PT [2022/02/28 23:55:08 ET]
Table 'Gianfar' 9-max Seat #2 is the button
Seat 2: fsrenan ($0.32 in chips) 
Seat 3: Dorex2007 ($2.24 in chips) 
Seat 4: Artur16228 ($2 in chips) 
Seat 5: surbarun ($1.56 in chips) 
Seat 6: Canguru19 ($2.84 in chips) 
Seat 8: ivan69252 ($0.77 in chips) 
Seat 9: RealKoi ($0.90 in chips) 
Dorex2007: posts small blind $0.01
Artur16228: posts big blind $0.02
*** HOLE CARDS ***
Dealt to Dorex2007 [2h 3c]
surbarun: folds 
Canguru19: calls $0.02
ivan69252: folds 
RealKoi: folds 
fsrenan: raises $0.04 to $0.06
Dorex2007: folds 
Artur16228: calls $0.04
Canguru19: calls $0.04
*** FLOP *** [8c 4h Ac]
Artur16228: bets $0.06
Canguru19: folds 
fsrenan: calls $0.06
*** TURN *** [8c 4h Ac] [3d]
Artur16228: bets $0.08
fsrenan: calls $0.08
*** RIVER *** [8c 4h Ac 3d] [4s]
Artur16228: bets $0.06
fsrenan: folds 
Uncalled bet ($0.06) returned to Artur16228
Artur16228 collected $0.45 from pot
Artur16228: doesn't show hand 
*** SUMMARY ***
Total pot $0.47 | Rake $0.02 
Board [8c 4h Ac 3d 4s]
Seat 2: fsrenan (button) folded on the River
Seat 3: Dorex2007 (small blind) folded before Flop
Seat 4: Artur16228 (big blind) collected ($0.45)
Seat 5: surbarun folded before Flop (didn't bet)
Seat 6: Canguru19 folded on the Flop
Seat 8: ivan69252 folded before Flop (didn't bet)
Seat 9: RealKoi folded before Flop (didn't bet)



PokerStars Hand #234469146683:  Hold'em No Limit ($0.01/$0.02 USD) - 2022/02/28 20:56:01 PT [2022/02/28 23:56:01 ET]
Table 'Gianfar' 9-max Seat #3 is the button
Seat 2: fsrenan ($0.12 in chips) 
Seat 3: Dorex2007 ($2.23 in chips) 
Seat 4: Artur16228 ($2.25 in chips) 
Seat 5: surbarun ($1.56 in chips) 
Seat 6: Canguru19 ($2.78 in chips) 
Seat 7: LELEELARI ($3.49 in chips) 
Seat 8: ivan69252 ($0.77 in chips) 
Seat 9: RealKoi ($0.90 in chips) 
Artur16228: posts small blind $0.01
surbarun: posts big blind $0.02
*** HOLE CARDS ***
Dealt to Dorex2007 [3h Qd]
Canguru19: calls $0.02
LELEELARI: folds 
ivan69252: folds 
RealKoi: folds 
fsrenan: raises $0.10 to $0.12 and is all-in
Dorex2007: folds 
Artur16228: folds 
surbarun: folds 
Canguru19: folds 
Uncalled bet ($0.10) returned to fsrenan
fsrenan collected $0.07 from pot
*** SUMMARY ***
Total pot $0.07 | Rake $0 
Seat 2: fsrenan collected ($0.07)
Seat 3: Dorex2007 (button) folded before Flop (didn't bet)
Seat 4: Artur16228 (small blind) folded before Flop
Seat 5: surbarun (big blind) folded before Flop
Seat 6: Canguru19 folded before Flop
Seat 7: LELEELARI folded before Flop (didn't bet)
Seat 8: ivan69252 folded before Flop (didn't bet)
Seat 9: RealKoi folded before Flop (didn't bet)



PokerStars Hand #234469149853:  Hold'em No Limit ($0.01/$0.02 USD) - 2022/02/28 20:56:27 PT [2022/02/28 23:56:27 ET]
Table 'Gianfar' 9-max Seat #4 is the button
Seat 2: fsrenan ($0.17 in chips) 
Seat 3: Dorex2007 ($2.23 in chips) 
Seat 4: Artur16228 ($2.24 in chips) 
Seat 5: surbarun ($1.54 in chips) 
Seat 6: Canguru19 ($2.76 in chips) 
Seat 8: ivan69252 ($0.77 in chips) 
Seat 9: RealKoi ($0.90 in chips) 
surbarun: posts small blind $0.01
Canguru19: posts big blind $0.02
*** HOLE CARDS ***
Dealt to Dorex2007 [Ks 6s]
ivan69252: folds 
RealKoi: folds 
fsrenan: raises $0.15 to $0.17 and is all-in
Dorex2007: folds 
Artur16228: folds 
surbarun: folds 
Canguru19: folds 
Uncalled bet ($0.15) returned to fsrenan
fsrenan collected $0.05 from pot
*** SUMMARY ***
Total pot $0.05 | Rake $0 
Seat 2: fsrenan collected ($0.05)
Seat 3: Dorex2007 folded before Flop (didn't bet)
Seat 4: Artur16228 (button) folded before Flop (didn't bet)
Seat 5: surbarun (small blind) folded before Flop
Seat 6: Canguru19 (big blind) folded before Flop
Seat 8: ivan69252 folded before Flop (didn't bet)
Seat 9: RealKoi folded before Flop (didn't bet)



PokerStars Hand #234469151992:  Hold'em No Limit ($0.01/$0.02 USD) - 2022/02/28 20:56:45 PT [2022/02/28 23:56:45 ET]
Table 'Gianfar' 9-max Seat #5 is the button
Seat 2: fsrenan ($0.20 in chips) 
Seat 3: Dorex2007 ($2.23 in chips) 
Seat 4: Artur16228 ($2.24 in chips) 
Seat 5: surbarun ($1.53 in chips) 
Seat 6: Canguru19 ($2.74 in chips) 
Seat 8: ivan69252 ($0.77 in chips) 
Seat 9: RealKoi ($0.90 in chips) 
Canguru19: posts small blind $0.01
ivan69252: posts big blind $0.02
*** HOLE CARDS ***
Dealt to Dorex2007 [Jc Jh]
RealKoi: folds 
fsrenan: folds 
Dorex2007: raises $0.04 to $0.06
Artur16228: calls $0.06
surbarun: folds 
Canguru19: folds 
ivan69252: folds 
*** FLOP *** [Qc Ah Qd]
Dorex2007: checks 
Artur16228: checks 
*** TURN *** [Qc Ah Qd] [Ad]
Dorex2007: bets $0.09
Artur16228: folds 
Uncalled bet ($0.09) returned to Dorex2007
Dorex2007 collected $0.14 from pot
Dorex2007: doesn't show hand 
*** SUMMARY ***
Total pot $0.15 | Rake $0.01 
Board [Qc Ah Qd Ad]
Seat 2: fsrenan folded before Flop (didn't bet)
Seat 3: Dorex2007 collected ($0.14)
Seat 4: Artur16228 folded on the Turn
Seat 5: surbarun (button) folded before Flop (didn't bet)
Seat 6: Canguru19 (small blind) folded before Flop
Seat 8: ivan69252 (big blind) folded before Flop
Seat 9: RealKoi folded before Flop (didn't bet)



PokerStars Hand #234469156152:  Hold'em No Limit ($0.01/$0.02 USD) - 2022/02/28 20:57:20 PT [2022/02/28 23:57:20 ET]
Table 'Gianfar' 9-max Seat #6 is the button
Seat 2: fsrenan ($0.20 in chips) 
Seat 3: Dorex2007 ($2.31 in chips) 
Seat 4: Artur16228 ($2.18 in chips) 
Seat 5: surbarun ($1.53 in chips) 
Seat 6: Canguru19 ($2.73 in chips) 
Seat 8: ivan69252 ($0.75 in chips) 
Seat 9: RealKoi ($0.90 in chips) 
ivan69252: posts small blind $0.01
RealKoi: posts big blind $0.02
*** HOLE CARDS ***
Dealt to Dorex2007 [4c 5d]
fsrenan: raises $0.03 to $0.05
Dorex2007: folds 
Artur16228: folds 
surbarun: folds 
Canguru19: folds 
ivan69252: raises $0.12 to $0.17
RealKoi: folds 
fsrenan: raises $0.03 to $0.20 and is all-in
ivan69252: calls $0.03
*** FLOP *** [6h 3h Ac]
*** TURN *** [6h 3h Ac] [4d]
*** RIVER *** [6h 3h Ac 4d] [As]
*** SHOW DOWN ***
ivan69252: shows [Kh Ks] (two pair, Aces and Kings)
fsrenan: shows [7s 6s] (two pair, Aces and Sixes)
ivan69252 collected $0.41 from pot
fsrenan cashed out the hand for $0.08
*** SUMMARY ***
Total pot $0.42 | Rake $0.01 
Board [6h 3h Ac 4d As]
Seat 2: fsrenan showed [7s 6s] and lost with two pair, Aces and Sixes (cashed out).
Seat 3: Dorex2007 folded before Flop (didn't bet)
Seat 4: Artur16228 folded before Flop (didn't bet)
Seat 5: surbarun folded before Flop (didn't bet)
Seat 6: Canguru19 (button) folded before Flop (didn't bet)
Seat 8: ivan69252 (small blind) showed [Kh Ks] and won ($0.41) with two pair, Aces and Kings
Seat 9: RealKoi (big blind) folded before Flop



PokerStars Hand #234469163853:  Hold'em No Limit ($0.01/$0.02 USD) - 2022/02/28 20:58:25 PT [2022/02/28 23:58:25 ET]
Table 'Gianfar' 9-max Seat #8 is the button
Seat 2: fsrenan ($0.08 in chips) 
Seat 3: Dorex2007 ($2.31 in chips) 
Seat 4: Artur16228 ($2.18 in chips) 
Seat 5: surbarun ($1.53 in chips) 
Seat 6: Canguru19 ($2.73 in chips) 
Seat 8: ivan69252 ($0.96 in chips) 
Seat 9: RealKoi ($0.88 in chips) 
RealKoi: posts small blind $0.01
fsrenan: posts big blind $0.02
*** HOLE CARDS ***
Dealt to Dorex2007 [2h Jc]
Dorex2007: folds 
Artur16228: folds 
surbarun: raises $0.03 to $0.05
Canguru19: folds 
ivan69252: folds 
RealKoi: calls $0.04
fsrenan: raises $0.03 to $0.08 and is all-in
surbarun: calls $0.03
RealKoi: calls $0.03
*** FLOP *** [Th 8c 7h]
Canguru19 is disconnected 
RealKoi: bets $0.02
surbarun: calls $0.02
*** TURN *** [Th 8c 7h] [5d]
RealKoi: bets $0.08
surbarun: calls $0.08
*** RIVER *** [Th 8c 7h 5d] [Kd]
RealKoi: bets $0.70 and is all-in
surbarun: folds 
Uncalled bet ($0.70) returned to RealKoi
*** SHOW DOWN ***
RealKoi: shows [9c Js] (a straight, Seven to Jack)
RealKoi collected $0.19 from side pot
fsrenan: shows [6d 5s] (a pair of Fives)
RealKoi collected $0.23 from main pot
*** SUMMARY ***
Total pot $0.44 Main pot $0.23. Side pot $0.19. | Rake $0.02 
Board [Th 8c 7h 5d Kd]
Seat 2: fsrenan (big blind) showed [6d 5s] and lost with a pair of Fives
Seat 3: Dorex2007 folded before Flop (didn't bet)
Seat 4: Artur16228 folded before Flop (didn't bet)
Seat 5: surbarun folded on the River
Seat 6: Canguru19 folded before Flop (didn't bet)
Seat 8: ivan69252 (button) folded before Flop (didn't bet)
Seat 9: RealKoi (small blind) showed [9c Js] and won ($0.42) with a straight, Seven to Jack



PokerStars Hand #234469174044:  Hold'em No Limit ($0.01/$0.02 USD) - 2022/02/28 20:59:51 PT [2022/02/28 23:59:51 ET]
Table 'Gianfar' 9-max Seat #9 is the button
Seat 3: Dorex2007 ($2.31 in chips) 
Seat 5: surbarun ($1.35 in chips) 
Seat 6: Canguru19 ($2.73 in chips) 
Seat 8: ivan69252 ($0.96 in chips) 
Seat 9: RealKoi ($1.12 in chips) 
Dorex2007: posts small blind $0.01
Artur16228: is sitting out 
surbarun: posts big blind $0.02
*** HOLE CARDS ***
Dealt to Dorex2007 [3s 5d]
Canguru19: folds 
Artur16228 leaves the table
ivan69252: folds 
RealKoi: calls $0.02
Dorex2007: folds 
fsrenan leaves the table
surbarun: checks 
*** FLOP *** [5c 2d Kd]
surbarun: checks 
RealKoi: checks 
*** TURN *** [5c 2d Kd] [Qc]
surbarun: checks 
RealKoi: checks 
*** RIVER *** [5c 2d Kd Qc] [Jh]
surbarun: checks 
RealKoi: checks 
*** SHOW DOWN ***
surbarun: shows [Th 3c] (high card King)
RealKoi: shows [4c As] (high card Ace)
RealKoi collected $0.05 from pot
*** SUMMARY ***
Total pot $0.05 | Rake $0 
Board [5c 2d Kd Qc Jh]
Seat 3: Dorex2007 (small blind) folded before Flop
Seat 5: surbarun (big blind) showed [Th 3c] and lost with high card King
Seat 6: Canguru19 folded before Flop (didn't bet)
Seat 8: ivan69252 folded before Flop (didn't bet)
Seat 9: RealKoi (button) showed [4c As] and won ($0.05) with high card Ace



