PokerStars Hand #238715938057:  Hold'em No Limit ($0.02/$0.05 USD) - 2022/09/18 15:03:00 PT [2022/09/18 18:03:00 ET]
Table 'Leo III' 9-max Seat #2 is the button
Seat 1: Dorex2007 ($5 in chips) 
Seat 2: benclarky1 ($7.21 in chips) 
Seat 3: papaduni66 ($5.45 in chips) 
Seat 4: Zzzanderman ($5.93 in chips) 
Seat 5: soldim327 ($5 in chips) 
Seat 6: megtorlo2244 ($7.70 in chips) 
Seat 7: vengeful 7 ($5.44 in chips) 
Seat 8: rulezas ($5 in chips) 
papaduni66: posts small blind $0.02
Zzzanderman: posts big blind $0.05
LipeNA: sits out 
Dorex2007: posts big blind $0.05
*** HOLE CARDS ***
Dealt to Dorex2007 [4s 3s]
soldim327: folds 
megtorlo2244: folds 
vengeful 7: folds 
rulezas: folds 
Dorex2007: checks 
benclarky1: raises $0.15 to $0.20
papaduni66: folds 
Zzzanderman: folds 
Dorex2007: folds 
Uncalled bet ($0.15) returned to benclarky1
benclarky1 collected $0.17 from pot
benclarky1: doesn't show hand 
*** SUMMARY ***
Total pot $0.17 | Rake $0 
Seat 1: Dorex2007 folded before Flop (didn't bet)
Seat 2: benclarky1 (button) collected ($0.17)
Seat 3: papaduni66 (small blind) folded before Flop
Seat 4: Zzzanderman (big blind) folded before Flop
Seat 5: soldim327 folded before Flop (didn't bet)
Seat 6: megtorlo2244 folded before Flop (didn't bet)
Seat 7: vengeful 7 folded before Flop (didn't bet)
Seat 8: rulezas folded before Flop (didn't bet)



PokerStars Hand #238715949364:  Hold'em No Limit ($0.02/$0.05 USD) - 2022/09/18 15:03:30 PT [2022/09/18 18:03:30 ET]
Table 'Leo III' 9-max Seat #3 is the button
Seat 1: Dorex2007 ($5 in chips) 
Seat 2: benclarky1 ($7.33 in chips) 
Seat 3: papaduni66 ($5.43 in chips) 
Seat 4: Zzzanderman ($5.88 in chips) 
Seat 5: soldim327 ($5 in chips) 
Seat 6: megtorlo2244 ($7.70 in chips) 
Seat 7: vengeful 7 ($5.44 in chips) 
Seat 8: rulezas ($5 in chips) 
Zzzanderman: posts small blind $0.02
soldim327: posts big blind $0.05
LipeNA: sits out 
*** HOLE CARDS ***
Dealt to Dorex2007 [9d 6s]
megtorlo2244: folds 
vengeful 7: raises $0.05 to $0.10
rulezas: calls $0.10
Dorex2007: folds 
benclarky1: folds 
papaduni66: calls $0.10
Zzzanderman: calls $0.08
soldim327: calls $0.05
*** FLOP *** [7s 5s Ac]
Zzzanderman: checks 
soldim327: bets $0.32
vengeful 7: folds 
rulezas: calls $0.32
papaduni66: folds 
Zzzanderman: calls $0.32
*** TURN *** [7s 5s Ac] [2h]
Zzzanderman: checks 
soldim327: bets $0.93
rulezas: folds 
Zzzanderman: folds 
Uncalled bet ($0.93) returned to soldim327
soldim327 collected $1.40 from pot
soldim327: doesn't show hand 
*** SUMMARY ***
Total pot $1.46 | Rake $0.06 
Board [7s 5s Ac 2h]
Seat 1: Dorex2007 folded before Flop (didn't bet)
Seat 2: benclarky1 folded before Flop (didn't bet)
Seat 3: papaduni66 (button) folded on the Flop
Seat 4: Zzzanderman (small blind) folded on the Turn
Seat 5: soldim327 (big blind) collected ($1.40)
Seat 6: megtorlo2244 folded before Flop (didn't bet)
Seat 7: vengeful 7 folded on the Flop
Seat 8: rulezas folded on the Turn



PokerStars Hand #238715986571:  Hold'em No Limit ($0.02/$0.05 USD) - 2022/09/18 15:05:07 PT [2022/09/18 18:05:07 ET]
Table 'Leo III' 9-max Seat #4 is the button
Seat 1: Dorex2007 ($5 in chips) 
Seat 2: benclarky1 ($7.33 in chips) 
Seat 3: papaduni66 ($5.33 in chips) 
Seat 4: Zzzanderman ($5.46 in chips) 
Seat 5: soldim327 ($5.98 in chips) 
Seat 7: vengeful 7 ($5.34 in chips) 
Seat 8: rulezas ($4.58 in chips) 
soldim327: posts small blind $0.02
megtorlo2244: is sitting out 
vengeful 7: posts big blind $0.05
LipeNA: sits out 
*** HOLE CARDS ***
Dealt to Dorex2007 [8s 6d]
rulezas has timed out
rulezas: folds 
Dorex2007: folds 
benclarky1: folds 
papaduni66: raises $0.05 to $0.10
Zzzanderman: calls $0.10
soldim327: folds 
vengeful 7: calls $0.05
*** FLOP *** [Kd Ad Kc]
vengeful 7: checks 
papaduni66: bets $0.17
Zzzanderman: folds 
vengeful 7: calls $0.17
*** TURN *** [Kd Ad Kc] [Kh]
vengeful 7: checks 
papaduni66: bets $0.47
vengeful 7: calls $0.47
*** RIVER *** [Kd Ad Kc Kh] [2c]
vengeful 7: checks 
papaduni66: bets $0.50
vengeful 7: calls $0.50
*** SHOW DOWN ***
papaduni66: shows [Ac 2d] (a full house, Kings full of Aces)
vengeful 7: shows [Ah 5h] (a full house, Kings full of Aces)
vengeful 7 collected $1.25 from pot
papaduni66 collected $1.24 from pot
*** SUMMARY ***
Total pot $2.60 | Rake $0.11 
Board [Kd Ad Kc Kh 2c]
Seat 1: Dorex2007 folded before Flop (didn't bet)
Seat 2: benclarky1 folded before Flop (didn't bet)
Seat 3: papaduni66 showed [Ac 2d] and won ($1.24) with a full house, Kings full of Aces
Seat 4: Zzzanderman (button) folded on the Flop
Seat 5: soldim327 (small blind) folded before Flop
Seat 7: vengeful 7 (big blind) showed [Ah 5h] and won ($1.25) with a full house, Kings full of Aces
Seat 8: rulezas folded before Flop (didn't bet)



PokerStars Hand #238716019627:  Hold'em No Limit ($0.02/$0.05 USD) - 2022/09/18 15:06:33 PT [2022/09/18 18:06:33 ET]
Table 'Leo III' 9-max Seat #5 is the button
Seat 1: Dorex2007 ($5 in chips) 
Seat 2: benclarky1 ($7.33 in chips) 
Seat 3: papaduni66 ($5.33 in chips) 
Seat 4: Zzzanderman ($5.36 in chips) 
Seat 5: soldim327 ($5.96 in chips) 
Seat 7: vengeful 7 ($5.35 in chips) 
Seat 8: rulezas ($4.58 in chips) 
vengeful 7: posts small blind $0.02
rulezas: posts big blind $0.05
LipeNA: sits out 
*** HOLE CARDS ***
Dealt to Dorex2007 [Tc 3h]
Dorex2007: folds 
benclarky1: folds 
papaduni66: folds 
Zzzanderman has timed out
Zzzanderman: folds 
soldim327: folds 
vengeful 7: folds 
Uncalled bet ($0.03) returned to rulezas
rulezas collected $0.04 from pot
*** SUMMARY ***
Total pot $0.04 | Rake $0 
Seat 1: Dorex2007 folded before Flop (didn't bet)
Seat 2: benclarky1 folded before Flop (didn't bet)
Seat 3: papaduni66 folded before Flop (didn't bet)
Seat 4: Zzzanderman folded before Flop (didn't bet)
Seat 5: soldim327 (button) folded before Flop (didn't bet)
Seat 7: vengeful 7 (small blind) folded before Flop
Seat 8: rulezas (big blind) collected ($0.04)



PokerStars Hand #238716029440:  Hold'em No Limit ($0.02/$0.05 USD) - 2022/09/18 15:06:58 PT [2022/09/18 18:06:58 ET]
Table 'Leo III' 9-max Seat #7 is the button
Seat 1: Dorex2007 ($5 in chips) 
Seat 2: benclarky1 ($7.33 in chips) 
Seat 3: papaduni66 ($5.33 in chips) 
Seat 5: soldim327 ($5.96 in chips) 
Seat 7: vengeful 7 ($5.33 in chips) 
Seat 8: rulezas ($4.60 in chips) 
Seat 9: LipeNA ($4 in chips) 
rulezas: posts small blind $0.02
LipeNA: posts big blind $0.05
*** HOLE CARDS ***
Dealt to Dorex2007 [As Js]
Dorex2007: raises $0.05 to $0.10
benclarky1: folds 
papaduni66: folds 
soldim327: folds 
vengeful 7: folds 
rulezas: calls $0.08
LipeNA: folds 
*** FLOP *** [7s Ac 3c]
rulezas: bets $0.10
Dorex2007: raises $0.44 to $0.54
rulezas: calls $0.44
*** TURN *** [7s Ac 3c] [2h]
rulezas: bets $0.10
Dorex2007: calls $0.10
*** RIVER *** [7s Ac 3c 2h] [8d]
rulezas: bets $0.10
Dorex2007: calls $0.10
*** SHOW DOWN ***
rulezas: shows [7h Ts] (a pair of Sevens)
Dorex2007: shows [As Js] (a pair of Aces)
Dorex2007 collected $1.66 from pot
*** SUMMARY ***
Total pot $1.73 | Rake $0.07 
Board [7s Ac 3c 2h 8d]
Seat 1: Dorex2007 showed [As Js] and won ($1.66) with a pair of Aces
Seat 2: benclarky1 folded before Flop (didn't bet)
Seat 3: papaduni66 folded before Flop (didn't bet)
Seat 5: soldim327 folded before Flop (didn't bet)
Seat 7: vengeful 7 (button) folded before Flop (didn't bet)
Seat 8: rulezas (small blind) showed [7h Ts] and lost with a pair of Sevens
Seat 9: LipeNA (big blind) folded before Flop



PokerStars Hand #238716049280:  Hold'em No Limit ($0.02/$0.05 USD) - 2022/09/18 15:07:51 PT [2022/09/18 18:07:51 ET]
Table 'Leo III' 9-max Seat #8 is the button
Seat 1: Dorex2007 ($5.82 in chips) 
Seat 2: benclarky1 ($7.33 in chips) 
Seat 3: papaduni66 ($5.33 in chips) 
Seat 4: Zzzanderman ($5.36 in chips) 
Seat 5: soldim327 ($5.96 in chips) 
Seat 7: vengeful 7 ($5.33 in chips) 
Seat 8: rulezas ($3.76 in chips) 
Seat 9: LipeNA ($3.95 in chips) 
LipeNA: posts small blind $0.02
Dorex2007: posts big blind $0.05
*** HOLE CARDS ***
Dealt to Dorex2007 [6c 2c]
benclarky1: folds 
papaduni66: folds 
Zzzanderman: folds 
soldim327: folds 
vengeful 7: raises $0.10 to $0.15
megtorlo2244 leaves the table
rulezas: calls $0.15
LipeNA: calls $0.13
Dorex2007: folds 
*** FLOP *** [7h 9h 6s]
LipeNA: checks 
vengeful 7: bets $0.22
rulezas: calls $0.22
LipeNA: folds 
*** TURN *** [7h 9h 6s] [9s]
vengeful 7: checks 
rulezas: bets $0.45
vengeful 7: calls $0.45
*** RIVER *** [7h 9h 6s 9s] [5d]
vengeful 7: checks 
rulezas: bets $1
vengeful 7: raises $3.51 to $4.51 and is all-in
rulezas: calls $1.94 and is all-in
Uncalled bet ($1.57) returned to vengeful 7
*** SHOW DOWN ***
vengeful 7: shows [Jh 8c] (a straight, Five to Nine)
rulezas: shows [Td 8s] (a straight, Six to Ten)
rulezas collected $7.40 from pot
Botz-777-777 joins the table at seat #6 
*** SUMMARY ***
Total pot $7.72 | Rake $0.32 
Board [7h 9h 6s 9s 5d]
Seat 1: Dorex2007 (big blind) folded before Flop
Seat 2: benclarky1 folded before Flop (didn't bet)
Seat 3: papaduni66 folded before Flop (didn't bet)
Seat 4: Zzzanderman folded before Flop (didn't bet)
Seat 5: soldim327 folded before Flop (didn't bet)
Seat 7: vengeful 7 showed [Jh 8c] and lost with a straight, Five to Nine
Seat 8: rulezas (button) showed [Td 8s] and won ($7.40) with a straight, Six to Ten
Seat 9: LipeNA (small blind) folded on the Flop



PokerStars Hand #238716089887:  Hold'em No Limit ($0.02/$0.05 USD) - 2022/09/18 15:09:37 PT [2022/09/18 18:09:37 ET]
Table 'Leo III' 9-max Seat #9 is the button
Seat 1: Dorex2007 ($5.77 in chips) 
Seat 2: benclarky1 ($7.33 in chips) 
Seat 3: papaduni66 ($5.33 in chips) 
Seat 4: Zzzanderman ($5.36 in chips) 
Seat 5: soldim327 ($5.96 in chips) 
Seat 7: vengeful 7 ($1.57 in chips) 
Seat 8: rulezas ($7.40 in chips) 
Seat 9: LipeNA ($3.80 in chips) 
Dorex2007: posts small blind $0.02
benclarky1: posts big blind $0.05
Botz-777-777: sits out 
*** HOLE CARDS ***
Dealt to Dorex2007 [Js Ad]
papaduni66: raises $0.05 to $0.10
Zzzanderman: calls $0.10
soldim327: folds 
vengeful 7 has timed out
vengeful 7: folds 
Botz-777-777 leaves the table
rulezas: calls $0.10
LipeNA: folds 
Dorex2007: folds 
benclarky1: folds 
*** FLOP *** [8d Kh 7d]
papaduni66: checks 
Zzzanderman: checks 
rulezas: bets $0.15
papaduni66: folds 
jpthereaper6 joins the table at seat #6 
Zzzanderman: folds 
Uncalled bet ($0.15) returned to rulezas
rulezas collected $0.35 from pot
*** SUMMARY ***
Total pot $0.37 | Rake $0.02 
Board [8d Kh 7d]
Seat 1: Dorex2007 (small blind) folded before Flop
Seat 2: benclarky1 (big blind) folded before Flop
Seat 3: papaduni66 folded on the Flop
Seat 4: Zzzanderman folded on the Flop
Seat 5: soldim327 folded before Flop (didn't bet)
Seat 7: vengeful 7 folded before Flop (didn't bet)
Seat 8: rulezas collected ($0.35)
Seat 9: LipeNA (button) folded before Flop (didn't bet)



PokerStars Hand #238716108704:  Hold'em No Limit ($0.02/$0.05 USD) - 2022/09/18 15:10:26 PT [2022/09/18 18:10:26 ET]
Table 'Leo III' 9-max Seat #1 is the button
Seat 1: Dorex2007 ($5.75 in chips) 
Seat 2: benclarky1 ($7.28 in chips) 
Seat 3: papaduni66 ($5.23 in chips) 
Seat 4: Zzzanderman ($5.26 in chips) 
Seat 5: soldim327 ($5.96 in chips) 
Seat 7: vengeful 7 ($1.57 in chips) 
Seat 8: rulezas ($7.65 in chips) 
Seat 9: LipeNA ($3.80 in chips) 
benclarky1: posts small blind $0.02
papaduni66: posts big blind $0.05
jpthereaper6: sits out 
*** HOLE CARDS ***
Dealt to Dorex2007 [2h Ts]
Zzzanderman: folds 
soldim327: folds 
vengeful 7: folds 
rulezas: folds 
vengeful 7 leaves the table
LipeNA: raises $0.05 to $0.10
Dorex2007: folds 
benclarky1: folds 
papaduni66: folds 
Uncalled bet ($0.05) returned to LipeNA
LipeNA collected $0.12 from pot
LipeNA: doesn't show hand 
*** SUMMARY ***
Total pot $0.12 | Rake $0 
Seat 1: Dorex2007 (button) folded before Flop (didn't bet)
Seat 2: benclarky1 (small blind) folded before Flop
Seat 3: papaduni66 (big blind) folded before Flop
Seat 4: Zzzanderman folded before Flop (didn't bet)
Seat 5: soldim327 folded before Flop (didn't bet)
Seat 7: vengeful 7 folded before Flop (didn't bet)
Seat 8: rulezas folded before Flop (didn't bet)
Seat 9: LipeNA collected ($0.12)



PokerStars Hand #238716119055:  Hold'em No Limit ($0.02/$0.05 USD) - 2022/09/18 15:10:53 PT [2022/09/18 18:10:53 ET]
Table 'Leo III' 9-max Seat #2 is the button
Seat 1: Dorex2007 ($5.75 in chips) 
Seat 2: benclarky1 ($7.26 in chips) 
Seat 3: papaduni66 ($5.18 in chips) 
Seat 4: Zzzanderman ($5.26 in chips) 
Seat 5: soldim327 ($5.96 in chips) 
Seat 8: rulezas ($7.65 in chips) 
Seat 9: LipeNA ($3.87 in chips) 
papaduni66: posts small blind $0.02
Zzzanderman: posts big blind $0.05
jpthereaper6: sits out 
*** HOLE CARDS ***
Dealt to Dorex2007 [Th Qd]
soldim327: folds 
rulezas: raises $0.05 to $0.10
LipeNA: folds 
Dorex2007: folds 
benclarky1: folds 
papaduni66: calls $0.08
Zzzanderman: folds 
*** FLOP *** [8d 4c Jd]
NeverPlay4Fun joins the table at seat #7 
papaduni66: checks 
rulezas: bets $0.10
papaduni66: calls $0.10
*** TURN *** [8d 4c Jd] [Qh]
papaduni66: checks 
rulezas: checks 
*** RIVER *** [8d 4c Jd Qh] [Ks]
papaduni66: bets $0.32
rulezas: folds 
Uncalled bet ($0.32) returned to papaduni66
papaduni66 collected $0.43 from pot
*** SUMMARY ***
Total pot $0.45 | Rake $0.02 
Board [8d 4c Jd Qh Ks]
Seat 1: Dorex2007 folded before Flop (didn't bet)
Seat 2: benclarky1 (button) folded before Flop (didn't bet)
Seat 3: papaduni66 (small blind) collected ($0.43)
Seat 4: Zzzanderman (big blind) folded before Flop
Seat 5: soldim327 folded before Flop (didn't bet)
Seat 8: rulezas folded on the River
Seat 9: LipeNA folded before Flop (didn't bet)



PokerStars Hand #238716139343:  Hold'em No Limit ($0.02/$0.05 USD) - 2022/09/18 15:11:48 PT [2022/09/18 18:11:48 ET]
Table 'Leo III' 9-max Seat #3 is the button
Seat 1: Dorex2007 ($5.75 in chips) 
Seat 2: benclarky1 ($7.26 in chips) 
Seat 3: papaduni66 ($5.41 in chips) 
Seat 4: Zzzanderman ($5.21 in chips) 
Seat 5: soldim327 ($5.96 in chips) 
Seat 8: rulezas ($7.45 in chips) 
Seat 9: LipeNA ($3.87 in chips) 
Zzzanderman: posts small blind $0.02
soldim327: posts big blind $0.05
jpthereaper6: sits out 
NeverPlay4Fun: sits out 
*** HOLE CARDS ***
Dealt to Dorex2007 [3s Ts]
rulezas: folds 
LipeNA: raises $0.05 to $0.10
Dorex2007: folds 
benclarky1: folds 
papaduni66: calls $0.10
Zzzanderman: folds 
soldim327: folds 
*** FLOP *** [Kc Jd 2s]
LipeNA: bets $0.13
papaduni66: calls $0.13
*** TURN *** [Kc Jd 2s] [3d]
LipeNA: checks 
papaduni66: checks 
*** RIVER *** [Kc Jd 2s 3d] [2h]
LipeNA: checks 
papaduni66: checks 
*** SHOW DOWN ***
LipeNA: shows [Qh Td] (a pair of Deuces)
papaduni66: shows [8c Qc] (a pair of Deuces)
LipeNA collected $0.26 from pot
papaduni66 collected $0.25 from pot
*** SUMMARY ***
Total pot $0.53 | Rake $0.02 
Board [Kc Jd 2s 3d 2h]
Seat 1: Dorex2007 folded before Flop (didn't bet)
Seat 2: benclarky1 folded before Flop (didn't bet)
Seat 3: papaduni66 (button) showed [8c Qc] and won ($0.25) with a pair of Deuces
Seat 4: Zzzanderman (small blind) folded before Flop
Seat 5: soldim327 (big blind) folded before Flop
Seat 8: rulezas folded before Flop (didn't bet)
Seat 9: LipeNA showed [Qh Td] and won ($0.26) with a pair of Deuces



PokerStars Hand #238716174783:  Hold'em No Limit ($0.02/$0.05 USD) - 2022/09/18 15:13:22 PT [2022/09/18 18:13:22 ET]
Table 'Leo III' 9-max Seat #4 is the button
Seat 1: Dorex2007 ($5.75 in chips) 
Seat 2: benclarky1 ($7.26 in chips) 
Seat 3: papaduni66 ($5.43 in chips) 
Seat 4: Zzzanderman ($5.19 in chips) 
Seat 5: soldim327 ($5.91 in chips) 
Seat 6: jpthereaper6 ($5 in chips) 
Seat 9: LipeNA ($3.90 in chips) 
soldim327: posts small blind $0.02
jpthereaper6: posts big blind $0.05
NeverPlay4Fun: sits out 
*** HOLE CARDS ***
Dealt to Dorex2007 [Ks Qs]
LipeNA: folds 
Dorex2007: calls $0.05
benclarky1: folds 
papaduni66: calls $0.05
Zzzanderman: calls $0.05
soldim327: folds 
jpthereaper6: checks 
*** FLOP *** [4h 2c 9c]
jpthereaper6: checks 
Dorex2007: checks 
papaduni66: bets $0.07
Zzzanderman: folds 
jpthereaper6: folds 
Dorex2007: folds 
Uncalled bet ($0.07) returned to papaduni66
papaduni66 collected $0.21 from pot
*** SUMMARY ***
Total pot $0.22 | Rake $0.01 
Board [4h 2c 9c]
Seat 1: Dorex2007 folded on the Flop
Seat 2: benclarky1 folded before Flop (didn't bet)
Seat 3: papaduni66 collected ($0.21)
Seat 4: Zzzanderman (button) folded on the Flop
Seat 5: soldim327 (small blind) folded before Flop
Seat 6: jpthereaper6 (big blind) folded on the Flop
Seat 9: LipeNA folded before Flop (didn't bet)



PokerStars Hand #238716196765:  Hold'em No Limit ($0.02/$0.05 USD) - 2022/09/18 15:14:21 PT [2022/09/18 18:14:21 ET]
Table 'Leo III' 9-max Seat #5 is the button
Seat 1: Dorex2007 ($5.70 in chips) 
Seat 2: benclarky1 ($7.26 in chips) 
Seat 3: papaduni66 ($5.59 in chips) 
Seat 4: Zzzanderman ($5.14 in chips) 
Seat 5: soldim327 ($5.89 in chips) 
Seat 6: jpthereaper6 ($4.95 in chips) 
Seat 7: NeverPlay4Fun ($5 in chips) 
Seat 9: LipeNA ($3.90 in chips) 
jpthereaper6: posts small blind $0.02
NeverPlay4Fun: posts big blind $0.05
*** HOLE CARDS ***
Dealt to Dorex2007 [Jd 6c]
LipeNA: raises $0.05 to $0.10
Dorex2007: folds 
benclarky1: folds 
papaduni66: folds 
Zzzanderman: folds 
soldim327: folds 
jpthereaper6: folds 
NeverPlay4Fun: folds 
Uncalled bet ($0.05) returned to LipeNA
LipeNA collected $0.12 from pot
LipeNA: doesn't show hand 
*** SUMMARY ***
Total pot $0.12 | Rake $0 
Seat 1: Dorex2007 folded before Flop (didn't bet)
Seat 2: benclarky1 folded before Flop (didn't bet)
Seat 3: papaduni66 folded before Flop (didn't bet)
Seat 4: Zzzanderman folded before Flop (didn't bet)
Seat 5: soldim327 (button) folded before Flop (didn't bet)
Seat 6: jpthereaper6 (small blind) folded before Flop
Seat 7: NeverPlay4Fun (big blind) folded before Flop
Seat 9: LipeNA collected ($0.12)



PokerStars Hand #238716207839:  Hold'em No Limit ($0.02/$0.05 USD) - 2022/09/18 15:14:50 PT [2022/09/18 18:14:50 ET]
Table 'Leo III' 9-max Seat #6 is the button
Seat 1: Dorex2007 ($5.70 in chips) 
Seat 2: benclarky1 ($7.26 in chips) 
Seat 3: papaduni66 ($5.59 in chips) 
Seat 4: Zzzanderman ($5.14 in chips) 
Seat 5: soldim327 ($5.89 in chips) 
Seat 6: jpthereaper6 ($4.93 in chips) 
Seat 7: NeverPlay4Fun ($5 in chips) 
Seat 9: LipeNA ($3.97 in chips) 
NeverPlay4Fun: posts small blind $0.02
LipeNA: posts big blind $0.05
*** HOLE CARDS ***
Dealt to Dorex2007 [2h 9s]
Dorex2007: folds 
benclarky1: folds 
papaduni66: raises $0.05 to $0.10
Zzzanderman: folds 
soldim327: folds 
jpthereaper6: folds 
NeverPlay4Fun: folds 
LipeNA: raises $0.20 to $0.30
papaduni66: calls $0.20
*** FLOP *** [As 2s Js]
LipeNA: bets $0.30
papaduni66: calls $0.30
*** TURN *** [As 2s Js] [Th]
NeverPlay4Fun leaves the table
LipeNA: bets $0.58
leocard83 joins the table at seat #7 
papaduni66: calls $0.58
*** RIVER *** [As 2s Js Th] [7s]
LipeNA: checks 
papaduni66: checks 
*** SHOW DOWN ***
LipeNA: shows [Kd Ah] (a pair of Aces)
papaduni66: mucks hand 
LipeNA collected $2.28 from pot
*** SUMMARY ***
Total pot $2.38 | Rake $0.10 
Board [As 2s Js Th 7s]
Seat 1: Dorex2007 folded before Flop (didn't bet)
Seat 2: benclarky1 folded before Flop (didn't bet)
Seat 3: papaduni66 mucked [6c Ac]
Seat 4: Zzzanderman folded before Flop (didn't bet)
Seat 5: soldim327 folded before Flop (didn't bet)
Seat 6: jpthereaper6 (button) folded before Flop (didn't bet)
Seat 7: NeverPlay4Fun (small blind) folded before Flop
Seat 9: LipeNA (big blind) showed [Kd Ah] and won ($2.28) with a pair of Aces



PokerStars Hand #238716235308:  Hold'em No Limit ($0.02/$0.05 USD) - 2022/09/18 15:16:04 PT [2022/09/18 18:16:04 ET]
Table 'Leo III' 9-max Seat #9 is the button
Seat 1: Dorex2007 ($5.70 in chips) 
Seat 2: benclarky1 ($7.26 in chips) 
Seat 3: papaduni66 ($4.41 in chips) 
Seat 4: Zzzanderman ($5.14 in chips) 
Seat 5: soldim327 ($5.89 in chips) 
Seat 6: jpthereaper6 ($4.93 in chips) 
Seat 9: LipeNA ($5.07 in chips) 
Dorex2007: posts small blind $0.02
benclarky1: posts big blind $0.05
leocard83: sits out 
*** HOLE CARDS ***
Dealt to Dorex2007 [9d 7d]
papaduni66: calls $0.05
Zzzanderman: folds 
soldim327: raises $0.17 to $0.22
jpthereaper6: calls $0.22
LipeNA: folds 
Dorex2007: folds 
benclarky1: folds 
papaduni66: folds 
*** FLOP *** [3c 6d 8h]
soldim327: checks 
jpthereaper6: checks 
*** TURN *** [3c 6d 8h] [Ad]
soldim327: bets $0.36
jpthereaper6: folds 
Uncalled bet ($0.36) returned to soldim327
soldim327 collected $0.54 from pot
soldim327: doesn't show hand 
*** SUMMARY ***
Total pot $0.56 | Rake $0.02 
Board [3c 6d 8h Ad]
Seat 1: Dorex2007 (small blind) folded before Flop
Seat 2: benclarky1 (big blind) folded before Flop
Seat 3: papaduni66 folded before Flop
Seat 4: Zzzanderman folded before Flop (didn't bet)
Seat 5: soldim327 collected ($0.54)
Seat 6: jpthereaper6 folded on the Turn
Seat 9: LipeNA (button) folded before Flop (didn't bet)



PokerStars Hand #238716256711:  Hold'em No Limit ($0.02/$0.05 USD) - 2022/09/18 15:17:03 PT [2022/09/18 18:17:03 ET]
Table 'Leo III' 9-max Seat #1 is the button
Seat 1: Dorex2007 ($5.68 in chips) 
Seat 2: benclarky1 ($7.21 in chips) 
Seat 3: papaduni66 ($4.36 in chips) 
Seat 4: Zzzanderman ($5.14 in chips) 
Seat 5: soldim327 ($6.21 in chips) 
Seat 6: jpthereaper6 ($4.71 in chips) 
Seat 9: LipeNA ($5.07 in chips) 
benclarky1: posts small blind $0.02
papaduni66: posts big blind $0.05
leocard83: sits out 
*** HOLE CARDS ***
Dealt to Dorex2007 [3s 9c]
Zzzanderman: folds 
soldim327: folds 
jpthereaper6: folds 
LipeNA: folds 
Dorex2007: folds 
benclarky1: folds 
Uncalled bet ($0.03) returned to papaduni66
papaduni66 collected $0.04 from pot
*** SUMMARY ***
Total pot $0.04 | Rake $0 
Seat 1: Dorex2007 (button) folded before Flop (didn't bet)
Seat 2: benclarky1 (small blind) folded before Flop
Seat 3: papaduni66 (big blind) collected ($0.04)
Seat 4: Zzzanderman folded before Flop (didn't bet)
Seat 5: soldim327 folded before Flop (didn't bet)
Seat 6: jpthereaper6 folded before Flop (didn't bet)
Seat 9: LipeNA folded before Flop (didn't bet)



PokerStars Hand #238716267497:  Hold'em No Limit ($0.02/$0.05 USD) - 2022/09/18 15:17:33 PT [2022/09/18 18:17:33 ET]
Table 'Leo III' 9-max Seat #2 is the button
Seat 1: Dorex2007 ($5.68 in chips) 
Seat 2: benclarky1 ($7.19 in chips) 
Seat 3: papaduni66 ($4.38 in chips) 
Seat 4: Zzzanderman ($5.14 in chips) 
Seat 5: soldim327 ($6.21 in chips) 
Seat 6: jpthereaper6 ($4.71 in chips) 
Seat 9: LipeNA ($5.07 in chips) 
papaduni66: posts small blind $0.02
Zzzanderman: posts big blind $0.05
leocard83: sits out 
*** HOLE CARDS ***
Dealt to Dorex2007 [2s Tc]
soldim327: folds 
jpthereaper6: folds 
LipeNA: raises $0.05 to $0.10
Dorex2007: folds 
benclarky1: calls $0.10
papaduni66: calls $0.08
Zzzanderman: folds 
*** FLOP *** [Qh 5c Jh]
papaduni66: bets $0.19
LipeNA: folds 
benclarky1: calls $0.19
*** TURN *** [Qh 5c Jh] [5s]
papaduni66: bets $0.23
benclarky1: calls $0.23
*** RIVER *** [Qh 5c Jh 5s] [As]
papaduni66: bets $0.38
benclarky1: calls $0.38
*** SHOW DOWN ***
papaduni66: shows [Qs 9d] (two pair, Queens and Fives)
benclarky1: shows [Qd Td] (two pair, Queens and Fives)
papaduni66 collected $0.94 from pot
benclarky1 collected $0.93 from pot
*** SUMMARY ***
Total pot $1.95 | Rake $0.08 
Board [Qh 5c Jh 5s As]
Seat 1: Dorex2007 folded before Flop (didn't bet)
Seat 2: benclarky1 (button) showed [Qd Td] and won ($0.93) with two pair, Queens and Fives
Seat 3: papaduni66 (small blind) showed [Qs 9d] and won ($0.94) with two pair, Queens and Fives
Seat 4: Zzzanderman (big blind) folded before Flop
Seat 5: soldim327 folded before Flop (didn't bet)
Seat 6: jpthereaper6 folded before Flop (didn't bet)
Seat 9: LipeNA folded on the Flop



PokerStars Hand #238716289331:  Hold'em No Limit ($0.02/$0.05 USD) - 2022/09/18 15:18:32 PT [2022/09/18 18:18:32 ET]
Table 'Leo III' 9-max Seat #3 is the button
Seat 1: Dorex2007 ($5.68 in chips) 
Seat 2: benclarky1 ($7.22 in chips) 
Seat 3: papaduni66 ($4.42 in chips) 
Seat 4: Zzzanderman ($5.09 in chips) 
Seat 5: soldim327 ($6.21 in chips) 
Seat 6: jpthereaper6 ($4.71 in chips) 
Seat 9: LipeNA ($4.97 in chips) 
Zzzanderman: posts small blind $0.02
soldim327: posts big blind $0.05
leocard83: sits out 
*** HOLE CARDS ***
Dealt to Dorex2007 [9h 6s]
jpthereaper6: raises $0.10 to $0.15
LipeNA: folds 
Dorex2007: folds 
benclarky1: folds 
papaduni66: calls $0.15
Zzzanderman: folds 
soldim327: calls $0.10
*** FLOP *** [6c 9d Qc]
soldim327: checks 
jpthereaper6: checks 
papaduni66: checks 
*** TURN *** [6c 9d Qc] [3s]
soldim327: checks 
jpthereaper6: bets $0.15
papaduni66: calls $0.15
soldim327: calls $0.15
*** RIVER *** [6c 9d Qc 3s] [2d]
soldim327: checks 
jpthereaper6: bets $0.60
papaduni66: folds 
soldim327: folds 
Uncalled bet ($0.60) returned to jpthereaper6
jpthereaper6 collected $0.88 from pot
jpthereaper6: doesn't show hand 
*** SUMMARY ***
Total pot $0.92 | Rake $0.04 
Board [6c 9d Qc 3s 2d]
Seat 1: Dorex2007 folded before Flop (didn't bet)
Seat 2: benclarky1 folded before Flop (didn't bet)
Seat 3: papaduni66 (button) folded on the River
Seat 4: Zzzanderman (small blind) folded before Flop
Seat 5: soldim327 (big blind) folded on the River
Seat 6: jpthereaper6 collected ($0.88)
Seat 9: LipeNA folded before Flop (didn't bet)



PokerStars Hand #238716319494:  Hold'em No Limit ($0.02/$0.05 USD) - 2022/09/18 15:19:55 PT [2022/09/18 18:19:55 ET]
Table 'Leo III' 9-max Seat #4 is the button
Seat 1: Dorex2007 ($5.68 in chips) 
Seat 2: benclarky1 ($7.22 in chips) 
Seat 3: papaduni66 ($4.12 in chips) 
Seat 4: Zzzanderman ($5.07 in chips) 
Seat 5: soldim327 ($5.91 in chips) 
Seat 6: jpthereaper6 ($5.29 in chips) 
Seat 9: LipeNA ($4.97 in chips) 
soldim327: posts small blind $0.02
jpthereaper6: posts big blind $0.05
leocard83: sits out 
*** HOLE CARDS ***
Dealt to Dorex2007 [Ts Qc]
LipeNA: folds 
Dorex2007: folds 
benclarky1: folds 
papaduni66: raises $0.05 to $0.10
Zzzanderman: calls $0.10
soldim327: folds 
jpthereaper6: folds 
*** FLOP *** [9h 5d Ad]
papaduni66: bets $0.09
Zzzanderman: folds 
Uncalled bet ($0.09) returned to papaduni66
papaduni66 collected $0.26 from pot
*** SUMMARY ***
Total pot $0.27 | Rake $0.01 
Board [9h 5d Ad]
Seat 1: Dorex2007 folded before Flop (didn't bet)
Seat 2: benclarky1 folded before Flop (didn't bet)
Seat 3: papaduni66 collected ($0.26)
Seat 4: Zzzanderman (button) folded on the Flop
Seat 5: soldim327 (small blind) folded before Flop
Seat 6: jpthereaper6 (big blind) folded before Flop
Seat 9: LipeNA folded before Flop (didn't bet)



PokerStars Hand #238716330263:  Hold'em No Limit ($0.02/$0.05 USD) - 2022/09/18 15:20:25 PT [2022/09/18 18:20:25 ET]
Table 'Leo III' 9-max Seat #5 is the button
Seat 1: Dorex2007 ($5.68 in chips) 
Seat 2: benclarky1 ($7.22 in chips) 
Seat 3: papaduni66 ($4.28 in chips) 
Seat 4: Zzzanderman ($4.97 in chips) 
Seat 5: soldim327 ($5.89 in chips) 
Seat 6: jpthereaper6 ($5.24 in chips) 
Seat 7: leocard83 ($5 in chips) 
Seat 9: LipeNA ($4.97 in chips) 
jpthereaper6: posts small blind $0.02
leocard83: posts big blind $0.05
*** HOLE CARDS ***
Dealt to Dorex2007 [7d 2c]
LipeNA: folds 
Dorex2007: folds 
benclarky1: folds 
papaduni66: folds 
Zzzanderman: folds 
soldim327: folds 
jpthereaper6: folds 
Uncalled bet ($0.03) returned to leocard83
leocard83 collected $0.04 from pot
leocard83: doesn't show hand 
*** SUMMARY ***
Total pot $0.04 | Rake $0 
Seat 1: Dorex2007 folded before Flop (didn't bet)
Seat 2: benclarky1 folded before Flop (didn't bet)
Seat 3: papaduni66 folded before Flop (didn't bet)
Seat 4: Zzzanderman folded before Flop (didn't bet)
Seat 5: soldim327 (button) folded before Flop (didn't bet)
Seat 6: jpthereaper6 (small blind) folded before Flop
Seat 7: leocard83 (big blind) collected ($0.04)
Seat 9: LipeNA folded before Flop (didn't bet)



PokerStars Hand #238716337724:  Hold'em No Limit ($0.02/$0.05 USD) - 2022/09/18 15:20:46 PT [2022/09/18 18:20:46 ET]
Table 'Leo III' 9-max Seat #6 is the button
Seat 1: Dorex2007 ($5.68 in chips) 
Seat 2: benclarky1 ($7.22 in chips) 
Seat 3: papaduni66 ($4.28 in chips) 
Seat 4: Zzzanderman ($4.97 in chips) 
Seat 5: soldim327 ($5.89 in chips) 
Seat 6: jpthereaper6 ($5.22 in chips) 
Seat 7: leocard83 ($5.02 in chips) 
Seat 9: LipeNA ($4.97 in chips) 
leocard83: posts small blind $0.02
LipeNA: posts big blind $0.05
*** HOLE CARDS ***
Dealt to Dorex2007 [7d 4c]
Dorex2007: folds 
benclarky1: folds 
papaduni66: raises $0.05 to $0.10
Zzzanderman: folds 
soldim327: folds 
jpthereaper6: raises $0.05 to $0.15
leocard83: folds 
LipeNA: folds 
papaduni66: calls $0.05
*** FLOP *** [Js 4d Jd]
papaduni66: checks 
jpthereaper6: checks 
*** TURN *** [Js 4d Jd] [7c]
papaduni66: checks 
jpthereaper6: checks 
*** RIVER *** [Js 4d Jd 7c] [4h]
papaduni66: bets $0.05
jpthereaper6: calls $0.05
*** SHOW DOWN ***
papaduni66: shows [9s Kh] (two pair, Jacks and Fours)
jpthereaper6: shows [Ad Kc] (two pair, Jacks and Fours - Ace kicker)
jpthereaper6 collected $0.45 from pot
*** SUMMARY ***
Total pot $0.47 | Rake $0.02 
Board [Js 4d Jd 7c 4h]
Seat 1: Dorex2007 folded before Flop (didn't bet)
Seat 2: benclarky1 folded before Flop (didn't bet)
Seat 3: papaduni66 showed [9s Kh] and lost with two pair, Jacks and Fours
Seat 4: Zzzanderman folded before Flop (didn't bet)
Seat 5: soldim327 folded before Flop (didn't bet)
Seat 6: jpthereaper6 (button) showed [Ad Kc] and won ($0.45) with two pair, Jacks and Fours
Seat 7: leocard83 (small blind) folded before Flop
Seat 9: LipeNA (big blind) folded before Flop



PokerStars Hand #238716359886:  Hold'em No Limit ($0.02/$0.05 USD) - 2022/09/18 15:21:48 PT [2022/09/18 18:21:48 ET]
Table 'Leo III' 9-max Seat #7 is the button
Seat 1: Dorex2007 ($5.68 in chips) 
Seat 2: benclarky1 ($7.22 in chips) 
Seat 3: papaduni66 ($4.08 in chips) 
Seat 4: Zzzanderman ($4.97 in chips) 
Seat 5: soldim327 ($5.89 in chips) 
Seat 6: jpthereaper6 ($5.47 in chips) 
Seat 7: leocard83 ($5 in chips) 
Seat 9: LipeNA ($4.92 in chips) 
LipeNA: posts small blind $0.02
Dorex2007: posts big blind $0.05
*** HOLE CARDS ***
Dealt to Dorex2007 [3h Kd]
benclarky1: folds 
papaduni66: folds 
Zzzanderman: folds 
soldim327: folds 
jpthereaper6: folds 
leocard83: raises $0.10 to $0.15
LipeNA: folds 
Dorex2007: folds 
Uncalled bet ($0.10) returned to leocard83
leocard83 collected $0.12 from pot
leocard83: doesn't show hand 
*** SUMMARY ***
Total pot $0.12 | Rake $0 
Seat 1: Dorex2007 (big blind) folded before Flop
Seat 2: benclarky1 folded before Flop (didn't bet)
Seat 3: papaduni66 folded before Flop (didn't bet)
Seat 4: Zzzanderman folded before Flop (didn't bet)
Seat 5: soldim327 folded before Flop (didn't bet)
Seat 6: jpthereaper6 folded before Flop (didn't bet)
Seat 7: leocard83 (button) collected ($0.12)
Seat 9: LipeNA (small blind) folded before Flop



PokerStars Hand #238716368029:  Hold'em No Limit ($0.02/$0.05 USD) - 2022/09/18 15:22:11 PT [2022/09/18 18:22:11 ET]
Table 'Leo III' 9-max Seat #9 is the button
Seat 1: Dorex2007 ($5.63 in chips) 
Seat 2: benclarky1 ($7.22 in chips) 
Seat 3: papaduni66 ($4.08 in chips) 
Seat 4: Zzzanderman ($4.97 in chips) 
Seat 5: soldim327 ($5.89 in chips) 
Seat 6: jpthereaper6 ($5.47 in chips) 
Seat 7: leocard83 ($5.07 in chips) 
Seat 9: LipeNA ($4.90 in chips) 
Dorex2007: posts small blind $0.02
benclarky1: posts big blind $0.05
*** HOLE CARDS ***
Dealt to Dorex2007 [6h 7d]
papaduni66: folds 
Zzzanderman: folds 
soldim327: folds 
jpthereaper6: calls $0.05
leocard83: folds 
LipeNA: folds 
Dorex2007: folds 
benclarky1: raises $0.20 to $0.25
jpthereaper6: folds 
Uncalled bet ($0.20) returned to benclarky1
benclarky1 collected $0.12 from pot
benclarky1: doesn't show hand 
*** SUMMARY ***
Total pot $0.12 | Rake $0 
Seat 1: Dorex2007 (small blind) folded before Flop
Seat 2: benclarky1 (big blind) collected ($0.12)
Seat 3: papaduni66 folded before Flop (didn't bet)
Seat 4: Zzzanderman folded before Flop (didn't bet)
Seat 5: soldim327 folded before Flop (didn't bet)
Seat 6: jpthereaper6 folded before Flop
Seat 7: leocard83 folded before Flop (didn't bet)
Seat 9: LipeNA (button) folded before Flop (didn't bet)



PokerStars Hand #238716381174:  Hold'em No Limit ($0.02/$0.05 USD) - 2022/09/18 15:22:47 PT [2022/09/18 18:22:47 ET]
Table 'Leo III' 9-max Seat #1 is the button
Seat 1: Dorex2007 ($5.61 in chips) 
Seat 2: benclarky1 ($7.29 in chips) 
Seat 3: papaduni66 ($4.08 in chips) 
Seat 4: Zzzanderman ($4.97 in chips) 
Seat 5: soldim327 ($5.89 in chips) 
Seat 6: jpthereaper6 ($5.42 in chips) 
Seat 7: leocard83 ($5.07 in chips) 
Seat 9: LipeNA ($4.90 in chips) 
benclarky1: posts small blind $0.02
papaduni66: posts big blind $0.05
*** HOLE CARDS ***
Dealt to Dorex2007 [Ah 8s]
Zzzanderman: folds 
soldim327: folds 
jpthereaper6: folds 
leocard83: raises $0.10 to $0.15
LipeNA: folds 
Dorex2007: folds 
benclarky1: raises $0.40 to $0.55
papaduni66: folds 
leocard83: folds 
Uncalled bet ($0.40) returned to benclarky1
benclarky1 collected $0.35 from pot
benclarky1: doesn't show hand 
*** SUMMARY ***
Total pot $0.35 | Rake $0 
Seat 1: Dorex2007 (button) folded before Flop (didn't bet)
Seat 2: benclarky1 (small blind) collected ($0.35)
Seat 3: papaduni66 (big blind) folded before Flop
Seat 4: Zzzanderman folded before Flop (didn't bet)
Seat 5: soldim327 folded before Flop (didn't bet)
Seat 6: jpthereaper6 folded before Flop (didn't bet)
Seat 7: leocard83 folded before Flop
Seat 9: LipeNA folded before Flop (didn't bet)



PokerStars Hand #238716394603:  Hold'em No Limit ($0.02/$0.05 USD) - 2022/09/18 15:23:25 PT [2022/09/18 18:23:25 ET]
Table 'Leo III' 9-max Seat #2 is the button
Seat 1: Dorex2007 ($5.61 in chips) 
Seat 2: benclarky1 ($7.49 in chips) 
Seat 3: papaduni66 ($4.03 in chips) 
Seat 4: Zzzanderman ($4.97 in chips) 
Seat 5: soldim327 ($5.89 in chips) 
Seat 6: jpthereaper6 ($5.42 in chips) 
Seat 7: leocard83 ($4.92 in chips) 
Seat 9: LipeNA ($4.90 in chips) 
papaduni66: posts small blind $0.02
Zzzanderman: posts big blind $0.05
*** HOLE CARDS ***
Dealt to Dorex2007 [3c 9c]
soldim327: folds 
jpthereaper6: folds 
leocard83: folds 
LipeNA: folds 
Dorex2007: folds 
benclarky1: folds 
papaduni66: folds 
Uncalled bet ($0.03) returned to Zzzanderman
Zzzanderman collected $0.04 from pot
Zzzanderman: doesn't show hand 
*** SUMMARY ***
Total pot $0.04 | Rake $0 
Seat 1: Dorex2007 folded before Flop (didn't bet)
Seat 2: benclarky1 (button) folded before Flop (didn't bet)
Seat 3: papaduni66 (small blind) folded before Flop
Seat 4: Zzzanderman (big blind) collected ($0.04)
Seat 5: soldim327 folded before Flop (didn't bet)
Seat 6: jpthereaper6 folded before Flop (didn't bet)
Seat 7: leocard83 folded before Flop (didn't bet)
Seat 9: LipeNA folded before Flop (didn't bet)



PokerStars Hand #238716400016:  Hold'em No Limit ($0.02/$0.05 USD) - 2022/09/18 15:23:41 PT [2022/09/18 18:23:41 ET]
Table 'Leo III' 9-max Seat #3 is the button
Seat 1: Dorex2007 ($5.61 in chips) 
Seat 2: benclarky1 ($7.49 in chips) 
Seat 3: papaduni66 ($4.01 in chips) 
Seat 4: Zzzanderman ($4.99 in chips) 
Seat 5: soldim327 ($5.89 in chips) 
Seat 6: jpthereaper6 ($5.42 in chips) 
Seat 7: leocard83 ($4.92 in chips) 
Seat 9: LipeNA ($4.90 in chips) 
Zzzanderman: posts small blind $0.02
soldim327: posts big blind $0.05
*** HOLE CARDS ***
Dealt to Dorex2007 [8s Qh]
jpthereaper6: folds 
leocard83: raises $0.10 to $0.15
LipeNA: folds 
Dorex2007: folds 
benclarky1: folds 
papaduni66: raises $0.10 to $0.25
Zzzanderman: folds 
soldim327: calls $0.20
leocard83: calls $0.10
*** FLOP *** [Js 9c 4d]
soldim327: checks 
leocard83: checks 
papaduni66: bets $0.56
soldim327: folds 
leocard83: folds 
Uncalled bet ($0.56) returned to papaduni66
papaduni66 collected $0.74 from pot
*** SUMMARY ***
Total pot $0.77 | Rake $0.03 
Board [Js 9c 4d]
Seat 1: Dorex2007 folded before Flop (didn't bet)
Seat 2: benclarky1 folded before Flop (didn't bet)
Seat 3: papaduni66 (button) collected ($0.74)
Seat 4: Zzzanderman (small blind) folded before Flop
Seat 5: soldim327 (big blind) folded on the Flop
Seat 6: jpthereaper6 folded before Flop (didn't bet)
Seat 7: leocard83 folded on the Flop
Seat 9: LipeNA folded before Flop (didn't bet)



PokerStars Hand #238716421609:  Hold'em No Limit ($0.02/$0.05 USD) - 2022/09/18 15:24:42 PT [2022/09/18 18:24:42 ET]
Table 'Leo III' 9-max Seat #4 is the button
Seat 1: Dorex2007 ($5.61 in chips) 
Seat 2: benclarky1 ($7.49 in chips) 
Seat 3: papaduni66 ($4.50 in chips) 
Seat 4: Zzzanderman ($4.97 in chips) 
Seat 5: soldim327 ($5.64 in chips) 
Seat 6: jpthereaper6 ($5.42 in chips) 
Seat 7: leocard83 ($4.67 in chips) 
Seat 9: LipeNA ($4.90 in chips) 
soldim327: posts small blind $0.02
jpthereaper6: posts big blind $0.05
*** HOLE CARDS ***
Dealt to Dorex2007 [Ts 4d]
leocard83: folds 
LipeNA: folds 
Dorex2007: folds 
benclarky1: folds 
papaduni66: calls $0.05
Zzzanderman: folds 
soldim327: folds 
jpthereaper6: checks 
*** FLOP *** [Kc 9d Ac]
jpthereaper6: checks 
papaduni66: bets $0.07
jpthereaper6: raises $0.07 to $0.14
papaduni66: calls $0.07
*** TURN *** [Kc 9d Ac] [Js]
jpthereaper6: bets $0.35
papaduni66: folds 
Uncalled bet ($0.35) returned to jpthereaper6
jpthereaper6 collected $0.38 from pot
jpthereaper6: doesn't show hand 
*** SUMMARY ***
Total pot $0.40 | Rake $0.02 
Board [Kc 9d Ac Js]
Seat 1: Dorex2007 folded before Flop (didn't bet)
Seat 2: benclarky1 folded before Flop (didn't bet)
Seat 3: papaduni66 folded on the Turn
Seat 4: Zzzanderman (button) folded before Flop (didn't bet)
Seat 5: soldim327 (small blind) folded before Flop
Seat 6: jpthereaper6 (big blind) collected ($0.38)
Seat 7: leocard83 folded before Flop (didn't bet)
Seat 9: LipeNA folded before Flop (didn't bet)



PokerStars Hand #238716443649:  Hold'em No Limit ($0.02/$0.05 USD) - 2022/09/18 15:25:45 PT [2022/09/18 18:25:45 ET]
Table 'Leo III' 9-max Seat #5 is the button
Seat 1: Dorex2007 ($5.61 in chips) 
Seat 2: benclarky1 ($7.49 in chips) 
Seat 3: papaduni66 ($4.31 in chips) 
Seat 4: Zzzanderman ($4.97 in chips) 
Seat 5: soldim327 ($5.62 in chips) 
Seat 6: jpthereaper6 ($5.61 in chips) 
Seat 7: leocard83 ($4.67 in chips) 
Seat 9: LipeNA ($4.90 in chips) 
jpthereaper6: posts small blind $0.02
leocard83: posts big blind $0.05
*** HOLE CARDS ***
Dealt to Dorex2007 [3s 2s]
LipeNA: folds 
Dorex2007: folds 
benclarky1: folds 
papaduni66: folds 
Zzzanderman: folds 
soldim327: raises $0.07 to $0.12
jpthereaper6: raises $0.07 to $0.19
leocard83: folds 
soldim327: calls $0.07
*** FLOP *** [7d 9s 7c]
jpthereaper6: bets $0.20
soldim327: folds 
Uncalled bet ($0.20) returned to jpthereaper6
jpthereaper6 collected $0.41 from pot
jpthereaper6: doesn't show hand 
*** SUMMARY ***
Total pot $0.43 | Rake $0.02 
Board [7d 9s 7c]
Seat 1: Dorex2007 folded before Flop (didn't bet)
Seat 2: benclarky1 folded before Flop (didn't bet)
Seat 3: papaduni66 folded before Flop (didn't bet)
Seat 4: Zzzanderman folded before Flop (didn't bet)
Seat 5: soldim327 (button) folded on the Flop
Seat 6: jpthereaper6 (small blind) collected ($0.41)
Seat 7: leocard83 (big blind) folded before Flop
Seat 9: LipeNA folded before Flop (didn't bet)



PokerStars Hand #238716454073:  Hold'em No Limit ($0.02/$0.05 USD) - 2022/09/18 15:26:15 PT [2022/09/18 18:26:15 ET]
Table 'Leo III' 9-max Seat #6 is the button
Seat 1: Dorex2007 ($5.61 in chips) 
Seat 2: benclarky1 ($7.49 in chips) 
Seat 3: papaduni66 ($4.31 in chips) 
Seat 4: Zzzanderman ($4.97 in chips) 
Seat 5: soldim327 ($5.43 in chips) 
Seat 6: jpthereaper6 ($5.83 in chips) 
Seat 7: leocard83 ($4.62 in chips) 
Seat 9: LipeNA ($4.90 in chips) 
leocard83: posts small blind $0.02
LipeNA: posts big blind $0.05
*** HOLE CARDS ***
Dealt to Dorex2007 [As Tc]
Dorex2007: folds 
benclarky1: folds 
papaduni66: folds 
Zzzanderman: folds 
soldim327: folds 
jpthereaper6: folds 
jpthereaper6 leaves the table
leocard83: raises $0.10 to $0.15
MoneyMaaker93 joins the table at seat #6 
MoneyMaaker93 leaves the table
LipeNA: folds 
Uncalled bet ($0.10) returned to leocard83
leocard83 collected $0.10 from pot
leocard83: doesn't show hand 
*** SUMMARY ***
Total pot $0.10 | Rake $0 
Seat 1: Dorex2007 folded before Flop (didn't bet)
Seat 2: benclarky1 folded before Flop (didn't bet)
Seat 3: papaduni66 folded before Flop (didn't bet)
Seat 4: Zzzanderman folded before Flop (didn't bet)
Seat 5: soldim327 folded before Flop (didn't bet)
Seat 6: jpthereaper6 (button) folded before Flop (didn't bet)
Seat 7: leocard83 (small blind) collected ($0.10)
Seat 9: LipeNA (big blind) folded before Flop



PokerStars Hand #238716465761:  Hold'em No Limit ($0.02/$0.05 USD) - 2022/09/18 15:26:49 PT [2022/09/18 18:26:49 ET]
Table 'Leo III' 9-max Seat #7 is the button
Seat 1: Dorex2007 ($5.61 in chips) 
Seat 2: benclarky1 ($7.49 in chips) 
Seat 3: papaduni66 ($4.31 in chips) 
Seat 4: Zzzanderman ($4.97 in chips) 
Seat 5: soldim327 ($5.43 in chips) 
Seat 7: leocard83 ($4.67 in chips) 
Seat 9: LipeNA ($4.85 in chips) 
LipeNA: posts small blind $0.02
Dorex2007: posts big blind $0.05
*** HOLE CARDS ***
Dealt to Dorex2007 [7h 5c]
benclarky1: folds 
papaduni66: folds 
Zzzanderman has timed out
Zzzanderman: folds 
soldim327: folds 
leocard83: raises $0.10 to $0.15
LipeNA: calls $0.13
Dorex2007: folds 
*** FLOP *** [2s 4h 2c]
LipeNA: checks 
leocard83: bets $0.17
LipeNA: folds 
Uncalled bet ($0.17) returned to leocard83
leocard83 collected $0.34 from pot
leocard83: doesn't show hand 
*** SUMMARY ***
Total pot $0.35 | Rake $0.01 
Board [2s 4h 2c]
Seat 1: Dorex2007 (big blind) folded before Flop
Seat 2: benclarky1 folded before Flop (didn't bet)
Seat 3: papaduni66 folded before Flop (didn't bet)
Seat 4: Zzzanderman folded before Flop (didn't bet)
Seat 5: soldim327 folded before Flop (didn't bet)
Seat 7: leocard83 (button) collected ($0.34)
Seat 9: LipeNA (small blind) folded on the Flop



PokerStars Hand #238716484477:  Hold'em No Limit ($0.02/$0.05 USD) - 2022/09/18 15:27:43 PT [2022/09/18 18:27:43 ET]
Table 'Leo III' 9-max Seat #9 is the button
Seat 1: Dorex2007 ($5.56 in chips) 
Seat 2: benclarky1 ($7.49 in chips) 
Seat 3: papaduni66 ($4.31 in chips) 
Seat 4: Zzzanderman ($4.97 in chips) 
Seat 5: soldim327 ($5.43 in chips) 
Seat 7: leocard83 ($4.86 in chips) 
Seat 9: LipeNA ($4.70 in chips) 
Dorex2007: posts small blind $0.02
benclarky1: posts big blind $0.05
*** HOLE CARDS ***
Dealt to Dorex2007 [8d Kc]
Chimpy111 joins the table at seat #6 
papaduni66: folds 
Zzzanderman: folds 
soldim327: folds 
leocard83: raises $0.10 to $0.15
LipeNA: folds 
Dorex2007: folds 
benclarky1: calls $0.10
*** FLOP *** [Td Tc Kd]
benclarky1: checks 
leocard83: checks 
*** TURN *** [Td Tc Kd] [As]
benclarky1: checks 
leocard83: bets $0.15
benclarky1: folds 
Uncalled bet ($0.15) returned to leocard83
leocard83 collected $0.31 from pot
leocard83: doesn't show hand 
*** SUMMARY ***
Total pot $0.32 | Rake $0.01 
Board [Td Tc Kd As]
Seat 1: Dorex2007 (small blind) folded before Flop
Seat 2: benclarky1 (big blind) folded on the Turn
Seat 3: papaduni66 folded before Flop (didn't bet)
Seat 4: Zzzanderman folded before Flop (didn't bet)
Seat 5: soldim327 folded before Flop (didn't bet)
Seat 7: leocard83 collected ($0.31)
Seat 9: LipeNA (button) folded before Flop (didn't bet)



PokerStars Hand #238716499647:  Hold'em No Limit ($0.02/$0.05 USD) - 2022/09/18 15:28:26 PT [2022/09/18 18:28:26 ET]
Table 'Leo III' 9-max Seat #1 is the button
Seat 1: Dorex2007 ($5.54 in chips) 
Seat 2: benclarky1 ($7.34 in chips) 
Seat 3: papaduni66 ($4.31 in chips) 
Seat 4: Zzzanderman ($4.97 in chips) 
Seat 5: soldim327 ($5.43 in chips) 
Seat 6: Chimpy111 ($5 in chips) 
Seat 7: leocard83 ($5.02 in chips) 
Seat 8: rulezas ($7.45 in chips) 
Seat 9: LipeNA ($4.70 in chips) 
benclarky1: posts small blind $0.02
papaduni66: posts big blind $0.05
Chimpy111: posts big blind $0.05
rulezas: posts small & big blinds $0.07
*** HOLE CARDS ***
Dealt to Dorex2007 [6c Kc]
Zzzanderman: folds 
soldim327: folds 
Chimpy111: checks 
leocard83: folds 
rulezas: checks 
LipeNA: folds 
Dorex2007: folds 
benclarky1: folds 
papaduni66: raises $0.05 to $0.10
Chimpy111: calls $0.05
rulezas: calls $0.05
*** FLOP *** [6s Ah 7d]
papaduni66: bets $0.11
Chimpy111: calls $0.11
rulezas: folds 
*** TURN *** [6s Ah 7d] [As]
papaduni66: bets $0.18
rulezas leaves the table
Chimpy111: calls $0.18
*** RIVER *** [6s Ah 7d As] [8h]
papaduni66: checks 
Chimpy111: bets $0.20
papaduni66: folds 
Uncalled bet ($0.20) returned to Chimpy111
Chimpy111 collected $0.88 from pot
*** SUMMARY ***
Total pot $0.92 | Rake $0.04 
Board [6s Ah 7d As 8h]
Seat 1: Dorex2007 (button) folded before Flop (didn't bet)
Seat 2: benclarky1 (small blind) folded before Flop
Seat 3: papaduni66 (big blind) folded on the River
Seat 4: Zzzanderman folded before Flop (didn't bet)
Seat 5: soldim327 folded before Flop (didn't bet)
Seat 6: Chimpy111 collected ($0.88)
Seat 7: leocard83 folded before Flop (didn't bet)
Seat 8: rulezas folded on the Flop
Seat 9: LipeNA folded before Flop (didn't bet)



PokerStars Hand #238716526376:  Hold'em No Limit ($0.02/$0.05 USD) - 2022/09/18 15:29:43 PT [2022/09/18 18:29:43 ET]
Table 'Leo III' 9-max Seat #2 is the button
Seat 1: Dorex2007 ($5.54 in chips) 
Seat 2: benclarky1 ($7.32 in chips) 
Seat 3: papaduni66 ($3.92 in chips) 
Seat 4: Zzzanderman ($4.97 in chips) 
Seat 5: soldim327 ($5.43 in chips) 
Seat 6: Chimpy111 ($5.49 in chips) 
Seat 7: leocard83 ($5.02 in chips) 
Seat 9: LipeNA ($4.70 in chips) 
papaduni66: posts small blind $0.02
Zzzanderman: posts big blind $0.05
*** HOLE CARDS ***
Dealt to Dorex2007 [5d Th]
soldim327: folds 
sjpenwarden joins the table at seat #8 
Chimpy111: raises $0.10 to $0.15
leocard83: folds 
LipeNA: folds 
Dorex2007: folds 
benclarky1: folds 
papaduni66: folds 
Zzzanderman: folds 
Uncalled bet ($0.10) returned to Chimpy111
Chimpy111 collected $0.12 from pot
*** SUMMARY ***
Total pot $0.12 | Rake $0 
Seat 1: Dorex2007 folded before Flop (didn't bet)
Seat 2: benclarky1 (button) folded before Flop (didn't bet)
Seat 3: papaduni66 (small blind) folded before Flop
Seat 4: Zzzanderman (big blind) folded before Flop
Seat 5: soldim327 folded before Flop (didn't bet)
Seat 6: Chimpy111 collected ($0.12)
Seat 7: leocard83 folded before Flop (didn't bet)
Seat 9: LipeNA folded before Flop (didn't bet)



PokerStars Hand #238716542665:  Hold'em No Limit ($0.02/$0.05 USD) - 2022/09/18 15:30:30 PT [2022/09/18 18:30:30 ET]
Table 'Leo III' 9-max Seat #3 is the button
Seat 1: Dorex2007 ($5.54 in chips) 
Seat 2: benclarky1 ($7.32 in chips) 
Seat 3: papaduni66 ($3.90 in chips) 
Seat 4: Zzzanderman ($4.92 in chips) 
Seat 6: Chimpy111 ($5.56 in chips) 
Seat 7: leocard83 ($5.02 in chips) 
Seat 8: sjpenwarden ($5 in chips) 
Seat 9: LipeNA ($4.70 in chips) 
Zzzanderman: posts small blind $0.02
soldim327: is sitting out 
Chimpy111: posts big blind $0.05
sjpenwarden: posts big blind $0.05
*** HOLE CARDS ***
Dealt to Dorex2007 [Kd 6s]
leocard83: calls $0.05
sjpenwarden: checks 
LipeNA: raises $0.20 to $0.25
Dorex2007: folds 
benclarky1: calls $0.25
papaduni66: folds 
Zzzanderman: folds 
Chimpy111: folds 
leocard83: folds 
sjpenwarden: folds 
*** FLOP *** [Qh Ks Kc]
LipeNA: checks 
benclarky1: checks 
*** TURN *** [Qh Ks Kc] [2s]
LipeNA: bets $0.32
benclarky1: calls $0.32
*** RIVER *** [Qh Ks Kc 2s] [7c]
LipeNA: checks 
benclarky1: checks 
*** SHOW DOWN ***
LipeNA: shows [9d 9c] (two pair, Kings and Nines)
benclarky1: mucks hand 
LipeNA collected $1.26 from pot
*** SUMMARY ***
Total pot $1.31 | Rake $0.05 
Board [Qh Ks Kc 2s 7c]
Seat 1: Dorex2007 folded before Flop (didn't bet)
Seat 2: benclarky1 mucked [3d 3s]
Seat 3: papaduni66 (button) folded before Flop (didn't bet)
Seat 4: Zzzanderman (small blind) folded before Flop
Seat 6: Chimpy111 (big blind) folded before Flop
Seat 7: leocard83 folded before Flop
Seat 8: sjpenwarden folded before Flop (didn't bet)
Seat 9: LipeNA showed [9d 9c] and won ($1.26) with two pair, Kings and Nines



PokerStars Hand #238716570884:  Hold'em No Limit ($0.02/$0.05 USD) - 2022/09/18 15:31:50 PT [2022/09/18 18:31:50 ET]
Table 'Leo III' 9-max Seat #4 is the button
Seat 1: Dorex2007 ($5.54 in chips) 
Seat 2: benclarky1 ($6.75 in chips) 
Seat 3: papaduni66 ($3.90 in chips) 
Seat 4: Zzzanderman ($4.90 in chips) 
Seat 6: Chimpy111 ($5.51 in chips) 
Seat 7: leocard83 ($4.97 in chips) 
Seat 8: sjpenwarden ($4.95 in chips) 
Seat 9: LipeNA ($5.39 in chips) 
Chimpy111: posts small blind $0.02
leocard83: posts big blind $0.05
*** HOLE CARDS ***
Dealt to Dorex2007 [6d 5s]
sjpenwarden: folds 
LipeNA: folds 
Dorex2007: folds 
benclarky1: folds 
papaduni66: folds 
Zzzanderman has timed out
Zzzanderman: folds 
Chimpy111: folds 
Uncalled bet ($0.03) returned to leocard83
leocard83 collected $0.04 from pot
leocard83: doesn't show hand 
*** SUMMARY ***
Total pot $0.04 | Rake $0 
Seat 1: Dorex2007 folded before Flop (didn't bet)
Seat 2: benclarky1 folded before Flop (didn't bet)
Seat 3: papaduni66 folded before Flop (didn't bet)
Seat 4: Zzzanderman (button) folded before Flop (didn't bet)
Seat 6: Chimpy111 (small blind) folded before Flop
Seat 7: leocard83 (big blind) collected ($0.04)
Seat 8: sjpenwarden folded before Flop (didn't bet)
Seat 9: LipeNA folded before Flop (didn't bet)



PokerStars Hand #238716581418:  Hold'em No Limit ($0.02/$0.05 USD) - 2022/09/18 15:32:21 PT [2022/09/18 18:32:21 ET]
Table 'Leo III' 9-max Seat #6 is the button
Seat 1: Dorex2007 ($5.54 in chips) 
Seat 2: benclarky1 ($6.75 in chips) 
Seat 3: papaduni66 ($3.90 in chips) 
Seat 6: Chimpy111 ($5.49 in chips) 
Seat 7: leocard83 ($4.99 in chips) 
Seat 8: sjpenwarden ($4.95 in chips) 
Seat 9: LipeNA ($5.39 in chips) 
leocard83: posts small blind $0.02
sjpenwarden: posts big blind $0.05
*** HOLE CARDS ***
Dealt to Dorex2007 [8h Th]
LipeNA: raises $0.05 to $0.10
Dorex2007: folds 
benclarky1: folds 
papaduni66: folds 
Chimpy111: folds 
leocard83: folds 
sjpenwarden: folds 
Uncalled bet ($0.05) returned to LipeNA
LipeNA collected $0.12 from pot
LipeNA: doesn't show hand 
*** SUMMARY ***
Total pot $0.12 | Rake $0 
Seat 1: Dorex2007 folded before Flop (didn't bet)
Seat 2: benclarky1 folded before Flop (didn't bet)
Seat 3: papaduni66 folded before Flop (didn't bet)
Seat 6: Chimpy111 (button) folded before Flop (didn't bet)
Seat 7: leocard83 (small blind) folded before Flop
Seat 8: sjpenwarden (big blind) folded before Flop
Seat 9: LipeNA collected ($0.12)



PokerStars Hand #238716586916:  Hold'em No Limit ($0.02/$0.05 USD) - 2022/09/18 15:32:37 PT [2022/09/18 18:32:37 ET]
Table 'Leo III' 9-max Seat #7 is the button
Seat 1: Dorex2007 ($5.54 in chips) 
Seat 2: benclarky1 ($6.75 in chips) 
Seat 3: papaduni66 ($3.90 in chips) 
Seat 4: Zzzanderman ($4.90 in chips) 
Seat 6: Chimpy111 ($5.49 in chips) 
Seat 7: leocard83 ($4.97 in chips) 
Seat 8: sjpenwarden ($4.90 in chips) 
Seat 9: LipeNA ($5.46 in chips) 
sjpenwarden: posts small blind $0.02
LipeNA: posts big blind $0.05
*** HOLE CARDS ***
Dealt to Dorex2007 [Tc Qc]
Dorex2007: folds 
benclarky1: folds 
papaduni66: folds 
Zzzanderman: folds 
Chimpy111: folds 
leocard83: raises $0.10 to $0.15
sjpenwarden: folds 
LipeNA: calls $0.10
*** FLOP *** [9h 4d Jd]
LipeNA: checks 
leocard83: checks 
*** TURN *** [9h 4d Jd] [8d]
LipeNA: bets $0.15
leocard83: calls $0.15
*** RIVER *** [9h 4d Jd 8d] [6c]
LipeNA: checks 
leocard83: checks 
*** SHOW DOWN ***
LipeNA: shows [9c 7s] (a pair of Nines)
leocard83: mucks hand 
LipeNA collected $0.59 from pot
*** SUMMARY ***
Total pot $0.62 | Rake $0.03 
Board [9h 4d Jd 8d 6c]
Seat 1: Dorex2007 folded before Flop (didn't bet)
Seat 2: benclarky1 folded before Flop (didn't bet)
Seat 3: papaduni66 folded before Flop (didn't bet)
Seat 4: Zzzanderman folded before Flop (didn't bet)
Seat 6: Chimpy111 folded before Flop (didn't bet)
Seat 7: leocard83 (button) mucked [Ad 5s]
Seat 8: sjpenwarden (small blind) folded before Flop
Seat 9: LipeNA (big blind) showed [9c 7s] and won ($0.59) with a pair of Nines



PokerStars Hand #238717112745:  Hold'em No Limit ($0.02/$0.05 USD) - 2022/09/18 15:33:51 PT [2022/09/18 18:33:51 ET]
Table 'Leo III' 9-max Seat #8 is the button
Seat 1: Dorex2007 ($5.54 in chips) 
Seat 2: benclarky1 ($6.75 in chips) 
Seat 3: papaduni66 ($3.90 in chips) 
Seat 4: Zzzanderman ($4.90 in chips) 
Seat 6: Chimpy111 ($5.49 in chips) 
Seat 7: leocard83 ($4.67 in chips) 
Seat 8: sjpenwarden ($4.88 in chips) 
Seat 9: LipeNA ($5.75 in chips) 
LipeNA: posts small blind $0.02
Dorex2007: posts big blind $0.05
*** HOLE CARDS ***
Dealt to Dorex2007 [Kh As]
benclarky1: raises $0.10 to $0.15
papaduni66: folds 
Zzzanderman: folds 
Chimpy111: folds 
leocard83: folds 
sjpenwarden: folds 
LipeNA: folds 
Dorex2007: calls $0.10
*** FLOP *** [3h 9d 9h]
Dorex2007: checks 
benclarky1: bets $0.09
Dorex2007: folds 
Uncalled bet ($0.09) returned to benclarky1
benclarky1 collected $0.31 from pot
benclarky1: doesn't show hand 
*** SUMMARY ***
Total pot $0.32 | Rake $0.01 
Board [3h 9d 9h]
Seat 1: Dorex2007 (big blind) folded on the Flop
Seat 2: benclarky1 collected ($0.31)
Seat 3: papaduni66 folded before Flop (didn't bet)
Seat 4: Zzzanderman folded before Flop (didn't bet)
Seat 6: Chimpy111 folded before Flop (didn't bet)
Seat 7: leocard83 folded before Flop (didn't bet)
Seat 8: sjpenwarden (button) folded before Flop (didn't bet)
Seat 9: LipeNA (small blind) folded before Flop



PokerStars Hand #238717134230:  Hold'em No Limit ($0.02/$0.05 USD) - 2022/09/18 15:34:54 PT [2022/09/18 18:34:54 ET]
Table 'Leo III' 9-max Seat #9 is the button
Seat 1: Dorex2007 ($5.39 in chips) 
Seat 2: benclarky1 ($6.91 in chips) 
Seat 3: papaduni66 ($3.90 in chips) 
Seat 4: Zzzanderman ($4.90 in chips) 
Seat 6: Chimpy111 ($5.49 in chips) 
Seat 7: leocard83 ($4.67 in chips) 
Seat 8: sjpenwarden ($4.88 in chips) 
Seat 9: LipeNA ($5.73 in chips) 
Dorex2007: posts small blind $0.02
benclarky1: posts big blind $0.05
*** HOLE CARDS ***
Dealt to Dorex2007 [7h As]
papaduni66: folds 
Zzzanderman: folds 
Chimpy111: raises $0.10 to $0.15
leocard83: folds 
sjpenwarden: folds 
LipeNA: folds 
Dorex2007: folds 
benclarky1: calls $0.10
*** FLOP *** [2h Js 6h]
benclarky1: checks 
Chimpy111: bets $0.20
benclarky1: calls $0.20
*** TURN *** [2h Js 6h] [4s]
benclarky1: checks 
Chimpy111: checks 
*** RIVER *** [2h Js 6h 4s] [2d]
benclarky1: checks 
Chimpy111: checks 
*** SHOW DOWN ***
benclarky1: shows [Ks 6s] (two pair, Sixes and Deuces)
Chimpy111: mucks hand 
benclarky1 collected $0.69 from pot
*** SUMMARY ***
Total pot $0.72 | Rake $0.03 
Board [2h Js 6h 4s 2d]
Seat 1: Dorex2007 (small blind) folded before Flop
Seat 2: benclarky1 (big blind) showed [Ks 6s] and won ($0.69) with two pair, Sixes and Deuces
Seat 3: papaduni66 folded before Flop (didn't bet)
Seat 4: Zzzanderman folded before Flop (didn't bet)
Seat 6: Chimpy111 mucked [Qd Kc]
Seat 7: leocard83 folded before Flop (didn't bet)
Seat 8: sjpenwarden folded before Flop (didn't bet)
Seat 9: LipeNA (button) folded before Flop (didn't bet)



PokerStars Hand #238717154883:  Hold'em No Limit ($0.02/$0.05 USD) - 2022/09/18 15:35:54 PT [2022/09/18 18:35:54 ET]
Table 'Leo III' 9-max Seat #1 is the button
Seat 1: Dorex2007 ($5.37 in chips) 
Seat 2: benclarky1 ($7.25 in chips) 
Seat 3: papaduni66 ($3.90 in chips) 
Seat 4: Zzzanderman ($4.90 in chips) 
Seat 6: Chimpy111 ($5.14 in chips) 
Seat 7: leocard83 ($4.67 in chips) 
Seat 8: sjpenwarden ($4.88 in chips) 
Seat 9: LipeNA ($5.73 in chips) 
benclarky1: posts small blind $0.02
papaduni66: posts big blind $0.05
*** HOLE CARDS ***
Dealt to Dorex2007 [3d 7d]
Zzzanderman: folds 
Chimpy111: raises $0.10 to $0.15
leocard83: folds 
sjpenwarden: folds 
LipeNA: folds 
Dorex2007: folds 
benclarky1: folds 
papaduni66: raises $0.10 to $0.25
Chimpy111: calls $0.10
*** FLOP *** [2c 8s 2h]
papaduni66: bets $0.17
Chimpy111: folds 
Uncalled bet ($0.17) returned to papaduni66
papaduni66 collected $0.50 from pot
*** SUMMARY ***
Total pot $0.52 | Rake $0.02 
Board [2c 8s 2h]
Seat 1: Dorex2007 (button) folded before Flop (didn't bet)
Seat 2: benclarky1 (small blind) folded before Flop
Seat 3: papaduni66 (big blind) collected ($0.50)
Seat 4: Zzzanderman folded before Flop (didn't bet)
Seat 6: Chimpy111 folded on the Flop
Seat 7: leocard83 folded before Flop (didn't bet)
Seat 8: sjpenwarden folded before Flop (didn't bet)
Seat 9: LipeNA folded before Flop (didn't bet)



PokerStars Hand #238717170889:  Hold'em No Limit ($0.02/$0.05 USD) - 2022/09/18 15:36:40 PT [2022/09/18 18:36:40 ET]
Table 'Leo III' 9-max Seat #2 is the button
Seat 1: Dorex2007 ($5.37 in chips) 
Seat 2: benclarky1 ($7.23 in chips) 
Seat 3: papaduni66 ($4.15 in chips) 
Seat 4: Zzzanderman ($4.90 in chips) 
Seat 6: Chimpy111 ($4.89 in chips) 
Seat 7: leocard83 ($4.67 in chips) 
Seat 8: sjpenwarden ($4.88 in chips) 
Seat 9: LipeNA ($5.73 in chips) 
papaduni66: posts small blind $0.02
Zzzanderman: posts big blind $0.05
*** HOLE CARDS ***
Dealt to Dorex2007 [Ks 3d]
Chimpy111: folds 
leocard83: folds 
sjpenwarden: folds 
LipeNA: folds 
Dorex2007: folds 
benclarky1: folds 
papaduni66: folds 
Uncalled bet ($0.03) returned to Zzzanderman
Zzzanderman collected $0.04 from pot
Zzzanderman: doesn't show hand 
*** SUMMARY ***
Total pot $0.04 | Rake $0 
Seat 1: Dorex2007 folded before Flop (didn't bet)
Seat 2: benclarky1 (button) folded before Flop (didn't bet)
Seat 3: papaduni66 (small blind) folded before Flop
Seat 4: Zzzanderman (big blind) collected ($0.04)
Seat 6: Chimpy111 folded before Flop (didn't bet)
Seat 7: leocard83 folded before Flop (didn't bet)
Seat 8: sjpenwarden folded before Flop (didn't bet)
Seat 9: LipeNA folded before Flop (didn't bet)



PokerStars Hand #238717179767:  Hold'em No Limit ($0.02/$0.05 USD) - 2022/09/18 15:37:06 PT [2022/09/18 18:37:06 ET]
Table 'Leo III' 9-max Seat #3 is the button
Seat 1: Dorex2007 ($5.37 in chips) 
Seat 2: benclarky1 ($7.23 in chips) 
Seat 3: papaduni66 ($4.13 in chips) 
Seat 4: Zzzanderman ($4.92 in chips) 
Seat 6: Chimpy111 ($4.89 in chips) 
Seat 7: leocard83 ($4.67 in chips) 
Seat 8: sjpenwarden ($4.88 in chips) 
Seat 9: LipeNA ($5.73 in chips) 
Zzzanderman: posts small blind $0.02
Chimpy111: posts big blind $0.05
*** HOLE CARDS ***
Dealt to Dorex2007 [Td 8s]
leocard83: raises $0.05 to $0.10
sjpenwarden: folds 
LipeNA: folds 
Dorex2007: folds 
benclarky1: folds 
papaduni66: calls $0.10
Zzzanderman: folds 
Chimpy111: folds 
*** FLOP *** [Ts 9c Qc]
leocard83: checks 
papaduni66: bets $0.09
leocard83: folds 
Uncalled bet ($0.09) returned to papaduni66
papaduni66 collected $0.26 from pot
*** SUMMARY ***
Total pot $0.27 | Rake $0.01 
Board [Ts 9c Qc]
Seat 1: Dorex2007 folded before Flop (didn't bet)
Seat 2: benclarky1 folded before Flop (didn't bet)
Seat 3: papaduni66 (button) collected ($0.26)
Seat 4: Zzzanderman (small blind) folded before Flop
Seat 6: Chimpy111 (big blind) folded before Flop
Seat 7: leocard83 folded on the Flop
Seat 8: sjpenwarden folded before Flop (didn't bet)
Seat 9: LipeNA folded before Flop (didn't bet)



PokerStars Hand #238717199733:  Hold'em No Limit ($0.02/$0.05 USD) - 2022/09/18 15:38:05 PT [2022/09/18 18:38:05 ET]
Table 'Leo III' 9-max Seat #4 is the button
Seat 1: Dorex2007 ($5.37 in chips) 
Seat 2: benclarky1 ($7.23 in chips) 
Seat 3: papaduni66 ($4.29 in chips) 
Seat 4: Zzzanderman ($4.90 in chips) 
Seat 6: Chimpy111 ($4.84 in chips) 
Seat 7: leocard83 ($4.57 in chips) 
Seat 8: sjpenwarden ($4.88 in chips) 
Seat 9: LipeNA ($5.73 in chips) 
Chimpy111: posts small blind $0.02
leocard83: posts big blind $0.05
*** HOLE CARDS ***
Dealt to Dorex2007 [6h Qc]
sjpenwarden: folds 
LipeNA: folds 
Dorex2007: folds 
benclarky1: folds 
papaduni66: folds 
Zzzanderman: calls $0.05
Chimpy111: folds 
leocard83: checks 
*** FLOP *** [6s 3d Th]
leocard83: checks 
Zzzanderman: checks 
*** TURN *** [6s 3d Th] [9c]
leocard83: bets $0.06
Zzzanderman: folds 
Uncalled bet ($0.06) returned to leocard83
leocard83 collected $0.12 from pot
leocard83: doesn't show hand 
*** SUMMARY ***
Total pot $0.12 | Rake $0 
Board [6s 3d Th 9c]
Seat 1: Dorex2007 folded before Flop (didn't bet)
Seat 2: benclarky1 folded before Flop (didn't bet)
Seat 3: papaduni66 folded before Flop (didn't bet)
Seat 4: Zzzanderman (button) folded on the Turn
Seat 6: Chimpy111 (small blind) folded before Flop
Seat 7: leocard83 (big blind) collected ($0.12)
Seat 8: sjpenwarden folded before Flop (didn't bet)
Seat 9: LipeNA folded before Flop (didn't bet)



PokerStars Hand #238717213692:  Hold'em No Limit ($0.02/$0.05 USD) - 2022/09/18 15:38:45 PT [2022/09/18 18:38:45 ET]
Table 'Leo III' 9-max Seat #6 is the button
Seat 1: Dorex2007 ($5.37 in chips) 
Seat 2: benclarky1 ($7.23 in chips) 
Seat 3: papaduni66 ($4.29 in chips) 
Seat 4: Zzzanderman ($4.85 in chips) 
Seat 6: Chimpy111 ($4.82 in chips) 
Seat 7: leocard83 ($4.64 in chips) 
Seat 8: sjpenwarden ($4.88 in chips) 
Seat 9: LipeNA ($5.73 in chips) 
leocard83: posts small blind $0.02
sjpenwarden: posts big blind $0.05
*** HOLE CARDS ***
Dealt to Dorex2007 [Td Ac]
LipeNA: folds 
Dorex2007: folds 
benclarky1: raises $0.10 to $0.15
papaduni66: folds 
Zzzanderman: folds 
Chimpy111: calls $0.15
leocard83: folds 
sjpenwarden: folds 
*** FLOP *** [2s 3d 5h]
benclarky1: bets $0.11
Chimpy111: calls $0.11
*** TURN *** [2s 3d 5h] [Qd]
benclarky1: checks 
Chimpy111: checks 
*** RIVER *** [2s 3d 5h Qd] [6h]
benclarky1: checks 
Chimpy111: bets $0.25
benclarky1: calls $0.25
*** SHOW DOWN ***
Chimpy111: shows [6c 5c] (two pair, Sixes and Fives)
benclarky1: mucks hand 
Chimpy111 collected $1.04 from pot
*** SUMMARY ***
Total pot $1.09 | Rake $0.05 
Board [2s 3d 5h Qd 6h]
Seat 1: Dorex2007 folded before Flop (didn't bet)
Seat 2: benclarky1 mucked [Ah Kh]
Seat 3: papaduni66 folded before Flop (didn't bet)
Seat 4: Zzzanderman folded before Flop (didn't bet)
Seat 6: Chimpy111 (button) showed [6c 5c] and won ($1.04) with two pair, Sixes and Fives
Seat 7: leocard83 (small blind) folded before Flop
Seat 8: sjpenwarden (big blind) folded before Flop
Seat 9: LipeNA folded before Flop (didn't bet)



PokerStars Hand #238717242207:  Hold'em No Limit ($0.02/$0.05 USD) - 2022/09/18 15:40:08 PT [2022/09/18 18:40:08 ET]
Table 'Leo III' 9-max Seat #7 is the button
Seat 1: Dorex2007 ($5.37 in chips) 
Seat 2: benclarky1 ($6.72 in chips) 
Seat 3: papaduni66 ($4.29 in chips) 
Seat 4: Zzzanderman ($4.85 in chips) 
Seat 6: Chimpy111 ($5.35 in chips) 
Seat 7: leocard83 ($4.62 in chips) 
Seat 8: sjpenwarden ($4.83 in chips) 
Seat 9: LipeNA ($5.73 in chips) 
sjpenwarden: posts small blind $0.02
LipeNA: posts big blind $0.05
*** HOLE CARDS ***
Dealt to Dorex2007 [Ts 2h]
Dorex2007: folds 
benclarky1: folds 
papaduni66: folds 
Zzzanderman: raises $0.10 to $0.15
Chimpy111: folds 
leocard83: folds 
sjpenwarden: folds 
LipeNA: folds 
Uncalled bet ($0.10) returned to Zzzanderman
Zzzanderman collected $0.12 from pot
Zzzanderman: doesn't show hand 
*** SUMMARY ***
Total pot $0.12 | Rake $0 
Seat 1: Dorex2007 folded before Flop (didn't bet)
Seat 2: benclarky1 folded before Flop (didn't bet)
Seat 3: papaduni66 folded before Flop (didn't bet)
Seat 4: Zzzanderman collected ($0.12)
Seat 6: Chimpy111 folded before Flop (didn't bet)
Seat 7: leocard83 (button) folded before Flop (didn't bet)
Seat 8: sjpenwarden (small blind) folded before Flop
Seat 9: LipeNA (big blind) folded before Flop



PokerStars Hand #238717251773:  Hold'em No Limit ($0.02/$0.05 USD) - 2022/09/18 15:40:36 PT [2022/09/18 18:40:36 ET]
Table 'Leo III' 9-max Seat #8 is the button
Seat 1: Dorex2007 ($5.37 in chips) 
Seat 2: benclarky1 ($6.72 in chips) 
Seat 3: papaduni66 ($4.29 in chips) 
Seat 4: Zzzanderman ($4.92 in chips) 
Seat 6: Chimpy111 ($5.35 in chips) 
Seat 7: leocard83 ($4.62 in chips) 
Seat 8: sjpenwarden ($4.81 in chips) 
Seat 9: LipeNA ($5.68 in chips) 
LipeNA: posts small blind $0.02
Dorex2007: posts big blind $0.05
soldim327: sits out 
*** HOLE CARDS ***
Dealt to Dorex2007 [Kc 8c]
benclarky1: folds 
papaduni66: folds 
Zzzanderman: folds 
Chimpy111: folds 
leocard83: folds 
sjpenwarden: raises $0.12 to $0.17
LipeNA: folds 
Dorex2007: folds 
Uncalled bet ($0.12) returned to sjpenwarden
sjpenwarden collected $0.12 from pot
*** SUMMARY ***
Total pot $0.12 | Rake $0 
Seat 1: Dorex2007 (big blind) folded before Flop
Seat 2: benclarky1 folded before Flop (didn't bet)
Seat 3: papaduni66 folded before Flop (didn't bet)
Seat 4: Zzzanderman folded before Flop (didn't bet)
Seat 6: Chimpy111 folded before Flop (didn't bet)
Seat 7: leocard83 folded before Flop (didn't bet)
Seat 8: sjpenwarden (button) collected ($0.12)
Seat 9: LipeNA (small blind) folded before Flop



PokerStars Hand #238717264587:  Hold'em No Limit ($0.02/$0.05 USD) - 2022/09/18 15:41:13 PT [2022/09/18 18:41:13 ET]
Table 'Leo III' 9-max Seat #9 is the button
Seat 1: Dorex2007 ($5.32 in chips) 
Seat 2: benclarky1 ($6.72 in chips) 
Seat 3: papaduni66 ($4.29 in chips) 
Seat 4: Zzzanderman ($4.92 in chips) 
Seat 6: Chimpy111 ($5.35 in chips) 
Seat 7: leocard83 ($4.62 in chips) 
Seat 8: sjpenwarden ($4.88 in chips) 
Seat 9: LipeNA ($5.66 in chips) 
Dorex2007: posts small blind $0.02
benclarky1: posts big blind $0.05
soldim327: sits out 
*** HOLE CARDS ***
Dealt to Dorex2007 [Ks 6c]
papaduni66: raises $0.05 to $0.10
Zzzanderman: folds 
Chimpy111: folds 
leocard83: folds 
Zzzanderman leaves the table
sjpenwarden: folds 
LipeNA: folds 
Dorex2007: folds 
benclarky1: folds 
Uncalled bet ($0.05) returned to papaduni66
papaduni66 collected $0.12 from pot
*** SUMMARY ***
Total pot $0.12 | Rake $0 
Seat 1: Dorex2007 (small blind) folded before Flop
Seat 2: benclarky1 (big blind) folded before Flop
Seat 3: papaduni66 collected ($0.12)
Seat 4: Zzzanderman folded before Flop (didn't bet)
Seat 6: Chimpy111 folded before Flop (didn't bet)
Seat 7: leocard83 folded before Flop (didn't bet)
Seat 8: sjpenwarden folded before Flop (didn't bet)
Seat 9: LipeNA (button) folded before Flop (didn't bet)



PokerStars Hand #238717272027:  Hold'em No Limit ($0.02/$0.05 USD) - 2022/09/18 15:41:35 PT [2022/09/18 18:41:35 ET]
Table 'Leo III' 9-max Seat #1 is the button
Seat 1: Dorex2007 ($5.30 in chips) 
Seat 2: benclarky1 ($6.67 in chips) 
Seat 3: papaduni66 ($4.36 in chips) 
Seat 6: Chimpy111 ($5.35 in chips) 
Seat 7: leocard83 ($4.62 in chips) 
Seat 8: sjpenwarden ($4.88 in chips) 
Seat 9: LipeNA ($5.66 in chips) 
benclarky1: posts small blind $0.02
papaduni66: posts big blind $0.05
soldim327: sits out 
*** HOLE CARDS ***
Dealt to Dorex2007 [9s 8h]
Chimpy111: folds 
leocard83: folds 
sjpenwarden: folds 
caiessilva joins the table at seat #4 
LipeNA: raises $0.05 to $0.10
Dorex2007: folds 
benclarky1: raises $0.35 to $0.45
papaduni66: folds 
LipeNA: folds 
Uncalled bet ($0.35) returned to benclarky1
benclarky1 collected $0.25 from pot
benclarky1: doesn't show hand 
*** SUMMARY ***
Total pot $0.25 | Rake $0 
Seat 1: Dorex2007 (button) folded before Flop (didn't bet)
Seat 2: benclarky1 (small blind) collected ($0.25)
Seat 3: papaduni66 (big blind) folded before Flop
Seat 6: Chimpy111 folded before Flop (didn't bet)
Seat 7: leocard83 folded before Flop (didn't bet)
Seat 8: sjpenwarden folded before Flop (didn't bet)
Seat 9: LipeNA folded before Flop



PokerStars Hand #238717282545:  Hold'em No Limit ($0.02/$0.05 USD) - 2022/09/18 15:42:06 PT [2022/09/18 18:42:06 ET]
Table 'Leo III' 9-max Seat #2 is the button
Seat 1: Dorex2007 ($5.30 in chips) 
Seat 2: benclarky1 ($6.82 in chips) 
Seat 3: papaduni66 ($4.31 in chips) 
Seat 4: caiessilva ($3.33 in chips) 
Seat 6: Chimpy111 ($5.35 in chips) 
Seat 7: leocard83 ($4.62 in chips) 
Seat 8: sjpenwarden ($4.88 in chips) 
Seat 9: LipeNA ($5.56 in chips) 
papaduni66: posts small blind $0.02
caiessilva: posts big blind $0.05
soldim327: sits out 
*** HOLE CARDS ***
Dealt to Dorex2007 [7h 9d]
Chimpy111: raises $0.10 to $0.15
leocard83: folds 
sjpenwarden: calls $0.15
LipeNA: folds 
Dorex2007: folds 
benclarky1: calls $0.15
papaduni66: folds 
caiessilva: folds 
*** FLOP *** [2h 3c Jd]
Chimpy111: checks 
sjpenwarden: checks 
benclarky1: checks 
*** TURN *** [2h 3c Jd] [Js]
Chimpy111: checks 
sjpenwarden: checks 
benclarky1: checks 
*** RIVER *** [2h 3c Jd Js] [Qd]
Chimpy111: checks 
sjpenwarden: checks 
benclarky1: checks 
*** SHOW DOWN ***
Chimpy111: shows [Ad Kh] (a pair of Jacks)
sjpenwarden: shows [Tc Qc] (two pair, Queens and Jacks)
benclarky1: mucks hand 
sjpenwarden collected $0.50 from pot
*** SUMMARY ***
Total pot $0.52 | Rake $0.02 
Board [2h 3c Jd Js Qd]
Seat 1: Dorex2007 folded before Flop (didn't bet)
Seat 2: benclarky1 (button) mucked [Ks 8s]
Seat 3: papaduni66 (small blind) folded before Flop
Seat 4: caiessilva (big blind) folded before Flop
Seat 6: Chimpy111 showed [Ad Kh] and lost with a pair of Jacks
Seat 7: leocard83 folded before Flop (didn't bet)
Seat 8: sjpenwarden showed [Tc Qc] and won ($0.50) with two pair, Queens and Jacks
Seat 9: LipeNA folded before Flop (didn't bet)



PokerStars Hand #238717304133:  Hold'em No Limit ($0.02/$0.05 USD) - 2022/09/18 15:43:10 PT [2022/09/18 18:43:10 ET]
Table 'Leo III' 9-max Seat #3 is the button
Seat 1: Dorex2007 ($5.30 in chips) 
Seat 2: benclarky1 ($6.67 in chips) 
Seat 3: papaduni66 ($4.29 in chips) 
Seat 4: caiessilva ($3.28 in chips) 
Seat 5: soldim327 ($5.43 in chips) 
Seat 6: Chimpy111 ($5.20 in chips) 
Seat 7: leocard83 ($4.62 in chips) 
Seat 8: sjpenwarden ($5.23 in chips) 
Seat 9: LipeNA ($5.56 in chips) 
caiessilva: posts small blind $0.02
soldim327: posts big blind $0.05
*** HOLE CARDS ***
Dealt to Dorex2007 [Kh 8c]
Chimpy111: folds 
leocard83: folds 
sjpenwarden: folds 
LipeNA: folds 
Dorex2007: folds 
benclarky1: raises $0.10 to $0.15
papaduni66: calls $0.15
caiessilva: raises $0.10 to $0.25
soldim327: folds 
benclarky1: calls $0.10
papaduni66: calls $0.10
*** FLOP *** [8h 5d Tc]
caiessilva: bets $0.15
benclarky1: calls $0.15
papaduni66: calls $0.15
*** TURN *** [8h 5d Tc] [Ac]
caiessilva: bets $0.55
benclarky1: calls $0.55
papaduni66: calls $0.55
*** RIVER *** [8h 5d Tc Ac] [9c]
caiessilva: bets $2.33 and is all-in
benclarky1: folds 
papaduni66: folds 
Uncalled bet ($2.33) returned to caiessilva
caiessilva collected $2.78 from pot
*** SUMMARY ***
Total pot $2.90 | Rake $0.12 
Board [8h 5d Tc Ac 9c]
Seat 1: Dorex2007 folded before Flop (didn't bet)
Seat 2: benclarky1 folded on the River
Seat 3: papaduni66 (button) folded on the River
Seat 4: caiessilva (small blind) collected ($2.78)
Seat 5: soldim327 (big blind) folded before Flop
Seat 6: Chimpy111 folded before Flop (didn't bet)
Seat 7: leocard83 folded before Flop (didn't bet)
Seat 8: sjpenwarden folded before Flop (didn't bet)
Seat 9: LipeNA folded before Flop (didn't bet)



PokerStars Hand #238717340742:  Hold'em No Limit ($0.02/$0.05 USD) - 2022/09/18 15:44:59 PT [2022/09/18 18:44:59 ET]
Table 'Leo III' 9-max Seat #4 is the button
Seat 1: Dorex2007 ($5.30 in chips) 
Seat 2: benclarky1 ($5.72 in chips) 
Seat 3: papaduni66 ($3.34 in chips) 
Seat 4: caiessilva ($5.11 in chips) 
Seat 5: soldim327 ($5.38 in chips) 
Seat 6: Chimpy111 ($5.20 in chips) 
Seat 7: leocard83 ($4.62 in chips) 
Seat 8: sjpenwarden ($5.23 in chips) 
Seat 9: LipeNA ($5.56 in chips) 
soldim327: posts small blind $0.02
Chimpy111: posts big blind $0.05
*** HOLE CARDS ***
Dealt to Dorex2007 [9s 3h]
leocard83: folds 
sjpenwarden: folds 
LipeNA: folds 
Dorex2007: folds 
benclarky1: raises $0.10 to $0.15
papaduni66: calls $0.15
caiessilva: calls $0.15
soldim327: folds 
Chimpy111: folds 
*** FLOP *** [8d 9c Jc]
benclarky1: checks 
papaduni66: checks 
caiessilva: bets $0.15
benclarky1: folds 
LipeNA leaves the table
papaduni66: calls $0.15
*** TURN *** [8d 9c Jc] [As]
papaduni66: checks 
caiessilva: bets $0.05
papaduni66: calls $0.05
*** RIVER *** [8d 9c Jc As] [Jh]
papaduni66: checks 
Invictus-san joins the table at seat #9 
caiessilva: bets $0.25
papaduni66: folds 
Uncalled bet ($0.25) returned to caiessilva
caiessilva collected $0.88 from pot
*** SUMMARY ***
Total pot $0.92 | Rake $0.04 
Board [8d 9c Jc As Jh]
Seat 1: Dorex2007 folded before Flop (didn't bet)
Seat 2: benclarky1 folded on the Flop
Seat 3: papaduni66 folded on the River
Seat 4: caiessilva (button) collected ($0.88)
Seat 5: soldim327 (small blind) folded before Flop
Seat 6: Chimpy111 (big blind) folded before Flop
Seat 7: leocard83 folded before Flop (didn't bet)
Seat 8: sjpenwarden folded before Flop (didn't bet)
Seat 9: LipeNA folded before Flop (didn't bet)



PokerStars Hand #238717362510:  Hold'em No Limit ($0.02/$0.05 USD) - 2022/09/18 15:46:05 PT [2022/09/18 18:46:05 ET]
Table 'Leo III' 9-max Seat #5 is the button
Seat 1: Dorex2007 ($5.30 in chips) 
Seat 2: benclarky1 ($5.57 in chips) 
Seat 3: papaduni66 ($2.99 in chips) 
Seat 4: caiessilva ($5.64 in chips) 
Seat 5: soldim327 ($5.36 in chips) 
Seat 6: Chimpy111 ($5.15 in chips) 
Seat 7: leocard83 ($4.62 in chips) 
Seat 8: sjpenwarden ($5.23 in chips) 
Chimpy111: posts small blind $0.02
leocard83: posts big blind $0.05
Invictus-san: sits out 
*** HOLE CARDS ***
Dealt to Dorex2007 [Qc Qs]
sjpenwarden: folds 
Dorex2007: raises $0.05 to $0.10
benclarky1: folds 
papaduni66: folds 
caiessilva: raises $0.05 to $0.15
soldim327: calls $0.15
Chimpy111: folds 
leocard83: calls $0.10
Dorex2007: raises $5.15 to $5.30 and is all-in
caiessilva: raises $0.34 to $5.64 and is all-in
soldim327: folds 
leocard83: folds 
Uncalled bet ($0.34) returned to caiessilva
caiessilva has timed out
*** FLOP *** [Th Qd 3d]
*** TURN *** [Th Qd 3d] [7d]
*** RIVER *** [Th Qd 3d 7d] [Ac]
*** SHOW DOWN ***
Dorex2007: shows [Qc Qs] (three of a kind, Queens)
caiessilva: shows [As 7s] (two pair, Aces and Sevens)
Dorex2007 cashed out the hand for $7.10 | Cash Out Fee $0.07
*** SUMMARY ***
Total pot $10.92 | Rake $0.45 
Board [Th Qd 3d 7d Ac]
Seat 1: Dorex2007 showed [Qc Qs] and won ($10.47) with three of a kind, Queens (pot not awarded as player cashed out)
Seat 2: benclarky1 folded before Flop (didn't bet)
Seat 3: papaduni66 folded before Flop (didn't bet)
Seat 4: caiessilva showed [As 7s] and lost with two pair, Aces and Sevens
Seat 5: soldim327 (button) folded before Flop
Seat 6: Chimpy111 (small blind) folded before Flop
Seat 7: leocard83 (big blind) folded before Flop
Seat 8: sjpenwarden folded before Flop (didn't bet)



PokerStars Hand #238717386888:  Hold'em No Limit ($0.02/$0.05 USD) - 2022/09/18 15:47:19 PT [2022/09/18 18:47:19 ET]
Table 'Leo III' 9-max Seat #6 is the button
Seat 1: Dorex2007 ($7.10 in chips) 
Seat 2: benclarky1 ($5.57 in chips) 
Seat 3: papaduni66 ($2.99 in chips) 
Seat 4: caiessilva ($0.34 in chips) 
Seat 5: soldim327 ($5.21 in chips) 
Seat 6: Chimpy111 ($5.13 in chips) 
Seat 7: leocard83 ($4.47 in chips) 
Seat 8: sjpenwarden ($5.23 in chips) 
leocard83: posts small blind $0.02
sjpenwarden: posts big blind $0.05
Invictus-san: sits out 
*** HOLE CARDS ***
Dealt to Dorex2007 [Td 8c]
Dorex2007: folds 
benclarky1: folds 
papaduni66: folds 
caiessilva: raises $0.05 to $0.10
soldim327: folds 
Chimpy111: calls $0.10
leocard83: raises $0.30 to $0.40
sjpenwarden: folds 
caiessilva: calls $0.24 and is all-in
Chimpy111: folds 
Uncalled bet ($0.06) returned to leocard83
caiessilva has timed out
*** FLOP *** [Ts Jd 2c]
*** TURN *** [Ts Jd 2c] [7s]
*** RIVER *** [Ts Jd 2c 7s] [Jc]
*** SHOW DOWN ***
leocard83: shows [9h 9d] (two pair, Jacks and Nines)
caiessilva: shows [Kd 6c] (a pair of Jacks)
leocard83 collected $0.80 from pot
*** SUMMARY ***
Total pot $0.83 | Rake $0.03 
Board [Ts Jd 2c 7s Jc]
Seat 1: Dorex2007 folded before Flop (didn't bet)
Seat 2: benclarky1 folded before Flop (didn't bet)
Seat 3: papaduni66 folded before Flop (didn't bet)
Seat 4: caiessilva showed [Kd 6c] and lost with a pair of Jacks
Seat 5: soldim327 folded before Flop (didn't bet)
Seat 6: Chimpy111 (button) folded before Flop
Seat 7: leocard83 (small blind) showed [9h 9d] and won ($0.80) with two pair, Jacks and Nines
Seat 8: sjpenwarden (big blind) folded before Flop



PokerStars Hand #238717407534:  Hold'em No Limit ($0.02/$0.05 USD) - 2022/09/18 15:48:23 PT [2022/09/18 18:48:23 ET]
Table 'Leo III' 9-max Seat #7 is the button
Seat 1: Dorex2007 ($7.10 in chips) 
Seat 2: benclarky1 ($5.57 in chips) 
Seat 3: papaduni66 ($2.99 in chips) 
Seat 5: soldim327 ($5.21 in chips) 
Seat 6: Chimpy111 ($5.03 in chips) 
Seat 7: leocard83 ($4.93 in chips) 
Seat 8: sjpenwarden ($5.18 in chips) 
Seat 9: Invictus-san ($4 in chips) 
sjpenwarden: posts small blind $0.02
Invictus-san: posts big blind $0.05
*** HOLE CARDS ***
Dealt to Dorex2007 [7d 3h]
Dorex2007: folds 
benclarky1: folds 
papaduni66: folds 
soldim327: folds 
Chimpy111: calls $0.05
leocard83: calls $0.05
sjpenwarden: folds 
Invictus-san: checks 
*** FLOP *** [Ah Ad 4d]
Invictus-san: checks 
Chimpy111: checks 
leocard83: checks 
*** TURN *** [Ah Ad 4d] [2s]
Invictus-san: bets $0.16
Chimpy111: folds 
leocard83: folds 
Uncalled bet ($0.16) returned to Invictus-san
Invictus-san collected $0.16 from pot
*** SUMMARY ***
Total pot $0.17 | Rake $0.01 
Board [Ah Ad 4d 2s]
Seat 1: Dorex2007 folded before Flop (didn't bet)
Seat 2: benclarky1 folded before Flop (didn't bet)
Seat 3: papaduni66 folded before Flop (didn't bet)
Seat 5: soldim327 folded before Flop (didn't bet)
Seat 6: Chimpy111 folded on the Turn
Seat 7: leocard83 (button) folded on the Turn
Seat 8: sjpenwarden (small blind) folded before Flop
Seat 9: Invictus-san (big blind) collected ($0.16)



PokerStars Hand #238717424000:  Hold'em No Limit ($0.02/$0.05 USD) - 2022/09/18 15:49:14 PT [2022/09/18 18:49:14 ET]
Table 'Leo III' 9-max Seat #8 is the button
Seat 1: Dorex2007 ($7.10 in chips) 
Seat 2: benclarky1 ($5.57 in chips) 
Seat 3: papaduni66 ($2.99 in chips) 
Seat 5: soldim327 ($5.21 in chips) 
Seat 6: Chimpy111 ($4.98 in chips) 
Seat 7: leocard83 ($4.88 in chips) 
Seat 8: sjpenwarden ($5.16 in chips) 
Seat 9: Invictus-san ($4.11 in chips) 
Invictus-san: posts small blind $0.02
Dorex2007: posts big blind $0.05
*** HOLE CARDS ***
Dealt to Dorex2007 [Jc 3d]
benclarky1: raises $0.10 to $0.15
papaduni66: folds 
soldim327: folds 
Chimpy111: calls $0.15
caiessilva is disconnected 
leocard83 has timed out
leocard83: folds 
sjpenwarden: folds 
Invictus-san: calls $0.13
Dorex2007: folds 
*** FLOP *** [Jd Th 2s]
Invictus-san: checks 
benclarky1: checks 
Chimpy111: checks 
*** TURN *** [Jd Th 2s] [4d]
Invictus-san: bets $0.20
benclarky1: calls $0.20
Chimpy111: folds 
*** RIVER *** [Jd Th 2s 4d] [9d]
Invictus-san: checks 
benclarky1: checks 
*** SHOW DOWN ***
Invictus-san: shows [2c 3c] (a pair of Deuces)
benclarky1: shows [Kc Td] (a pair of Tens)
benclarky1 collected $0.86 from pot
*** SUMMARY ***
Total pot $0.90 | Rake $0.04 
Board [Jd Th 2s 4d 9d]
Seat 1: Dorex2007 (big blind) folded before Flop
Seat 2: benclarky1 showed [Kc Td] and won ($0.86) with a pair of Tens
Seat 3: papaduni66 folded before Flop (didn't bet)
Seat 5: soldim327 folded before Flop (didn't bet)
Seat 6: Chimpy111 folded on the Turn
Seat 7: leocard83 folded before Flop (didn't bet)
Seat 8: sjpenwarden (button) folded before Flop (didn't bet)
Seat 9: Invictus-san (small blind) showed [2c 3c] and lost with a pair of Deuces



PokerStars Hand #238717451607:  Hold'em No Limit ($0.02/$0.05 USD) - 2022/09/18 15:50:41 PT [2022/09/18 18:50:41 ET]
Table 'Leo III' 9-max Seat #9 is the button
Seat 1: Dorex2007 ($7.05 in chips) 
Seat 2: benclarky1 ($6.08 in chips) 
Seat 3: papaduni66 ($2.99 in chips) 
Seat 5: soldim327 ($5.21 in chips) 
Seat 6: Chimpy111 ($4.83 in chips) 
Seat 7: leocard83 ($4.88 in chips) 
Seat 8: sjpenwarden ($5.16 in chips) 
Seat 9: Invictus-san ($3.76 in chips) 
Dorex2007: posts small blind $0.02
benclarky1: posts big blind $0.05
*** HOLE CARDS ***
Dealt to Dorex2007 [Kc 6s]
papaduni66: folds 
soldim327: folds 
Chimpy111: folds 
leocard83: raises $0.10 to $0.15
sjpenwarden: folds 
Invictus-san: calls $0.15
Dorex2007: folds 
benclarky1: folds 
*** FLOP *** [4c Kd Qd]
leocard83: checks 
Invictus-san: bets $0.15
leocard83: folds 
Uncalled bet ($0.15) returned to Invictus-san
Invictus-san collected $0.35 from pot
*** SUMMARY ***
Total pot $0.37 | Rake $0.02 
Board [4c Kd Qd]
Seat 1: Dorex2007 (small blind) folded before Flop
Seat 2: benclarky1 (big blind) folded before Flop
Seat 3: papaduni66 folded before Flop (didn't bet)
Seat 5: soldim327 folded before Flop (didn't bet)
Seat 6: Chimpy111 folded before Flop (didn't bet)
Seat 7: leocard83 folded on the Flop
Seat 8: sjpenwarden folded before Flop (didn't bet)
Seat 9: Invictus-san (button) collected ($0.35)



PokerStars Hand #238717461423:  Hold'em No Limit ($0.02/$0.05 USD) - 2022/09/18 15:51:12 PT [2022/09/18 18:51:12 ET]
Table 'Leo III' 9-max Seat #1 is the button
Seat 1: Dorex2007 ($7.03 in chips) 
Seat 2: benclarky1 ($6.03 in chips) 
Seat 3: papaduni66 ($2.99 in chips) 
Seat 5: soldim327 ($5.21 in chips) 
Seat 6: Chimpy111 ($4.83 in chips) 
Seat 7: leocard83 ($4.73 in chips) 
Seat 8: sjpenwarden ($5.16 in chips) 
Seat 9: Invictus-san ($3.96 in chips) 
benclarky1: posts small blind $0.02
papaduni66: posts big blind $0.05
*** HOLE CARDS ***
Dealt to Dorex2007 [7d Qs]
soldim327: folds 
Chimpy111: folds 
leocard83: folds 
sjpenwarden: folds 
Invictus-san: calls $0.05
Dorex2007: folds 
benclarky1: raises $0.15 to $0.20
papaduni66: folds 
Invictus-san: calls $0.15
*** FLOP *** [Jc 3c 4d]
benclarky1: bets $0.13
caiessilva is disconnected 
Invictus-san: calls $0.13
*** TURN *** [Jc 3c 4d] [Qh]
benclarky1: bets $0.27
Invictus-san: folds 
Uncalled bet ($0.27) returned to benclarky1
benclarky1 collected $0.68 from pot
benclarky1: doesn't show hand 
*** SUMMARY ***
Total pot $0.71 | Rake $0.03 
Board [Jc 3c 4d Qh]
Seat 1: Dorex2007 (button) folded before Flop (didn't bet)
Seat 2: benclarky1 (small blind) collected ($0.68)
Seat 3: papaduni66 (big blind) folded before Flop
Seat 5: soldim327 folded before Flop (didn't bet)
Seat 6: Chimpy111 folded before Flop (didn't bet)
Seat 7: leocard83 folded before Flop (didn't bet)
Seat 8: sjpenwarden folded before Flop (didn't bet)
Seat 9: Invictus-san folded on the Turn



PokerStars Hand #238717478255:  Hold'em No Limit ($0.02/$0.05 USD) - 2022/09/18 15:52:06 PT [2022/09/18 18:52:06 ET]
Table 'Leo III' 9-max Seat #2 is the button
Seat 1: Dorex2007 ($7.03 in chips) 
Seat 2: benclarky1 ($6.38 in chips) 
Seat 3: papaduni66 ($2.94 in chips) 
Seat 5: soldim327 ($5.21 in chips) 
Seat 6: Chimpy111 ($4.83 in chips) 
Seat 7: leocard83 ($4.73 in chips) 
Seat 8: sjpenwarden ($5.16 in chips) 
Seat 9: Invictus-san ($3.63 in chips) 
papaduni66: posts small blind $0.02
soldim327: posts big blind $0.05
*** HOLE CARDS ***
Dealt to Dorex2007 [Th 9d]
Chimpy111: folds 
leocard83: folds 
sjpenwarden: raises $0.12 to $0.17
Invictus-san: calls $0.17
Dorex2007: folds 
benclarky1: folds 
papaduni66: folds 
soldim327: raises $0.59 to $0.76
sjpenwarden: calls $0.59
Invictus-san: raises $2.87 to $3.63 and is all-in
soldim327: raises $1.58 to $5.21 and is all-in
sjpenwarden: folds 
Uncalled bet ($1.58) returned to soldim327
*** FLOP *** [8s Jc 5s]
*** TURN *** [8s Jc 5s] [8c]
*** RIVER *** [8s Jc 5s 8c] [2c]
*** SHOW DOWN ***
soldim327: shows [Ah As] (two pair, Aces and Eights)
Invictus-san: shows [Kd Ad] (a pair of Eights)
soldim327 collected $7.71 from pot
*** SUMMARY ***
Total pot $8.04 | Rake $0.33 
Board [8s Jc 5s 8c 2c]
Seat 1: Dorex2007 folded before Flop (didn't bet)
Seat 2: benclarky1 (button) folded before Flop (didn't bet)
Seat 3: papaduni66 (small blind) folded before Flop
Seat 5: soldim327 (big blind) showed [Ah As] and won ($7.71) with two pair, Aces and Eights
Seat 6: Chimpy111 folded before Flop (didn't bet)
Seat 7: leocard83 folded before Flop (didn't bet)
Seat 8: sjpenwarden folded before Flop
Seat 9: Invictus-san showed [Kd Ad] and lost with a pair of Eights



PokerStars Hand #238717497768:  Hold'em No Limit ($0.02/$0.05 USD) - 2022/09/18 15:53:08 PT [2022/09/18 18:53:08 ET]
Table 'Leo III' 9-max Seat #3 is the button
Seat 1: Dorex2007 ($7.03 in chips) 
Seat 2: benclarky1 ($6.38 in chips) 
Seat 3: papaduni66 ($2.92 in chips) 
Seat 5: soldim327 ($9.29 in chips) 
Seat 6: Chimpy111 ($4.83 in chips) 
Seat 7: leocard83 ($4.73 in chips) 
Seat 8: sjpenwarden ($4.40 in chips) 
soldim327: posts small blind $0.02
Chimpy111: posts big blind $0.05
*** HOLE CARDS ***
Dealt to Dorex2007 [3d 5d]
leocard83: folds 
sjpenwarden: folds 
Dorex2007: folds 
benclarky1: folds 
papaduni66: folds 
soldim327: raises $0.07 to $0.12
Chimpy111: calls $0.07
*** FLOP *** [9h 3h 9c]
soldim327: bets $0.23
Chimpy111: folds 
Uncalled bet ($0.23) returned to soldim327
soldim327 collected $0.23 from pot
soldim327: doesn't show hand 
*** SUMMARY ***
Total pot $0.24 | Rake $0.01 
Board [9h 3h 9c]
Seat 1: Dorex2007 folded before Flop (didn't bet)
Seat 2: benclarky1 folded before Flop (didn't bet)
Seat 3: papaduni66 (button) folded before Flop (didn't bet)
Seat 5: soldim327 (small blind) collected ($0.23)
Seat 6: Chimpy111 (big blind) folded on the Flop
Seat 7: leocard83 folded before Flop (didn't bet)
Seat 8: sjpenwarden folded before Flop (didn't bet)



PokerStars Hand #238717506738:  Hold'em No Limit ($0.02/$0.05 USD) - 2022/09/18 15:53:36 PT [2022/09/18 18:53:36 ET]
Table 'Leo III' 9-max Seat #5 is the button
Seat 1: Dorex2007 ($7.03 in chips) 
Seat 2: benclarky1 ($6.38 in chips) 
Seat 3: papaduni66 ($2.92 in chips) 
Seat 5: soldim327 ($9.40 in chips) 
Seat 6: Chimpy111 ($4.71 in chips) 
Seat 7: leocard83 ($4.73 in chips) 
Seat 8: sjpenwarden ($4.40 in chips) 
Seat 9: Invictus-san ($5 in chips) 
Chimpy111: posts small blind $0.02
leocard83: posts big blind $0.05
*** HOLE CARDS ***
Dealt to Dorex2007 [5c 4h]
sjpenwarden: folds 
Invictus-san: calls $0.05
Dorex2007: folds 
benclarky1: raises $0.15 to $0.20
papaduni66: calls $0.20
soldim327: folds 
Chimpy111: folds 
leocard83: folds 
Invictus-san: calls $0.15
*** FLOP *** [Qc 7s 6s]
Invictus-san: bets $0.32
benclarky1: calls $0.32
papaduni66: folds 
*** TURN *** [Qc 7s 6s] [8d]
Invictus-san: bets $0.63
benclarky1: raises $5.23 to $5.86 and is all-in
Invictus-san: calls $3.85 and is all-in
Uncalled bet ($1.38) returned to benclarky1
*** RIVER *** [Qc 7s 6s 8d] [5s]
*** SHOW DOWN ***
Invictus-san: shows [8c Jc] (a pair of Eights)
benclarky1: shows [Js 8s] (a flush, Jack high)
benclarky1 collected $9.84 from pot
Invictus-san cashed out the hand for $3.88 | Cash Out Fee $0.04
*** SUMMARY ***
Total pot $10.27 | Rake $0.43 
Board [Qc 7s 6s 8d 5s]
Seat 1: Dorex2007 folded before Flop (didn't bet)
Seat 2: benclarky1 showed [Js 8s] and won ($9.84) with a flush, Jack high
Seat 3: papaduni66 folded on the Flop
Seat 5: soldim327 (button) folded before Flop (didn't bet)
Seat 6: Chimpy111 (small blind) folded before Flop
Seat 7: leocard83 (big blind) folded before Flop
Seat 8: sjpenwarden folded before Flop (didn't bet)
Seat 9: Invictus-san showed [8c Jc] and lost with a pair of Eights (cashed out).



PokerStars Hand #238717531132:  Hold'em No Limit ($0.02/$0.05 USD) - 2022/09/18 15:54:55 PT [2022/09/18 18:54:55 ET]
Table 'Leo III' 9-max Seat #6 is the button
Seat 1: Dorex2007 ($7.03 in chips) 
Seat 2: benclarky1 ($11.22 in chips) 
Seat 3: papaduni66 ($2.72 in chips) 
Seat 5: soldim327 ($9.40 in chips) 
Seat 6: Chimpy111 ($4.69 in chips) 
Seat 7: leocard83 ($4.68 in chips) 
Seat 8: sjpenwarden ($4.40 in chips) 
Seat 9: Invictus-san ($3.88 in chips) 
leocard83: posts small blind $0.02
sjpenwarden: posts big blind $0.05
*** HOLE CARDS ***
Dealt to Dorex2007 [3h 4h]
Invictus-san: calls $0.05
Dorex2007: folds 
benclarky1: folds 
papaduni66: raises $0.05 to $0.10
soldim327: folds 
Chimpy111: folds 
leocard83: raises $0.05 to $0.15
sjpenwarden: folds 
Invictus-san: calls $0.10
papaduni66: calls $0.05
*** FLOP *** [Td 7s 2c]
leocard83: bets $0.24
Invictus-san: folds 
papaduni66: calls $0.24
*** TURN *** [Td 7s 2c] [4d]
leocard83: bets $0.30
papaduni66: calls $0.30
*** RIVER *** [Td 7s 2c 4d] [As]
leocard83: bets $0.75
papaduni66: calls $0.75
*** SHOW DOWN ***
leocard83: shows [Ad 4s] (two pair, Aces and Fours)
papaduni66: mucks hand 
leocard83 collected $2.95 from pot
*** SUMMARY ***
Total pot $3.08 | Rake $0.13 
Board [Td 7s 2c 4d As]
Seat 1: Dorex2007 folded before Flop (didn't bet)
Seat 2: benclarky1 folded before Flop (didn't bet)
Seat 3: papaduni66 mucked [Ac 3c]
Seat 5: soldim327 folded before Flop (didn't bet)
Seat 6: Chimpy111 (button) folded before Flop (didn't bet)
Seat 7: leocard83 (small blind) showed [Ad 4s] and won ($2.95) with two pair, Aces and Fours
Seat 8: sjpenwarden (big blind) folded before Flop
Seat 9: Invictus-san folded on the Flop



PokerStars Hand #238717547931:  Hold'em No Limit ($0.02/$0.05 USD) - 2022/09/18 15:56:09 PT [2022/09/18 18:56:09 ET]
Table 'Leo III' 9-max Seat #7 is the button
Seat 1: Dorex2007 ($7.03 in chips) 
Seat 2: benclarky1 ($11.22 in chips) 
Seat 3: papaduni66 ($1.28 in chips) 
Seat 5: soldim327 ($9.40 in chips) 
Seat 6: Chimpy111 ($4.69 in chips) 
Seat 7: leocard83 ($6.19 in chips) 
Seat 8: sjpenwarden ($4.35 in chips) 
Seat 9: Invictus-san ($3.73 in chips) 
sjpenwarden: posts small blind $0.02
Invictus-san: posts big blind $0.05
*** HOLE CARDS ***
Dealt to Dorex2007 [6s 5d]
Dorex2007: folds 
benclarky1: folds 
papaduni66: folds 
soldim327: folds 
Chimpy111: folds 
leocard83: folds 
sjpenwarden: folds 
Uncalled bet ($0.03) returned to Invictus-san
Invictus-san collected $0.04 from pot
*** SUMMARY ***
Total pot $0.04 | Rake $0 
Seat 1: Dorex2007 folded before Flop (didn't bet)
Seat 2: benclarky1 folded before Flop (didn't bet)
Seat 3: papaduni66 folded before Flop (didn't bet)
Seat 5: soldim327 folded before Flop (didn't bet)
Seat 6: Chimpy111 folded before Flop (didn't bet)
Seat 7: leocard83 (button) folded before Flop (didn't bet)
Seat 8: sjpenwarden (small blind) folded before Flop
Seat 9: Invictus-san (big blind) collected ($0.04)



PokerStars Hand #238717552452:  Hold'em No Limit ($0.02/$0.05 USD) - 2022/09/18 15:56:30 PT [2022/09/18 18:56:30 ET]
Table 'Leo III' 9-max Seat #8 is the button
Seat 1: Dorex2007 ($7.03 in chips) 
Seat 2: benclarky1 ($11.22 in chips) 
Seat 3: papaduni66 ($1.28 in chips) 
Seat 5: soldim327 ($9.40 in chips) 
Seat 6: Chimpy111 ($4.69 in chips) 
Seat 7: leocard83 ($6.19 in chips) 
Seat 8: sjpenwarden ($4.33 in chips) 
Seat 9: Invictus-san ($3.75 in chips) 
Invictus-san: posts small blind $0.02
Dorex2007: posts big blind $0.05
*** HOLE CARDS ***
Dealt to Dorex2007 [9c 4c]
benclarky1: raises $0.10 to $0.15
papaduni66: folds 
soldim327: folds 
Chimpy111: folds 
leocard83: folds 
sjpenwarden: folds 
Invictus-san: folds 
Dorex2007: folds 
Uncalled bet ($0.10) returned to benclarky1
benclarky1 collected $0.12 from pot
benclarky1: doesn't show hand 
*** SUMMARY ***
Total pot $0.12 | Rake $0 
Seat 1: Dorex2007 (big blind) folded before Flop
Seat 2: benclarky1 collected ($0.12)
Seat 3: papaduni66 folded before Flop (didn't bet)
Seat 5: soldim327 folded before Flop (didn't bet)
Seat 6: Chimpy111 folded before Flop (didn't bet)
Seat 7: leocard83 folded before Flop (didn't bet)
Seat 8: sjpenwarden (button) folded before Flop (didn't bet)
Seat 9: Invictus-san (small blind) folded before Flop



PokerStars Hand #238717555925:  Hold'em No Limit ($0.02/$0.05 USD) - 2022/09/18 15:56:45 PT [2022/09/18 18:56:45 ET]
Table 'Leo III' 9-max Seat #9 is the button
Seat 1: Dorex2007 ($6.98 in chips) 
Seat 2: benclarky1 ($11.29 in chips) 
Seat 3: papaduni66 ($1.28 in chips) 
Seat 5: soldim327 ($9.40 in chips) 
Seat 6: Chimpy111 ($4.69 in chips) 
Seat 7: leocard83 ($6.19 in chips) 
Seat 8: sjpenwarden ($4.33 in chips) 
Seat 9: Invictus-san ($3.73 in chips) 
Dorex2007: posts small blind $0.02
benclarky1: posts big blind $0.05
*** HOLE CARDS ***
Dealt to Dorex2007 [Jd 3d]
papaduni66: folds 
soldim327: folds 
Chimpy111: calls $0.05
leocard83: folds 
sjpenwarden: folds 
Invictus-san: calls $0.05
Dorex2007: folds 
benclarky1: checks 
*** FLOP *** [Kd 8d Jh]
benclarky1: checks 
Chimpy111: checks 
Invictus-san: bets $0.16
benclarky1: folds 
Chimpy111: folds 
Uncalled bet ($0.16) returned to Invictus-san
Invictus-san collected $0.16 from pot
*** SUMMARY ***
Total pot $0.17 | Rake $0.01 
Board [Kd 8d Jh]
Seat 1: Dorex2007 (small blind) folded before Flop
Seat 2: benclarky1 (big blind) folded on the Flop
Seat 3: papaduni66 folded before Flop (didn't bet)
Seat 5: soldim327 folded before Flop (didn't bet)
Seat 6: Chimpy111 folded on the Flop
Seat 7: leocard83 folded before Flop (didn't bet)
Seat 8: sjpenwarden folded before Flop (didn't bet)
Seat 9: Invictus-san (button) collected ($0.16)



PokerStars Hand #238717564042:  Hold'em No Limit ($0.02/$0.05 USD) - 2022/09/18 15:57:22 PT [2022/09/18 18:57:22 ET]
Table 'Leo III' 9-max Seat #1 is the button
Seat 1: Dorex2007 ($6.96 in chips) 
Seat 2: benclarky1 ($11.24 in chips) 
Seat 3: papaduni66 ($1.28 in chips) 
Seat 5: soldim327 ($9.40 in chips) 
Seat 6: Chimpy111 ($4.64 in chips) 
Seat 7: leocard83 ($6.19 in chips) 
Seat 8: sjpenwarden ($4.33 in chips) 
Seat 9: Invictus-san ($3.84 in chips) 
benclarky1: posts small blind $0.02
papaduni66: posts big blind $0.05
*** HOLE CARDS ***
Dealt to Dorex2007 [Js Qd]
soldim327: folds 
Chimpy111: folds 
leocard83: folds 
sjpenwarden: folds 
Invictus-san: calls $0.05
Dorex2007: raises $0.10 to $0.15
benclarky1: folds 
papaduni66: folds 
Invictus-san: calls $0.10
*** FLOP *** [5s Th 5h]
Invictus-san: checks 
Dorex2007: checks 
*** TURN *** [5s Th 5h] [8h]
Invictus-san: bets $0.17
Dorex2007: folds 
Uncalled bet ($0.17) returned to Invictus-san
Invictus-san collected $0.35 from pot
*** SUMMARY ***
Total pot $0.37 | Rake $0.02 
Board [5s Th 5h 8h]
Seat 1: Dorex2007 (button) folded on the Turn
Seat 2: benclarky1 (small blind) folded before Flop
Seat 3: papaduni66 (big blind) folded before Flop
Seat 5: soldim327 folded before Flop (didn't bet)
Seat 6: Chimpy111 folded before Flop (didn't bet)
Seat 7: leocard83 folded before Flop (didn't bet)
Seat 8: sjpenwarden folded before Flop (didn't bet)
Seat 9: Invictus-san collected ($0.35)



PokerStars Hand #238717574692:  Hold'em No Limit ($0.02/$0.05 USD) - 2022/09/18 15:58:10 PT [2022/09/18 18:58:10 ET]
Table 'Leo III' 9-max Seat #2 is the button
Seat 1: Dorex2007 ($6.81 in chips) 
Seat 2: benclarky1 ($11.22 in chips) 
Seat 3: papaduni66 ($1.23 in chips) 
Seat 5: soldim327 ($9.40 in chips) 
Seat 6: Chimpy111 ($4.64 in chips) 
Seat 7: leocard83 ($6.19 in chips) 
Seat 8: sjpenwarden ($4.33 in chips) 
Seat 9: Invictus-san ($4.04 in chips) 
papaduni66: posts small blind $0.02
soldim327: posts big blind $0.05
*** HOLE CARDS ***
Dealt to Dorex2007 [5s Jd]
Chimpy111: folds 
leocard83: folds 
sjpenwarden: folds 
Invictus-san: calls $0.05
Dorex2007: folds 
benclarky1: folds 
papaduni66: raises $1.18 to $1.23 and is all-in
soldim327: folds 
Invictus-san: folds 
Uncalled bet ($1.18) returned to papaduni66
papaduni66 collected $0.15 from pot
*** SUMMARY ***
Total pot $0.15 | Rake $0 
Seat 1: Dorex2007 folded before Flop (didn't bet)
Seat 2: benclarky1 (button) folded before Flop (didn't bet)
Seat 3: papaduni66 (small blind) collected ($0.15)
Seat 5: soldim327 (big blind) folded before Flop
Seat 6: Chimpy111 folded before Flop (didn't bet)
Seat 7: leocard83 folded before Flop (didn't bet)
Seat 8: sjpenwarden folded before Flop (didn't bet)
Seat 9: Invictus-san folded before Flop



PokerStars Hand #238717581436:  Hold'em No Limit ($0.02/$0.05 USD) - 2022/09/18 15:58:41 PT [2022/09/18 18:58:41 ET]
Table 'Leo III' 9-max Seat #3 is the button
Seat 1: Dorex2007 ($6.81 in chips) 
Seat 2: benclarky1 ($11.22 in chips) 
Seat 3: papaduni66 ($1.33 in chips) 
Seat 5: soldim327 ($9.35 in chips) 
Seat 6: Chimpy111 ($4.64 in chips) 
Seat 7: leocard83 ($6.19 in chips) 
Seat 8: sjpenwarden ($4.33 in chips) 
Seat 9: Invictus-san ($3.99 in chips) 
soldim327: posts small blind $0.02
Chimpy111: posts big blind $0.05
*** HOLE CARDS ***
Dealt to Dorex2007 [Js Th]
leocard83: folds 
sjpenwarden: folds 
Invictus-san: calls $0.05
Dorex2007: folds 
benclarky1: raises $0.15 to $0.20
papaduni66: folds 
soldim327: folds 
Chimpy111: folds 
Invictus-san: calls $0.15
*** FLOP *** [6c 6d Jh]
Invictus-san: bets $0.15
benclarky1: calls $0.15
*** TURN *** [6c 6d Jh] [6h]
Invictus-san: bets $0.37
benclarky1: folds 
Uncalled bet ($0.37) returned to Invictus-san
Invictus-san collected $0.73 from pot
*** SUMMARY ***
Total pot $0.77 | Rake $0.04 
Board [6c 6d Jh 6h]
Seat 1: Dorex2007 folded before Flop (didn't bet)
Seat 2: benclarky1 folded on the Turn
Seat 3: papaduni66 (button) folded before Flop (didn't bet)
Seat 5: soldim327 (small blind) folded before Flop
Seat 6: Chimpy111 (big blind) folded before Flop
Seat 7: leocard83 folded before Flop (didn't bet)
Seat 8: sjpenwarden folded before Flop (didn't bet)
Seat 9: Invictus-san collected ($0.73)



PokerStars Hand #238717595842:  Hold'em No Limit ($0.02/$0.05 USD) - 2022/09/18 15:59:46 PT [2022/09/18 18:59:46 ET]
Table 'Leo III' 9-max Seat #5 is the button
Seat 1: Dorex2007 ($6.81 in chips) 
Seat 2: benclarky1 ($10.87 in chips) 
Seat 3: papaduni66 ($1.33 in chips) 
Seat 5: soldim327 ($9.33 in chips) 
Seat 6: Chimpy111 ($5 in chips) 
Seat 7: leocard83 ($6.19 in chips) 
Seat 8: sjpenwarden ($4.33 in chips) 
Seat 9: Invictus-san ($4.37 in chips) 
Chimpy111: posts small blind $0.02
leocard83: posts big blind $0.05
*** HOLE CARDS ***
Dealt to Dorex2007 [9h 7h]
sjpenwarden: folds 
Invictus-san: calls $0.05
Dorex2007: folds 
benclarky1: folds 
papaduni66: folds 
soldim327: calls $0.05
Chimpy111: folds 
leocard83: checks 
*** FLOP *** [6h 4h 9s]
leocard83: checks 
Invictus-san: bets $0.20
soldim327: raises $0.52 to $0.72
leocard83: folds 
Invictus-san: calls $0.52
*** TURN *** [6h 4h 9s] [Jd]
Invictus-san: bets $0.40
soldim327: raises $1.16 to $1.56
Invictus-san: calls $1.16
*** RIVER *** [6h 4h 9s Jd] [5d]
Invictus-san: bets $2.04 and is all-in
soldim327: calls $2.04
*** SHOW DOWN ***
Invictus-san: shows [Qc 9d] (a pair of Nines)
soldim327: shows [4d 6d] (two pair, Sixes and Fours)
soldim327 collected $8.44 from pot
*** SUMMARY ***
Total pot $8.81 | Rake $0.37 
Board [6h 4h 9s Jd 5d]
Seat 1: Dorex2007 folded before Flop (didn't bet)
Seat 2: benclarky1 folded before Flop (didn't bet)
Seat 3: papaduni66 folded before Flop (didn't bet)
Seat 5: soldim327 (button) showed [4d 6d] and won ($8.44) with two pair, Sixes and Fours
Seat 6: Chimpy111 (small blind) folded before Flop
Seat 7: leocard83 (big blind) folded on the Flop
Seat 8: sjpenwarden folded before Flop (didn't bet)
Seat 9: Invictus-san showed [Qc 9d] and lost with a pair of Nines



PokerStars Hand #238717622308:  Hold'em No Limit ($0.02/$0.05 USD) - 2022/09/18 16:01:30 PT [2022/09/18 19:01:30 ET]
Table 'Leo III' 9-max Seat #6 is the button
Seat 1: Dorex2007 ($6.81 in chips) 
Seat 2: benclarky1 ($10.87 in chips) 
Seat 3: papaduni66 ($1.33 in chips) 
Seat 5: soldim327 ($13.40 in chips) 
Seat 6: Chimpy111 ($4.98 in chips) 
Seat 7: leocard83 ($6.14 in chips) 
Seat 8: sjpenwarden ($4.33 in chips) 
leocard83: posts small blind $0.02
sjpenwarden: posts big blind $0.05
*** HOLE CARDS ***
Dealt to Dorex2007 [Qh Tc]
Dorex2007: folds 
benclarky1: folds 
papaduni66: folds 
soldim327: raises $0.07 to $0.12
Chimpy111: folds 
caiessilva leaves the table
leocard83: calls $0.10
sjpenwarden: folds 
*** FLOP *** [Ad 2d Jd]
leocard83: checks 
soldim327: bets $0.19
leocard83: folds 
Uncalled bet ($0.19) returned to soldim327
soldim327 collected $0.28 from pot
soldim327: doesn't show hand 
*** SUMMARY ***
Total pot $0.29 | Rake $0.01 
Board [Ad 2d Jd]
Seat 1: Dorex2007 folded before Flop (didn't bet)
Seat 2: benclarky1 folded before Flop (didn't bet)
Seat 3: papaduni66 folded before Flop (didn't bet)
Seat 5: soldim327 collected ($0.28)
Seat 6: Chimpy111 (button) folded before Flop (didn't bet)
Seat 7: leocard83 (small blind) folded on the Flop
Seat 8: sjpenwarden (big blind) folded before Flop



PokerStars Hand #238717635766:  Hold'em No Limit ($0.02/$0.05 USD) - 2022/09/18 16:02:15 PT [2022/09/18 19:02:15 ET]
Table 'Leo III' 9-max Seat #7 is the button
Seat 1: Dorex2007 ($6.81 in chips) 
Seat 2: benclarky1 ($10.87 in chips) 
Seat 3: papaduni66 ($1.33 in chips) 
Seat 5: soldim327 ($13.56 in chips) 
Seat 6: Chimpy111 ($4.98 in chips) 
Seat 7: leocard83 ($6.02 in chips) 
Seat 8: sjpenwarden ($4.28 in chips) 
Seat 9: Invictus-san ($5 in chips) 
sjpenwarden: posts small blind $0.02
Invictus-san: posts big blind $0.05
*** HOLE CARDS ***
Dealt to Dorex2007 [6h 6d]
Dorex2007: calls $0.05
Zauberer_1 joins the table at seat #4 
benclarky1: folds 
papaduni66: folds 
soldim327: folds 
Zauberer_1 leaves the table
Chimpy111: raises $0.10 to $0.15
leocard83: folds 
sjpenwarden: folds 
Invictus-san: calls $0.10
Dorex2007: calls $0.10
*** FLOP *** [6c As 5s]
Invictus-san: bets $0.20
AceSpadeSurfer joins the table at seat #4 
Dorex2007: raises $0.43 to $0.63
Chimpy111: folds 
Invictus-san: calls $0.43
*** TURN *** [6c As 5s] [4c]
Invictus-san: checks 
Dorex2007: bets $6.03 and is all-in
Invictus-san: folds 
Uncalled bet ($6.03) returned to Dorex2007
Dorex2007 collected $1.66 from pot
Dorex2007: doesn't show hand 
*** SUMMARY ***
Total pot $1.73 | Rake $0.07 
Board [6c As 5s 4c]
Seat 1: Dorex2007 collected ($1.66)
Seat 2: benclarky1 folded before Flop (didn't bet)
Seat 3: papaduni66 folded before Flop (didn't bet)
Seat 5: soldim327 folded before Flop (didn't bet)
Seat 6: Chimpy111 folded on the Flop
Seat 7: leocard83 (button) folded before Flop (didn't bet)
Seat 8: sjpenwarden (small blind) folded before Flop
Seat 9: Invictus-san (big blind) folded on the Turn



PokerStars Hand #238717657036:  Hold'em No Limit ($0.02/$0.05 USD) - 2022/09/18 16:03:27 PT [2022/09/18 19:03:27 ET]
Table 'Leo III' 9-max Seat #8 is the button
Seat 1: Dorex2007 ($7.69 in chips) 
Seat 2: benclarky1 ($10.87 in chips) 
Seat 3: papaduni66 ($1.33 in chips) 
Seat 4: AceSpadeSurfer ($2 in chips) 
Seat 5: soldim327 ($13.56 in chips) 
Seat 6: Chimpy111 ($4.83 in chips) 
Seat 7: leocard83 ($6.02 in chips) 
Seat 8: sjpenwarden ($4.26 in chips) 
Seat 9: Invictus-san ($4.22 in chips) 
Invictus-san: posts small blind $0.02
Dorex2007: posts big blind $0.05
AceSpadeSurfer: posts big blind $0.05
*** HOLE CARDS ***
Dealt to Dorex2007 [Jd 9s]
benclarky1: folds 
papaduni66: folds 
AceSpadeSurfer: raises $0.05 to $0.10
soldim327: folds 
Chimpy111: calls $0.10
leocard83: folds 
sjpenwarden: calls $0.10
Invictus-san: calls $0.08
Dorex2007: folds 
*** FLOP *** [Qd 4h 2s]
Invictus-san: checks 
AceSpadeSurfer: checks 
Chimpy111: checks 
sjpenwarden: checks 
*** TURN *** [Qd 4h 2s] [Jc]
Invictus-san: bets $0.20
AceSpadeSurfer: folds 
Chimpy111: folds 
sjpenwarden: folds 
Uncalled bet ($0.20) returned to Invictus-san
Invictus-san collected $0.43 from pot
*** SUMMARY ***
Total pot $0.45 | Rake $0.02 
Board [Qd 4h 2s Jc]
Seat 1: Dorex2007 (big blind) folded before Flop
Seat 2: benclarky1 folded before Flop (didn't bet)
Seat 3: papaduni66 folded before Flop (didn't bet)
Seat 4: AceSpadeSurfer folded on the Turn
Seat 5: soldim327 folded before Flop (didn't bet)
Seat 6: Chimpy111 folded on the Turn
Seat 7: leocard83 folded before Flop (didn't bet)
Seat 8: sjpenwarden (button) folded on the Turn
Seat 9: Invictus-san (small blind) collected ($0.43)



PokerStars Hand #238717686950:  Hold'em No Limit ($0.02/$0.05 USD) - 2022/09/18 16:05:07 PT [2022/09/18 19:05:07 ET]
Table 'Leo III' 9-max Seat #9 is the button
Seat 1: Dorex2007 ($7.64 in chips) 
Seat 2: benclarky1 ($10.87 in chips) 
Seat 3: papaduni66 ($1.33 in chips) 
Seat 4: AceSpadeSurfer ($1.90 in chips) 
Seat 5: soldim327 ($13.56 in chips) 
Seat 6: Chimpy111 ($4.73 in chips) 
Seat 7: leocard83 ($6.02 in chips) 
Seat 8: sjpenwarden ($4.16 in chips) 
Seat 9: Invictus-san ($4.55 in chips) 
Dorex2007: posts small blind $0.02
benclarky1: posts big blind $0.05
*** HOLE CARDS ***
Dealt to Dorex2007 [Qc 4d]
papaduni66: folds 
AceSpadeSurfer: folds 
soldim327: folds 
Chimpy111: folds 
leocard83: folds 
sjpenwarden: folds 
Invictus-san: calls $0.05
Dorex2007: folds 
benclarky1: checks 
*** FLOP *** [5h 9h 4s]
benclarky1: checks 
Invictus-san: bets $0.12
benclarky1: calls $0.12
*** TURN *** [5h 9h 4s] [9c]
benclarky1: checks 
Invictus-san: bets $0.20
benclarky1: calls $0.20
*** RIVER *** [5h 9h 4s 9c] [Td]
benclarky1: checks 
Invictus-san: checks 
*** SHOW DOWN ***
benclarky1: shows [Ad 4h] (two pair, Nines and Fours)
Invictus-san: mucks hand 
benclarky1 collected $0.73 from pot
*** SUMMARY ***
Total pot $0.76 | Rake $0.03 
Board [5h 9h 4s 9c Td]
Seat 1: Dorex2007 (small blind) folded before Flop
Seat 2: benclarky1 (big blind) showed [Ad 4h] and won ($0.73) with two pair, Nines and Fours
Seat 3: papaduni66 folded before Flop (didn't bet)
Seat 4: AceSpadeSurfer folded before Flop (didn't bet)
Seat 5: soldim327 folded before Flop (didn't bet)
Seat 6: Chimpy111 folded before Flop (didn't bet)
Seat 7: leocard83 folded before Flop (didn't bet)
Seat 8: sjpenwarden folded before Flop (didn't bet)
Seat 9: Invictus-san (button) mucked [Ah 3h]



PokerStars Hand #238717699345:  Hold'em No Limit ($0.02/$0.05 USD) - 2022/09/18 16:05:49 PT [2022/09/18 19:05:49 ET]
Table 'Leo III' 9-max Seat #1 is the button
Seat 1: Dorex2007 ($7.62 in chips) 
Seat 2: benclarky1 ($11.23 in chips) 
Seat 3: papaduni66 ($1.33 in chips) 
Seat 4: AceSpadeSurfer ($1.90 in chips) 
Seat 5: soldim327 ($13.56 in chips) 
Seat 6: Chimpy111 ($4.73 in chips) 
Seat 7: leocard83 ($6.02 in chips) 
Seat 9: Invictus-san ($4.18 in chips) 
benclarky1: posts small blind $0.02
papaduni66: posts big blind $0.05
*** HOLE CARDS ***
Dealt to Dorex2007 [5h Qh]
AceSpadeSurfer: raises $0.10 to $0.15
soldim327: folds 
Chimpy111: folds 
leocard83: folds 
Invictus-san: calls $0.15
Dorex2007: folds 
benclarky1: folds 
papaduni66: raises $1.18 to $1.33 and is all-in
AceSpadeSurfer: folds 
Invictus-san: calls $1.18
*** FLOP *** [2d 4h 6s]
*** TURN *** [2d 4h 6s] [4s]
*** RIVER *** [2d 4h 6s 4s] [6c]
*** SHOW DOWN ***
papaduni66: shows [Qs 9s] (two pair, Sixes and Fours)
Invictus-san: shows [Kh As] (two pair, Sixes and Fours - Ace kicker)
Invictus-san collected $2.68 from pot
*** SUMMARY ***
Total pot $2.83 | Rake $0.15 
Board [2d 4h 6s 4s 6c]
Seat 1: Dorex2007 (button) folded before Flop (didn't bet)
Seat 2: benclarky1 (small blind) folded before Flop
Seat 3: papaduni66 (big blind) showed [Qs 9s] and lost with two pair, Sixes and Fours
Seat 4: AceSpadeSurfer folded before Flop
Seat 5: soldim327 folded before Flop (didn't bet)
Seat 6: Chimpy111 folded before Flop (didn't bet)
Seat 7: leocard83 folded before Flop (didn't bet)
Seat 9: Invictus-san showed [Kh As] and won ($2.68) with two pair, Sixes and Fours



PokerStars Hand #238717715469:  Hold'em No Limit ($0.02/$0.05 USD) - 2022/09/18 16:06:43 PT [2022/09/18 19:06:43 ET]
Table 'Leo III' 9-max Seat #2 is the button
Seat 1: Dorex2007 ($7.62 in chips) 
Seat 2: benclarky1 ($11.21 in chips) 
Seat 4: AceSpadeSurfer ($1.75 in chips) 
Seat 5: soldim327 ($13.56 in chips) 
Seat 6: Chimpy111 ($4.73 in chips) 
Seat 7: leocard83 ($6.02 in chips) 
Seat 9: Invictus-san ($5.53 in chips) 
AceSpadeSurfer: posts small blind $0.02
soldim327: posts big blind $0.05
*** HOLE CARDS ***
Dealt to Dorex2007 [Ac Qd]
Chimpy111: folds 
leocard83: folds 
Invictus-san: calls $0.05
Dorex2007: calls $0.05
benclarky1: folds 
AceSpadeSurfer: calls $0.03
soldim327: checks 
*** FLOP *** [5s 2h 8c]
papaduni66 leaves the table
AceSpadeSurfer: bets $0.09
soldim327: folds 
Invictus-san: calls $0.09
laureano290 joins the table at seat #3 
Dorex2007: calls $0.09
*** TURN *** [5s 2h 8c] [4c]
AceSpadeSurfer: checks 
Chimpy111 leaves the table
Invictus-san: bets $0.20
Dorex2007: folds 
AceSpadeSurfer: folds 
Uncalled bet ($0.20) returned to Invictus-san
DEMIAN770 joins the table at seat #6 
Invictus-san collected $0.45 from pot
*** SUMMARY ***
Total pot $0.47 | Rake $0.02 
Board [5s 2h 8c 4c]
Seat 1: Dorex2007 folded on the Turn
Seat 2: benclarky1 (button) folded before Flop (didn't bet)
Seat 4: AceSpadeSurfer (small blind) folded on the Turn
Seat 5: soldim327 (big blind) folded on the Flop
Seat 6: Chimpy111 folded before Flop (didn't bet)
Seat 7: leocard83 folded before Flop (didn't bet)
Seat 9: Invictus-san collected ($0.45)



PokerStars Hand #238717735115:  Hold'em No Limit ($0.02/$0.05 USD) - 2022/09/18 16:07:50 PT [2022/09/18 19:07:50 ET]
Table 'Leo III' 9-max Seat #4 is the button
Seat 1: Dorex2007 ($7.48 in chips) 
Seat 2: benclarky1 ($11.21 in chips) 
Seat 4: AceSpadeSurfer ($1.61 in chips) 
Seat 5: soldim327 ($13.51 in chips) 
Seat 6: DEMIAN770 ($5 in chips) 
Seat 7: leocard83 ($6.02 in chips) 
Seat 9: Invictus-san ($5.84 in chips) 
soldim327: posts small blind $0.02
DEMIAN770: posts big blind $0.05
laureano290: sits out 
*** HOLE CARDS ***
Dealt to Dorex2007 [4d Jh]
leocard83: folds 
Invictus-san: calls $0.05
Dorex2007: folds 
benclarky1: folds 
AceSpadeSurfer: folds 
soldim327: folds 
DEMIAN770: checks 
*** FLOP *** [4s 2c 6s]
DEMIAN770: checks 
Invictus-san: bets $0.10
DEMIAN770: folds 
Uncalled bet ($0.10) returned to Invictus-san
Invictus-san collected $0.12 from pot
*** SUMMARY ***
Total pot $0.12 | Rake $0 
Board [4s 2c 6s]
Seat 1: Dorex2007 folded before Flop (didn't bet)
Seat 2: benclarky1 folded before Flop (didn't bet)
Seat 4: AceSpadeSurfer (button) folded before Flop (didn't bet)
Seat 5: soldim327 (small blind) folded before Flop
Seat 6: DEMIAN770 (big blind) folded on the Flop
Seat 7: leocard83 folded before Flop (didn't bet)
Seat 9: Invictus-san collected ($0.12)



PokerStars Hand #238717742249:  Hold'em No Limit ($0.02/$0.05 USD) - 2022/09/18 16:08:14 PT [2022/09/18 19:08:14 ET]
Table 'Leo III' 9-max Seat #5 is the button
Seat 1: Dorex2007 ($7.48 in chips) 
Seat 2: benclarky1 ($11.21 in chips) 
Seat 4: AceSpadeSurfer ($1.61 in chips) 
Seat 5: soldim327 ($13.49 in chips) 
Seat 6: DEMIAN770 ($5 in chips) 
Seat 7: leocard83 ($6.02 in chips) 
Seat 9: Invictus-san ($5.91 in chips) 
DEMIAN770: posts small blind $0.02
leocard83: posts big blind $0.05
laureano290: sits out 
*** HOLE CARDS ***
Dealt to Dorex2007 [Tc 8h]
Invictus-san: folds 
Dorex2007: folds 
benclarky1: raises $0.10 to $0.15
AceSpadeSurfer: folds 
soldim327: folds 
DEMIAN770: folds 
leocard83: raises $0.30 to $0.45
benclarky1: calls $0.30
*** FLOP *** [8c Ah 8s]
leocard83: bets $0.30
benclarky1: calls $0.30
*** TURN *** [8c Ah 8s] [2d]
leocard83: bets $0.70
benclarky1: folds 
Uncalled bet ($0.70) returned to leocard83
leocard83 collected $1.46 from pot
leocard83: doesn't show hand 
*** SUMMARY ***
Total pot $1.52 | Rake $0.06 
Board [8c Ah 8s 2d]
Seat 1: Dorex2007 folded before Flop (didn't bet)
Seat 2: benclarky1 folded on the Turn
Seat 4: AceSpadeSurfer folded before Flop (didn't bet)
Seat 5: soldim327 (button) folded before Flop (didn't bet)
Seat 6: DEMIAN770 (small blind) folded before Flop
Seat 7: leocard83 (big blind) collected ($1.46)
Seat 9: Invictus-san folded before Flop (didn't bet)



PokerStars Hand #238717761451:  Hold'em No Limit ($0.02/$0.05 USD) - 2022/09/18 16:09:19 PT [2022/09/18 19:09:19 ET]
Table 'Leo III' 9-max Seat #6 is the button
Seat 1: Dorex2007 ($7.48 in chips) 
Seat 2: benclarky1 ($10.46 in chips) 
Seat 4: AceSpadeSurfer ($1.61 in chips) 
Seat 5: soldim327 ($13.49 in chips) 
Seat 6: DEMIAN770 ($5 in chips) 
Seat 7: leocard83 ($6.73 in chips) 
Seat 9: Invictus-san ($5.91 in chips) 
leocard83: posts small blind $0.02
Invictus-san: posts big blind $0.05
laureano290: sits out 
*** HOLE CARDS ***
Dealt to Dorex2007 [2c Js]
Dorex2007: folds 
benclarky1: folds 
AceSpadeSurfer: folds 
soldim327: raises $0.07 to $0.12
DEMIAN770: calls $0.12
leocard83: calls $0.10
Invictus-san: folds 
*** FLOP *** [Tc 4h 8h]
leocard83: bets $0.19
soldim327: folds 
DEMIAN770: folds 
Uncalled bet ($0.19) returned to leocard83
leocard83 collected $0.39 from pot
leocard83: doesn't show hand 
*** SUMMARY ***
Total pot $0.41 | Rake $0.02 
Board [Tc 4h 8h]
Seat 1: Dorex2007 folded before Flop (didn't bet)
Seat 2: benclarky1 folded before Flop (didn't bet)
Seat 4: AceSpadeSurfer folded before Flop (didn't bet)
Seat 5: soldim327 folded on the Flop
Seat 6: DEMIAN770 (button) folded on the Flop
Seat 7: leocard83 (small blind) collected ($0.39)
Seat 9: Invictus-san (big blind) folded before Flop



PokerStars Hand #238717772204:  Hold'em No Limit ($0.02/$0.05 USD) - 2022/09/18 16:09:56 PT [2022/09/18 19:09:56 ET]
Table 'Leo III' 9-max Seat #7 is the button
Seat 1: Dorex2007 ($7.48 in chips) 
Seat 2: benclarky1 ($10.46 in chips) 
Seat 4: AceSpadeSurfer ($1.61 in chips) 
Seat 5: soldim327 ($13.37 in chips) 
Seat 6: DEMIAN770 ($5 in chips) 
Seat 7: leocard83 ($7 in chips) 
Seat 9: Invictus-san ($5.86 in chips) 
Invictus-san: posts small blind $0.02
Dorex2007: posts big blind $0.05
laureano290: sits out 
*** HOLE CARDS ***
Dealt to Dorex2007 [3h 4d]
benclarky1: raises $0.10 to $0.15
AceSpadeSurfer: folds 
soldim327: folds 
DEMIAN770: calls $0.15
leocard83: folds 
Invictus-san: calls $0.13
Dorex2007: folds 
*** FLOP *** [Ad Jc 5s]
Invictus-san: checks 
benclarky1: bets $0.25
DEMIAN770: calls $0.25
Invictus-san: folds 
*** TURN *** [Ad Jc 5s] [2h]
benclarky1: bets $0.38
DEMIAN770: calls $0.38
*** RIVER *** [Ad Jc 5s 2h] [4s]
benclarky1: checks 
DEMIAN770: bets $1.69
benclarky1: folds 
Uncalled bet ($1.69) returned to DEMIAN770
DEMIAN770 collected $1.69 from pot
DEMIAN770: doesn't show hand 
*** SUMMARY ***
Total pot $1.76 | Rake $0.07 
Board [Ad Jc 5s 2h 4s]
Seat 1: Dorex2007 (big blind) folded before Flop
Seat 2: benclarky1 folded on the River
Seat 4: AceSpadeSurfer folded before Flop (didn't bet)
Seat 5: soldim327 folded before Flop (didn't bet)
Seat 6: DEMIAN770 collected ($1.69)
Seat 7: leocard83 (button) folded before Flop (didn't bet)
Seat 9: Invictus-san (small blind) folded on the Flop



PokerStars Hand #238717789826:  Hold'em No Limit ($0.02/$0.05 USD) - 2022/09/18 16:10:57 PT [2022/09/18 19:10:57 ET]
Table 'Leo III' 9-max Seat #9 is the button
Seat 1: Dorex2007 ($7.43 in chips) 
Seat 2: benclarky1 ($9.68 in chips) 
Seat 4: AceSpadeSurfer ($1.61 in chips) 
Seat 5: soldim327 ($13.37 in chips) 
Seat 6: DEMIAN770 ($5.91 in chips) 
Seat 7: leocard83 ($7 in chips) 
Seat 8: sjpenwarden ($4.16 in chips) 
Seat 9: Invictus-san ($5.71 in chips) 
Dorex2007: posts small blind $0.02
benclarky1: posts big blind $0.05
laureano290: sits out 
sjpenwarden: posts small & big blinds $0.07
*** HOLE CARDS ***
Dealt to Dorex2007 [4c 9d]
AceSpadeSurfer: folds 
soldim327: folds 
DEMIAN770: folds 
leocard83: folds 
sjpenwarden: checks 
Invictus-san: calls $0.05
Dorex2007: folds 
benclarky1: checks 
*** FLOP *** [Qh Qs As]
benclarky1: checks 
sjpenwarden: checks 
Invictus-san: checks 
*** TURN *** [Qh Qs As] [Qc]
benclarky1: checks 
sjpenwarden: checks 
Invictus-san: bets $0.18
benclarky1: folds 
sjpenwarden: folds 
Uncalled bet ($0.18) returned to Invictus-san
Invictus-san collected $0.18 from pot
*** SUMMARY ***
Total pot $0.19 | Rake $0.01 
Board [Qh Qs As Qc]
Seat 1: Dorex2007 (small blind) folded before Flop
Seat 2: benclarky1 (big blind) folded on the Turn
Seat 4: AceSpadeSurfer folded before Flop (didn't bet)
Seat 5: soldim327 folded before Flop (didn't bet)
Seat 6: DEMIAN770 folded before Flop (didn't bet)
Seat 7: leocard83 folded before Flop (didn't bet)
Seat 8: sjpenwarden folded on the Turn (didn't bet)
Seat 9: Invictus-san (button) collected ($0.18)



PokerStars Hand #238717801970:  Hold'em No Limit ($0.02/$0.05 USD) - 2022/09/18 16:11:40 PT [2022/09/18 19:11:40 ET]
Table 'Leo III' 9-max Seat #1 is the button
Seat 1: Dorex2007 ($7.41 in chips) 
Seat 2: benclarky1 ($9.63 in chips) 
Seat 3: laureano290 ($5 in chips) 
Seat 4: AceSpadeSurfer ($1.61 in chips) 
Seat 5: soldim327 ($13.37 in chips) 
Seat 6: DEMIAN770 ($5.91 in chips) 
Seat 7: leocard83 ($7 in chips) 
Seat 8: sjpenwarden ($4.09 in chips) 
Seat 9: Invictus-san ($5.84 in chips) 
benclarky1: posts small blind $0.02
laureano290: posts big blind $0.05
*** HOLE CARDS ***
Dealt to Dorex2007 [Kh 4s]
AceSpadeSurfer: folds 
soldim327: folds 
DEMIAN770: folds 
leocard83: folds 
sjpenwarden: folds 
Invictus-san: calls $0.05
Dorex2007: folds 
benclarky1: folds 
laureano290: raises $4.95 to $5 and is all-in
Invictus-san: folds 
Uncalled bet ($4.95) returned to laureano290
laureano290 collected $0.12 from pot
laureano290: doesn't show hand 
*** SUMMARY ***
Total pot $0.12 | Rake $0 
Seat 1: Dorex2007 (button) folded before Flop (didn't bet)
Seat 2: benclarky1 (small blind) folded before Flop
Seat 3: laureano290 (big blind) collected ($0.12)
Seat 4: AceSpadeSurfer folded before Flop (didn't bet)
Seat 5: soldim327 folded before Flop (didn't bet)
Seat 6: DEMIAN770 folded before Flop (didn't bet)
Seat 7: leocard83 folded before Flop (didn't bet)
Seat 8: sjpenwarden folded before Flop (didn't bet)
Seat 9: Invictus-san folded before Flop



PokerStars Hand #238717806876:  Hold'em No Limit ($0.02/$0.05 USD) - 2022/09/18 16:11:57 PT [2022/09/18 19:11:57 ET]
Table 'Leo III' 9-max Seat #2 is the button
Seat 1: Dorex2007 ($7.41 in chips) 
Seat 2: benclarky1 ($9.61 in chips) 
Seat 3: laureano290 ($5.07 in chips) 
Seat 4: AceSpadeSurfer ($1.61 in chips) 
Seat 5: soldim327 ($13.37 in chips) 
Seat 6: DEMIAN770 ($5.91 in chips) 
Seat 7: leocard83 ($7 in chips) 
Seat 8: sjpenwarden ($4.09 in chips) 
Seat 9: Invictus-san ($5.79 in chips) 
laureano290: posts small blind $0.02
AceSpadeSurfer: posts big blind $0.05
*** HOLE CARDS ***
Dealt to Dorex2007 [6d Ks]
soldim327: raises $0.07 to $0.12
DEMIAN770: folds 
leocard83: folds 
sjpenwarden: folds 
Invictus-san: folds 
Dorex2007: folds 
benclarky1: calls $0.12
laureano290: folds 
AceSpadeSurfer: calls $0.07
*** FLOP *** [2h 3c Th]
AceSpadeSurfer: checks 
soldim327: checks 
benclarky1: checks 
*** TURN *** [2h 3c Th] [9c]
AceSpadeSurfer: checks 
soldim327: checks 
benclarky1: bets $0.11
AceSpadeSurfer: folds 
soldim327: folds 
Uncalled bet ($0.11) returned to benclarky1
benclarky1 collected $0.36 from pot
benclarky1: doesn't show hand 
*** SUMMARY ***
Total pot $0.38 | Rake $0.02 
Board [2h 3c Th 9c]
Seat 1: Dorex2007 folded before Flop (didn't bet)
Seat 2: benclarky1 (button) collected ($0.36)
Seat 3: laureano290 (small blind) folded before Flop
Seat 4: AceSpadeSurfer (big blind) folded on the Turn
Seat 5: soldim327 folded on the Turn
Seat 6: DEMIAN770 folded before Flop (didn't bet)
Seat 7: leocard83 folded before Flop (didn't bet)
Seat 8: sjpenwarden folded before Flop (didn't bet)
Seat 9: Invictus-san folded before Flop (didn't bet)



PokerStars Hand #238717821938:  Hold'em No Limit ($0.02/$0.05 USD) - 2022/09/18 16:12:49 PT [2022/09/18 19:12:49 ET]
Table 'Leo III' 9-max Seat #3 is the button
Seat 1: Dorex2007 ($7.41 in chips) 
Seat 2: benclarky1 ($9.85 in chips) 
Seat 3: laureano290 ($5.05 in chips) 
Seat 4: AceSpadeSurfer ($1.49 in chips) 
Seat 5: soldim327 ($13.25 in chips) 
Seat 6: DEMIAN770 ($5.91 in chips) 
Seat 7: leocard83 ($7 in chips) 
Seat 8: sjpenwarden ($4.09 in chips) 
Seat 9: Invictus-san ($5.79 in chips) 
AceSpadeSurfer: posts small blind $0.02
soldim327: posts big blind $0.05
*** HOLE CARDS ***
Dealt to Dorex2007 [9s 2c]
DEMIAN770: folds 
leocard83: folds 
sjpenwarden: folds 
Invictus-san: calls $0.05
Dorex2007: folds 
benclarky1: folds 
laureano290: folds 
AceSpadeSurfer: calls $0.03
soldim327: checks 
*** FLOP *** [Jh Ad Kh]
AceSpadeSurfer: checks 
soldim327: checks 
Invictus-san: checks 
*** TURN *** [Jh Ad Kh] [4d]
AceSpadeSurfer: bets $0.07
soldim327: folds 
Invictus-san: folds 
Uncalled bet ($0.07) returned to AceSpadeSurfer
AceSpadeSurfer collected $0.14 from pot
AceSpadeSurfer: doesn't show hand 
*** SUMMARY ***
Total pot $0.15 | Rake $0.01 
Board [Jh Ad Kh 4d]
Seat 1: Dorex2007 folded before Flop (didn't bet)
Seat 2: benclarky1 folded before Flop (didn't bet)
Seat 3: laureano290 (button) folded before Flop (didn't bet)
Seat 4: AceSpadeSurfer (small blind) collected ($0.14)
Seat 5: soldim327 (big blind) folded on the Turn
Seat 6: DEMIAN770 folded before Flop (didn't bet)
Seat 7: leocard83 folded before Flop (didn't bet)
Seat 8: sjpenwarden folded before Flop (didn't bet)
Seat 9: Invictus-san folded on the Turn



PokerStars Hand #238717835918:  Hold'em No Limit ($0.02/$0.05 USD) - 2022/09/18 16:13:38 PT [2022/09/18 19:13:38 ET]
Table 'Leo III' 9-max Seat #4 is the button
Seat 1: Dorex2007 ($7.41 in chips) 
Seat 2: benclarky1 ($9.85 in chips) 
Seat 3: laureano290 ($5.05 in chips) 
Seat 4: AceSpadeSurfer ($1.58 in chips) 
Seat 5: soldim327 ($13.20 in chips) 
Seat 6: DEMIAN770 ($5.91 in chips) 
Seat 7: leocard83 ($7 in chips) 
Seat 8: sjpenwarden ($4.09 in chips) 
Seat 9: Invictus-san ($5.74 in chips) 
soldim327: posts small blind $0.02
DEMIAN770: posts big blind $0.05
*** HOLE CARDS ***
Dealt to Dorex2007 [6c 7d]
leocard83: folds 
sjpenwarden: folds 
Invictus-san: folds 
Dorex2007: folds 
benclarky1: folds 
laureano290: folds 
AceSpadeSurfer: folds 
soldim327: raises $0.07 to $0.12
DEMIAN770: calls $0.07
*** FLOP *** [Js 2s 3c]
soldim327: checks 
DEMIAN770: bets $0.15
soldim327: folds 
Uncalled bet ($0.15) returned to DEMIAN770
DEMIAN770 collected $0.23 from pot
DEMIAN770: doesn't show hand 
*** SUMMARY ***
Total pot $0.24 | Rake $0.01 
Board [Js 2s 3c]
Seat 1: Dorex2007 folded before Flop (didn't bet)
Seat 2: benclarky1 folded before Flop (didn't bet)
Seat 3: laureano290 folded before Flop (didn't bet)
Seat 4: AceSpadeSurfer (button) folded before Flop (didn't bet)
Seat 5: soldim327 (small blind) folded on the Flop
Seat 6: DEMIAN770 (big blind) collected ($0.23)
Seat 7: leocard83 folded before Flop (didn't bet)
Seat 8: sjpenwarden folded before Flop (didn't bet)
Seat 9: Invictus-san folded before Flop (didn't bet)



PokerStars Hand #238717845858:  Hold'em No Limit ($0.02/$0.05 USD) - 2022/09/18 16:14:12 PT [2022/09/18 19:14:12 ET]
Table 'Leo III' 9-max Seat #5 is the button
Seat 1: Dorex2007 ($7.41 in chips) 
Seat 2: benclarky1 ($9.85 in chips) 
Seat 3: laureano290 ($5.05 in chips) 
Seat 4: AceSpadeSurfer ($1.58 in chips) 
Seat 5: soldim327 ($13.08 in chips) 
Seat 6: DEMIAN770 ($6.02 in chips) 
Seat 7: leocard83 ($7 in chips) 
Seat 8: sjpenwarden ($4.09 in chips) 
Seat 9: Invictus-san ($5.74 in chips) 
DEMIAN770: posts small blind $0.02
leocard83: posts big blind $0.05
*** HOLE CARDS ***
Dealt to Dorex2007 [4s 7d]
sjpenwarden: folds 
Invictus-san: calls $0.05
Dorex2007: folds 
benclarky1: folds 
laureano290: folds 
AceSpadeSurfer: raises $0.05 to $0.10
soldim327: folds 
DEMIAN770: folds 
leocard83: folds 
Invictus-san: calls $0.05
*** FLOP *** [3h 5d Jc]
Invictus-san: bets $0.25
AceSpadeSurfer: folds 
Uncalled bet ($0.25) returned to Invictus-san
Invictus-san collected $0.26 from pot
*** SUMMARY ***
Total pot $0.27 | Rake $0.01 
Board [3h 5d Jc]
Seat 1: Dorex2007 folded before Flop (didn't bet)
Seat 2: benclarky1 folded before Flop (didn't bet)
Seat 3: laureano290 folded before Flop (didn't bet)
Seat 4: AceSpadeSurfer folded on the Flop
Seat 5: soldim327 (button) folded before Flop (didn't bet)
Seat 6: DEMIAN770 (small blind) folded before Flop
Seat 7: leocard83 (big blind) folded before Flop
Seat 8: sjpenwarden folded before Flop (didn't bet)
Seat 9: Invictus-san collected ($0.26)



PokerStars Hand #238717854457:  Hold'em No Limit ($0.02/$0.05 USD) - 2022/09/18 16:14:42 PT [2022/09/18 19:14:42 ET]
Table 'Leo III' 9-max Seat #6 is the button
Seat 1: Dorex2007 ($7.41 in chips) 
Seat 2: benclarky1 ($9.85 in chips) 
Seat 3: laureano290 ($5.05 in chips) 
Seat 4: AceSpadeSurfer ($1.48 in chips) 
Seat 5: soldim327 ($13.08 in chips) 
Seat 6: DEMIAN770 ($6 in chips) 
Seat 7: leocard83 ($6.95 in chips) 
Seat 8: sjpenwarden ($4.09 in chips) 
Seat 9: Invictus-san ($5.90 in chips) 
leocard83: posts small blind $0.02
sjpenwarden: posts big blind $0.05
*** HOLE CARDS ***
Dealt to Dorex2007 [Ts Ah]
Invictus-san: folds 
Dorex2007: calls $0.05
benclarky1: folds 
laureano290: raises $0.15 to $0.20
AceSpadeSurfer: calls $0.20
soldim327: folds 
DEMIAN770: folds 
leocard83: folds 
sjpenwarden: folds 
Dorex2007: folds 
*** FLOP *** [Ad 8c Tc]
laureano290: bets $0.20
AceSpadeSurfer: folds 
Uncalled bet ($0.20) returned to laureano290
laureano290 collected $0.50 from pot
laureano290: doesn't show hand 
*** SUMMARY ***
Total pot $0.52 | Rake $0.02 
Board [Ad 8c Tc]
Seat 1: Dorex2007 folded before Flop
Seat 2: benclarky1 folded before Flop (didn't bet)
Seat 3: laureano290 collected ($0.50)
Seat 4: AceSpadeSurfer folded on the Flop
Seat 5: soldim327 folded before Flop (didn't bet)
Seat 6: DEMIAN770 (button) folded before Flop (didn't bet)
Seat 7: leocard83 (small blind) folded before Flop
Seat 8: sjpenwarden (big blind) folded before Flop
Seat 9: Invictus-san folded before Flop (didn't bet)



PokerStars Hand #238717865549:  Hold'em No Limit ($0.02/$0.05 USD) - 2022/09/18 16:15:21 PT [2022/09/18 19:15:21 ET]
Table 'Leo III' 9-max Seat #7 is the button
Seat 1: Dorex2007 ($7.36 in chips) 
Seat 2: benclarky1 ($9.85 in chips) 
Seat 3: laureano290 ($5.35 in chips) 
Seat 4: AceSpadeSurfer ($1.28 in chips) 
Seat 5: soldim327 ($13.08 in chips) 
Seat 6: DEMIAN770 ($6 in chips) 
Seat 7: leocard83 ($6.93 in chips) 
Seat 8: sjpenwarden ($4.04 in chips) 
Seat 9: Invictus-san ($5.90 in chips) 
sjpenwarden: posts small blind $0.02
Invictus-san: posts big blind $0.05
*** HOLE CARDS ***
Dealt to Dorex2007 [2c Jc]
Dorex2007: folds 
benclarky1: folds 
laureano290: folds 
AceSpadeSurfer: raises $0.05 to $0.10
soldim327: calls $0.10
DEMIAN770: calls $0.10
leocard83: folds 
sjpenwarden: folds 
Invictus-san: folds 
*** FLOP *** [2d Ah 6s]
AceSpadeSurfer: bets $0.17
soldim327: calls $0.17
DEMIAN770: folds 
*** TURN *** [2d Ah 6s] [5d]
AceSpadeSurfer: checks 
soldim327: checks 
*** RIVER *** [2d Ah 6s 5d] [9d]
AceSpadeSurfer: bets $0.48
soldim327: folds 
Uncalled bet ($0.48) returned to AceSpadeSurfer
AceSpadeSurfer collected $0.68 from pot
AceSpadeSurfer: doesn't show hand 
*** SUMMARY ***
Total pot $0.71 | Rake $0.03 
Board [2d Ah 6s 5d 9d]
Seat 1: Dorex2007 folded before Flop (didn't bet)
Seat 2: benclarky1 folded before Flop (didn't bet)
Seat 3: laureano290 folded before Flop (didn't bet)
Seat 4: AceSpadeSurfer collected ($0.68)
Seat 5: soldim327 folded on the River
Seat 6: DEMIAN770 folded on the Flop
Seat 7: leocard83 (button) folded before Flop (didn't bet)
Seat 8: sjpenwarden (small blind) folded before Flop
Seat 9: Invictus-san (big blind) folded before Flop



PokerStars Hand #238717882457:  Hold'em No Limit ($0.02/$0.05 USD) - 2022/09/18 16:16:21 PT [2022/09/18 19:16:21 ET]
Table 'Leo III' 9-max Seat #8 is the button
Seat 1: Dorex2007 ($7.36 in chips) 
Seat 2: benclarky1 ($9.85 in chips) 
Seat 3: laureano290 ($5.35 in chips) 
Seat 4: AceSpadeSurfer ($1.69 in chips) 
Seat 5: soldim327 ($12.81 in chips) 
Seat 6: DEMIAN770 ($5.90 in chips) 
Seat 7: leocard83 ($6.93 in chips) 
Seat 8: sjpenwarden ($4.02 in chips) 
Seat 9: Invictus-san ($5.85 in chips) 
Invictus-san: posts small blind $0.02
Dorex2007: posts big blind $0.05
*** HOLE CARDS ***
Dealt to Dorex2007 [2h Qd]
benclarky1: raises $0.10 to $0.15
laureano290: folds 
AceSpadeSurfer: calls $0.15
soldim327: folds 
DEMIAN770: calls $0.15
leocard83: folds 
sjpenwarden: folds 
Invictus-san: folds 
Dorex2007: folds 
*** FLOP *** [4h 3s 6c]
benclarky1: checks 
AceSpadeSurfer: bets $0.25
DEMIAN770: calls $0.25
benclarky1: folds 
*** TURN *** [4h 3s 6c] [8d]
AceSpadeSurfer: checks 
DEMIAN770: bets $0.98
AceSpadeSurfer: folds 
Uncalled bet ($0.98) returned to DEMIAN770
DEMIAN770 collected $0.98 from pot
DEMIAN770: doesn't show hand 
*** SUMMARY ***
Total pot $1.02 | Rake $0.04 
Board [4h 3s 6c 8d]
Seat 1: Dorex2007 (big blind) folded before Flop
Seat 2: benclarky1 folded on the Flop
Seat 3: laureano290 folded before Flop (didn't bet)
Seat 4: AceSpadeSurfer folded on the Turn
Seat 5: soldim327 folded before Flop (didn't bet)
Seat 6: DEMIAN770 collected ($0.98)
Seat 7: leocard83 folded before Flop (didn't bet)
Seat 8: sjpenwarden (button) folded before Flop (didn't bet)
Seat 9: Invictus-san (small blind) folded before Flop



PokerStars Hand #238717895222:  Hold'em No Limit ($0.02/$0.05 USD) - 2022/09/18 16:17:07 PT [2022/09/18 19:17:07 ET]
Table 'Leo III' 9-max Seat #9 is the button
Seat 1: Dorex2007 ($7.31 in chips) 
Seat 2: benclarky1 ($9.70 in chips) 
Seat 3: laureano290 ($5.35 in chips) 
Seat 4: AceSpadeSurfer ($1.29 in chips) 
Seat 5: soldim327 ($12.81 in chips) 
Seat 6: DEMIAN770 ($6.48 in chips) 
Seat 7: leocard83 ($6.93 in chips) 
Seat 8: sjpenwarden ($4.02 in chips) 
Seat 9: Invictus-san ($5.83 in chips) 
Dorex2007: posts small blind $0.02
benclarky1: posts big blind $0.05
*** HOLE CARDS ***
Dealt to Dorex2007 [7h 7d]
laureano290: folds 
AceSpadeSurfer: folds 
soldim327: folds 
DEMIAN770: folds 
leocard83: folds 
sjpenwarden: raises $0.12 to $0.17
Invictus-san: folds 
Dorex2007: folds 
benclarky1: calls $0.12
*** FLOP *** [9h Th 6h]
benclarky1: checks 
sjpenwarden: checks 
*** TURN *** [9h Th 6h] [4c]
benclarky1: bets $0.11
sjpenwarden: raises $0.29 to $0.40
benclarky1: calls $0.29
*** RIVER *** [9h Th 6h 4c] [2c]
benclarky1: checks 
sjpenwarden: bets $0.75
benclarky1: calls $0.75
*** SHOW DOWN ***
sjpenwarden: shows [Ah Qh] (a flush, Ace high)
benclarky1: mucks hand 
sjpenwarden collected $2.55 from pot
*** SUMMARY ***
Total pot $2.66 | Rake $0.11 
Board [9h Th 6h 4c 2c]
Seat 1: Dorex2007 (small blind) folded before Flop
Seat 2: benclarky1 (big blind) mucked [Ts Jh]
Seat 3: laureano290 folded before Flop (didn't bet)
Seat 4: AceSpadeSurfer folded before Flop (didn't bet)
Seat 5: soldim327 folded before Flop (didn't bet)
Seat 6: DEMIAN770 folded before Flop (didn't bet)
Seat 7: leocard83 folded before Flop (didn't bet)
Seat 8: sjpenwarden showed [Ah Qh] and won ($2.55) with a flush, Ace high
Seat 9: Invictus-san (button) folded before Flop (didn't bet)



PokerStars Hand #238717917362:  Hold'em No Limit ($0.02/$0.05 USD) - 2022/09/18 16:18:26 PT [2022/09/18 19:18:26 ET]
Table 'Leo III' 9-max Seat #1 is the button
Seat 1: Dorex2007 ($7.29 in chips) 
Seat 2: benclarky1 ($8.38 in chips) 
Seat 3: laureano290 ($5.35 in chips) 
Seat 4: AceSpadeSurfer ($1.29 in chips) 
Seat 5: soldim327 ($12.81 in chips) 
Seat 6: DEMIAN770 ($6.48 in chips) 
Seat 7: leocard83 ($6.93 in chips) 
Seat 8: sjpenwarden ($5.25 in chips) 
Seat 9: Invictus-san ($5.83 in chips) 
benclarky1: posts small blind $0.02
laureano290: posts big blind $0.05
*** HOLE CARDS ***
Dealt to Dorex2007 [Jd 9h]
AceSpadeSurfer: folds 
soldim327: folds 
DEMIAN770: folds 
leocard83: folds 
sjpenwarden: folds 
Invictus-san: folds 
Dorex2007: folds 
benclarky1: raises $0.10 to $0.15
laureano290: folds 
Uncalled bet ($0.10) returned to benclarky1
benclarky1 collected $0.10 from pot
benclarky1: doesn't show hand 
*** SUMMARY ***
Total pot $0.10 | Rake $0 
Seat 1: Dorex2007 (button) folded before Flop (didn't bet)
Seat 2: benclarky1 (small blind) collected ($0.10)
Seat 3: laureano290 (big blind) folded before Flop
Seat 4: AceSpadeSurfer folded before Flop (didn't bet)
Seat 5: soldim327 folded before Flop (didn't bet)
Seat 6: DEMIAN770 folded before Flop (didn't bet)
Seat 7: leocard83 folded before Flop (didn't bet)
Seat 8: sjpenwarden folded before Flop (didn't bet)
Seat 9: Invictus-san folded before Flop (didn't bet)



PokerStars Hand #238717922865:  Hold'em No Limit ($0.02/$0.05 USD) - 2022/09/18 16:18:46 PT [2022/09/18 19:18:46 ET]
Table 'Leo III' 9-max Seat #2 is the button
Seat 1: Dorex2007 ($7.29 in chips) 
Seat 2: benclarky1 ($8.43 in chips) 
Seat 3: laureano290 ($5.30 in chips) 
Seat 4: AceSpadeSurfer ($1.29 in chips) 
Seat 5: soldim327 ($12.81 in chips) 
Seat 6: DEMIAN770 ($6.48 in chips) 
Seat 7: leocard83 ($6.93 in chips) 
Seat 8: sjpenwarden ($5.25 in chips) 
Seat 9: Invictus-san ($5.83 in chips) 
laureano290: posts small blind $0.02
AceSpadeSurfer: posts big blind $0.05
*** HOLE CARDS ***
Dealt to Dorex2007 [4s Jc]
soldim327: folds 
DEMIAN770: calls $0.05
leocard83: folds 
sjpenwarden: folds 
Invictus-san: calls $0.05
Dorex2007: folds 
benclarky1: calls $0.05
laureano290: folds 
AceSpadeSurfer: checks 
*** FLOP *** [5s 3d Qd]
AceSpadeSurfer: checks 
DEMIAN770: checks 
Invictus-san: bets $0.20
benclarky1: folds 
AceSpadeSurfer: calls $0.20
DEMIAN770: folds 
*** TURN *** [5s 3d Qd] [Kc]
AceSpadeSurfer: checks 
Invictus-san: bets $0.30
AceSpadeSurfer: calls $0.30
*** RIVER *** [5s 3d Qd Kc] [6s]
AceSpadeSurfer: bets $0.69
Invictus-san: folds 
Uncalled bet ($0.69) returned to AceSpadeSurfer
AceSpadeSurfer collected $1.17 from pot
AceSpadeSurfer: doesn't show hand 
*** SUMMARY ***
Total pot $1.22 | Rake $0.05 
Board [5s 3d Qd Kc 6s]
Seat 1: Dorex2007 folded before Flop (didn't bet)
Seat 2: benclarky1 (button) folded on the Flop
Seat 3: laureano290 (small blind) folded before Flop
Seat 4: AceSpadeSurfer (big blind) collected ($1.17)
Seat 5: soldim327 folded before Flop (didn't bet)
Seat 6: DEMIAN770 folded on the Flop
Seat 7: leocard83 folded before Flop (didn't bet)
Seat 8: sjpenwarden folded before Flop (didn't bet)
Seat 9: Invictus-san folded on the River



PokerStars Hand #238717946746:  Hold'em No Limit ($0.02/$0.05 USD) - 2022/09/18 16:20:12 PT [2022/09/18 19:20:12 ET]
Table 'Leo III' 9-max Seat #3 is the button
Seat 1: Dorex2007 ($7.29 in chips) 
Seat 2: benclarky1 ($8.38 in chips) 
Seat 3: laureano290 ($5.28 in chips) 
Seat 4: AceSpadeSurfer ($1.91 in chips) 
Seat 5: soldim327 ($12.81 in chips) 
Seat 6: DEMIAN770 ($6.43 in chips) 
Seat 7: leocard83 ($6.93 in chips) 
Seat 8: sjpenwarden ($5.25 in chips) 
Seat 9: Invictus-san ($5.28 in chips) 
AceSpadeSurfer: posts small blind $0.02
soldim327: posts big blind $0.05
*** HOLE CARDS ***
Dealt to Dorex2007 [Kd Qs]
DEMIAN770: folds 
leocard83: folds 
sjpenwarden: folds 
Invictus-san: calls $0.05
Dorex2007: raises $0.05 to $0.10
benclarky1: folds 
laureano290: folds 
AceSpadeSurfer: calls $0.08
soldim327: folds 
Invictus-san: calls $0.05
*** FLOP *** [7c Qh Ad]
AceSpadeSurfer: checks 
Invictus-san: checks 
Dorex2007: checks 
*** TURN *** [7c Qh Ad] [3d]
AceSpadeSurfer: checks 
Invictus-san: bets $0.20
Dorex2007: calls $0.20
AceSpadeSurfer: calls $0.20
*** RIVER *** [7c Qh Ad 3d] [9h]
AceSpadeSurfer: checks 
Invictus-san: checks 
Dorex2007: checks 
*** SHOW DOWN ***
AceSpadeSurfer: shows [6h 6c] (a pair of Sixes)
Invictus-san: mucks hand 
Dorex2007: shows [Kd Qs] (a pair of Queens)
Dorex2007 collected $0.91 from pot
*** SUMMARY ***
Total pot $0.95 | Rake $0.04 
Board [7c Qh Ad 3d 9h]
Seat 1: Dorex2007 showed [Kd Qs] and won ($0.91) with a pair of Queens
Seat 2: benclarky1 folded before Flop (didn't bet)
Seat 3: laureano290 (button) folded before Flop (didn't bet)
Seat 4: AceSpadeSurfer (small blind) showed [6h 6c] and lost with a pair of Sixes
Seat 5: soldim327 (big blind) folded before Flop
Seat 6: DEMIAN770 folded before Flop (didn't bet)
Seat 7: leocard83 folded before Flop (didn't bet)
Seat 8: sjpenwarden folded before Flop (didn't bet)
Seat 9: Invictus-san mucked [3s 2s]



PokerStars Hand #238717960881:  Hold'em No Limit ($0.02/$0.05 USD) - 2022/09/18 16:21:04 PT [2022/09/18 19:21:04 ET]
Table 'Leo III' 9-max Seat #4 is the button
Seat 1: Dorex2007 ($7.90 in chips) 
Seat 2: benclarky1 ($8.38 in chips) 
Seat 3: laureano290 ($5.28 in chips) 
Seat 4: AceSpadeSurfer ($1.61 in chips) 
Seat 5: soldim327 ($12.76 in chips) 
Seat 6: DEMIAN770 ($6.43 in chips) 
Seat 7: leocard83 ($6.93 in chips) 
Seat 8: sjpenwarden ($5.25 in chips) 
Seat 9: Invictus-san ($4.98 in chips) 
soldim327: posts small blind $0.02
DEMIAN770: posts big blind $0.05
*** HOLE CARDS ***
Dealt to Dorex2007 [Ad 4s]
leocard83: folds 
sjpenwarden: folds 
Invictus-san: calls $0.05
Dorex2007: folds 
benclarky1: folds 
laureano290: folds 
AceSpadeSurfer: folds 
soldim327: folds 
DEMIAN770: checks 
*** FLOP *** [3d 8d Qd]
DEMIAN770: checks 
Invictus-san: checks 
*** TURN *** [3d 8d Qd] [Th]
DEMIAN770: bets $0.05
Invictus-san: calls $0.05
*** RIVER *** [3d 8d Qd Th] [Qc]
DEMIAN770: checks 
Invictus-san: checks 
*** SHOW DOWN ***
DEMIAN770: shows [Js 8h] (two pair, Queens and Eights)
Invictus-san: shows [Td Kc] (two pair, Queens and Tens)
Invictus-san collected $0.21 from pot
*** SUMMARY ***
Total pot $0.22 | Rake $0.01 
Board [3d 8d Qd Th Qc]
Seat 1: Dorex2007 folded before Flop (didn't bet)
Seat 2: benclarky1 folded before Flop (didn't bet)
Seat 3: laureano290 folded before Flop (didn't bet)
Seat 4: AceSpadeSurfer (button) folded before Flop (didn't bet)
Seat 5: soldim327 (small blind) folded before Flop
Seat 6: DEMIAN770 (big blind) showed [Js 8h] and lost with two pair, Queens and Eights
Seat 7: leocard83 folded before Flop (didn't bet)
Seat 8: sjpenwarden folded before Flop (didn't bet)
Seat 9: Invictus-san showed [Td Kc] and won ($0.21) with two pair, Queens and Tens



PokerStars Hand #238717967593:  Hold'em No Limit ($0.02/$0.05 USD) - 2022/09/18 16:21:28 PT [2022/09/18 19:21:28 ET]
Table 'Leo III' 9-max Seat #5 is the button
Seat 1: Dorex2007 ($7.90 in chips) 
Seat 2: benclarky1 ($8.38 in chips) 
Seat 3: laureano290 ($5.28 in chips) 
Seat 4: AceSpadeSurfer ($1.61 in chips) 
Seat 5: soldim327 ($12.74 in chips) 
Seat 6: DEMIAN770 ($6.33 in chips) 
Seat 7: leocard83 ($6.93 in chips) 
Seat 8: sjpenwarden ($5.25 in chips) 
Seat 9: Invictus-san ($5.09 in chips) 
DEMIAN770: posts small blind $0.02
leocard83: posts big blind $0.05
*** HOLE CARDS ***
Dealt to Dorex2007 [9h Kh]
sjpenwarden: folds 
Invictus-san: calls $0.05
Dorex2007: folds 
benclarky1: folds 
laureano290: folds 
AceSpadeSurfer: folds 
soldim327: folds 
DEMIAN770: folds 
AceSpadeSurfer leaves the table
leocard83: checks 
*** FLOP *** [Tc 8s Ks]
leocard83: checks 
Invictus-san: bets $0.12
QUE-SE-FUNDA joins the table at seat #4 
leocard83: folds 
Uncalled bet ($0.12) returned to Invictus-san
Invictus-san collected $0.12 from pot
*** SUMMARY ***
Total pot $0.12 | Rake $0 
Board [Tc 8s Ks]
Seat 1: Dorex2007 folded before Flop (didn't bet)
Seat 2: benclarky1 folded before Flop (didn't bet)
Seat 3: laureano290 folded before Flop (didn't bet)
Seat 4: AceSpadeSurfer folded before Flop (didn't bet)
Seat 5: soldim327 (button) folded before Flop (didn't bet)
Seat 6: DEMIAN770 (small blind) folded before Flop
Seat 7: leocard83 (big blind) folded on the Flop
Seat 8: sjpenwarden folded before Flop (didn't bet)
Seat 9: Invictus-san collected ($0.12)



PokerStars Hand #238717977269:  Hold'em No Limit ($0.02/$0.05 USD) - 2022/09/18 16:22:03 PT [2022/09/18 19:22:03 ET]
Table 'Leo III' 9-max Seat #6 is the button
Seat 1: Dorex2007 ($7.90 in chips) 
Seat 2: benclarky1 ($8.38 in chips) 
Seat 3: laureano290 ($5.28 in chips) 
Seat 5: soldim327 ($12.74 in chips) 
Seat 6: DEMIAN770 ($6.31 in chips) 
Seat 7: leocard83 ($6.88 in chips) 
Seat 8: sjpenwarden ($5.25 in chips) 
Seat 9: Invictus-san ($5.16 in chips) 
leocard83: posts small blind $0.02
sjpenwarden: posts big blind $0.05
QUE-SE-FUNDA: sits out 
*** HOLE CARDS ***
Dealt to Dorex2007 [6s 3s]
Invictus-san: calls $0.05
Dorex2007: folds 
benclarky1: raises $0.15 to $0.20
laureano290: folds 
soldim327: folds 
DEMIAN770: folds 
leocard83: folds 
sjpenwarden: folds 
Invictus-san: calls $0.15
*** FLOP *** [5d 2h Ks]
Invictus-san: checks 
benclarky1: checks 
*** TURN *** [5d 2h Ks] [7h]
Invictus-san: bets $0.20
benclarky1: raises $0.30 to $0.50
Invictus-san: calls $0.30
*** RIVER *** [5d 2h Ks 7h] [9s]
Invictus-san: checks 
benclarky1: bets $2
Invictus-san: folds 
Uncalled bet ($2) returned to benclarky1
benclarky1 collected $1.41 from pot
benclarky1: doesn't show hand 
*** SUMMARY ***
Total pot $1.47 | Rake $0.06 
Board [5d 2h Ks 7h 9s]
Seat 1: Dorex2007 folded before Flop (didn't bet)
Seat 2: benclarky1 collected ($1.41)
Seat 3: laureano290 folded before Flop (didn't bet)
Seat 5: soldim327 folded before Flop (didn't bet)
Seat 6: DEMIAN770 (button) folded before Flop (didn't bet)
Seat 7: leocard83 (small blind) folded before Flop
Seat 8: sjpenwarden (big blind) folded before Flop
Seat 9: Invictus-san folded on the River



PokerStars Hand #238717997126:  Hold'em No Limit ($0.02/$0.05 USD) - 2022/09/18 16:23:15 PT [2022/09/18 19:23:15 ET]
Table 'Leo III' 9-max Seat #7 is the button
Seat 1: Dorex2007 ($7.90 in chips) 
Seat 2: benclarky1 ($9.09 in chips) 
Seat 3: laureano290 ($5.28 in chips) 
Seat 5: soldim327 ($12.74 in chips) 
Seat 6: DEMIAN770 ($6.31 in chips) 
Seat 7: leocard83 ($6.86 in chips) 
Seat 8: sjpenwarden ($5.20 in chips) 
Seat 9: Invictus-san ($4.46 in chips) 
sjpenwarden: posts small blind $0.02
Invictus-san: posts big blind $0.05
QUE-SE-FUNDA: sits out 
*** HOLE CARDS ***
Dealt to Dorex2007 [Qc 4h]
Dorex2007: folds 
benclarky1: folds 
laureano290: folds 
soldim327: folds 
DEMIAN770: folds 
leocard83: folds 
sjpenwarden: calls $0.03
Invictus-san: checks 
*** FLOP *** [2h Td 6s]
sjpenwarden: checks 
Invictus-san: checks 
*** TURN *** [2h Td 6s] [5s]
benclarky1 leaves the table
sjpenwarden: checks 
Invictus-san: checks 
*** RIVER *** [2h Td 6s 5s] [2d]
sjpenwarden: bets $0.07
Invictus-san: calls $0.07
*** SHOW DOWN ***
sjpenwarden: shows [Ac 2c] (three of a kind, Deuces)
Stoke_Wizard joins the table at seat #2 
Invictus-san: mucks hand 
sjpenwarden collected $0.23 from pot
*** SUMMARY ***
Total pot $0.24 | Rake $0.01 
Board [2h Td 6s 5s 2d]
Seat 1: Dorex2007 folded before Flop (didn't bet)
Seat 2: benclarky1 folded before Flop (didn't bet)
Seat 3: laureano290 folded before Flop (didn't bet)
Seat 5: soldim327 folded before Flop (didn't bet)
Seat 6: DEMIAN770 folded before Flop (didn't bet)
Seat 7: leocard83 (button) folded before Flop (didn't bet)
Seat 8: sjpenwarden (small blind) showed [Ac 2c] and won ($0.23) with three of a kind, Deuces
Seat 9: Invictus-san (big blind) mucked [8d 3s]



PokerStars Hand #238718006008:  Hold'em No Limit ($0.02/$0.05 USD) - 2022/09/18 16:23:48 PT [2022/09/18 19:23:48 ET]
Table 'Leo III' 9-max Seat #8 is the button
Seat 1: Dorex2007 ($7.90 in chips) 
Seat 3: laureano290 ($5.28 in chips) 
Seat 5: soldim327 ($12.74 in chips) 
Seat 6: DEMIAN770 ($6.31 in chips) 
Seat 7: leocard83 ($6.86 in chips) 
Seat 8: sjpenwarden ($5.31 in chips) 
Seat 9: Invictus-san ($4.34 in chips) 
Invictus-san: posts small blind $0.02
Dorex2007: posts big blind $0.05
Stoke_Wizard: sits out 
QUE-SE-FUNDA: sits out 
*** HOLE CARDS ***
Dealt to Dorex2007 [Jd Tc]
laureano290: folds 
soldim327: folds 
DEMIAN770: calls $0.05
leocard83: raises $0.10 to $0.15
sjpenwarden: calls $0.15
Invictus-san: calls $0.13
Dorex2007: folds 
DEMIAN770: folds 
*** FLOP *** [3c 7c Td]
Invictus-san: checks 
leocard83: bets $0.26
sjpenwarden: folds 
Invictus-san: folds 
Uncalled bet ($0.26) returned to leocard83
leocard83 collected $0.53 from pot
leocard83: doesn't show hand 
*** SUMMARY ***
Total pot $0.55 | Rake $0.02 
Board [3c 7c Td]
Seat 1: Dorex2007 (big blind) folded before Flop
Seat 3: laureano290 folded before Flop (didn't bet)
Seat 5: soldim327 folded before Flop (didn't bet)
Seat 6: DEMIAN770 folded before Flop
Seat 7: leocard83 collected ($0.53)
Seat 8: sjpenwarden (button) folded on the Flop
Seat 9: Invictus-san (small blind) folded on the Flop



PokerStars Hand #238718017755:  Hold'em No Limit ($0.02/$0.05 USD) - 2022/09/18 16:24:31 PT [2022/09/18 19:24:31 ET]
Table 'Leo III' 9-max Seat #9 is the button
Seat 1: Dorex2007 ($7.85 in chips) 
Seat 2: Stoke_Wizard ($5 in chips) 
Seat 3: laureano290 ($5.28 in chips) 
Seat 5: soldim327 ($12.74 in chips) 
Seat 6: DEMIAN770 ($6.26 in chips) 
Seat 7: leocard83 ($7.24 in chips) 
Seat 8: sjpenwarden ($5.16 in chips) 
Seat 9: Invictus-san ($4.19 in chips) 
Dorex2007: posts small blind $0.02
Stoke_Wizard: posts big blind $0.05
QUE-SE-FUNDA: sits out 
*** HOLE CARDS ***
Dealt to Dorex2007 [Kd 9h]
laureano290: folds 
soldim327: folds 
DEMIAN770: folds 
leocard83: folds 
sjpenwarden: folds 
Invictus-san: calls $0.05
Dorex2007: folds 
Stoke_Wizard: checks 
*** FLOP *** [Qc 3d Jd]
Stoke_Wizard: checks 
Invictus-san: bets $0.12
Stoke_Wizard: calls $0.12
*** TURN *** [Qc 3d Jd] [Ad]
Stoke_Wizard: checks 
Invictus-san: bets $0.35
Stoke_Wizard: folds 
Uncalled bet ($0.35) returned to Invictus-san
Invictus-san collected $0.35 from pot
*** SUMMARY ***
Total pot $0.36 | Rake $0.01 
Board [Qc 3d Jd Ad]
Seat 1: Dorex2007 (small blind) folded before Flop
Seat 2: Stoke_Wizard (big blind) folded on the Turn
Seat 3: laureano290 folded before Flop (didn't bet)
Seat 5: soldim327 folded before Flop (didn't bet)
Seat 6: DEMIAN770 folded before Flop (didn't bet)
Seat 7: leocard83 folded before Flop (didn't bet)
Seat 8: sjpenwarden folded before Flop (didn't bet)
Seat 9: Invictus-san (button) collected ($0.35)



