PokerStars Hand #237586804065:  Hold'em No Limit ($0.02/$0.05 USD) - 2022/07/25 15:14:19 PT [2022/07/25 18:14:19 ET]
Table 'Rafita' 9-max Seat #6 is the button
Seat 1: shakadevirgo90 ($7.84 in chips) 
Seat 2: malliosK ($10.14 in chips) 
Seat 3: PokerLuSu ($1.57 in chips) 
Seat 4: Dorex2007 ($5 in chips) 
Seat 5: KrassKvlt ($5.04 in chips) 
Seat 6: Luckman_brz ($5.85 in chips) 
Seat 8: Mastan007 ($18.48 in chips) 
Seat 9: Zzzanderman ($2.01 in chips) 
Mastan007: posts small blind $0.02
Zzzanderman: posts big blind $0.05
Dorex2007: posts big blind $0.05
*** HOLE CARDS ***
Dealt to Dorex2007 [6c 7c]
shakadevirgo90: raises $0.05 to $0.10
malliosK: folds 
PokerLuSu: folds 
Dorex2007: calls $0.05
KrassKvlt: calls $0.10
Luckman_brz: folds 
Mastan007: calls $0.08
Zzzanderman: folds 
*** FLOP *** [7d 6d 7s]
Mastan007: checks 
shakadevirgo90: checks 
Dorex2007: checks 
KrassKvlt: bets $0.21
Mastan007: calls $0.21
shakadevirgo90: folds 
Dorex2007: calls $0.21
*** TURN *** [7d 6d 7s] [Qs]
Mastan007: checks 
Dorex2007: checks 
KrassKvlt: bets $0.52
Mastan007: calls $0.52
Dorex2007: calls $0.52
*** RIVER *** [7d 6d 7s Qs] [Tc]
Mastan007: checks 
Dorex2007: bets $0.95
KrassKvlt: raises $3.26 to $4.21 and is all-in
Mastan007: folds 
Dorex2007: calls $3.22 and is all-in
Uncalled bet ($0.04) returned to KrassKvlt
*** SHOW DOWN ***
KrassKvlt: shows [9d 8d] (a straight, Six to Ten)
Dorex2007: shows [6c 7c] (a full house, Sevens full of Sixes)
Dorex2007 collected $10.52 from pot
*** SUMMARY ***
Total pot $10.98 | Rake $0.46 
Board [7d 6d 7s Qs Tc]
Seat 1: shakadevirgo90 folded on the Flop
Seat 2: malliosK folded before Flop (didn't bet)
Seat 3: PokerLuSu folded before Flop (didn't bet)
Seat 4: Dorex2007 showed [6c 7c] and won ($10.52) with a full house, Sevens full of Sixes
Seat 5: KrassKvlt showed [9d 8d] and lost with a straight, Six to Ten
Seat 6: Luckman_brz (button) folded before Flop (didn't bet)
Seat 8: Mastan007 (small blind) folded on the River
Seat 9: Zzzanderman (big blind) folded before Flop



PokerStars Hand #237586844686:  Hold'em No Limit ($0.02/$0.05 USD) - 2022/07/25 15:16:02 PT [2022/07/25 18:16:02 ET]
Table 'Rafita' 9-max Seat #8 is the button
Seat 1: shakadevirgo90 ($7.74 in chips) 
Seat 2: malliosK ($10.14 in chips) 
Seat 3: PokerLuSu ($1.57 in chips) 
Seat 4: Dorex2007 ($10.52 in chips) 
Seat 6: Luckman_brz ($5.85 in chips) 
Seat 8: Mastan007 ($17.65 in chips) 
Seat 9: Zzzanderman ($1.96 in chips) 
Zzzanderman: posts small blind $0.02
shakadevirgo90: posts big blind $0.05
Texasholdup1: sits out 
*** HOLE CARDS ***
Dealt to Dorex2007 [Td As]
malliosK: folds 
PokerLuSu: folds 
Dorex2007: calls $0.05
Luckman_brz: calls $0.05
Mastan007: folds 
Zzzanderman: folds 
KrassKvlt leaves the table
shakadevirgo90: checks 
*** FLOP *** [Qd 2c Js]
PCMaran joins the table at seat #5 
shakadevirgo90: checks 
Dorex2007: checks 
Luckman_brz: checks 
*** TURN *** [Qd 2c Js] [Kh]
shakadevirgo90: bets $0.11
Dorex2007: raises $0.19 to $0.30
Luckman_brz: folds 
shakadevirgo90: calls $0.19
*** RIVER *** [Qd 2c Js Kh] [7d]
shakadevirgo90: checks 
Dorex2007: bets $0.49
shakadevirgo90: calls $0.49
*** SHOW DOWN ***
Dorex2007: shows [Td As] (a straight, Ten to Ace)
shakadevirgo90: mucks hand 
Dorex2007 collected $1.68 from pot
*** SUMMARY ***
Total pot $1.75 | Rake $0.07 
Board [Qd 2c Js Kh 7d]
Seat 1: shakadevirgo90 (big blind) mucked [7c Qc]
Seat 2: malliosK folded before Flop (didn't bet)
Seat 3: PokerLuSu folded before Flop (didn't bet)
Seat 4: Dorex2007 showed [Td As] and won ($1.68) with a straight, Ten to Ace
Seat 6: Luckman_brz folded on the Turn
Seat 8: Mastan007 (button) folded before Flop (didn't bet)
Seat 9: Zzzanderman (small blind) folded before Flop



PokerStars Hand #237586883429:  Hold'em No Limit ($0.02/$0.05 USD) - 2022/07/25 15:17:32 PT [2022/07/25 18:17:32 ET]
Table 'Rafita' 9-max Seat #9 is the button
Seat 1: shakadevirgo90 ($6.90 in chips) 
Seat 2: malliosK ($10.14 in chips) 
Seat 3: PokerLuSu ($1.57 in chips) 
Seat 4: Dorex2007 ($11.36 in chips) 
Seat 6: Luckman_brz ($5.80 in chips) 
Seat 8: Mastan007 ($17.65 in chips) 
Seat 9: Zzzanderman ($1.94 in chips) 
shakadevirgo90: posts small blind $0.02
malliosK: posts big blind $0.05
PCMaran: sits out 
Texasholdup1: sits out 
*** HOLE CARDS ***
Dealt to Dorex2007 [4s 2s]
PokerLuSu: folds 
Dorex2007: folds 
Luckman_brz: folds 
Mastan007: calls $0.05
Zzzanderman: calls $0.05
shakadevirgo90: folds 
malliosK: checks 
*** FLOP *** [Qs 6c 8d]
malliosK: bets $0.13
Mastan007: folds 
Zzzanderman: folds 
Uncalled bet ($0.13) returned to malliosK
malliosK collected $0.16 from pot
malliosK: doesn't show hand 
*** SUMMARY ***
Total pot $0.17 | Rake $0.01 
Board [Qs 6c 8d]
Seat 1: shakadevirgo90 (small blind) folded before Flop
Seat 2: malliosK (big blind) collected ($0.16)
Seat 3: PokerLuSu folded before Flop (didn't bet)
Seat 4: Dorex2007 folded before Flop (didn't bet)
Seat 6: Luckman_brz folded before Flop (didn't bet)
Seat 8: Mastan007 folded on the Flop
Seat 9: Zzzanderman (button) folded on the Flop



