PokerStars Hand #233931551929:  Hold'em No Limit ($0.01/$0.02 USD) - 2022/02/09 15:44:06 PT [2022/02/09 18:44:06 ET]
Table 'Isberga IV' 9-max Seat #5 is the button
Seat 1: BenjaminSock ($0.49 in chips) 
Seat 3: ragnarls ($2.72 in chips) 
Seat 4: Dorex2007 ($2 in chips) 
Seat 5: Rustyturn ($1.53 in chips) 
Seat 6: marcos jo196 ($1.34 in chips) 
Seat 7: Snowman373 ($2 in chips) 
Seat 8: PittJupp ($0.64 in chips) 
Seat 9: SupremeBastian1 ($4.66 in chips) 
marcos jo196: posts small blind $0.01
Snowman373: posts big blind $0.02
Alehta: sits out 
Dorex2007: posts big blind $0.02
*** HOLE CARDS ***
Dealt to Dorex2007 [5d Qd]
PittJupp: calls $0.02
SupremeBastian1: folds 
BenjaminSock: calls $0.02
ragnarls: calls $0.02
Dorex2007: checks 
Rustyturn: calls $0.02
marcos jo196: calls $0.01
Snowman373: raises $0.14 to $0.16
PittJupp: calls $0.14
BenjaminSock: folds 
ragnarls: calls $0.14
Dorex2007: folds 
Rustyturn: calls $0.14
marcos jo196: folds 
*** FLOP *** [8s Ks 2s]
Snowman373: bets $0.30
marcos jo196 leaves the table
PittJupp: folds 
ragnarls: folds 
Rustyturn: raises $1.07 to $1.37 and is all-in
Crushpad joins the table at seat #6 
Snowman373: calls $1.07
*** TURN *** [8s Ks 2s] [4c]
*** RIVER *** [8s Ks 2s 4c] [2c]
*** SHOW DOWN ***
Snowman373: shows [Ac Ah] (two pair, Aces and Deuces)
Rustyturn: shows [5h Ts] (a pair of Deuces)
Snowman373 collected $3.32 from pot
*** SUMMARY ***
Total pot $3.44 | Rake $0.12 
Board [8s Ks 2s 4c 2c]
Seat 1: BenjaminSock folded before Flop
Seat 3: ragnarls folded on the Flop
Seat 4: Dorex2007 folded before Flop (didn't bet)
Seat 5: Rustyturn (button) showed [5h Ts] and lost with a pair of Deuces
Seat 6: marcos jo196 (small blind) folded before Flop
Seat 7: Snowman373 (big blind) showed [Ac Ah] and won ($3.32) with two pair, Aces and Deuces
Seat 8: PittJupp folded on the Flop
Seat 9: SupremeBastian1 folded before Flop (didn't bet)



PokerStars Hand #233931581385:  Hold'em No Limit ($0.01/$0.02 USD) - 2022/02/09 15:45:22 PT [2022/02/09 18:45:22 ET]
Table 'Isberga IV' 9-max Seat #7 is the button
Seat 1: BenjaminSock ($0.47 in chips) 
Seat 3: ragnarls ($2.56 in chips) 
Seat 4: Dorex2007 ($2 in chips) 
Seat 7: Snowman373 ($3.79 in chips) 
Seat 8: PittJupp ($0.48 in chips) 
Seat 9: SupremeBastian1 ($4.66 in chips) 
PittJupp: posts small blind $0.01
SupremeBastian1: posts big blind $0.02
Alehta: sits out 
Crushpad: sits out 
*** HOLE CARDS ***
Dealt to Dorex2007 [7c Js]
BenjaminSock: calls $0.02
Rustyturn leaves the table
ragnarls: raises $0.02 to $0.04
Dorex2007: folds 
Snowman373: folds 
PittJupp: calls $0.03
SupremeBastian1: calls $0.02
BenjaminSock: calls $0.02
*** FLOP *** [9d As 5c]
PittJupp: checks 
SupremeBastian1: checks 
BenjaminSock: bets $0.08
ragnarls: calls $0.08
PittJupp: calls $0.08
SupremeBastian1: folds 
*** TURN *** [9d As 5c] [Jc]
PittJupp: checks 
BenjaminSock: bets $0.35 and is all-in
ragnarls: folds 
PittJupp: folds 
Uncalled bet ($0.35) returned to BenjaminSock
BenjaminSock collected $0.39 from pot
BenjaminSock: doesn't show hand 
*** SUMMARY ***
Total pot $0.40 | Rake $0.01 
Board [9d As 5c Jc]
Seat 1: BenjaminSock collected ($0.39)
Seat 3: ragnarls folded on the Turn
Seat 4: Dorex2007 folded before Flop (didn't bet)
Seat 7: Snowman373 (button) folded before Flop (didn't bet)
Seat 8: PittJupp (small blind) folded on the Turn
Seat 9: SupremeBastian1 (big blind) folded on the Flop



PokerStars Hand #233931604163:  Hold'em No Limit ($0.01/$0.02 USD) - 2022/02/09 15:46:22 PT [2022/02/09 18:46:22 ET]
Table 'Isberga IV' 9-max Seat #8 is the button
Seat 1: BenjaminSock ($0.74 in chips) 
Seat 3: ragnarls ($2.44 in chips) 
Seat 4: Dorex2007 ($2 in chips) 
Seat 7: Snowman373 ($3.79 in chips) 
Seat 8: PittJupp ($0.36 in chips) 
Seat 9: SupremeBastian1 ($4.62 in chips) 
SupremeBastian1: posts small blind $0.01
BenjaminSock: posts big blind $0.02
Alehta: sits out 
Crushpad: sits out 
*** HOLE CARDS ***
Dealt to Dorex2007 [Qs Kc]
ragnarls: raises $0.02 to $0.04
Dorex2007: calls $0.04
Snowman373: folds 
PittJupp: raises $0.32 to $0.36 and is all-in
SupremeBastian1: folds 
BenjaminSock: folds 
ragnarls: calls $0.32
Dorex2007: folds 
PittJupp has timed out
*** FLOP *** [Kh 9s 2s]
*** TURN *** [Kh 9s 2s] [Jh]
Maragat28 joins the table at seat #5 
*** RIVER *** [Kh 9s 2s Jh] [8d]
*** SHOW DOWN ***
ragnarls: shows [6c Ah] (high card Ace)
PittJupp: shows [5h 5c] (a pair of Fives)
PittJupp collected $0.75 from pot
*** SUMMARY ***
Total pot $0.79 | Rake $0.04 
Board [Kh 9s 2s Jh 8d]
Seat 1: BenjaminSock (big blind) folded before Flop
Seat 3: ragnarls showed [6c Ah] and lost with high card Ace
Seat 4: Dorex2007 folded before Flop
Seat 7: Snowman373 folded before Flop (didn't bet)
Seat 8: PittJupp (button) showed [5h 5c] and won ($0.75) with a pair of Fives
Seat 9: SupremeBastian1 (small blind) folded before Flop



PokerStars Hand #233931617530:  Hold'em No Limit ($0.01/$0.02 USD) - 2022/02/09 15:46:57 PT [2022/02/09 18:46:57 ET]
Table 'Isberga IV' 9-max Seat #9 is the button
Seat 1: BenjaminSock ($0.72 in chips) 
Seat 2: Alehta ($0.80 in chips) 
Seat 3: ragnarls ($2.08 in chips) 
Seat 4: Dorex2007 ($2 in chips) 
Seat 7: Snowman373 ($3.79 in chips) 
Seat 8: PittJupp ($0.75 in chips) 
Seat 9: SupremeBastian1 ($4.61 in chips) 
BenjaminSock: posts small blind $0.01
Alehta: posts big blind $0.02
Maragat28: sits out 
Crushpad: sits out 
*** HOLE CARDS ***
Dealt to Dorex2007 [5c Tc]
ragnarls: calls $0.02
Dorex2007: folds 
Snowman373: folds 
PittJupp: calls $0.02
SupremeBastian1: raises $0.04 to $0.06
BenjaminSock: folds 
Alehta: folds 
ragnarls: calls $0.04
PittJupp: calls $0.04
*** FLOP *** [5s 4d 6c]
ragnarls: bets $0.10
PittJupp: calls $0.10
SupremeBastian1: raises $0.10 to $0.20
ragnarls: calls $0.10
PittJupp: calls $0.10
*** TURN *** [5s 4d 6c] [3h]
ragnarls: checks 
PittJupp: checks 
SupremeBastian1: checks 
*** RIVER *** [5s 4d 6c 3h] [Js]
ragnarls: checks 
PittJupp: bets $0.14
SupremeBastian1: calls $0.14
ragnarls: calls $0.14
*** SHOW DOWN ***
PittJupp: shows [6s Jd] (two pair, Jacks and Sixes)
SupremeBastian1: mucks hand 
ragnarls: mucks hand 
PittJupp collected $1.18 from pot
*** SUMMARY ***
Total pot $1.23 | Rake $0.05 
Board [5s 4d 6c 3h Js]
Seat 1: BenjaminSock (small blind) folded before Flop
Seat 2: Alehta (big blind) folded before Flop
Seat 3: ragnarls mucked [Qh 4s]
Seat 4: Dorex2007 folded before Flop (didn't bet)
Seat 7: Snowman373 folded before Flop (didn't bet)
Seat 8: PittJupp showed [6s Jd] and won ($1.18) with two pair, Jacks and Sixes
Seat 9: SupremeBastian1 (button) mucked [9s 9c]



PokerStars Hand #233931636538:  Hold'em No Limit ($0.01/$0.02 USD) - 2022/02/09 15:47:46 PT [2022/02/09 18:47:46 ET]
Table 'Isberga IV' 9-max Seat #1 is the button
Seat 1: BenjaminSock ($0.71 in chips) 
Seat 2: Alehta ($0.78 in chips) 
Seat 3: ragnarls ($1.68 in chips) 
Seat 4: Dorex2007 ($2 in chips) 
Seat 7: Snowman373 ($3.79 in chips) 
Seat 8: PittJupp ($1.53 in chips) 
Seat 9: SupremeBastian1 ($4.21 in chips) 
Alehta: posts small blind $0.01
ragnarls: posts big blind $0.02
Maragat28: sits out 
Crushpad: sits out 
*** HOLE CARDS ***
Dealt to Dorex2007 [2h Kh]
Dorex2007: folds 
Snowman373: folds 
PittJupp: calls $0.02
SupremeBastian1: raises $0.04 to $0.06
BenjaminSock: calls $0.06
Alehta: folds 
ragnarls: calls $0.04
PittJupp: calls $0.04
*** FLOP *** [5c 7d 9c]
ragnarls: checks 
PittJupp: checks 
SupremeBastian1: bets $0.10
BenjaminSock: folds 
ragnarls: folds 
PittJupp: folds 
Uncalled bet ($0.10) returned to SupremeBastian1
SupremeBastian1 collected $0.24 from pot
SupremeBastian1: doesn't show hand 
*** SUMMARY ***
Total pot $0.25 | Rake $0.01 
Board [5c 7d 9c]
Seat 1: BenjaminSock (button) folded on the Flop
Seat 2: Alehta (small blind) folded before Flop
Seat 3: ragnarls (big blind) folded on the Flop
Seat 4: Dorex2007 folded before Flop (didn't bet)
Seat 7: Snowman373 folded before Flop (didn't bet)
Seat 8: PittJupp folded on the Flop
Seat 9: SupremeBastian1 collected ($0.24)



PokerStars Hand #233931652877:  Hold'em No Limit ($0.01/$0.02 USD) - 2022/02/09 15:48:29 PT [2022/02/09 18:48:29 ET]
Table 'Isberga IV' 9-max Seat #2 is the button
Seat 1: BenjaminSock ($0.65 in chips) 
Seat 2: Alehta ($0.77 in chips) 
Seat 3: ragnarls ($1.62 in chips) 
Seat 4: Dorex2007 ($2 in chips) 
Seat 5: Maragat28 ($1.75 in chips) 
Seat 7: Snowman373 ($3.79 in chips) 
Seat 8: PittJupp ($1.47 in chips) 
Seat 9: SupremeBastian1 ($4.39 in chips) 
ragnarls: posts small blind $0.01
Dorex2007: posts big blind $0.02
Maragat28: posts big blind $0.02
Crushpad: sits out 
*** HOLE CARDS ***
Dealt to Dorex2007 [6s Js]
Maragat28: checks 
Snowman373: folds 
PittJupp: raises $0.02 to $0.04
SupremeBastian1: calls $0.04
BenjaminSock: calls $0.04
Alehta: calls $0.04
ragnarls: calls $0.03
Dorex2007: folds 
Maragat28: calls $0.02
*** FLOP *** [2s 2d 7s]
ragnarls: checks 
Maragat28: checks 
PittJupp: bets $0.12
SupremeBastian1: folds 
BenjaminSock: folds 
Alehta: calls $0.12
ragnarls: folds 
Maragat28: raises $0.61 to $0.73
PittJupp: calls $0.61
Alehta: calls $0.61 and is all-in
*** TURN *** [2s 2d 7s] [8s]
Maragat28: bets $0.98 and is all-in
PittJupp: calls $0.70 and is all-in
Uncalled bet ($0.28) returned to Maragat28
PittJupp has timed out
*** RIVER *** [2s 2d 7s 8s] [8c]
*** SHOW DOWN ***
Maragat28: shows [2h 3d] (a full house, Deuces full of Eights)
PittJupp: shows [9s Ks] (a flush, King high)
Maragat28 collected $1.36 from side pot
Alehta: shows [3s 4s] (a flush, Eight high)
Maragat28 collected $2.36 from main pot
*** SUMMARY ***
Total pot $3.85 Main pot $2.36. Side pot $1.36. | Rake $0.13 
Board [2s 2d 7s 8s 8c]
Seat 1: BenjaminSock folded on the Flop
Seat 2: Alehta (button) showed [3s 4s] and lost with a flush, Eight high
Seat 3: ragnarls (small blind) folded on the Flop
Seat 4: Dorex2007 (big blind) folded before Flop
Seat 5: Maragat28 showed [2h 3d] and won ($3.72) with a full house, Deuces full of Eights
Seat 7: Snowman373 folded before Flop (didn't bet)
Seat 8: PittJupp showed [9s Ks] and lost with a flush, King high
Seat 9: SupremeBastian1 folded on the Flop



PokerStars Hand #233931680890:  Hold'em No Limit ($0.01/$0.02 USD) - 2022/02/09 15:49:42 PT [2022/02/09 18:49:42 ET]
Table 'Isberga IV' 9-max Seat #3 is the button
Seat 1: BenjaminSock ($0.61 in chips) 
Seat 2: Alehta ($0.80 in chips) 
Seat 3: ragnarls ($1.58 in chips) 
Seat 4: Dorex2007 ($2 in chips) 
Seat 5: Maragat28 ($4 in chips) 
Seat 7: Snowman373 ($3.79 in chips) 
Seat 9: SupremeBastian1 ($4.35 in chips) 
Dorex2007: posts small blind $0.01
Maragat28: posts big blind $0.02
Crushpad: sits out 
*** HOLE CARDS ***
Dealt to Dorex2007 [3c 4s]
Snowman373: folds 
SupremeBastian1: calls $0.02
BenjaminSock: folds 
Alehta: raises $0.06 to $0.08
PittJupp leaves the table
ragnarls: calls $0.08
Dorex2007: folds 
jason198331 joins the table at seat #8 
Maragat28: folds 
SupremeBastian1: calls $0.06
*** FLOP *** [2c Th 6s]
SupremeBastian1: bets $0.06
Alehta: calls $0.06
ragnarls: folds 
*** TURN *** [2c Th 6s] [7d]
Maragat28 leaves the table
SupremeBastian1: bets $0.10
Alehta: calls $0.10
*** RIVER *** [2c Th 6s 7d] [7s]
SupremeBastian1: bets $0.20
Alehta: calls $0.20
*** SHOW DOWN ***
SupremeBastian1: shows [6c 5c] (two pair, Sevens and Sixes)
Alehta: shows [8s 8h] (two pair, Eights and Sevens)
Alehta collected $0.96 from pot
HarmonicDust5 joins the table at seat #5 
*** SUMMARY ***
Total pot $0.99 | Rake $0.03 
Board [2c Th 6s 7d 7s]
Seat 1: BenjaminSock folded before Flop (didn't bet)
Seat 2: Alehta showed [8s 8h] and won ($0.96) with two pair, Eights and Sevens
Seat 3: ragnarls (button) folded on the Flop
Seat 4: Dorex2007 (small blind) folded before Flop
Seat 5: Maragat28 (big blind) folded before Flop
Seat 7: Snowman373 folded before Flop (didn't bet)
Seat 9: SupremeBastian1 showed [6c 5c] and lost with two pair, Sevens and Sixes



PokerStars Hand #233931711190:  Hold'em No Limit ($0.01/$0.02 USD) - 2022/02/09 15:51:02 PT [2022/02/09 18:51:02 ET]
Table 'Isberga IV' 9-max Seat #4 is the button
Seat 1: BenjaminSock ($0.61 in chips) 
Seat 2: Alehta ($1.32 in chips) 
Seat 3: ragnarls ($1.50 in chips) 
Seat 4: Dorex2007 ($2 in chips) 
Seat 7: Snowman373 ($3.79 in chips) 
Seat 8: jason198331 ($1.60 in chips) 
Seat 9: SupremeBastian1 ($3.91 in chips) 
Snowman373: posts small blind $0.01
jason198331: posts big blind $0.02
*** HOLE CARDS ***
Dealt to Dorex2007 [As 6c]
SupremeBastian1: calls $0.02
BenjaminSock: folds 
Alehta: folds 
ragnarls: calls $0.02
Dorex2007: folds 
Snowman373: folds 
jason198331: checks 
*** FLOP *** [9d 2d Qc]
jason198331: checks 
SupremeBastian1: checks 
ragnarls: bets $0.04
jason198331: folds 
SupremeBastian1: folds 
Uncalled bet ($0.04) returned to ragnarls
ragnarls collected $0.07 from pot
ragnarls: doesn't show hand 
*** SUMMARY ***
Total pot $0.07 | Rake $0 
Board [9d 2d Qc]
Seat 1: BenjaminSock folded before Flop (didn't bet)
Seat 2: Alehta folded before Flop (didn't bet)
Seat 3: ragnarls collected ($0.07)
Seat 4: Dorex2007 (button) folded before Flop (didn't bet)
Seat 7: Snowman373 (small blind) folded before Flop
Seat 8: jason198331 (big blind) folded on the Flop
Seat 9: SupremeBastian1 folded on the Flop



PokerStars Hand #233931728320:  Hold'em No Limit ($0.01/$0.02 USD) - 2022/02/09 15:51:48 PT [2022/02/09 18:51:48 ET]
Table 'Isberga IV' 9-max Seat #7 is the button
Seat 1: BenjaminSock ($0.61 in chips) 
Seat 2: Alehta ($1.32 in chips) 
Seat 3: ragnarls ($1.55 in chips) 
Seat 4: Dorex2007 ($2 in chips) 
Seat 7: Snowman373 ($3.78 in chips) 
Seat 8: jason198331 ($1.58 in chips) 
Seat 9: SupremeBastian1 ($3.89 in chips) 
jason198331: posts small blind $0.01
SupremeBastian1: posts big blind $0.02
HarmonicDust5: sits out 
Crushpad: sits out 
*** HOLE CARDS ***
Dealt to Dorex2007 [5d 4c]
BenjaminSock: calls $0.02
Alehta: raises $0.02 to $0.04
ragnarls: calls $0.04
Dorex2007: folds 
Snowman373: calls $0.04
jason198331: folds 
SupremeBastian1: calls $0.02
BenjaminSock: calls $0.02
*** FLOP *** [Kh Qd Jh]
SupremeBastian1: bets $0.04
BenjaminSock: calls $0.04
Alehta: folds 
ragnarls: calls $0.04
Snowman373: calls $0.04
*** TURN *** [Kh Qd Jh] [Kc]
SupremeBastian1: checks 
BenjaminSock: checks 
ragnarls: bets $0.18
Snowman373: calls $0.18
SupremeBastian1: folds 
BenjaminSock: folds 
*** RIVER *** [Kh Qd Jh Kc] [3s]
ragnarls: bets $0.70
Snowman373: raises $1.40 to $2.10
ragnarls: calls $0.59 and is all-in
Uncalled bet ($0.81) returned to Snowman373
*** SHOW DOWN ***
Snowman373: shows [Tc Ac] (a straight, Ten to Ace)
ragnarls: shows [Ks 6s] (three of a kind, Kings)
Snowman373 collected $3.19 from pot
*** SUMMARY ***
Total pot $3.31 | Rake $0.12 
Board [Kh Qd Jh Kc 3s]
Seat 1: BenjaminSock folded on the Turn
Seat 2: Alehta folded on the Flop
Seat 3: ragnarls showed [Ks 6s] and lost with three of a kind, Kings
Seat 4: Dorex2007 folded before Flop (didn't bet)
Seat 7: Snowman373 (button) showed [Tc Ac] and won ($3.19) with a straight, Ten to Ace
Seat 8: jason198331 (small blind) folded before Flop
Seat 9: SupremeBastian1 (big blind) folded on the Turn



PokerStars Hand #233931762983:  Hold'em No Limit ($0.01/$0.02 USD) - 2022/02/09 15:53:22 PT [2022/02/09 18:53:22 ET]
Table 'Isberga IV' 9-max Seat #8 is the button
Seat 1: BenjaminSock ($0.53 in chips) 
Seat 2: Alehta ($1.28 in chips) 
Seat 4: Dorex2007 ($2 in chips) 
Seat 7: Snowman373 ($5.42 in chips) 
Seat 8: jason198331 ($1.57 in chips) 
Seat 9: SupremeBastian1 ($3.81 in chips) 
SupremeBastian1: posts small blind $0.01
BenjaminSock: posts big blind $0.02
HarmonicDust5: sits out 
Crushpad: sits out 
*** HOLE CARDS ***
Dealt to Dorex2007 [Tc Kd]
Alehta: folds 
Dorex2007: folds 
Snowman373: raises $0.04 to $0.06
jason198331: folds 
SupremeBastian1: folds 
BenjaminSock: calls $0.04
*** FLOP *** [Qd 6c 8d]
BenjaminSock: checks 
Snowman373: bets $0.07
BenjaminSock: calls $0.07
*** TURN *** [Qd 6c 8d] [2s]
BenjaminSock: checks 
Snowman373: checks 
*** RIVER *** [Qd 6c 8d 2s] [3h]
BenjaminSock: bets $0.13
Snowman373: folds 
Uncalled bet ($0.13) returned to BenjaminSock
BenjaminSock collected $0.26 from pot
BenjaminSock: doesn't show hand 
*** SUMMARY ***
Total pot $0.27 | Rake $0.01 
Board [Qd 6c 8d 2s 3h]
Seat 1: BenjaminSock (big blind) collected ($0.26)
Seat 2: Alehta folded before Flop (didn't bet)
Seat 4: Dorex2007 folded before Flop (didn't bet)
Seat 7: Snowman373 folded on the River
Seat 8: jason198331 (button) folded before Flop (didn't bet)
Seat 9: SupremeBastian1 (small blind) folded before Flop



PokerStars Hand #233931775787:  Hold'em No Limit ($0.01/$0.02 USD) - 2022/02/09 15:53:56 PT [2022/02/09 18:53:56 ET]
Table 'Isberga IV' 9-max Seat #9 is the button
Seat 1: BenjaminSock ($0.66 in chips) 
Seat 2: Alehta ($1.28 in chips) 
Seat 4: Dorex2007 ($2 in chips) 
Seat 7: Snowman373 ($5.29 in chips) 
Seat 8: jason198331 ($1.57 in chips) 
Seat 9: SupremeBastian1 ($3.80 in chips) 
BenjaminSock: posts small blind $0.01
Alehta: posts big blind $0.02
HarmonicDust5: sits out 
Crushpad: sits out 
*** HOLE CARDS ***
Dealt to Dorex2007 [8c Qc]
Dorex2007: folds 
Snowman373: folds 
ragnarls leaves the table
jason198331: folds 
SupremeBastian1: calls $0.02
BenjaminSock: calls $0.01
Alehta: checks 
*** FLOP *** [2s Th Kd]
BenjaminSock: checks 
Alehta: checks 
SupremeBastian1: bets $0.04
BenjaminSock: folds 
Alehta: folds 
Uncalled bet ($0.04) returned to SupremeBastian1
SupremeBastian1 collected $0.06 from pot
SupremeBastian1: doesn't show hand 
*** SUMMARY ***
Total pot $0.06 | Rake $0 
Board [2s Th Kd]
Seat 1: BenjaminSock (small blind) folded on the Flop
Seat 2: Alehta (big blind) folded on the Flop
Seat 4: Dorex2007 folded before Flop (didn't bet)
Seat 7: Snowman373 folded before Flop (didn't bet)
Seat 8: jason198331 folded before Flop (didn't bet)
Seat 9: SupremeBastian1 (button) collected ($0.06)



PokerStars Hand #233931786881:  Hold'em No Limit ($0.01/$0.02 USD) - 2022/02/09 15:54:26 PT [2022/02/09 18:54:26 ET]
Table 'Isberga IV' 9-max Seat #1 is the button
Seat 1: BenjaminSock ($0.64 in chips) 
Seat 2: Alehta ($1.26 in chips) 
Seat 4: Dorex2007 ($2 in chips) 
Seat 7: Snowman373 ($5.29 in chips) 
Seat 8: jason198331 ($1.57 in chips) 
Seat 9: SupremeBastian1 ($3.84 in chips) 
Alehta: posts small blind $0.01
Dorex2007: posts big blind $0.02
HarmonicDust5: sits out 
Crushpad: sits out 
*** HOLE CARDS ***
Dealt to Dorex2007 [Jh 6c]
Snowman373: folds 
jason198331: folds 
SupremeBastian1: calls $0.02
BenjaminSock: calls $0.02
Alehta: folds 
Dorex2007: checks 
*** FLOP *** [4s Jd Kd]
Dorex2007: checks 
SupremeBastian1: bets $0.02
WPT1952 joins the table at seat #3 
BenjaminSock: calls $0.02
Dorex2007: folds 
*** TURN *** [4s Jd Kd] [6d]
SupremeBastian1: bets $0.02
BenjaminSock: calls $0.02
*** RIVER *** [4s Jd Kd 6d] [7c]
SupremeBastian1: bets $0.02
BenjaminSock: calls $0.02
*** SHOW DOWN ***
SupremeBastian1: shows [2h As] (high card Ace)
BenjaminSock: shows [Ac 4h] (a pair of Fours)
BenjaminSock collected $0.18 from pot
*** SUMMARY ***
Total pot $0.19 | Rake $0.01 
Board [4s Jd Kd 6d 7c]
Seat 1: BenjaminSock (button) showed [Ac 4h] and won ($0.18) with a pair of Fours
Seat 2: Alehta (small blind) folded before Flop
Seat 4: Dorex2007 (big blind) folded on the Flop
Seat 7: Snowman373 folded before Flop (didn't bet)
Seat 8: jason198331 folded before Flop (didn't bet)
Seat 9: SupremeBastian1 showed [2h As] and lost with high card Ace



PokerStars Hand #233931797777:  Hold'em No Limit ($0.01/$0.02 USD) - 2022/02/09 15:54:55 PT [2022/02/09 18:54:55 ET]
Table 'Isberga IV' 9-max Seat #2 is the button
Seat 1: BenjaminSock ($0.74 in chips) 
Seat 2: Alehta ($1.25 in chips) 
Seat 4: Dorex2007 ($2 in chips) 
Seat 5: HarmonicDust5 ($2 in chips) 
Seat 7: Snowman373 ($5.29 in chips) 
Seat 8: jason198331 ($1.57 in chips) 
Seat 9: SupremeBastian1 ($3.76 in chips) 
Dorex2007: posts small blind $0.01
HarmonicDust5: posts big blind $0.02
Crushpad: sits out 
*** HOLE CARDS ***
Dealt to Dorex2007 [9d Kh]
Snowman373: folds 
jason198331: calls $0.02
SupremeBastian1: folds 
BenjaminSock: calls $0.02
Alehta: folds 
Dorex2007: folds 
HarmonicDust5: checks 
*** FLOP *** [8h 8s Jh]
HarmonicDust5: checks 
jason198331: checks 
BenjaminSock: checks 
*** TURN *** [8h 8s Jh] [2s]
HarmonicDust5: checks 
jason198331: checks 
BenjaminSock: checks 
*** RIVER *** [8h 8s Jh 2s] [7c]
HarmonicDust5: checks 
jason198331: checks 
BenjaminSock: bets $0.10
HarmonicDust5: folds 
jason198331: folds 
Uncalled bet ($0.10) returned to BenjaminSock
BenjaminSock collected $0.07 from pot
BenjaminSock: doesn't show hand 
*** SUMMARY ***
Total pot $0.07 | Rake $0 
Board [8h 8s Jh 2s 7c]
Seat 1: BenjaminSock collected ($0.07)
Seat 2: Alehta (button) folded before Flop (didn't bet)
Seat 4: Dorex2007 (small blind) folded before Flop
Seat 5: HarmonicDust5 (big blind) folded on the River
Seat 7: Snowman373 folded before Flop (didn't bet)
Seat 8: jason198331 folded on the River
Seat 9: SupremeBastian1 folded before Flop (didn't bet)



PokerStars Hand #233931830437:  Hold'em No Limit ($0.01/$0.02 USD) - 2022/02/09 15:56:42 PT [2022/02/09 18:56:42 ET]
Table 'Isberga IV' 9-max Seat #4 is the button
Seat 1: BenjaminSock ($0.79 in chips) 
Seat 2: Alehta ($1.25 in chips) 
Seat 3: WPT1952 ($1.60 in chips) 
Seat 4: Dorex2007 ($2 in chips) 
Seat 5: HarmonicDust5 ($2 in chips) 
Seat 6: Crushpad ($2 in chips) 
Seat 7: Snowman373 ($5.29 in chips) 
Seat 8: jason198331 ($1.55 in chips) 
Seat 9: SupremeBastian1 ($3.76 in chips) 
HarmonicDust5: posts small blind $0.01
Crushpad: posts big blind $0.02
WPT1952: posts big blind $0.02
*** HOLE CARDS ***
Dealt to Dorex2007 [Qd 2h]
Snowman373: folds 
jason198331: calls $0.02
SupremeBastian1: folds 
BenjaminSock: calls $0.02
SupremeBastian1 leaves the table
Alehta: folds 
WPT1952: checks 
Dorex2007: folds 
HarmonicDust5: folds 
Crushpad: checks 
*** FLOP *** [Qc 7c 4s]
Crushpad: bets $0.05
BrickWall-In joins the table at seat #9 
jason198331: folds 
BenjaminSock: folds 
WPT1952: calls $0.05
*** TURN *** [Qc 7c 4s] [8s]
Crushpad: bets $0.09
WPT1952: calls $0.09
*** RIVER *** [Qc 7c 4s 8s] [9s]
Crushpad: checks 
WPT1952: checks 
*** SHOW DOWN ***
Crushpad: shows [6s Qh] (a pair of Queens)
WPT1952: mucks hand 
Crushpad collected $0.36 from pot
*** SUMMARY ***
Total pot $0.37 | Rake $0.01 
Board [Qc 7c 4s 8s 9s]
Seat 1: BenjaminSock folded on the Flop
Seat 2: Alehta folded before Flop (didn't bet)
Seat 3: WPT1952 mucked [7s 5c]
Seat 4: Dorex2007 (button) folded before Flop (didn't bet)
Seat 5: HarmonicDust5 (small blind) folded before Flop
Seat 6: Crushpad (big blind) showed [6s Qh] and won ($0.36) with a pair of Queens
Seat 7: Snowman373 folded before Flop (didn't bet)
Seat 8: jason198331 folded on the Flop
Seat 9: SupremeBastian1 folded before Flop (didn't bet)



PokerStars Hand #233931852018:  Hold'em No Limit ($0.01/$0.02 USD) - 2022/02/09 15:57:56 PT [2022/02/09 18:57:56 ET]
Table 'Isberga IV' 9-max Seat #5 is the button
Seat 1: BenjaminSock ($0.77 in chips) 
Seat 2: Alehta ($1.25 in chips) 
Seat 3: WPT1952 ($1.44 in chips) 
Seat 4: Dorex2007 ($2 in chips) 
Seat 5: HarmonicDust5 ($2 in chips) 
Seat 6: Crushpad ($2.20 in chips) 
Seat 8: jason198331 ($1.53 in chips) 
Crushpad: posts small blind $0.01
Snowman373: is sitting out 
jason198331: posts big blind $0.02
BrickWall-In: sits out 
*** HOLE CARDS ***
Dealt to Dorex2007 [Qd 7c]
BenjaminSock: calls $0.02
Alehta: folds 
WPT1952: raises $0.02 to $0.04
Dorex2007: folds 
HarmonicDust5: calls $0.04
Crushpad: folds 
jason198331: calls $0.02
BenjaminSock: calls $0.02
*** FLOP *** [8s Qs Jd]
jason198331: checks 
BenjaminSock: bets $0.08
WPT1952: calls $0.08
HarmonicDust5: raises $0.20 to $0.28
jason198331: calls $0.28
BenjaminSock: folds 
WPT1952: calls $0.20
*** TURN *** [8s Qs Jd] [7h]
jason198331: checks 
WPT1952: checks 
HarmonicDust5: checks 
*** RIVER *** [8s Qs Jd 7h] [3h]
jason198331: checks 
WPT1952: checks 
HarmonicDust5: bets $0.53
jason198331: calls $0.53
WPT1952: folds 
*** SHOW DOWN ***
HarmonicDust5: shows [8c 8h] (three of a kind, Eights)
jason198331: mucks hand 
HarmonicDust5 collected $2.07 from pot
*** SUMMARY ***
Total pot $2.15 | Rake $0.08 
Board [8s Qs Jd 7h 3h]
Seat 1: BenjaminSock folded on the Flop
Seat 2: Alehta folded before Flop (didn't bet)
Seat 3: WPT1952 folded on the River
Seat 4: Dorex2007 folded before Flop (didn't bet)
Seat 5: HarmonicDust5 (button) showed [8c 8h] and won ($2.07) with three of a kind, Eights
Seat 6: Crushpad (small blind) folded before Flop
Seat 8: jason198331 (big blind) mucked [3s 7s]



PokerStars Hand #233931872111:  Hold'em No Limit ($0.01/$0.02 USD) - 2022/02/09 15:59:04 PT [2022/02/09 18:59:04 ET]
Table 'Isberga IV' 9-max Seat #6 is the button
Seat 1: BenjaminSock ($0.65 in chips) 
Seat 2: Alehta ($1.25 in chips) 
Seat 3: WPT1952 ($1.12 in chips) 
Seat 4: Dorex2007 ($2 in chips) 
Seat 5: HarmonicDust5 ($3.22 in chips) 
Seat 6: Crushpad ($2.19 in chips) 
Seat 8: jason198331 ($0.68 in chips) 
Seat 9: BrickWall-In ($2 in chips) 
jason198331: posts small blind $0.01
BrickWall-In: posts big blind $0.02
*** HOLE CARDS ***
Dealt to Dorex2007 [Qh 2h]
BenjaminSock: folds 
jason198331 said, "nh"
Alehta: folds 
WPT1952: calls $0.02
Dorex2007: folds 
HarmonicDust5: folds 
Crushpad: raises $0.06 to $0.08
jason198331: calls $0.07
BrickWall-In: calls $0.06
WPT1952: calls $0.06
*** FLOP *** [2d Ad 8c]
jason198331: checks 
BrickWall-In: checks 
WPT1952: checks 
Crushpad: checks 
*** TURN *** [2d Ad 8c] [Ah]
jason198331: checks 
BrickWall-In: checks 
WPT1952: checks 
Crushpad: checks 
*** RIVER *** [2d Ad 8c Ah] [6h]
jason198331: bets $0.04
BrickWall-In: calls $0.04
WPT1952: folds 
Crushpad: folds 
*** SHOW DOWN ***
jason198331: shows [As 7s] (three of a kind, Aces)
BrickWall-In: mucks hand 
jason198331 collected $0.39 from pot
*** SUMMARY ***
Total pot $0.40 | Rake $0.01 
Board [2d Ad 8c Ah 6h]
Seat 1: BenjaminSock folded before Flop (didn't bet)
Seat 2: Alehta folded before Flop (didn't bet)
Seat 3: WPT1952 folded on the River
Seat 4: Dorex2007 folded before Flop (didn't bet)
Seat 5: HarmonicDust5 folded before Flop (didn't bet)
Seat 6: Crushpad (button) folded on the River
Seat 8: jason198331 (small blind) showed [As 7s] and won ($0.39) with three of a kind, Aces
Seat 9: BrickWall-In (big blind) mucked [7h 8h]



PokerStars Hand #233931901100:  Hold'em No Limit ($0.01/$0.02 USD) - 2022/02/09 16:00:37 PT [2022/02/09 19:00:37 ET]
Table 'Isberga IV' 9-max Seat #8 is the button
Seat 1: BenjaminSock ($0.65 in chips) 
Seat 2: Alehta ($1.25 in chips) 
Seat 3: WPT1952 ($1.04 in chips) 
Seat 4: Dorex2007 ($2 in chips) 
Seat 5: HarmonicDust5 ($3.22 in chips) 
Seat 6: Crushpad ($2.11 in chips) 
Seat 8: jason198331 ($0.95 in chips) 
Seat 9: BrickWall-In ($2 in chips) 
BrickWall-In: posts small blind $0.01
BenjaminSock: posts big blind $0.02
*** HOLE CARDS ***
Dealt to Dorex2007 [Jc Qh]
Alehta: folds 
WPT1952: calls $0.02
Dorex2007 has timed out
Dorex2007: folds 
HarmonicDust5: folds 
Crushpad: folds 
jason198331: folds 
BrickWall-In: raises $0.06 to $0.08
BenjaminSock: calls $0.06
WPT1952: calls $0.06
*** FLOP *** [Tc Jh 9c]
BrickWall-In: checks 
BenjaminSock: checks 
WPT1952: checks 
*** TURN *** [Tc Jh 9c] [3d]
BrickWall-In: bets $0.16
BenjaminSock: folds 
WPT1952: folds 
Uncalled bet ($0.16) returned to BrickWall-In
BrickWall-In collected $0.23 from pot
BrickWall-In: doesn't show hand 
*** SUMMARY ***
Total pot $0.24 | Rake $0.01 
Board [Tc Jh 9c 3d]
Seat 1: BenjaminSock (big blind) folded on the Turn
Seat 2: Alehta folded before Flop (didn't bet)
Seat 3: WPT1952 folded on the Turn
Seat 4: Dorex2007 folded before Flop (didn't bet)
Seat 5: HarmonicDust5 folded before Flop (didn't bet)
Seat 6: Crushpad folded before Flop (didn't bet)
Seat 8: jason198331 (button) folded before Flop (didn't bet)
Seat 9: BrickWall-In (small blind) collected ($0.23)



PokerStars Hand #233931920781:  Hold'em No Limit ($0.01/$0.02 USD) - 2022/02/09 16:01:34 PT [2022/02/09 19:01:34 ET]
Table 'Isberga IV' 9-max Seat #9 is the button
Seat 1: BenjaminSock ($0.57 in chips) 
Seat 3: WPT1952 ($0.96 in chips) 
Seat 4: Dorex2007 ($2 in chips) 
Seat 5: HarmonicDust5 ($3.22 in chips) 
Seat 6: Crushpad ($2.11 in chips) 
Seat 8: jason198331 ($0.95 in chips) 
Seat 9: BrickWall-In ($2.15 in chips) 
BenjaminSock: posts small blind $0.01
Alehta: is sitting out 
WPT1952: posts big blind $0.02
*** HOLE CARDS ***
Dealt to Dorex2007 [Th 5h]
Dorex2007: folds 
Alehta leaves the table
HarmonicDust5: raises $0.03 to $0.05
Crushpad: folds 
jason198331: folds 
BrickWall-In: calls $0.05
BenjaminSock: calls $0.04
WPT1952: calls $0.03
*** FLOP *** [9s 7h Jd]
BenjaminSock: checks 
WPT1952: bets $0.04
HarmonicDust5: calls $0.04
BrickWall-In: calls $0.04
BenjaminSock: folds 
*** TURN *** [9s 7h Jd] [Td]
WPT1952: checks 
HarmonicDust5: bets $0.08
BrickWall-In: calls $0.08
WPT1952: folds 
*** RIVER *** [9s 7h Jd Td] [Qh]
HarmonicDust5: bets $0.23
BrickWall-In: folds 
Uncalled bet ($0.23) returned to HarmonicDust5
HarmonicDust5 collected $0.46 from pot
HarmonicDust5: doesn't show hand 
*** SUMMARY ***
Total pot $0.48 | Rake $0.02 
Board [9s 7h Jd Td Qh]
Seat 1: BenjaminSock (small blind) folded on the Flop
Seat 3: WPT1952 (big blind) folded on the Turn
Seat 4: Dorex2007 folded before Flop (didn't bet)
Seat 5: HarmonicDust5 collected ($0.46)
Seat 6: Crushpad folded before Flop (didn't bet)
Seat 8: jason198331 folded before Flop (didn't bet)
Seat 9: BrickWall-In (button) folded on the River



PokerStars Hand #233931942737:  Hold'em No Limit ($0.01/$0.02 USD) - 2022/02/09 16:02:36 PT [2022/02/09 19:02:36 ET]
Table 'Isberga IV' 9-max Seat #1 is the button
Seat 1: BenjaminSock ($0.52 in chips) 
Seat 3: WPT1952 ($0.87 in chips) 
Seat 4: Dorex2007 ($2 in chips) 
Seat 5: HarmonicDust5 ($3.51 in chips) 
Seat 6: Crushpad ($2.11 in chips) 
Seat 8: jason198331 ($0.95 in chips) 
Seat 9: BrickWall-In ($2 in chips) 
WPT1952: posts small blind $0.01
Dorex2007: posts big blind $0.02
*** HOLE CARDS ***
Dealt to Dorex2007 [Kc 5h]
HarmonicDust5: folds 
Crushpad: folds 
jason198331 is disconnected 
Trupizupe14 joins the table at seat #2 
jason198331 has timed out while disconnected
jason198331: folds 
BrickWall-In: folds 
BenjaminSock: calls $0.02
WPT1952: calls $0.01
Dorex2007: checks 
*** FLOP *** [7d Kd 8c]
WPT1952: bets $0.02
Dorex2007: raises $0.10 to $0.12
BenjaminSock: calls $0.12
WPT1952: calls $0.10
*** TURN *** [7d Kd 8c] [Ah]
WPT1952: bets $0.21
Dorex2007: folds 
BenjaminSock: calls $0.21
*** RIVER *** [7d Kd 8c Ah] [Tc]
WPT1952: bets $0.41
BenjaminSock: calls $0.17 and is all-in
Uncalled bet ($0.24) returned to WPT1952
*** SHOW DOWN ***
WPT1952: shows [Qh Ad] (a pair of Aces)
BenjaminSock: shows [9s Ks] (a pair of Kings)
WPT1952 collected $1.14 from pot
*** SUMMARY ***
Total pot $1.18 | Rake $0.04 
Board [7d Kd 8c Ah Tc]
Seat 1: BenjaminSock (button) showed [9s Ks] and lost with a pair of Kings
Seat 3: WPT1952 (small blind) showed [Qh Ad] and won ($1.14) with a pair of Aces
Seat 4: Dorex2007 (big blind) folded on the Turn
Seat 5: HarmonicDust5 folded before Flop (didn't bet)
Seat 6: Crushpad folded before Flop (didn't bet)
Seat 8: jason198331 folded before Flop (didn't bet)
Seat 9: BrickWall-In folded before Flop (didn't bet)



PokerStars Hand #233931962371:  Hold'em No Limit ($0.01/$0.02 USD) - 2022/02/09 16:03:25 PT [2022/02/09 19:03:25 ET]
Table 'Isberga IV' 9-max Seat #3 is the button
Seat 3: WPT1952 ($1.49 in chips) 
Seat 4: Dorex2007 ($2 in chips) 
Seat 5: HarmonicDust5 ($3.51 in chips) 
Seat 6: Crushpad ($2.11 in chips) 
Seat 8: jason198331 ($0.95 in chips) 
Seat 9: BrickWall-In ($2 in chips) 
Dorex2007: posts small blind $0.01
HarmonicDust5: posts big blind $0.02
Trupizupe14: sits out 
*** HOLE CARDS ***
Dealt to Dorex2007 [Jd 8h]
Crushpad: folds 
jason198331: folds 
BrickWall-In: folds 
WPT1952: calls $0.02
Dorex2007: folds 
HarmonicDust5: checks 
*** FLOP *** [4s 3h 7h]
HarmonicDust5: bets $0.02
WPT1952: calls $0.02
*** TURN *** [4s 3h 7h] [6c]
HarmonicDust5: bets $0.02
WPT1952: calls $0.02
*** RIVER *** [4s 3h 7h 6c] [5s]
HarmonicDust5: bets $0.07
WPT1952: raises $1.36 to $1.43 and is all-in
HarmonicDust5: folds 
Uncalled bet ($1.36) returned to WPT1952
WPT1952 collected $0.26 from pot
WPT1952: doesn't show hand 
*** SUMMARY ***
Total pot $0.27 | Rake $0.01 
Board [4s 3h 7h 6c 5s]
Seat 3: WPT1952 (button) collected ($0.26)
Seat 4: Dorex2007 (small blind) folded before Flop
Seat 5: HarmonicDust5 (big blind) folded on the River
Seat 6: Crushpad folded before Flop (didn't bet)
Seat 8: jason198331 folded before Flop (didn't bet)
Seat 9: BrickWall-In folded before Flop (didn't bet)



PokerStars Hand #233931978670:  Hold'em No Limit ($0.01/$0.02 USD) - 2022/02/09 16:04:11 PT [2022/02/09 19:04:11 ET]
Table 'Isberga IV' 9-max Seat #4 is the button
Seat 1: BenjaminSock ($2 in chips) 
Seat 3: WPT1952 ($1.62 in chips) 
Seat 4: Dorex2007 ($2 in chips) 
Seat 5: HarmonicDust5 ($3.38 in chips) 
Seat 6: Crushpad ($2.11 in chips) 
Seat 8: jason198331 ($0.95 in chips) 
Seat 9: BrickWall-In ($2 in chips) 
HarmonicDust5: posts small blind $0.01
Crushpad: posts big blind $0.02
Snowman373: sits out 
Trupizupe14: sits out 
*** HOLE CARDS ***
Dealt to Dorex2007 [Qd 2c]
jason198331: folds 
BrickWall-In: folds 
BenjaminSock: calls $0.02
WPT1952: calls $0.02
Dorex2007: folds 
HarmonicDust5: folds 
Crushpad: checks 
*** FLOP *** [6s 7c 5s]
Crushpad: checks 
BenjaminSock: bets $0.06
WPT1952: calls $0.06
Crushpad: calls $0.06
*** TURN *** [6s 7c 5s] [5h]
Crushpad: checks 
BenjaminSock: checks 
WPT1952: bets $0.08
Crushpad: folds 
BenjaminSock: calls $0.08
*** RIVER *** [6s 7c 5s 5h] [Js]
BenjaminSock: checks 
WPT1952: checks 
*** SHOW DOWN ***
BenjaminSock: shows [Kd 6d] (two pair, Sixes and Fives)
WPT1952: mucks hand 
BenjaminSock collected $0.40 from pot
*** SUMMARY ***
Total pot $0.41 | Rake $0.01 
Board [6s 7c 5s 5h Js]
Seat 1: BenjaminSock showed [Kd 6d] and won ($0.40) with two pair, Sixes and Fives
Seat 3: WPT1952 mucked [9s 4h]
Seat 4: Dorex2007 (button) folded before Flop (didn't bet)
Seat 5: HarmonicDust5 (small blind) folded before Flop
Seat 6: Crushpad (big blind) folded on the Turn
Seat 8: jason198331 folded before Flop (didn't bet)
Seat 9: BrickWall-In folded before Flop (didn't bet)



PokerStars Hand #233932001495:  Hold'em No Limit ($0.01/$0.02 USD) - 2022/02/09 16:05:15 PT [2022/02/09 19:05:15 ET]
Table 'Isberga IV' 9-max Seat #5 is the button
Seat 1: BenjaminSock ($2.24 in chips) 
Seat 3: WPT1952 ($1.46 in chips) 
Seat 4: Dorex2007 ($2 in chips) 
Seat 5: HarmonicDust5 ($3.37 in chips) 
Seat 6: Crushpad ($2.03 in chips) 
Seat 7: Snowman373 ($5.29 in chips) 
Seat 8: jason198331 ($0.95 in chips) 
Seat 9: BrickWall-In ($2 in chips) 
Crushpad: posts small blind $0.01
Snowman373: posts big blind $0.02
Trupizupe14: sits out 
*** HOLE CARDS ***
Dealt to Dorex2007 [8d Qc]
jason198331: folds 
BrickWall-In: calls $0.02
BenjaminSock: folds 
WPT1952: raises $0.02 to $0.04
Dorex2007: folds 
HarmonicDust5: folds 
Crushpad: folds 
Snowman373: folds 
BrickWall-In: calls $0.02
*** FLOP *** [6c 4h 5s]
BrickWall-In: checks 
WPT1952: checks 
*** TURN *** [6c 4h 5s] [5d]
BrickWall-In: checks 
WPT1952: checks 
*** RIVER *** [6c 4h 5s 5d] [7s]
BrickWall-In: checks 
WPT1952: checks 
*** SHOW DOWN ***
BrickWall-In: shows [2d Ad] (a pair of Fives)
WPT1952: mucks hand 
BrickWall-In collected $0.11 from pot
*** SUMMARY ***
Total pot $0.11 | Rake $0 
Board [6c 4h 5s 5d 7s]
Seat 1: BenjaminSock folded before Flop (didn't bet)
Seat 3: WPT1952 mucked [Jh Kd]
Seat 4: Dorex2007 folded before Flop (didn't bet)
Seat 5: HarmonicDust5 (button) folded before Flop (didn't bet)
Seat 6: Crushpad (small blind) folded before Flop
Seat 7: Snowman373 (big blind) folded before Flop
Seat 8: jason198331 folded before Flop (didn't bet)
Seat 9: BrickWall-In showed [2d Ad] and won ($0.11) with a pair of Fives



PokerStars Hand #233932018211:  Hold'em No Limit ($0.01/$0.02 USD) - 2022/02/09 16:06:01 PT [2022/02/09 19:06:01 ET]
Table 'Isberga IV' 9-max Seat #6 is the button
Seat 1: BenjaminSock ($2.24 in chips) 
Seat 3: WPT1952 ($1.42 in chips) 
Seat 4: Dorex2007 ($2 in chips) 
Seat 5: HarmonicDust5 ($3.37 in chips) 
Seat 6: Crushpad ($2.02 in chips) 
Seat 7: Snowman373 ($5.27 in chips) 
Seat 8: jason198331 ($0.95 in chips) 
Seat 9: BrickWall-In ($2.07 in chips) 
Snowman373: posts small blind $0.01
jason198331: posts big blind $0.02
Trupizupe14: sits out 
*** HOLE CARDS ***
Dealt to Dorex2007 [Ac 7c]
BrickWall-In: raises $0.04 to $0.06
BenjaminSock: calls $0.06
WPT1952: calls $0.06
Dorex2007: folds 
HarmonicDust5: folds 
Crushpad: folds 
Snowman373: folds 
jason198331: folds 
*** FLOP *** [Ks Js Qh]
BrickWall-In: checks 
BenjaminSock: checks 
WPT1952: bets $0.10
BrickWall-In: folds 
BenjaminSock: calls $0.10
*** TURN *** [Ks Js Qh] [Qs]
BenjaminSock: checks 
WPT1952: bets $0.10
BenjaminSock: calls $0.10
*** RIVER *** [Ks Js Qh Qs] [Tc]
BenjaminSock: checks 
WPT1952: bets $1.16 and is all-in
BenjaminSock: folds 
Uncalled bet ($1.16) returned to WPT1952
WPT1952 collected $0.59 from pot
WPT1952: doesn't show hand 
*** SUMMARY ***
Total pot $0.61 | Rake $0.02 
Board [Ks Js Qh Qs Tc]
Seat 1: BenjaminSock folded on the River
Seat 3: WPT1952 collected ($0.59)
Seat 4: Dorex2007 folded before Flop (didn't bet)
Seat 5: HarmonicDust5 folded before Flop (didn't bet)
Seat 6: Crushpad (button) folded before Flop (didn't bet)
Seat 7: Snowman373 (small blind) folded before Flop
Seat 8: jason198331 (big blind) folded before Flop
Seat 9: BrickWall-In folded on the Flop



PokerStars Hand #233932041867:  Hold'em No Limit ($0.01/$0.02 USD) - 2022/02/09 16:07:09 PT [2022/02/09 19:07:09 ET]
Table 'Isberga IV' 9-max Seat #7 is the button
Seat 1: BenjaminSock ($1.98 in chips) 
Seat 3: WPT1952 ($1.75 in chips) 
Seat 4: Dorex2007 ($2 in chips) 
Seat 5: HarmonicDust5 ($3.37 in chips) 
Seat 6: Crushpad ($2.02 in chips) 
Seat 7: Snowman373 ($5.26 in chips) 
Seat 8: jason198331 ($0.93 in chips) 
Seat 9: BrickWall-In ($2.01 in chips) 
jason198331: posts small blind $0.01
BrickWall-In: posts big blind $0.02
Trupizupe14: sits out 
*** HOLE CARDS ***
Dealt to Dorex2007 [7s 5h]
BenjaminSock: folds 
WPT1952: calls $0.02
Dorex2007: folds 
HarmonicDust5: folds 
Crushpad: folds 
Snowman373: raises $0.04 to $0.06
jason198331: calls $0.05
BrickWall-In: folds 
WPT1952: calls $0.04
*** FLOP *** [Jd 3s 6d]
jason198331: checks 
WPT1952: bets $0.06
Snowman373: folds 
jason198331: folds 
Uncalled bet ($0.06) returned to WPT1952
WPT1952 collected $0.19 from pot
WPT1952: doesn't show hand 
*** SUMMARY ***
Total pot $0.20 | Rake $0.01 
Board [Jd 3s 6d]
Seat 1: BenjaminSock folded before Flop (didn't bet)
Seat 3: WPT1952 collected ($0.19)
Seat 4: Dorex2007 folded before Flop (didn't bet)
Seat 5: HarmonicDust5 folded before Flop (didn't bet)
Seat 6: Crushpad folded before Flop (didn't bet)
Seat 7: Snowman373 (button) folded on the Flop
Seat 8: jason198331 (small blind) folded on the Flop
Seat 9: BrickWall-In (big blind) folded before Flop



PokerStars Hand #233932052551:  Hold'em No Limit ($0.01/$0.02 USD) - 2022/02/09 16:07:39 PT [2022/02/09 19:07:39 ET]
Table 'Isberga IV' 9-max Seat #8 is the button
Seat 1: BenjaminSock ($1.98 in chips) 
Seat 3: WPT1952 ($1.88 in chips) 
Seat 4: Dorex2007 ($2 in chips) 
Seat 5: HarmonicDust5 ($3.37 in chips) 
Seat 6: Crushpad ($2.02 in chips) 
Seat 7: Snowman373 ($5.20 in chips) 
Seat 8: jason198331 ($0.87 in chips) 
Seat 9: BrickWall-In ($2 in chips) 
BrickWall-In: posts small blind $0.01
BenjaminSock: posts big blind $0.02
Trupizupe14: sits out 
*** HOLE CARDS ***
Dealt to Dorex2007 [Tc Qh]
WPT1952: calls $0.02
Dorex2007: folds 
HarmonicDust5: folds 
Crushpad: raises $0.04 to $0.06
Snowman373: folds 
jason198331: folds 
BrickWall-In: folds 
BenjaminSock: calls $0.04
WPT1952: calls $0.04
*** FLOP *** [9s 5s 8s]
BenjaminSock: checks 
WPT1952: bets $0.06
Crushpad: folds 
BenjaminSock: calls $0.06
*** TURN *** [9s 5s 8s] [5h]
BenjaminSock: checks 
WPT1952: bets $0.15
BenjaminSock: calls $0.15
*** RIVER *** [9s 5s 8s 5h] [Jc]
BenjaminSock: checks 
WPT1952: checks 
*** SHOW DOWN ***
BenjaminSock: shows [Kc 8d] (two pair, Eights and Fives)
WPT1952: mucks hand 
BenjaminSock collected $0.59 from pot
*** SUMMARY ***
Total pot $0.61 | Rake $0.02 
Board [9s 5s 8s 5h Jc]
Seat 1: BenjaminSock (big blind) showed [Kc 8d] and won ($0.59) with two pair, Eights and Fives
Seat 3: WPT1952 mucked [7d Qs]
Seat 4: Dorex2007 folded before Flop (didn't bet)
Seat 5: HarmonicDust5 folded before Flop (didn't bet)
Seat 6: Crushpad folded on the Flop
Seat 7: Snowman373 folded before Flop (didn't bet)
Seat 8: jason198331 (button) folded before Flop (didn't bet)
Seat 9: BrickWall-In (small blind) folded before Flop



PokerStars Hand #233932077848:  Hold'em No Limit ($0.01/$0.02 USD) - 2022/02/09 16:08:33 PT [2022/02/09 19:08:33 ET]
Table 'Isberga IV' 9-max Seat #9 is the button
Seat 1: BenjaminSock ($2.30 in chips) 
Seat 2: Trupizupe14 ($2 in chips) 
Seat 3: WPT1952 ($1.61 in chips) 
Seat 4: Dorex2007 ($2 in chips) 
Seat 5: HarmonicDust5 ($3.37 in chips) 
Seat 6: Crushpad ($1.96 in chips) 
Seat 7: Snowman373 ($5.20 in chips) 
Seat 8: jason198331 ($0.87 in chips) 
Seat 9: BrickWall-In ($2 in chips) 
BenjaminSock: posts small blind $0.01
Trupizupe14: posts big blind $0.02
*** HOLE CARDS ***
Dealt to Dorex2007 [Ah 5c]
WPT1952: calls $0.02
Dorex2007: folds 
HarmonicDust5: folds 
Crushpad: folds 
Snowman373: folds 
jason198331: calls $0.02
BrickWall-In has timed out
BrickWall-In: folds 
BenjaminSock: calls $0.01
Trupizupe14: checks 
*** FLOP *** [4s 7h 5d]
BenjaminSock: checks 
Trupizupe14: checks 
WPT1952: bets $0.02
jason198331: calls $0.02
BenjaminSock: folds 
Trupizupe14: calls $0.02
*** TURN *** [4s 7h 5d] [Tc]
Trupizupe14: checks 
WPT1952: bets $0.02
jason198331: calls $0.02
Trupizupe14: calls $0.02
*** RIVER *** [4s 7h 5d Tc] [Qh]
Trupizupe14: checks 
WPT1952: checks 
jason198331: checks 
*** SHOW DOWN ***
Trupizupe14: shows [4d Qd] (two pair, Queens and Fours)
WPT1952: mucks hand 
jason198331: mucks hand 
Trupizupe14 collected $0.19 from pot
*** SUMMARY ***
Total pot $0.20 | Rake $0.01 
Board [4s 7h 5d Tc Qh]
Seat 1: BenjaminSock (small blind) folded on the Flop
Seat 2: Trupizupe14 (big blind) showed [4d Qd] and won ($0.19) with two pair, Queens and Fours
Seat 3: WPT1952 mucked [8h 3s]
Seat 4: Dorex2007 folded before Flop (didn't bet)
Seat 5: HarmonicDust5 folded before Flop (didn't bet)
Seat 6: Crushpad folded before Flop (didn't bet)
Seat 7: Snowman373 folded before Flop (didn't bet)
Seat 8: jason198331 mucked [8c 7c]
Seat 9: BrickWall-In (button) folded before Flop (didn't bet)



PokerStars Hand #233932096025:  Hold'em No Limit ($0.01/$0.02 USD) - 2022/02/09 16:09:25 PT [2022/02/09 19:09:25 ET]
Table 'Isberga IV' 9-max Seat #1 is the button
Seat 1: BenjaminSock ($2.28 in chips) 
Seat 2: Trupizupe14 ($2.13 in chips) 
Seat 3: WPT1952 ($1.55 in chips) 
Seat 4: Dorex2007 ($2 in chips) 
Seat 5: HarmonicDust5 ($3.37 in chips) 
Seat 6: Crushpad ($1.96 in chips) 
Seat 7: Snowman373 ($5.20 in chips) 
Seat 8: jason198331 ($0.81 in chips) 
Seat 9: BrickWall-In ($2 in chips) 
Trupizupe14: posts small blind $0.01
WPT1952: posts big blind $0.02
*** HOLE CARDS ***
Dealt to Dorex2007 [Jc Ac]
Dorex2007: raises $0.02 to $0.04
HarmonicDust5: folds 
Crushpad: folds 
Snowman373: folds 
jason198331: calls $0.04
BrickWall-In: folds 
BenjaminSock: folds 
Trupizupe14: calls $0.03
WPT1952: calls $0.02
*** FLOP *** [3d Ks 3s]
Trupizupe14: checks 
WPT1952: bets $0.04
Dorex2007: folds 
jason198331: folds 
Trupizupe14: calls $0.04
*** TURN *** [3d Ks 3s] [2h]
Trupizupe14: checks 
WPT1952: bets $0.12
Trupizupe14: calls $0.12
*** RIVER *** [3d Ks 3s 2h] [9h]
Trupizupe14: checks 
WPT1952: bets $0.23
Trupizupe14: calls $0.23
*** SHOW DOWN ***
WPT1952: shows [5d Kd] (two pair, Kings and Threes)
Trupizupe14: mucks hand 
WPT1952 collected $0.91 from pot
*** SUMMARY ***
Total pot $0.94 | Rake $0.03 
Board [3d Ks 3s 2h 9h]
Seat 1: BenjaminSock (button) folded before Flop (didn't bet)
Seat 2: Trupizupe14 (small blind) mucked [Ad Qs]
Seat 3: WPT1952 (big blind) showed [5d Kd] and won ($0.91) with two pair, Kings and Threes
Seat 4: Dorex2007 folded on the Flop
Seat 5: HarmonicDust5 folded before Flop (didn't bet)
Seat 6: Crushpad folded before Flop (didn't bet)
Seat 7: Snowman373 folded before Flop (didn't bet)
Seat 8: jason198331 folded on the Flop
Seat 9: BrickWall-In folded before Flop (didn't bet)



PokerStars Hand #233932130187:  Hold'em No Limit ($0.01/$0.02 USD) - 2022/02/09 16:11:02 PT [2022/02/09 19:11:02 ET]
Table 'Isberga IV' 9-max Seat #2 is the button
Seat 1: BenjaminSock ($2.28 in chips) 
Seat 2: Trupizupe14 ($1.70 in chips) 
Seat 3: WPT1952 ($2.03 in chips) 
Seat 4: Dorex2007 ($2 in chips) 
Seat 5: HarmonicDust5 ($3.37 in chips) 
Seat 6: Crushpad ($1.96 in chips) 
Seat 7: Snowman373 ($5.20 in chips) 
Seat 8: jason198331 ($0.77 in chips) 
Seat 9: BrickWall-In ($2 in chips) 
WPT1952: posts small blind $0.01
Dorex2007: posts big blind $0.02
*** HOLE CARDS ***
Dealt to Dorex2007 [5h 4d]
HarmonicDust5: raises $0.03 to $0.05
Crushpad: folds 
Snowman373: folds 
jason198331: folds 
BrickWall-In: folds 
BenjaminSock: calls $0.05
Trupizupe14: calls $0.05
WPT1952: calls $0.04
Dorex2007: folds 
*** FLOP *** [9c As 2h]
WPT1952: checks 
HarmonicDust5: bets $0.13
BenjaminSock: folds 
Trupizupe14: folds 
WPT1952: folds 
Uncalled bet ($0.13) returned to HarmonicDust5
HarmonicDust5 collected $0.21 from pot
HarmonicDust5: doesn't show hand 
*** SUMMARY ***
Total pot $0.22 | Rake $0.01 
Board [9c As 2h]
Seat 1: BenjaminSock folded on the Flop
Seat 2: Trupizupe14 (button) folded on the Flop
Seat 3: WPT1952 (small blind) folded on the Flop
Seat 4: Dorex2007 (big blind) folded before Flop
Seat 5: HarmonicDust5 collected ($0.21)
Seat 6: Crushpad folded before Flop (didn't bet)
Seat 7: Snowman373 folded before Flop (didn't bet)
Seat 8: jason198331 folded before Flop (didn't bet)
Seat 9: BrickWall-In folded before Flop (didn't bet)



PokerStars Hand #233932151307:  Hold'em No Limit ($0.01/$0.02 USD) - 2022/02/09 16:11:35 PT [2022/02/09 19:11:35 ET]
Table 'Isberga IV' 9-max Seat #3 is the button
Seat 1: BenjaminSock ($2.23 in chips) 
Seat 2: Trupizupe14 ($1.65 in chips) 
Seat 3: WPT1952 ($1.98 in chips) 
Seat 4: Dorex2007 ($2 in chips) 
Seat 5: HarmonicDust5 ($3.53 in chips) 
Seat 6: Crushpad ($1.96 in chips) 
Seat 7: Snowman373 ($5.20 in chips) 
Seat 8: jason198331 ($0.77 in chips) 
Seat 9: BrickWall-In ($2 in chips) 
Dorex2007: posts small blind $0.01
HarmonicDust5: posts big blind $0.02
*** HOLE CARDS ***
Dealt to Dorex2007 [Td Jh]
Crushpad: folds 
Snowman373: folds 
jason198331: folds 
BrickWall-In: folds 
BenjaminSock: folds 
BenjaminSock leaves the table
Trupizupe14: calls $0.02
WPT1952: calls $0.02
Dorex2007: calls $0.01
HarmonicDust5: checks 
*** FLOP *** [6s 8s Kh]
Dorex2007: checks 
HarmonicDust5: checks 
Trupizupe14: bets $0.02
WPT1952: folds 
Dorex2007: folds 
HarmonicDust5: folds 
Uncalled bet ($0.02) returned to Trupizupe14
Trupizupe14 collected $0.08 from pot
Trupizupe14: doesn't show hand 
*** SUMMARY ***
Total pot $0.08 | Rake $0 
Board [6s 8s Kh]
Seat 1: BenjaminSock folded before Flop (didn't bet)
Seat 2: Trupizupe14 collected ($0.08)
Seat 3: WPT1952 (button) folded on the Flop
Seat 4: Dorex2007 (small blind) folded on the Flop
Seat 5: HarmonicDust5 (big blind) folded on the Flop
Seat 6: Crushpad folded before Flop (didn't bet)
Seat 7: Snowman373 folded before Flop (didn't bet)
Seat 8: jason198331 folded before Flop (didn't bet)
Seat 9: BrickWall-In folded before Flop (didn't bet)



PokerStars Hand #233932163785:  Hold'em No Limit ($0.01/$0.02 USD) - 2022/02/09 16:12:11 PT [2022/02/09 19:12:11 ET]
Table 'Isberga IV' 9-max Seat #4 is the button
Seat 2: Trupizupe14 ($1.71 in chips) 
Seat 3: WPT1952 ($1.96 in chips) 
Seat 4: Dorex2007 ($2 in chips) 
Seat 5: HarmonicDust5 ($3.51 in chips) 
Seat 6: Crushpad ($1.96 in chips) 
Seat 7: Snowman373 ($5.20 in chips) 
Seat 8: jason198331 ($0.77 in chips) 
Seat 9: BrickWall-In ($2 in chips) 
HarmonicDust5: posts small blind $0.01
Crushpad: posts big blind $0.02
*** HOLE CARDS ***
Dealt to Dorex2007 [Kd 8s]
chacalay1 joins the table at seat #1 
Snowman373: folds 
jason198331: calls $0.02
BrickWall-In: folds 
Trupizupe14: calls $0.02
WPT1952: calls $0.02
Dorex2007: folds 
HarmonicDust5: raises $0.12 to $0.14
Crushpad: folds 
jason198331: calls $0.12
Trupizupe14: folds 
WPT1952: folds 
*** FLOP *** [9c 4h 7s]
HarmonicDust5: bets $0.17
jason198331: calls $0.17
*** TURN *** [9c 4h 7s] [2h]
HarmonicDust5: checks 
jason198331: checks 
*** RIVER *** [9c 4h 7s 2h] [3s]
HarmonicDust5: checks 
jason198331: checks 
*** SHOW DOWN ***
HarmonicDust5: shows [As Qd] (high card Ace)
jason198331: mucks hand 
HarmonicDust5 collected $0.66 from pot
*** SUMMARY ***
Total pot $0.68 | Rake $0.02 
Board [9c 4h 7s 2h 3s]
Seat 2: Trupizupe14 folded before Flop
Seat 3: WPT1952 folded before Flop
Seat 4: Dorex2007 (button) folded before Flop (didn't bet)
Seat 5: HarmonicDust5 (small blind) showed [As Qd] and won ($0.66) with high card Ace
Seat 6: Crushpad (big blind) folded before Flop
Seat 7: Snowman373 folded before Flop (didn't bet)
Seat 8: jason198331 mucked [Jc Ks]
Seat 9: BrickWall-In folded before Flop (didn't bet)



PokerStars Hand #233932181675:  Hold'em No Limit ($0.01/$0.02 USD) - 2022/02/09 16:13:02 PT [2022/02/09 19:13:02 ET]
Table 'Isberga IV' 9-max Seat #5 is the button
Seat 2: Trupizupe14 ($1.69 in chips) 
Seat 3: WPT1952 ($1.94 in chips) 
Seat 4: Dorex2007 ($2 in chips) 
Seat 5: HarmonicDust5 ($3.86 in chips) 
Seat 6: Crushpad ($1.94 in chips) 
Seat 7: Snowman373 ($5.20 in chips) 
Seat 8: jason198331 ($0.46 in chips) 
Seat 9: BrickWall-In ($2 in chips) 
Crushpad: posts small blind $0.01
Snowman373: posts big blind $0.02
chacalay1: sits out 
*** HOLE CARDS ***
Dealt to Dorex2007 [4s Kd]
jason198331: folds 
BrickWall-In: folds 
Trupizupe14: calls $0.02
WPT1952: raises $0.02 to $0.04
Dorex2007: folds 
HarmonicDust5: folds 
Crushpad: folds 
Snowman373: calls $0.02
Trupizupe14: calls $0.02
*** FLOP *** [6c 2c 9d]
Snowman373: checks 
Trupizupe14: bets $0.06
WPT1952: calls $0.06
Snowman373: folds 
*** TURN *** [6c 2c 9d] [8h]
Trupizupe14: bets $0.12
WPT1952: calls $0.12
*** RIVER *** [6c 2c 9d 8h] [Qd]
Trupizupe14: bets $0.23
WPT1952: calls $0.23
*** SHOW DOWN ***
Trupizupe14: shows [8c Tc] (a pair of Eights)
WPT1952: shows [As 8s] (a pair of Eights - Ace kicker)
WPT1952 collected $0.92 from pot
*** SUMMARY ***
Total pot $0.95 | Rake $0.03 
Board [6c 2c 9d 8h Qd]
Seat 2: Trupizupe14 showed [8c Tc] and lost with a pair of Eights
Seat 3: WPT1952 showed [As 8s] and won ($0.92) with a pair of Eights
Seat 4: Dorex2007 folded before Flop (didn't bet)
Seat 5: HarmonicDust5 (button) folded before Flop (didn't bet)
Seat 6: Crushpad (small blind) folded before Flop
Seat 7: Snowman373 (big blind) folded on the Flop
Seat 8: jason198331 folded before Flop (didn't bet)
Seat 9: BrickWall-In folded before Flop (didn't bet)



PokerStars Hand #233932201069:  Hold'em No Limit ($0.01/$0.02 USD) - 2022/02/09 16:13:49 PT [2022/02/09 19:13:49 ET]
Table 'Isberga IV' 9-max Seat #6 is the button
Seat 2: Trupizupe14 ($1.24 in chips) 
Seat 3: WPT1952 ($2.41 in chips) 
Seat 4: Dorex2007 ($2 in chips) 
Seat 5: HarmonicDust5 ($3.86 in chips) 
Seat 6: Crushpad ($1.93 in chips) 
Seat 7: Snowman373 ($5.16 in chips) 
Seat 8: jason198331 ($0.46 in chips) 
Seat 9: BrickWall-In ($2 in chips) 
Snowman373: posts small blind $0.01
jason198331: posts big blind $0.02
chacalay1: sits out 
*** HOLE CARDS ***
Dealt to Dorex2007 [Ac 3s]
BrickWall-In: raises $0.04 to $0.06
Trupizupe14: calls $0.06
WPT1952: calls $0.06
Dorex2007: folds 
HarmonicDust5: folds 
Crushpad: folds 
Snowman373: folds 
jason198331: folds 
*** FLOP *** [7c 2h 8c]
BrickWall-In: checks 
Trupizupe14: checks 
WPT1952: bets $0.10
BrickWall-In: folds 
Trupizupe14: folds 
Uncalled bet ($0.10) returned to WPT1952
WPT1952 collected $0.20 from pot
WPT1952: doesn't show hand 
*** SUMMARY ***
Total pot $0.21 | Rake $0.01 
Board [7c 2h 8c]
Seat 2: Trupizupe14 folded on the Flop
Seat 3: WPT1952 collected ($0.20)
Seat 4: Dorex2007 folded before Flop (didn't bet)
Seat 5: HarmonicDust5 folded before Flop (didn't bet)
Seat 6: Crushpad (button) folded before Flop (didn't bet)
Seat 7: Snowman373 (small blind) folded before Flop
Seat 8: jason198331 (big blind) folded before Flop
Seat 9: BrickWall-In folded on the Flop



PokerStars Hand #233932214866:  Hold'em No Limit ($0.01/$0.02 USD) - 2022/02/09 16:14:29 PT [2022/02/09 19:14:29 ET]
Table 'Isberga IV' 9-max Seat #7 is the button
Seat 2: Trupizupe14 ($1.18 in chips) 
Seat 3: WPT1952 ($2.55 in chips) 
Seat 4: Dorex2007 ($2 in chips) 
Seat 5: HarmonicDust5 ($3.86 in chips) 
Seat 6: Crushpad ($1.93 in chips) 
Seat 7: Snowman373 ($5.15 in chips) 
Seat 8: jason198331 ($0.44 in chips) 
Seat 9: BrickWall-In ($2 in chips) 
jason198331: posts small blind $0.01
BrickWall-In: posts big blind $0.02
chacalay1: sits out 
*** HOLE CARDS ***
Dealt to Dorex2007 [5d Js]
Trupizupe14: calls $0.02
WPT1952: calls $0.02
Dorex2007: folds 
HarmonicDust5: calls $0.02
Crushpad: calls $0.02
Snowman373: folds 
jason198331: calls $0.01
BrickWall-In: checks 
*** FLOP *** [Th Ad 4s]
jason198331: checks 
BrickWall-In: checks 
Trupizupe14: checks 
WPT1952: checks 
HarmonicDust5: bets $0.04
Crushpad: calls $0.04
jason198331: folds 
BrickWall-In: folds 
Trupizupe14: folds 
WPT1952: folds 
*** TURN *** [Th Ad 4s] [8d]
HarmonicDust5: checks 
Crushpad: checks 
*** RIVER *** [Th Ad 4s 8d] [5h]
HarmonicDust5: checks 
Crushpad: checks 
*** SHOW DOWN ***
HarmonicDust5: shows [Ac 7c] (a pair of Aces)
Crushpad: mucks hand 
HarmonicDust5 collected $0.19 from pot
*** SUMMARY ***
Total pot $0.20 | Rake $0.01 
Board [Th Ad 4s 8d 5h]
Seat 2: Trupizupe14 folded on the Flop
Seat 3: WPT1952 folded on the Flop
Seat 4: Dorex2007 folded before Flop (didn't bet)
Seat 5: HarmonicDust5 showed [Ac 7c] and won ($0.19) with a pair of Aces
Seat 6: Crushpad mucked [3d 3s]
Seat 7: Snowman373 (button) folded before Flop (didn't bet)
Seat 8: jason198331 (small blind) folded on the Flop
Seat 9: BrickWall-In (big blind) folded on the Flop



PokerStars Hand #233932243376:  Hold'em No Limit ($0.01/$0.02 USD) - 2022/02/09 16:15:52 PT [2022/02/09 19:15:52 ET]
Table 'Isberga IV' 9-max Seat #8 is the button
Seat 1: chacalay1 ($1.60 in chips) 
Seat 2: Trupizupe14 ($1.16 in chips) 
Seat 3: WPT1952 ($2.53 in chips) 
Seat 4: Dorex2007 ($2 in chips) 
Seat 5: HarmonicDust5 ($3.99 in chips) 
Seat 6: Crushpad ($1.87 in chips) 
Seat 7: Snowman373 ($5.15 in chips) 
Seat 8: jason198331 ($1.98 in chips) 
Seat 9: BrickWall-In ($2 in chips) 
BrickWall-In: posts small blind $0.01
chacalay1: posts big blind $0.02
*** HOLE CARDS ***
Dealt to Dorex2007 [7c 3d]
Trupizupe14: calls $0.02
WPT1952: calls $0.02
Dorex2007: folds 
HarmonicDust5: folds 
Crushpad: folds 
Snowman373: folds 
jason198331: folds 
BrickWall-In: calls $0.01
chacalay1: checks 
*** FLOP *** [Jh Qd Th]
BrickWall-In: checks 
chacalay1: checks 
Trupizupe14: bets $0.04
WPT1952: folds 
BrickWall-In: calls $0.04
chacalay1: raises $0.12 to $0.16
Trupizupe14: calls $0.12
BrickWall-In: calls $0.12
*** TURN *** [Jh Qd Th] [5s]
BrickWall-In: checks 
chacalay1: checks 
Trupizupe14: checks 
*** RIVER *** [Jh Qd Th 5s] [5h]
BrickWall-In: checks 
chacalay1: checks 
Trupizupe14: bets $0.32
BrickWall-In: folds 
chacalay1: calls $0.32
*** SHOW DOWN ***
Trupizupe14: shows [Ks 8c] (a pair of Fives)
chacalay1: shows [Qc 6d] (two pair, Queens and Fives)
chacalay1 collected $1.16 from pot
*** SUMMARY ***
Total pot $1.20 | Rake $0.04 
Board [Jh Qd Th 5s 5h]
Seat 1: chacalay1 (big blind) showed [Qc 6d] and won ($1.16) with two pair, Queens and Fives
Seat 2: Trupizupe14 showed [Ks 8c] and lost with a pair of Fives
Seat 3: WPT1952 folded on the Flop
Seat 4: Dorex2007 folded before Flop (didn't bet)
Seat 5: HarmonicDust5 folded before Flop (didn't bet)
Seat 6: Crushpad folded before Flop (didn't bet)
Seat 7: Snowman373 folded before Flop (didn't bet)
Seat 8: jason198331 (button) folded before Flop (didn't bet)
Seat 9: BrickWall-In (small blind) folded on the River



PokerStars Hand #233932287207:  Hold'em No Limit ($0.01/$0.02 USD) - 2022/02/09 16:18:00 PT [2022/02/09 19:18:00 ET]
Table 'Isberga IV' 9-max Seat #9 is the button
Seat 1: chacalay1 ($2.26 in chips) 
Seat 2: Trupizupe14 ($0.66 in chips) 
Seat 3: WPT1952 ($2.51 in chips) 
Seat 4: Dorex2007 ($2 in chips) 
Seat 5: HarmonicDust5 ($3.99 in chips) 
Seat 6: Crushpad ($1.87 in chips) 
Seat 7: Snowman373 ($5.15 in chips) 
Seat 8: jason198331 ($1.98 in chips) 
Seat 9: BrickWall-In ($2 in chips) 
chacalay1: posts small blind $0.01
Trupizupe14: posts big blind $0.02
*** HOLE CARDS ***
Dealt to Dorex2007 [9s Ad]
WPT1952: calls $0.02
Dorex2007: folds 
HarmonicDust5: folds 
Crushpad: folds 
Snowman373: folds 
jason198331: folds 
BrickWall-In: folds 
chacalay1: folds 
Trupizupe14: raises $0.02 to $0.04
WPT1952: calls $0.02
*** FLOP *** [2d As Kh]
Trupizupe14: bets $0.04
WPT1952: calls $0.04
*** TURN *** [2d As Kh] [2s]
Trupizupe14: bets $0.08
WPT1952: calls $0.08
*** RIVER *** [2d As Kh 2s] [Qs]
Trupizupe14: bets $0.32
WPT1952: folds 
Uncalled bet ($0.32) returned to Trupizupe14
Trupizupe14 collected $0.32 from pot
Trupizupe14: doesn't show hand 
*** SUMMARY ***
Total pot $0.33 | Rake $0.01 
Board [2d As Kh 2s Qs]
Seat 1: chacalay1 (small blind) folded before Flop
Seat 2: Trupizupe14 (big blind) collected ($0.32)
Seat 3: WPT1952 folded on the River
Seat 4: Dorex2007 folded before Flop (didn't bet)
Seat 5: HarmonicDust5 folded before Flop (didn't bet)
Seat 6: Crushpad folded before Flop (didn't bet)
Seat 7: Snowman373 folded before Flop (didn't bet)
Seat 8: jason198331 folded before Flop (didn't bet)
Seat 9: BrickWall-In (button) folded before Flop (didn't bet)



PokerStars Hand #233932306132:  Hold'em No Limit ($0.01/$0.02 USD) - 2022/02/09 16:18:57 PT [2022/02/09 19:18:57 ET]
Table 'Isberga IV' 9-max Seat #1 is the button
Seat 1: chacalay1 ($2.25 in chips) 
Seat 2: Trupizupe14 ($0.82 in chips) 
Seat 3: WPT1952 ($2.35 in chips) 
Seat 4: Dorex2007 ($2 in chips) 
Seat 5: HarmonicDust5 ($3.99 in chips) 
Seat 6: Crushpad ($1.87 in chips) 
Seat 7: Snowman373 ($5.15 in chips) 
Seat 8: jason198331 ($1.98 in chips) 
Seat 9: BrickWall-In ($2 in chips) 
Trupizupe14: posts small blind $0.01
WPT1952: posts big blind $0.02
*** HOLE CARDS ***
Dealt to Dorex2007 [5c 3s]
Dorex2007: folds 
HarmonicDust5: folds 
Crushpad: folds 
Snowman373: folds 
jason198331: folds 
BrickWall-In: folds 
chacalay1: raises $0.04 to $0.06
Trupizupe14: calls $0.05
WPT1952: calls $0.04
*** FLOP *** [8d Jh Kc]
Trupizupe14: checks 
WPT1952: bets $0.06
chacalay1: folds 
Trupizupe14: calls $0.06
*** TURN *** [8d Jh Kc] [4s]
Trupizupe14: checks 
WPT1952: checks 
*** RIVER *** [8d Jh Kc 4s] [Ad]
Trupizupe14: checks 
WPT1952: checks 
*** SHOW DOWN ***
Trupizupe14: shows [7s 8h] (a pair of Eights)
WPT1952: mucks hand 
Trupizupe14 collected $0.29 from pot
*** SUMMARY ***
Total pot $0.30 | Rake $0.01 
Board [8d Jh Kc 4s Ad]
Seat 1: chacalay1 (button) folded on the Flop
Seat 2: Trupizupe14 (small blind) showed [7s 8h] and won ($0.29) with a pair of Eights
Seat 3: WPT1952 (big blind) mucked [Td 9h]
Seat 4: Dorex2007 folded before Flop (didn't bet)
Seat 5: HarmonicDust5 folded before Flop (didn't bet)
Seat 6: Crushpad folded before Flop (didn't bet)
Seat 7: Snowman373 folded before Flop (didn't bet)
Seat 8: jason198331 folded before Flop (didn't bet)
Seat 9: BrickWall-In folded before Flop (didn't bet)



PokerStars Hand #233932327313:  Hold'em No Limit ($0.01/$0.02 USD) - 2022/02/09 16:19:59 PT [2022/02/09 19:19:59 ET]
Table 'Isberga IV' 9-max Seat #2 is the button
Seat 1: chacalay1 ($2.19 in chips) 
Seat 2: Trupizupe14 ($0.99 in chips) 
Seat 3: WPT1952 ($2.23 in chips) 
Seat 4: Dorex2007 ($2 in chips) 
Seat 5: HarmonicDust5 ($3.99 in chips) 
Seat 6: Crushpad ($1.87 in chips) 
Seat 7: Snowman373 ($5.15 in chips) 
Seat 8: jason198331 ($1.98 in chips) 
Seat 9: BrickWall-In ($2 in chips) 
WPT1952: posts small blind $0.01
Dorex2007: posts big blind $0.02
*** HOLE CARDS ***
Dealt to Dorex2007 [Kc Jh]
HarmonicDust5: folds 
Crushpad: folds 
Snowman373: folds 
jason198331: folds 
BrickWall-In: folds 
chacalay1: raises $0.04 to $0.06
Trupizupe14: calls $0.06
WPT1952: calls $0.05
Dorex2007: calls $0.04
*** FLOP *** [7h 4h 5d]
WPT1952: bets $0.02
Dorex2007: folds 
chacalay1: folds 
Trupizupe14: calls $0.02
*** TURN *** [7h 4h 5d] [Ts]
WPT1952: bets $0.14
Trupizupe14: calls $0.14
*** RIVER *** [7h 4h 5d Ts] [Kd]
WPT1952: checks 
Trupizupe14: bets $0.27
WPT1952: folds 
Uncalled bet ($0.27) returned to Trupizupe14
Trupizupe14 collected $0.54 from pot
Trupizupe14: doesn't show hand 
*** SUMMARY ***
Total pot $0.56 | Rake $0.02 
Board [7h 4h 5d Ts Kd]
Seat 1: chacalay1 folded on the Flop
Seat 2: Trupizupe14 (button) collected ($0.54)
Seat 3: WPT1952 (small blind) folded on the River
Seat 4: Dorex2007 (big blind) folded on the Flop
Seat 5: HarmonicDust5 folded before Flop (didn't bet)
Seat 6: Crushpad folded before Flop (didn't bet)
Seat 7: Snowman373 folded before Flop (didn't bet)
Seat 8: jason198331 folded before Flop (didn't bet)
Seat 9: BrickWall-In folded before Flop (didn't bet)



PokerStars Hand #233932354448:  Hold'em No Limit ($0.01/$0.02 USD) - 2022/02/09 16:21:20 PT [2022/02/09 19:21:20 ET]
Table 'Isberga IV' 9-max Seat #3 is the button
Seat 1: chacalay1 ($2.13 in chips) 
Seat 2: Trupizupe14 ($1.31 in chips) 
Seat 3: WPT1952 ($2.01 in chips) 
Seat 4: Dorex2007 ($2 in chips) 
Seat 5: HarmonicDust5 ($3.99 in chips) 
Seat 6: Crushpad ($1.87 in chips) 
Seat 7: Snowman373 ($5.15 in chips) 
Seat 8: jason198331 ($1.98 in chips) 
Seat 9: BrickWall-In ($2 in chips) 
Dorex2007: posts small blind $0.01
HarmonicDust5: posts big blind $0.02
*** HOLE CARDS ***
Dealt to Dorex2007 [5s Jh]
Crushpad: folds 
Snowman373: folds 
jason198331: folds 
BrickWall-In: folds 
chacalay1: folds 
Trupizupe14: calls $0.02
WPT1952: raises $0.04 to $0.06
Dorex2007: folds 
HarmonicDust5: folds 
Trupizupe14: calls $0.04
*** FLOP *** [Qh 2c 5c]
Trupizupe14: checks 
WPT1952: checks 
*** TURN *** [Qh 2c 5c] [Th]
Trupizupe14: checks 
WPT1952: bets $0.07
Trupizupe14: folds 
Uncalled bet ($0.07) returned to WPT1952
WPT1952 collected $0.14 from pot
WPT1952: doesn't show hand 
*** SUMMARY ***
Total pot $0.15 | Rake $0.01 
Board [Qh 2c 5c Th]
Seat 1: chacalay1 folded before Flop (didn't bet)
Seat 2: Trupizupe14 folded on the Turn
Seat 3: WPT1952 (button) collected ($0.14)
Seat 4: Dorex2007 (small blind) folded before Flop
Seat 5: HarmonicDust5 (big blind) folded before Flop
Seat 6: Crushpad folded before Flop (didn't bet)
Seat 7: Snowman373 folded before Flop (didn't bet)
Seat 8: jason198331 folded before Flop (didn't bet)
Seat 9: BrickWall-In folded before Flop (didn't bet)



PokerStars Hand #233932373747:  Hold'em No Limit ($0.01/$0.02 USD) - 2022/02/09 16:21:52 PT [2022/02/09 19:21:52 ET]
Table 'Isberga IV' 9-max Seat #4 is the button
Seat 1: chacalay1 ($2.13 in chips) 
Seat 2: Trupizupe14 ($1.25 in chips) 
Seat 3: WPT1952 ($2.09 in chips) 
Seat 4: Dorex2007 ($2 in chips) 
Seat 5: HarmonicDust5 ($3.97 in chips) 
Seat 6: Crushpad ($1.87 in chips) 
Seat 7: Snowman373 ($5.15 in chips) 
Seat 8: jason198331 ($1.98 in chips) 
Seat 9: BrickWall-In ($2 in chips) 
HarmonicDust5: posts small blind $0.01
Crushpad: posts big blind $0.02
*** HOLE CARDS ***
Dealt to Dorex2007 [8c 7c]
Snowman373: folds 
jason198331: folds 
BrickWall-In: raises $0.04 to $0.06
chacalay1: folds 
Trupizupe14: folds 
WPT1952: calls $0.06
Dorex2007: folds 
HarmonicDust5: raises $0.22 to $0.28
Crushpad: folds 
BrickWall-In: folds 
WPT1952: calls $0.22
*** FLOP *** [4d 5d 5h]
HarmonicDust5: bets $0.47
WPT1952: folds 
Uncalled bet ($0.47) returned to HarmonicDust5
HarmonicDust5 collected $0.62 from pot
HarmonicDust5: doesn't show hand 
*** SUMMARY ***
Total pot $0.64 | Rake $0.02 
Board [4d 5d 5h]
Seat 1: chacalay1 folded before Flop (didn't bet)
Seat 2: Trupizupe14 folded before Flop (didn't bet)
Seat 3: WPT1952 folded on the Flop
Seat 4: Dorex2007 (button) folded before Flop (didn't bet)
Seat 5: HarmonicDust5 (small blind) collected ($0.62)
Seat 6: Crushpad (big blind) folded before Flop
Seat 7: Snowman373 folded before Flop (didn't bet)
Seat 8: jason198331 folded before Flop (didn't bet)
Seat 9: BrickWall-In folded before Flop



PokerStars Hand #233932391140:  Hold'em No Limit ($0.01/$0.02 USD) - 2022/02/09 16:22:44 PT [2022/02/09 19:22:44 ET]
Table 'Isberga IV' 9-max Seat #5 is the button
Seat 1: chacalay1 ($2.13 in chips) 
Seat 2: Trupizupe14 ($1.25 in chips) 
Seat 3: WPT1952 ($1.81 in chips) 
Seat 4: Dorex2007 ($2 in chips) 
Seat 5: HarmonicDust5 ($4.31 in chips) 
Seat 6: Crushpad ($1.85 in chips) 
Seat 7: Snowman373 ($5.15 in chips) 
Seat 8: jason198331 ($1.98 in chips) 
Seat 9: BrickWall-In ($2 in chips) 
Crushpad: posts small blind $0.01
Snowman373: posts big blind $0.02
*** HOLE CARDS ***
Dealt to Dorex2007 [9c 8d]
jason198331: folds 
BrickWall-In: folds 
chacalay1: folds 
Trupizupe14: folds 
WPT1952: calls $0.02
Dorex2007: folds 
HarmonicDust5: folds 
Crushpad: folds 
Snowman373: checks 
*** FLOP *** [7c 2d 5s]
Snowman373: checks 
WPT1952: bets $0.02
Snowman373: folds 
Uncalled bet ($0.02) returned to WPT1952
WPT1952 collected $0.05 from pot
WPT1952: doesn't show hand 
*** SUMMARY ***
Total pot $0.05 | Rake $0 
Board [7c 2d 5s]
Seat 1: chacalay1 folded before Flop (didn't bet)
Seat 2: Trupizupe14 folded before Flop (didn't bet)
Seat 3: WPT1952 collected ($0.05)
Seat 4: Dorex2007 folded before Flop (didn't bet)
Seat 5: HarmonicDust5 (button) folded before Flop (didn't bet)
Seat 6: Crushpad (small blind) folded before Flop
Seat 7: Snowman373 (big blind) folded on the Flop
Seat 8: jason198331 folded before Flop (didn't bet)
Seat 9: BrickWall-In folded before Flop (didn't bet)



PokerStars Hand #233932402139:  Hold'em No Limit ($0.01/$0.02 USD) - 2022/02/09 16:23:16 PT [2022/02/09 19:23:16 ET]
Table 'Isberga IV' 9-max Seat #6 is the button
Seat 1: chacalay1 ($2.13 in chips) 
Seat 2: Trupizupe14 ($1.25 in chips) 
Seat 3: WPT1952 ($1.84 in chips) 
Seat 4: Dorex2007 ($2 in chips) 
Seat 5: HarmonicDust5 ($4.31 in chips) 
Seat 6: Crushpad ($1.84 in chips) 
Seat 7: Snowman373 ($5.13 in chips) 
Seat 8: jason198331 ($1.98 in chips) 
Seat 9: BrickWall-In ($2 in chips) 
Snowman373: posts small blind $0.01
jason198331: posts big blind $0.02
*** HOLE CARDS ***
Dealt to Dorex2007 [Ac 8h]
BrickWall-In: folds 
chacalay1: folds 
Trupizupe14: folds 
WPT1952: calls $0.02
Dorex2007: folds 
HarmonicDust5: raises $0.08 to $0.10
Crushpad: folds 
Snowman373: folds 
jason198331: folds 
WPT1952: calls $0.08
*** FLOP *** [7s 9h Tc]
WPT1952: bets $0.11
HarmonicDust5: calls $0.11
*** TURN *** [7s 9h Tc] [As]
WPT1952: bets $0.10
HarmonicDust5: folds 
Uncalled bet ($0.10) returned to WPT1952
WPT1952 collected $0.43 from pot
WPT1952: doesn't show hand 
*** SUMMARY ***
Total pot $0.45 | Rake $0.02 
Board [7s 9h Tc As]
Seat 1: chacalay1 folded before Flop (didn't bet)
Seat 2: Trupizupe14 folded before Flop (didn't bet)
Seat 3: WPT1952 collected ($0.43)
Seat 4: Dorex2007 folded before Flop (didn't bet)
Seat 5: HarmonicDust5 folded on the Turn
Seat 6: Crushpad (button) folded before Flop (didn't bet)
Seat 7: Snowman373 (small blind) folded before Flop
Seat 8: jason198331 (big blind) folded before Flop
Seat 9: BrickWall-In folded before Flop (didn't bet)



PokerStars Hand #233932417710:  Hold'em No Limit ($0.01/$0.02 USD) - 2022/02/09 16:24:03 PT [2022/02/09 19:24:03 ET]
Table 'Isberga IV' 9-max Seat #7 is the button
Seat 1: chacalay1 ($2.13 in chips) 
Seat 2: Trupizupe14 ($1.25 in chips) 
Seat 3: WPT1952 ($2.06 in chips) 
Seat 4: Dorex2007 ($2 in chips) 
Seat 5: HarmonicDust5 ($4.10 in chips) 
Seat 6: Crushpad ($1.84 in chips) 
Seat 7: Snowman373 ($5.12 in chips) 
Seat 8: jason198331 ($1.96 in chips) 
Seat 9: BrickWall-In ($2 in chips) 
jason198331: posts small blind $0.01
BrickWall-In: posts big blind $0.02
*** HOLE CARDS ***
Dealt to Dorex2007 [Qc As]
chacalay1: folds 
Trupizupe14: folds 
WPT1952: calls $0.02
Dorex2007: calls $0.02
HarmonicDust5: folds 
Crushpad: folds 
Snowman373: folds 
jason198331: calls $0.01
BrickWall-In: checks 
*** FLOP *** [8h Ad 7h]
jason198331: checks 
BrickWall-In: checks 
WPT1952: checks 
Dorex2007: bets $0.08
jason198331: folds 
BrickWall-In: folds 
WPT1952: folds 
Uncalled bet ($0.08) returned to Dorex2007
Dorex2007 collected $0.08 from pot
Dorex2007: doesn't show hand 
*** SUMMARY ***
Total pot $0.08 | Rake $0 
Board [8h Ad 7h]
Seat 1: chacalay1 folded before Flop (didn't bet)
Seat 2: Trupizupe14 folded before Flop (didn't bet)
Seat 3: WPT1952 folded on the Flop
Seat 4: Dorex2007 collected ($0.08)
Seat 5: HarmonicDust5 folded before Flop (didn't bet)
Seat 6: Crushpad folded before Flop (didn't bet)
Seat 7: Snowman373 (button) folded before Flop (didn't bet)
Seat 8: jason198331 (small blind) folded on the Flop
Seat 9: BrickWall-In (big blind) folded on the Flop



PokerStars Hand #233932434795:  Hold'em No Limit ($0.01/$0.02 USD) - 2022/02/09 16:24:54 PT [2022/02/09 19:24:54 ET]
Table 'Isberga IV' 9-max Seat #8 is the button
Seat 1: chacalay1 ($2.13 in chips) 
Seat 2: Trupizupe14 ($1.25 in chips) 
Seat 3: WPT1952 ($2.04 in chips) 
Seat 4: Dorex2007 ($2.06 in chips) 
Seat 5: HarmonicDust5 ($4.10 in chips) 
Seat 6: Crushpad ($1.84 in chips) 
Seat 7: Snowman373 ($5.12 in chips) 
Seat 8: jason198331 ($1.94 in chips) 
Seat 9: BrickWall-In ($2 in chips) 
BrickWall-In: posts small blind $0.01
chacalay1: posts big blind $0.02
*** HOLE CARDS ***
Dealt to Dorex2007 [4s 6h]
Trupizupe14: calls $0.02
WPT1952: calls $0.02
Dorex2007: folds 
HarmonicDust5: folds 
Crushpad: folds 
Snowman373: raises $0.08 to $0.10
jason198331: folds 
BrickWall-In: folds 
chacalay1: folds 
Trupizupe14: folds 
WPT1952: folds 
Uncalled bet ($0.08) returned to Snowman373
Snowman373 collected $0.09 from pot
Snowman373: doesn't show hand 
*** SUMMARY ***
Total pot $0.09 | Rake $0 
Seat 1: chacalay1 (big blind) folded before Flop
Seat 2: Trupizupe14 folded before Flop
Seat 3: WPT1952 folded before Flop
Seat 4: Dorex2007 folded before Flop (didn't bet)
Seat 5: HarmonicDust5 folded before Flop (didn't bet)
Seat 6: Crushpad folded before Flop (didn't bet)
Seat 7: Snowman373 collected ($0.09)
Seat 8: jason198331 (button) folded before Flop (didn't bet)
Seat 9: BrickWall-In (small blind) folded before Flop



PokerStars Hand #233932448691:  Hold'em No Limit ($0.01/$0.02 USD) - 2022/02/09 16:25:36 PT [2022/02/09 19:25:36 ET]
Table 'Isberga IV' 9-max Seat #9 is the button
Seat 1: chacalay1 ($2.11 in chips) 
Seat 2: Trupizupe14 ($1.23 in chips) 
Seat 3: WPT1952 ($2.02 in chips) 
Seat 4: Dorex2007 ($2.06 in chips) 
Seat 5: HarmonicDust5 ($4.10 in chips) 
Seat 6: Crushpad ($1.84 in chips) 
Seat 7: Snowman373 ($5.19 in chips) 
Seat 8: jason198331 ($1.94 in chips) 
Seat 9: BrickWall-In ($2 in chips) 
chacalay1: posts small blind $0.01
Trupizupe14: posts big blind $0.02
*** HOLE CARDS ***
Dealt to Dorex2007 [6d 2d]
WPT1952: calls $0.02
Dorex2007: folds 
HarmonicDust5: folds 
Crushpad: folds 
Snowman373: folds 
jason198331: calls $0.02
BrickWall-In: folds 
chacalay1: folds 
Trupizupe14: raises $0.04 to $0.06
WPT1952: calls $0.04
jason198331: calls $0.04
*** FLOP *** [Qh Kh 6h]
Trupizupe14: bets $0.09
WPT1952: calls $0.09
jason198331: calls $0.09
*** TURN *** [Qh Kh 6h] [Jh]
Trupizupe14: bets $0.22
WPT1952: folds 
jason198331: calls $0.22
*** RIVER *** [Qh Kh 6h Jh] [4s]
Trupizupe14: bets $0.86 and is all-in
jason198331: calls $0.86
*** SHOW DOWN ***
Trupizupe14: shows [Tc Ad] (a straight, Ten to Ace)
jason198331: shows [4h Ah] (a flush, Ace high)
jason198331 collected $2.53 from pot
*** SUMMARY ***
Total pot $2.62 | Rake $0.09 
Board [Qh Kh 6h Jh 4s]
Seat 1: chacalay1 (small blind) folded before Flop
Seat 2: Trupizupe14 (big blind) showed [Tc Ad] and lost with a straight, Ten to Ace
Seat 3: WPT1952 folded on the Turn
Seat 4: Dorex2007 folded before Flop (didn't bet)
Seat 5: HarmonicDust5 folded before Flop (didn't bet)
Seat 6: Crushpad folded before Flop (didn't bet)
Seat 7: Snowman373 folded before Flop (didn't bet)
Seat 8: jason198331 showed [4h Ah] and won ($2.53) with a flush, Ace high
Seat 9: BrickWall-In (button) folded before Flop (didn't bet)



PokerStars Hand #233932478135:  Hold'em No Limit ($0.01/$0.02 USD) - 2022/02/09 16:27:05 PT [2022/02/09 19:27:05 ET]
Table 'Isberga IV' 9-max Seat #1 is the button
Seat 1: chacalay1 ($2.10 in chips) 
Seat 3: WPT1952 ($1.87 in chips) 
Seat 4: Dorex2007 ($2.06 in chips) 
Seat 5: HarmonicDust5 ($4.10 in chips) 
Seat 6: Crushpad ($1.84 in chips) 
Seat 7: Snowman373 ($5.19 in chips) 
Seat 8: jason198331 ($3.24 in chips) 
Seat 9: BrickWall-In ($2 in chips) 
WPT1952: posts small blind $0.01
Dorex2007: posts big blind $0.02
*** HOLE CARDS ***
Dealt to Dorex2007 [9c 9h]
HarmonicDust5: folds 
Crushpad: folds 
Snowman373: folds 
jason198331: folds 
Trupizupe14 leaves the table
BrickWall-In: raises $0.05 to $0.07
chacalay1: folds 
WPT1952: calls $0.06
Dorex2007: folds 
*** FLOP *** [4d 7h 6s]
WPT1952: bets $0.02
BrickWall-In: calls $0.02
*** TURN *** [4d 7h 6s] [Qd]
WPT1952: bets $0.10
BrickWall-In: calls $0.10
*** RIVER *** [4d 7h 6s Qd] [Jd]
WPT1952: checks 
BrickWall-In: checks 
*** SHOW DOWN ***
WPT1952: shows [As Kh] (high card Ace)
BrickWall-In: shows [8d 8h] (a pair of Eights)
BrickWall-In collected $0.39 from pot
*** SUMMARY ***
Total pot $0.40 | Rake $0.01 
Board [4d 7h 6s Qd Jd]
Seat 1: chacalay1 (button) folded before Flop (didn't bet)
Seat 3: WPT1952 (small blind) showed [As Kh] and lost with high card Ace
Seat 4: Dorex2007 (big blind) folded before Flop
Seat 5: HarmonicDust5 folded before Flop (didn't bet)
Seat 6: Crushpad folded before Flop (didn't bet)
Seat 7: Snowman373 folded before Flop (didn't bet)
Seat 8: jason198331 folded before Flop (didn't bet)
Seat 9: BrickWall-In showed [8d 8h] and won ($0.39) with a pair of Eights



PokerStars Hand #233932492504:  Hold'em No Limit ($0.01/$0.02 USD) - 2022/02/09 16:27:49 PT [2022/02/09 19:27:49 ET]
Table 'Isberga IV' 9-max Seat #3 is the button
Seat 1: chacalay1 ($2.10 in chips) 
Seat 3: WPT1952 ($1.68 in chips) 
Seat 4: Dorex2007 ($2.04 in chips) 
Seat 5: HarmonicDust5 ($4.10 in chips) 
Seat 6: Crushpad ($1.84 in chips) 
Seat 7: Snowman373 ($5.19 in chips) 
Seat 8: jason198331 ($3.24 in chips) 
Seat 9: BrickWall-In ($2.20 in chips) 
Dorex2007: posts small blind $0.01
HarmonicDust5: posts big blind $0.02
*** HOLE CARDS ***
Dealt to Dorex2007 [8s 9d]
XiSCOiX joins the table at seat #2 
Crushpad: folds 
Snowman373: calls $0.02
jason198331: folds 
Crushpad leaves the table
BrickWall-In: raises $0.04 to $0.06
chacalay1: raises $0.10 to $0.16
WPT1952: calls $0.16
Dorex2007: folds 
HarmonicDust5: folds 
Snowman373: folds 
BrickWall-In: calls $0.10
*** FLOP *** [Qs Th 4h]
BrickWall-In: checks 
chacalay1: checks 
WPT1952: bets $0.10
BrickWall-In: calls $0.10
chacalay1: folds 
*** TURN *** [Qs Th 4h] [2s]
BrickWall-In: checks 
WPT1952: bets $0.12
BrickWall-In: calls $0.12
*** RIVER *** [Qs Th 4h 2s] [Qc]
BrickWall-In: checks 
WPT1952: checks 
*** SHOW DOWN ***
BrickWall-In: shows [Ts Ks] (two pair, Queens and Tens)
WPT1952: mucks hand 
BrickWall-In collected $0.94 from pot
*** SUMMARY ***
Total pot $0.97 | Rake $0.03 
Board [Qs Th 4h 2s Qc]
Seat 1: chacalay1 folded on the Flop
Seat 3: WPT1952 (button) mucked [Kh Jc]
Seat 4: Dorex2007 (small blind) folded before Flop
Seat 5: HarmonicDust5 (big blind) folded before Flop
Seat 6: Crushpad folded before Flop (didn't bet)
Seat 7: Snowman373 folded before Flop
Seat 8: jason198331 folded before Flop (didn't bet)
Seat 9: BrickWall-In showed [Ts Ks] and won ($0.94) with two pair, Queens and Tens



PokerStars Hand #233932521966:  Hold'em No Limit ($0.01/$0.02 USD) - 2022/02/09 16:29:19 PT [2022/02/09 19:29:19 ET]
Table 'Isberga IV' 9-max Seat #4 is the button
Seat 1: chacalay1 ($1.94 in chips) 
Seat 3: WPT1952 ($1.30 in chips) 
Seat 4: Dorex2007 ($2.03 in chips) 
Seat 5: HarmonicDust5 ($4.08 in chips) 
Seat 7: Snowman373 ($5.17 in chips) 
Seat 8: jason198331 ($3.24 in chips) 
Seat 9: BrickWall-In ($2.76 in chips) 
HarmonicDust5: posts small blind $0.01
Snowman373: posts big blind $0.02
XiSCOiX: sits out 
*** HOLE CARDS ***
Dealt to Dorex2007 [Ad 7d]
jason198331: folds 
BrickWall-In: folds 
chacalay1: raises $0.22 to $0.24
WPT1952: folds 
Dorex2007: folds 
HarmonicDust5: folds 
Snowman373: folds 
Uncalled bet ($0.22) returned to chacalay1
chacalay1 collected $0.05 from pot
chacalay1: doesn't show hand 
*** SUMMARY ***
Total pot $0.05 | Rake $0 
Seat 1: chacalay1 collected ($0.05)
Seat 3: WPT1952 folded before Flop (didn't bet)
Seat 4: Dorex2007 (button) folded before Flop (didn't bet)
Seat 5: HarmonicDust5 (small blind) folded before Flop
Seat 7: Snowman373 (big blind) folded before Flop
Seat 8: jason198331 folded before Flop (didn't bet)
Seat 9: BrickWall-In folded before Flop (didn't bet)



PokerStars Hand #233932529781:  Hold'em No Limit ($0.01/$0.02 USD) - 2022/02/09 16:29:43 PT [2022/02/09 19:29:43 ET]
Table 'Isberga IV' 9-max Seat #5 is the button
Seat 1: chacalay1 ($1.97 in chips) 
Seat 3: WPT1952 ($1.30 in chips) 
Seat 4: Dorex2007 ($2.03 in chips) 
Seat 5: HarmonicDust5 ($4.07 in chips) 
Seat 7: Snowman373 ($5.15 in chips) 
Seat 8: jason198331 ($3.24 in chips) 
Seat 9: BrickWall-In ($2.76 in chips) 
Snowman373: posts small blind $0.01
jason198331: posts big blind $0.02
XiSCOiX: sits out 
*** HOLE CARDS ***
Dealt to Dorex2007 [Kc Kd]
Apostol108 joins the table at seat #6 
BrickWall-In: calls $0.02
chacalay1: folds 
WPT1952: calls $0.02
Dorex2007: raises $0.08 to $0.10
HarmonicDust5: folds 
Snowman373: folds 
chacalay1 said, "price went up"
jason198331: folds 
BrickWall-In: folds 
WPT1952: folds 
Uncalled bet ($0.08) returned to Dorex2007
Dorex2007 collected $0.09 from pot
Dorex2007: doesn't show hand 
*** SUMMARY ***
Total pot $0.09 | Rake $0 
Seat 1: chacalay1 folded before Flop (didn't bet)
Seat 3: WPT1952 folded before Flop
Seat 4: Dorex2007 collected ($0.09)
Seat 5: HarmonicDust5 (button) folded before Flop (didn't bet)
Seat 7: Snowman373 (small blind) folded before Flop
Seat 8: jason198331 (big blind) folded before Flop
Seat 9: BrickWall-In folded before Flop



PokerStars Hand #233932538734:  Hold'em No Limit ($0.01/$0.02 USD) - 2022/02/09 16:30:10 PT [2022/02/09 19:30:10 ET]
Table 'Isberga IV' 9-max Seat #7 is the button
Seat 1: chacalay1 ($1.97 in chips) 
Seat 3: WPT1952 ($1.28 in chips) 
Seat 4: Dorex2007 ($2.10 in chips) 
Seat 5: HarmonicDust5 ($4.07 in chips) 
Seat 7: Snowman373 ($5.14 in chips) 
Seat 8: jason198331 ($3.22 in chips) 
Seat 9: BrickWall-In ($2.74 in chips) 
jason198331: posts small blind $0.01
chacalay1 said, "inflation"
BrickWall-In: posts big blind $0.02
XiSCOiX: sits out 
Apostol108: sits out 
*** HOLE CARDS ***
Dealt to Dorex2007 [Qd Ah]
chacalay1: folds 
WPT1952: calls $0.02
Dorex2007: calls $0.02
HarmonicDust5: folds 
Snowman373: folds 
jason198331: folds 
BrickWall-In: checks 
*** FLOP *** [8d 4c 8s]
BrickWall-In: checks 
WPT1952: bets $0.07
Dorex2007: folds 
BrickWall-In: folds 
Uncalled bet ($0.07) returned to WPT1952
WPT1952 collected $0.07 from pot
WPT1952: doesn't show hand 
*** SUMMARY ***
Total pot $0.07 | Rake $0 
Board [8d 4c 8s]
Seat 1: chacalay1 folded before Flop (didn't bet)
Seat 3: WPT1952 collected ($0.07)
Seat 4: Dorex2007 folded on the Flop
Seat 5: HarmonicDust5 folded before Flop (didn't bet)
Seat 7: Snowman373 (button) folded before Flop (didn't bet)
Seat 8: jason198331 (small blind) folded before Flop
Seat 9: BrickWall-In (big blind) folded on the Flop



PokerStars Hand #233932547587:  Hold'em No Limit ($0.01/$0.02 USD) - 2022/02/09 16:30:38 PT [2022/02/09 19:30:38 ET]
Table 'Isberga IV' 9-max Seat #8 is the button
Seat 1: chacalay1 ($1.97 in chips) 
Seat 3: WPT1952 ($1.33 in chips) 
Seat 4: Dorex2007 ($2.08 in chips) 
Seat 5: HarmonicDust5 ($4.07 in chips) 
Seat 7: Snowman373 ($5.14 in chips) 
Seat 8: jason198331 ($3.21 in chips) 
Seat 9: BrickWall-In ($2.72 in chips) 
BrickWall-In: posts small blind $0.01
chacalay1: posts big blind $0.02
XiSCOiX: sits out 
Apostol108: sits out 
*** HOLE CARDS ***
Dealt to Dorex2007 [Jh Ad]
WPT1952: raises $0.04 to $0.06
Dorex2007: folds 
HarmonicDust5: folds 
Snowman373: folds 
jason198331: calls $0.06
BrickWall-In: folds 
chacalay1: folds 
*** FLOP *** [3d 5s Qs]
WPT1952: bets $0.02
jason198331: calls $0.02
*** TURN *** [3d 5s Qs] [Td]
WPT1952: bets $0.09
jason198331: folds 
Uncalled bet ($0.09) returned to WPT1952
WPT1952 collected $0.18 from pot
WPT1952: doesn't show hand 
*** SUMMARY ***
Total pot $0.19 | Rake $0.01 
Board [3d 5s Qs Td]
Seat 1: chacalay1 (big blind) folded before Flop
Seat 3: WPT1952 collected ($0.18)
Seat 4: Dorex2007 folded before Flop (didn't bet)
Seat 5: HarmonicDust5 folded before Flop (didn't bet)
Seat 7: Snowman373 folded before Flop (didn't bet)
Seat 8: jason198331 (button) folded on the Turn
Seat 9: BrickWall-In (small blind) folded before Flop



PokerStars Hand #233932564469:  Hold'em No Limit ($0.01/$0.02 USD) - 2022/02/09 16:31:30 PT [2022/02/09 19:31:30 ET]
Table 'Isberga IV' 9-max Seat #9 is the button
Seat 1: chacalay1 ($1.95 in chips) 
Seat 2: XiSCOiX ($2 in chips) 
Seat 3: WPT1952 ($1.43 in chips) 
Seat 4: Dorex2007 ($2.08 in chips) 
Seat 5: HarmonicDust5 ($4.07 in chips) 
Seat 7: Snowman373 ($5.14 in chips) 
Seat 8: jason198331 ($3.13 in chips) 
Seat 9: BrickWall-In ($2.71 in chips) 
chacalay1: posts small blind $0.01
XiSCOiX: posts big blind $0.02
Apostol108: sits out 
*** HOLE CARDS ***
Dealt to Dorex2007 [Kh 5c]
WPT1952: raises $0.02 to $0.04
Dorex2007: folds 
HarmonicDust5: calls $0.04
Snowman373: folds 
jason198331: calls $0.04
BrickWall-In: folds 
chacalay1: folds 
XiSCOiX: folds 
*** FLOP *** [4c Ks 5d]
WPT1952: bets $0.02
HarmonicDust5: calls $0.02
jason198331: folds 
*** TURN *** [4c Ks 5d] [Td]
WPT1952: bets $0.06
HarmonicDust5: calls $0.06
*** RIVER *** [4c Ks 5d Td] [Qh]
WPT1952: checks 
HarmonicDust5: checks 
*** SHOW DOWN ***
WPT1952: shows [3c 7h] (high card King)
HarmonicDust5: shows [Ah Qc] (a pair of Queens)
HarmonicDust5 collected $0.30 from pot
*** SUMMARY ***
Total pot $0.31 | Rake $0.01 
Board [4c Ks 5d Td Qh]
Seat 1: chacalay1 (small blind) folded before Flop
Seat 2: XiSCOiX (big blind) folded before Flop
Seat 3: WPT1952 showed [3c 7h] and lost with high card King
Seat 4: Dorex2007 folded before Flop (didn't bet)
Seat 5: HarmonicDust5 showed [Ah Qc] and won ($0.30) with a pair of Queens
Seat 7: Snowman373 folded before Flop (didn't bet)
Seat 8: jason198331 folded on the Flop
Seat 9: BrickWall-In (button) folded before Flop (didn't bet)



PokerStars Hand #233932583377:  Hold'em No Limit ($0.01/$0.02 USD) - 2022/02/09 16:32:28 PT [2022/02/09 19:32:28 ET]
Table 'Isberga IV' 9-max Seat #1 is the button
Seat 1: chacalay1 ($1.94 in chips) 
Seat 2: XiSCOiX ($1.98 in chips) 
Seat 3: WPT1952 ($1.31 in chips) 
Seat 4: Dorex2007 ($2.08 in chips) 
Seat 5: HarmonicDust5 ($4.25 in chips) 
Seat 7: Snowman373 ($5.14 in chips) 
Seat 8: jason198331 ($3.09 in chips) 
Seat 9: BrickWall-In ($2.71 in chips) 
XiSCOiX: posts small blind $0.01
WPT1952: posts big blind $0.02
Apostol108: sits out 
*** HOLE CARDS ***
Dealt to Dorex2007 [6d Ah]
Dorex2007: folds 
HarmonicDust5: folds 
Snowman373: calls $0.02
jason198331: folds 
BrickWall-In: folds 
chacalay1: folds 
XiSCOiX: folds 
WPT1952: checks 
*** FLOP *** [5h 9c 8s]
WPT1952: bets $0.02
Snowman373: calls $0.02
*** TURN *** [5h 9c 8s] [2h]
WPT1952: bets $0.09
Snowman373: folds 
Uncalled bet ($0.09) returned to WPT1952
WPT1952 collected $0.09 from pot
WPT1952: doesn't show hand 
*** SUMMARY ***
Total pot $0.09 | Rake $0 
Board [5h 9c 8s 2h]
Seat 1: chacalay1 (button) folded before Flop (didn't bet)
Seat 2: XiSCOiX (small blind) folded before Flop
Seat 3: WPT1952 (big blind) collected ($0.09)
Seat 4: Dorex2007 folded before Flop (didn't bet)
Seat 5: HarmonicDust5 folded before Flop (didn't bet)
Seat 7: Snowman373 folded on the Turn
Seat 8: jason198331 folded before Flop (didn't bet)
Seat 9: BrickWall-In folded before Flop (didn't bet)



PokerStars Hand #233932595393:  Hold'em No Limit ($0.01/$0.02 USD) - 2022/02/09 16:33:06 PT [2022/02/09 19:33:06 ET]
Table 'Isberga IV' 9-max Seat #2 is the button
Seat 1: chacalay1 ($1.94 in chips) 
Seat 2: XiSCOiX ($1.97 in chips) 
Seat 3: WPT1952 ($1.36 in chips) 
Seat 4: Dorex2007 ($2.08 in chips) 
Seat 5: HarmonicDust5 ($4.25 in chips) 
Seat 7: Snowman373 ($5.10 in chips) 
Seat 8: jason198331 ($3.09 in chips) 
Seat 9: BrickWall-In ($2.71 in chips) 
WPT1952: posts small blind $0.01
Dorex2007: posts big blind $0.02
Apostol108: sits out 
*** HOLE CARDS ***
Dealt to Dorex2007 [Tc Th]
HarmonicDust5: folds 
Snowman373: folds 
jason198331: folds 
BrickWall-In: folds 
chacalay1: folds 
XiSCOiX: folds 
WPT1952: calls $0.01
Dorex2007: checks 
*** FLOP *** [Qc Kd 9h]
WPT1952: bets $0.04
Dorex2007: calls $0.04
*** TURN *** [Qc Kd 9h] [6s]
WPT1952: bets $0.12
Dorex2007: folds 
Uncalled bet ($0.12) returned to WPT1952
WPT1952 collected $0.12 from pot
WPT1952: doesn't show hand 
*** SUMMARY ***
Total pot $0.12 | Rake $0 
Board [Qc Kd 9h 6s]
Seat 1: chacalay1 folded before Flop (didn't bet)
Seat 2: XiSCOiX (button) folded before Flop (didn't bet)
Seat 3: WPT1952 (small blind) collected ($0.12)
Seat 4: Dorex2007 (big blind) folded on the Turn
Seat 5: HarmonicDust5 folded before Flop (didn't bet)
Seat 7: Snowman373 folded before Flop (didn't bet)
Seat 8: jason198331 folded before Flop (didn't bet)
Seat 9: BrickWall-In folded before Flop (didn't bet)



PokerStars Hand #233932606229:  Hold'em No Limit ($0.01/$0.02 USD) - 2022/02/09 16:33:40 PT [2022/02/09 19:33:40 ET]
Table 'Isberga IV' 9-max Seat #3 is the button
Seat 1: chacalay1 ($1.94 in chips) 
Seat 2: XiSCOiX ($1.97 in chips) 
Seat 3: WPT1952 ($1.42 in chips) 
Seat 4: Dorex2007 ($2.02 in chips) 
Seat 5: HarmonicDust5 ($4.25 in chips) 
Seat 7: Snowman373 ($5.10 in chips) 
Seat 8: jason198331 ($3.09 in chips) 
Seat 9: BrickWall-In ($2.71 in chips) 
Dorex2007: posts small blind $0.01
HarmonicDust5: posts big blind $0.02
Apostol108: sits out 
*** HOLE CARDS ***
Dealt to Dorex2007 [Qc Qd]
Snowman373: folds 
jason198331 has timed out
jason198331: folds 
BrickWall-In: raises $0.04 to $0.06
chacalay1: folds 
XiSCOiX: folds 
WPT1952: calls $0.06
Dorex2007: raises $0.14 to $0.20
HarmonicDust5: folds 
BrickWall-In: folds 
WPT1952: calls $0.14
*** FLOP *** [5c 7h 3h]
Dorex2007: bets $1.82 and is all-in
WPT1952: folds 
Uncalled bet ($1.82) returned to Dorex2007
Dorex2007 collected $0.46 from pot
Dorex2007: doesn't show hand 
*** SUMMARY ***
Total pot $0.48 | Rake $0.02 
Board [5c 7h 3h]
Seat 1: chacalay1 folded before Flop (didn't bet)
Seat 2: XiSCOiX folded before Flop (didn't bet)
Seat 3: WPT1952 (button) folded on the Flop
Seat 4: Dorex2007 (small blind) collected ($0.46)
Seat 5: HarmonicDust5 (big blind) folded before Flop
Seat 7: Snowman373 folded before Flop (didn't bet)
Seat 8: jason198331 folded before Flop (didn't bet)
Seat 9: BrickWall-In folded before Flop



PokerStars Hand #233932626814:  Hold'em No Limit ($0.01/$0.02 USD) - 2022/02/09 16:34:44 PT [2022/02/09 19:34:44 ET]
Table 'Isberga IV' 9-max Seat #4 is the button
Seat 1: chacalay1 ($1.94 in chips) 
Seat 2: XiSCOiX ($1.97 in chips) 
Seat 3: WPT1952 ($1.22 in chips) 
Seat 4: Dorex2007 ($2.28 in chips) 
Seat 5: HarmonicDust5 ($4.23 in chips) 
Seat 7: Snowman373 ($5.10 in chips) 
Seat 8: jason198331 ($3.09 in chips) 
Seat 9: BrickWall-In ($2.65 in chips) 
HarmonicDust5: posts small blind $0.01
Snowman373: posts big blind $0.02
*** HOLE CARDS ***
Dealt to Dorex2007 [5s Ts]
jason198331: folds 
BrickWall-In: folds 
chacalay1: folds 
XiSCOiX: folds 
WPT1952: raises $0.02 to $0.04
Dorex2007: folds 
HarmonicDust5: calls $0.03
Snowman373: calls $0.02
*** FLOP *** [9h 6d Qc]
HarmonicDust5: checks 
Snowman373: checks 
WPT1952: bets $0.02
HarmonicDust5: calls $0.02
Snowman373: calls $0.02
*** TURN *** [9h 6d Qc] [9d]
HarmonicDust5: checks 
Snowman373: checks 
WPT1952: bets $0.09
HarmonicDust5: folds 
Snowman373: folds 
Uncalled bet ($0.09) returned to WPT1952
WPT1952 collected $0.17 from pot
WPT1952: doesn't show hand 
*** SUMMARY ***
Total pot $0.18 | Rake $0.01 
Board [9h 6d Qc 9d]
Seat 1: chacalay1 folded before Flop (didn't bet)
Seat 2: XiSCOiX folded before Flop (didn't bet)
Seat 3: WPT1952 collected ($0.17)
Seat 4: Dorex2007 (button) folded before Flop (didn't bet)
Seat 5: HarmonicDust5 (small blind) folded on the Turn
Seat 7: Snowman373 (big blind) folded on the Turn
Seat 8: jason198331 folded before Flop (didn't bet)
Seat 9: BrickWall-In folded before Flop (didn't bet)



PokerStars Hand #233932642200:  Hold'em No Limit ($0.01/$0.02 USD) - 2022/02/09 16:35:32 PT [2022/02/09 19:35:32 ET]
Table 'Isberga IV' 9-max Seat #5 is the button
Seat 1: chacalay1 ($1.94 in chips) 
Seat 2: XiSCOiX ($1.97 in chips) 
Seat 3: WPT1952 ($1.33 in chips) 
Seat 4: Dorex2007 ($2.28 in chips) 
Seat 5: HarmonicDust5 ($4.17 in chips) 
Seat 7: Snowman373 ($5.04 in chips) 
Seat 8: jason198331 ($3.09 in chips) 
Seat 9: BrickWall-In ($2.65 in chips) 
Snowman373: posts small blind $0.01
jason198331: posts big blind $0.02
*** HOLE CARDS ***
Dealt to Dorex2007 [9s Qd]
BrickWall-In: folds 
chacalay1: folds 
XiSCOiX: folds 
WPT1952: raises $0.02 to $0.04
Dorex2007: folds 
HarmonicDust5: folds 
Snowman373: raises $0.10 to $0.14
jason198331: folds 
WPT1952: calls $0.10
*** FLOP *** [4c Kd As]
Snowman373: bets $0.15
WPT1952: calls $0.15
*** TURN *** [4c Kd As] [2c]
Snowman373: checks 
WPT1952: bets $0.29
Snowman373: folds 
Uncalled bet ($0.29) returned to WPT1952
WPT1952 collected $0.58 from pot
WPT1952: doesn't show hand 
*** SUMMARY ***
Total pot $0.60 | Rake $0.02 
Board [4c Kd As 2c]
Seat 1: chacalay1 folded before Flop (didn't bet)
Seat 2: XiSCOiX folded before Flop (didn't bet)
Seat 3: WPT1952 collected ($0.58)
Seat 4: Dorex2007 folded before Flop (didn't bet)
Seat 5: HarmonicDust5 (button) folded before Flop (didn't bet)
Seat 7: Snowman373 (small blind) folded on the Turn
Seat 8: jason198331 (big blind) folded before Flop
Seat 9: BrickWall-In folded before Flop (didn't bet)



PokerStars Hand #233932656842:  Hold'em No Limit ($0.01/$0.02 USD) - 2022/02/09 16:36:18 PT [2022/02/09 19:36:18 ET]
Table 'Isberga IV' 9-max Seat #7 is the button
Seat 1: chacalay1 ($1.94 in chips) 
Seat 2: XiSCOiX ($1.97 in chips) 
Seat 3: WPT1952 ($1.62 in chips) 
Seat 4: Dorex2007 ($2.28 in chips) 
Seat 5: HarmonicDust5 ($4.17 in chips) 
Seat 7: Snowman373 ($4.75 in chips) 
Seat 8: jason198331 ($3.07 in chips) 
Seat 9: BrickWall-In ($2.65 in chips) 
jason198331: posts small blind $0.01
BrickWall-In: posts big blind $0.02
*** HOLE CARDS ***
Dealt to Dorex2007 [Jh 4d]
chacalay1: folds 
XiSCOiX: folds 
WPT1952: calls $0.02
Dorex2007: folds 
HarmonicDust5: raises $0.08 to $0.10
Snowman373: folds 
jason198331: calls $0.09
BrickWall-In: folds 
WPT1952: calls $0.08
*** FLOP *** [Jd 5h Th]
jason198331: checks 
WPT1952: bets $0.06
HarmonicDust5: raises $0.10 to $0.16
jason198331: calls $0.16
WPT1952: calls $0.10
*** TURN *** [Jd 5h Th] [9d]
jason198331: checks 
WPT1952: bets $0.16
HarmonicDust5: raises $0.65 to $0.81
jason198331: calls $0.81
WPT1952: folds 
*** RIVER *** [Jd 5h Th 9d] [9h]
jason198331: checks 
HarmonicDust5: checks 
*** SHOW DOWN ***
jason198331: shows [Qs Qh] (two pair, Queens and Nines)
HarmonicDust5: shows [Qc Kc] (a straight, Nine to King)
HarmonicDust5 collected $2.49 from pot
*** SUMMARY ***
Total pot $2.58 | Rake $0.09 
Board [Jd 5h Th 9d 9h]
Seat 1: chacalay1 folded before Flop (didn't bet)
Seat 2: XiSCOiX folded before Flop (didn't bet)
Seat 3: WPT1952 folded on the Turn
Seat 4: Dorex2007 folded before Flop (didn't bet)
Seat 5: HarmonicDust5 showed [Qc Kc] and won ($2.49) with a straight, Nine to King
Seat 7: Snowman373 (button) folded before Flop (didn't bet)
Seat 8: jason198331 (small blind) showed [Qs Qh] and lost with two pair, Queens and Nines
Seat 9: BrickWall-In (big blind) folded before Flop



PokerStars Hand #233932685464:  Hold'em No Limit ($0.01/$0.02 USD) - 2022/02/09 16:37:45 PT [2022/02/09 19:37:45 ET]
Table 'Isberga IV' 9-max Seat #8 is the button
Seat 1: chacalay1 ($1.94 in chips) 
Seat 2: XiSCOiX ($1.97 in chips) 
Seat 3: WPT1952 ($1.20 in chips) 
Seat 4: Dorex2007 ($2.28 in chips) 
Seat 5: HarmonicDust5 ($5.59 in chips) 
Seat 7: Snowman373 ($4.75 in chips) 
Seat 8: jason198331 ($2 in chips) 
Seat 9: BrickWall-In ($2.63 in chips) 
BrickWall-In: posts small blind $0.01
chacalay1: posts big blind $0.02
*** HOLE CARDS ***
Dealt to Dorex2007 [Jc 8d]
XiSCOiX: raises $0.04 to $0.06
WPT1952: folds 
Dorex2007: folds 
HarmonicDust5: folds 
Snowman373: folds 
jason198331: folds 
BrickWall-In: folds 
chacalay1: folds 
Uncalled bet ($0.04) returned to XiSCOiX
XiSCOiX collected $0.05 from pot
XiSCOiX: doesn't show hand 
*** SUMMARY ***
Total pot $0.05 | Rake $0 
Seat 1: chacalay1 (big blind) folded before Flop
Seat 2: XiSCOiX collected ($0.05)
Seat 3: WPT1952 folded before Flop (didn't bet)
Seat 4: Dorex2007 folded before Flop (didn't bet)
Seat 5: HarmonicDust5 folded before Flop (didn't bet)
Seat 7: Snowman373 folded before Flop (didn't bet)
Seat 8: jason198331 (button) folded before Flop (didn't bet)
Seat 9: BrickWall-In (small blind) folded before Flop



PokerStars Hand #233932691466:  Hold'em No Limit ($0.01/$0.02 USD) - 2022/02/09 16:38:04 PT [2022/02/09 19:38:04 ET]
Table 'Isberga IV' 9-max Seat #9 is the button
Seat 1: chacalay1 ($1.92 in chips) 
Seat 2: XiSCOiX ($2 in chips) 
Seat 3: WPT1952 ($1.20 in chips) 
Seat 4: Dorex2007 ($2.28 in chips) 
Seat 5: HarmonicDust5 ($5.59 in chips) 
Seat 7: Snowman373 ($4.75 in chips) 
Seat 8: jason198331 ($2 in chips) 
Seat 9: BrickWall-In ($2.62 in chips) 
chacalay1: posts small blind $0.01
XiSCOiX: posts big blind $0.02
*** HOLE CARDS ***
Dealt to Dorex2007 [Th 4d]
WPT1952: calls $0.02
Dorex2007: folds 
HarmonicDust5: folds 
Snowman373: folds 
jason198331: folds 
BrickWall-In: calls $0.02
chacalay1: calls $0.01
XiSCOiX: checks 
*** FLOP *** [Kc 7h 2d]
chacalay1: checks 
XiSCOiX: checks 
WPT1952: checks 
BrickWall-In: bets $0.04
chacalay1: folds 
XiSCOiX: folds 
WPT1952: folds 
Uncalled bet ($0.04) returned to BrickWall-In
BrickWall-In collected $0.08 from pot
BrickWall-In: doesn't show hand 
*** SUMMARY ***
Total pot $0.08 | Rake $0 
Board [Kc 7h 2d]
Seat 1: chacalay1 (small blind) folded on the Flop
Seat 2: XiSCOiX (big blind) folded on the Flop
Seat 3: WPT1952 folded on the Flop
Seat 4: Dorex2007 folded before Flop (didn't bet)
Seat 5: HarmonicDust5 folded before Flop (didn't bet)
Seat 7: Snowman373 folded before Flop (didn't bet)
Seat 8: jason198331 folded before Flop (didn't bet)
Seat 9: BrickWall-In (button) collected ($0.08)



PokerStars Hand #233932704762:  Hold'em No Limit ($0.01/$0.02 USD) - 2022/02/09 16:38:47 PT [2022/02/09 19:38:47 ET]
Table 'Isberga IV' 9-max Seat #1 is the button
Seat 1: chacalay1 ($1.90 in chips) 
Seat 2: XiSCOiX ($1.98 in chips) 
Seat 3: WPT1952 ($1.18 in chips) 
Seat 4: Dorex2007 ($2.28 in chips) 
Seat 5: HarmonicDust5 ($5.59 in chips) 
Seat 7: Snowman373 ($4.75 in chips) 
Seat 8: jason198331 ($2 in chips) 
Seat 9: BrickWall-In ($2.68 in chips) 
XiSCOiX: posts small blind $0.01
WPT1952: posts big blind $0.02
*** HOLE CARDS ***
Dealt to Dorex2007 [2s 2c]
Dorex2007: folds 
HarmonicDust5: folds 
Snowman373: raises $0.04 to $0.06
jason198331: calls $0.06
BrickWall-In: folds 
chacalay1: folds 
XiSCOiX: folds 
WPT1952: calls $0.04
*** FLOP *** [4h Th Jd]
WPT1952: bets $0.02
Snowman373: calls $0.02
jason198331: calls $0.02
*** TURN *** [4h Th Jd] [3d]
WPT1952: checks 
Snowman373: bets $0.12
jason198331: folds 
WPT1952: calls $0.12
*** RIVER *** [4h Th Jd 3d] [Qc]
WPT1952: bets $0.98 and is all-in
Snowman373: folds 
Uncalled bet ($0.98) returned to WPT1952
WPT1952 collected $0.47 from pot
WPT1952: doesn't show hand 
*** SUMMARY ***
Total pot $0.49 | Rake $0.02 
Board [4h Th Jd 3d Qc]
Seat 1: chacalay1 (button) folded before Flop (didn't bet)
Seat 2: XiSCOiX (small blind) folded before Flop
Seat 3: WPT1952 (big blind) collected ($0.47)
Seat 4: Dorex2007 folded before Flop (didn't bet)
Seat 5: HarmonicDust5 folded before Flop (didn't bet)
Seat 7: Snowman373 folded on the River
Seat 8: jason198331 folded on the Turn
Seat 9: BrickWall-In folded before Flop (didn't bet)



PokerStars Hand #233932721923:  Hold'em No Limit ($0.01/$0.02 USD) - 2022/02/09 16:39:39 PT [2022/02/09 19:39:39 ET]
Table 'Isberga IV' 9-max Seat #2 is the button
Seat 1: chacalay1 ($1.90 in chips) 
Seat 2: XiSCOiX ($1.97 in chips) 
Seat 3: WPT1952 ($1.45 in chips) 
Seat 4: Dorex2007 ($2.28 in chips) 
Seat 5: HarmonicDust5 ($5.59 in chips) 
Seat 7: Snowman373 ($4.55 in chips) 
Seat 8: jason198331 ($1.92 in chips) 
Seat 9: BrickWall-In ($2.68 in chips) 
WPT1952: posts small blind $0.01
Dorex2007: posts big blind $0.02
*** HOLE CARDS ***
Dealt to Dorex2007 [8h Ks]
HarmonicDust5: raises $0.03 to $0.05
Snowman373: folds 
jason198331: folds 
BrickWall-In: folds 
chacalay1: folds 
XiSCOiX: folds 
WPT1952: calls $0.04
Dorex2007: folds 
*** FLOP *** [Qc 3c 6h]
WPT1952: bets $0.06
HarmonicDust5: calls $0.06
*** TURN *** [Qc 3c 6h] [4s]
WPT1952: bets $0.02
HarmonicDust5: folds 
Uncalled bet ($0.02) returned to WPT1952
WPT1952 collected $0.23 from pot
WPT1952: doesn't show hand 
*** SUMMARY ***
Total pot $0.24 | Rake $0.01 
Board [Qc 3c 6h 4s]
Seat 1: chacalay1 folded before Flop (didn't bet)
Seat 2: XiSCOiX (button) folded before Flop (didn't bet)
Seat 3: WPT1952 (small blind) collected ($0.23)
Seat 4: Dorex2007 (big blind) folded before Flop
Seat 5: HarmonicDust5 folded on the Turn
Seat 7: Snowman373 folded before Flop (didn't bet)
Seat 8: jason198331 folded before Flop (didn't bet)
Seat 9: BrickWall-In folded before Flop (didn't bet)



PokerStars Hand #233932740930:  Hold'em No Limit ($0.01/$0.02 USD) - 2022/02/09 16:40:13 PT [2022/02/09 19:40:13 ET]
Table 'Isberga IV' 9-max Seat #3 is the button
Seat 1: chacalay1 ($1.90 in chips) 
Seat 2: XiSCOiX ($1.97 in chips) 
Seat 3: WPT1952 ($1.57 in chips) 
Seat 4: Dorex2007 ($2.26 in chips) 
Seat 5: HarmonicDust5 ($5.48 in chips) 
Seat 7: Snowman373 ($4.55 in chips) 
Seat 8: jason198331 ($1.92 in chips) 
Seat 9: BrickWall-In ($2.68 in chips) 
Dorex2007: posts small blind $0.01
HarmonicDust5: posts big blind $0.02
*** HOLE CARDS ***
Dealt to Dorex2007 [7d Jh]
Snowman373: folds 
jason198331: folds 
BrickWall-In: folds 
chacalay1: raises $0.08 to $0.10
XiSCOiX: folds 
WPT1952: folds 
Dorex2007: folds 
HarmonicDust5: folds 
Uncalled bet ($0.08) returned to chacalay1
chacalay1 collected $0.05 from pot
chacalay1: doesn't show hand 
*** SUMMARY ***
Total pot $0.05 | Rake $0 
Seat 1: chacalay1 collected ($0.05)
Seat 2: XiSCOiX folded before Flop (didn't bet)
Seat 3: WPT1952 (button) folded before Flop (didn't bet)
Seat 4: Dorex2007 (small blind) folded before Flop
Seat 5: HarmonicDust5 (big blind) folded before Flop
Seat 7: Snowman373 folded before Flop (didn't bet)
Seat 8: jason198331 folded before Flop (didn't bet)
Seat 9: BrickWall-In folded before Flop (didn't bet)



PokerStars Hand #233932748339:  Hold'em No Limit ($0.01/$0.02 USD) - 2022/02/09 16:40:37 PT [2022/02/09 19:40:37 ET]
Table 'Isberga IV' 9-max Seat #4 is the button
Seat 1: chacalay1 ($1.93 in chips) 
Seat 2: XiSCOiX ($1.97 in chips) 
Seat 3: WPT1952 ($1.57 in chips) 
Seat 4: Dorex2007 ($2.25 in chips) 
Seat 5: HarmonicDust5 ($5.46 in chips) 
Seat 7: Snowman373 ($4.55 in chips) 
Seat 8: jason198331 ($1.92 in chips) 
Seat 9: BrickWall-In ($2.68 in chips) 
HarmonicDust5: posts small blind $0.01
Snowman373: posts big blind $0.02
*** HOLE CARDS ***
Dealt to Dorex2007 [Qs Qd]
jason198331: calls $0.02
BrickWall-In: folds 
chacalay1: folds 
XiSCOiX: folds 
WPT1952: calls $0.02
Dorex2007: raises $0.06 to $0.08
HarmonicDust5: folds 
Snowman373: folds 
jason198331: calls $0.06
WPT1952: folds 
*** FLOP *** [2d 7s Qc]
jason198331: checks 
Dorex2007: bets $0.10
jason198331: folds 
Uncalled bet ($0.10) returned to Dorex2007
Dorex2007 collected $0.20 from pot
Dorex2007: doesn't show hand 
*** SUMMARY ***
Total pot $0.21 | Rake $0.01 
Board [2d 7s Qc]
Seat 1: chacalay1 folded before Flop (didn't bet)
Seat 2: XiSCOiX folded before Flop (didn't bet)
Seat 3: WPT1952 folded before Flop
Seat 4: Dorex2007 (button) collected ($0.20)
Seat 5: HarmonicDust5 (small blind) folded before Flop
Seat 7: Snowman373 (big blind) folded before Flop
Seat 8: jason198331 folded on the Flop
Seat 9: BrickWall-In folded before Flop (didn't bet)



PokerStars Hand #233932760416:  Hold'em No Limit ($0.01/$0.02 USD) - 2022/02/09 16:41:16 PT [2022/02/09 19:41:16 ET]
Table 'Isberga IV' 9-max Seat #5 is the button
Seat 1: chacalay1 ($1.93 in chips) 
Seat 2: XiSCOiX ($1.97 in chips) 
Seat 3: WPT1952 ($1.55 in chips) 
Seat 4: Dorex2007 ($2.37 in chips) 
Seat 5: HarmonicDust5 ($5.45 in chips) 
Seat 7: Snowman373 ($4.53 in chips) 
Seat 8: jason198331 ($1.84 in chips) 
Seat 9: BrickWall-In ($2.68 in chips) 
Snowman373: posts small blind $0.01
jason198331: posts big blind $0.02
*** HOLE CARDS ***
Dealt to Dorex2007 [2h 8h]
BrickWall-In: folds 
chacalay1: folds 
XiSCOiX: folds 
WPT1952: calls $0.02
Dorex2007: folds 
HarmonicDust5: folds 
Snowman373: raises $0.06 to $0.08
jason198331: folds 
WPT1952: folds 
Uncalled bet ($0.06) returned to Snowman373
Snowman373 collected $0.06 from pot
Snowman373: doesn't show hand 
*** SUMMARY ***
Total pot $0.06 | Rake $0 
Seat 1: chacalay1 folded before Flop (didn't bet)
Seat 2: XiSCOiX folded before Flop (didn't bet)
Seat 3: WPT1952 folded before Flop
Seat 4: Dorex2007 folded before Flop (didn't bet)
Seat 5: HarmonicDust5 (button) folded before Flop (didn't bet)
Seat 7: Snowman373 (small blind) collected ($0.06)
Seat 8: jason198331 (big blind) folded before Flop
Seat 9: BrickWall-In folded before Flop (didn't bet)



PokerStars Hand #233932773025:  Hold'em No Limit ($0.01/$0.02 USD) - 2022/02/09 16:41:35 PT [2022/02/09 19:41:35 ET]
Table 'Isberga IV' 9-max Seat #7 is the button
Seat 1: chacalay1 ($1.93 in chips) 
Seat 2: XiSCOiX ($1.97 in chips) 
Seat 3: WPT1952 ($1.53 in chips) 
Seat 4: Dorex2007 ($2.37 in chips) 
Seat 5: HarmonicDust5 ($5.45 in chips) 
Seat 7: Snowman373 ($4.57 in chips) 
Seat 8: jason198331 ($1.82 in chips) 
Seat 9: BrickWall-In ($2.68 in chips) 
jason198331: posts small blind $0.01
BrickWall-In: posts big blind $0.02
*** HOLE CARDS ***
Dealt to Dorex2007 [Td 5d]
chacalay1: raises $0.08 to $0.10
XiSCOiX: calls $0.10
WPT1952: calls $0.10
Dorex2007: folds 
HarmonicDust5: folds 
Snowman373: folds 
jason198331: calls $0.09
BrickWall-In: folds 
*** FLOP *** [Jc 6h 3s]
jason198331: checks 
chacalay1: checks 
XiSCOiX: bets $0.20
WPT1952: folds 
jason198331: folds 
chacalay1: folds 
Uncalled bet ($0.20) returned to XiSCOiX
XiSCOiX collected $0.41 from pot
XiSCOiX: doesn't show hand 
*** SUMMARY ***
Total pot $0.42 | Rake $0.01 
Board [Jc 6h 3s]
Seat 1: chacalay1 folded on the Flop
Seat 2: XiSCOiX collected ($0.41)
Seat 3: WPT1952 folded on the Flop
Seat 4: Dorex2007 folded before Flop (didn't bet)
Seat 5: HarmonicDust5 folded before Flop (didn't bet)
Seat 7: Snowman373 (button) folded before Flop (didn't bet)
Seat 8: jason198331 (small blind) folded on the Flop
Seat 9: BrickWall-In (big blind) folded before Flop



PokerStars Hand #233932792945:  Hold'em No Limit ($0.01/$0.02 USD) - 2022/02/09 16:42:40 PT [2022/02/09 19:42:40 ET]
Table 'Isberga IV' 9-max Seat #8 is the button
Seat 1: chacalay1 ($1.83 in chips) 
Seat 2: XiSCOiX ($2.28 in chips) 
Seat 3: WPT1952 ($1.43 in chips) 
Seat 4: Dorex2007 ($2.37 in chips) 
Seat 5: HarmonicDust5 ($5.45 in chips) 
Seat 7: Snowman373 ($4.57 in chips) 
Seat 8: jason198331 ($1.72 in chips) 
Seat 9: BrickWall-In ($2.66 in chips) 
BrickWall-In: posts small blind $0.01
chacalay1: posts big blind $0.02
*** HOLE CARDS ***
Dealt to Dorex2007 [Js 8d]
XiSCOiX: folds 
WPT1952: calls $0.02
Dorex2007: folds 
HarmonicDust5: folds 
Snowman373: folds 
jason198331: folds 
BrickWall-In: calls $0.01
chacalay1 said, "5 bb 3 callerswou"
chacalay1: checks 
*** FLOP *** [Jh Kh 7d]
BrickWall-In: bets $0.04
chacalay1: calls $0.04
WPT1952: calls $0.04
*** TURN *** [Jh Kh 7d] [4s]
BrickWall-In: checks 
chacalay1: checks 
WPT1952: checks 
*** RIVER *** [Jh Kh 7d 4s] [Qd]
BrickWall-In: checks 
chacalay1: bets $0.17
WPT1952: folds 
BrickWall-In: folds 
Uncalled bet ($0.17) returned to chacalay1
chacalay1 collected $0.17 from pot
*** SUMMARY ***
Total pot $0.18 | Rake $0.01 
Board [Jh Kh 7d 4s Qd]
Seat 1: chacalay1 (big blind) collected ($0.17)
Seat 2: XiSCOiX folded before Flop (didn't bet)
Seat 3: WPT1952 folded on the River
Seat 4: Dorex2007 folded before Flop (didn't bet)
Seat 5: HarmonicDust5 folded before Flop (didn't bet)
Seat 7: Snowman373 folded before Flop (didn't bet)
Seat 8: jason198331 (button) folded before Flop (didn't bet)
Seat 9: BrickWall-In (small blind) folded on the River



PokerStars Hand #233932810825:  Hold'em No Limit ($0.01/$0.02 USD) - 2022/02/09 16:43:38 PT [2022/02/09 19:43:38 ET]
Table 'Isberga IV' 9-max Seat #9 is the button
Seat 1: chacalay1 ($1.94 in chips) 
Seat 2: XiSCOiX ($2.28 in chips) 
Seat 3: WPT1952 ($1.37 in chips) 
Seat 4: Dorex2007 ($2.37 in chips) 
Seat 5: HarmonicDust5 ($5.45 in chips) 
Seat 7: Snowman373 ($4.57 in chips) 
Seat 8: jason198331 ($1.72 in chips) 
Seat 9: BrickWall-In ($2.60 in chips) 
chacalay1: posts small blind $0.01
XiSCOiX: posts big blind $0.02
*** HOLE CARDS ***
Dealt to Dorex2007 [4d 7s]
WPT1952: folds 
Dorex2007: folds 
HarmonicDust5: folds 
Snowman373: folds 
jason198331: folds 
BrickWall-In: folds 
chacalay1: raises $0.04 to $0.06
XiSCOiX: calls $0.04
*** FLOP *** [7c Qc 2c]
chacalay1: checks 
XiSCOiX: checks 
*** TURN *** [7c Qc 2c] [Kh]
chacalay1: checks 
XiSCOiX: bets $0.04
chacalay1 said, "abort mission"
chacalay1: folds 
Uncalled bet ($0.04) returned to XiSCOiX
XiSCOiX collected $0.12 from pot
XiSCOiX: doesn't show hand 
*** SUMMARY ***
Total pot $0.12 | Rake $0 
Board [7c Qc 2c Kh]
Seat 1: chacalay1 (small blind) folded on the Turn
Seat 2: XiSCOiX (big blind) collected ($0.12)
Seat 3: WPT1952 folded before Flop (didn't bet)
Seat 4: Dorex2007 folded before Flop (didn't bet)
Seat 5: HarmonicDust5 folded before Flop (didn't bet)
Seat 7: Snowman373 folded before Flop (didn't bet)
Seat 8: jason198331 folded before Flop (didn't bet)
Seat 9: BrickWall-In (button) folded before Flop (didn't bet)



PokerStars Hand #233932829895:  Hold'em No Limit ($0.01/$0.02 USD) - 2022/02/09 16:44:40 PT [2022/02/09 19:44:40 ET]
Table 'Isberga IV' 9-max Seat #1 is the button
Seat 1: chacalay1 ($1.88 in chips) 
Seat 2: XiSCOiX ($2.34 in chips) 
Seat 3: WPT1952 ($1.37 in chips) 
Seat 4: Dorex2007 ($2.37 in chips) 
Seat 5: HarmonicDust5 ($5.45 in chips) 
Seat 7: Snowman373 ($4.57 in chips) 
Seat 8: jason198331 ($1.72 in chips) 
Seat 9: BrickWall-In ($2.60 in chips) 
XiSCOiX: posts small blind $0.01
WPT1952: posts big blind $0.02
*** HOLE CARDS ***
Dealt to Dorex2007 [Td Jh]
Dorex2007: folds 
HarmonicDust5: raises $0.04 to $0.06
Snowman373: folds 
jason198331: folds 
BrickWall-In: folds 
chacalay1: folds 
XiSCOiX: folds 
WPT1952: calls $0.04
*** FLOP *** [5d Kc 4d]
WPT1952: bets $0.07
HarmonicDust5: calls $0.07
*** TURN *** [5d Kc 4d] [Ks]
WPT1952: checks 
HarmonicDust5: bets $0.16
WPT1952: folds 
Uncalled bet ($0.16) returned to HarmonicDust5
HarmonicDust5 collected $0.26 from pot
HarmonicDust5: doesn't show hand 
*** SUMMARY ***
Total pot $0.27 | Rake $0.01 
Board [5d Kc 4d Ks]
Seat 1: chacalay1 (button) folded before Flop (didn't bet)
Seat 2: XiSCOiX (small blind) folded before Flop
Seat 3: WPT1952 (big blind) folded on the Turn
Seat 4: Dorex2007 folded before Flop (didn't bet)
Seat 5: HarmonicDust5 collected ($0.26)
Seat 7: Snowman373 folded before Flop (didn't bet)
Seat 8: jason198331 folded before Flop (didn't bet)
Seat 9: BrickWall-In folded before Flop (didn't bet)



PokerStars Hand #233932840342:  Hold'em No Limit ($0.01/$0.02 USD) - 2022/02/09 16:45:14 PT [2022/02/09 19:45:14 ET]
Table 'Isberga IV' 9-max Seat #2 is the button
Seat 1: chacalay1 ($1.88 in chips) 
Seat 2: XiSCOiX ($2.33 in chips) 
Seat 3: WPT1952 ($1.24 in chips) 
Seat 4: Dorex2007 ($2.37 in chips) 
Seat 5: HarmonicDust5 ($5.58 in chips) 
Seat 7: Snowman373 ($4.57 in chips) 
Seat 8: jason198331 ($1.72 in chips) 
Seat 9: BrickWall-In ($2.60 in chips) 
WPT1952: posts small blind $0.01
Dorex2007: posts big blind $0.02
*** HOLE CARDS ***
Dealt to Dorex2007 [4d Kh]
HarmonicDust5: folds 
Snowman373: folds 
jason198331: folds 
BrickWall-In: folds 
chacalay1: folds 
XiSCOiX: raises $0.04 to $0.06
WPT1952: calls $0.05
Dorex2007: folds 
*** FLOP *** [2c Ad Qd]
WPT1952: bets $0.02
XiSCOiX: raises $0.06 to $0.08
WPT1952: calls $0.06
*** TURN *** [2c Ad Qd] [3c]
WPT1952: bets $0.02
XiSCOiX: calls $0.02
*** RIVER *** [2c Ad Qd 3c] [Ks]
WPT1952: bets $0.33
XiSCOiX: folds 
Uncalled bet ($0.33) returned to WPT1952
WPT1952 collected $0.33 from pot
WPT1952: doesn't show hand 
*** SUMMARY ***
Total pot $0.34 | Rake $0.01 
Board [2c Ad Qd 3c Ks]
Seat 1: chacalay1 folded before Flop (didn't bet)
Seat 2: XiSCOiX (button) folded on the River
Seat 3: WPT1952 (small blind) collected ($0.33)
Seat 4: Dorex2007 (big blind) folded before Flop
Seat 5: HarmonicDust5 folded before Flop (didn't bet)
Seat 7: Snowman373 folded before Flop (didn't bet)
Seat 8: jason198331 folded before Flop (didn't bet)
Seat 9: BrickWall-In folded before Flop (didn't bet)



PokerStars Hand #233932857285:  Hold'em No Limit ($0.01/$0.02 USD) - 2022/02/09 16:45:54 PT [2022/02/09 19:45:54 ET]
Table 'Isberga IV' 9-max Seat #3 is the button
Seat 1: chacalay1 ($1.88 in chips) 
Seat 2: XiSCOiX ($2.17 in chips) 
Seat 3: WPT1952 ($1.41 in chips) 
Seat 4: Dorex2007 ($2.35 in chips) 
Seat 5: HarmonicDust5 ($5.58 in chips) 
Seat 7: Snowman373 ($4.57 in chips) 
Seat 8: jason198331 ($1.72 in chips) 
Seat 9: BrickWall-In ($2.60 in chips) 
Dorex2007: posts small blind $0.01
HarmonicDust5: posts big blind $0.02
*** HOLE CARDS ***
Dealt to Dorex2007 [2d 2s]
Snowman373: folds 
jason198331: folds 
BrickWall-In: folds 
chacalay1: folds 
XiSCOiX: folds 
WPT1952: calls $0.02
Dorex2007: calls $0.01
HarmonicDust5: checks 
*** FLOP *** [Th 3s Ad]
Dorex2007: checks 
HarmonicDust5: checks 
WPT1952: bets $0.06
Dorex2007: folds 
HarmonicDust5: calls $0.06
*** TURN *** [Th 3s Ad] [Kc]
HarmonicDust5: checks 
WPT1952: bets $0.09
HarmonicDust5: folds 
Uncalled bet ($0.09) returned to WPT1952
WPT1952 collected $0.17 from pot
WPT1952: doesn't show hand 
*** SUMMARY ***
Total pot $0.18 | Rake $0.01 
Board [Th 3s Ad Kc]
Seat 1: chacalay1 folded before Flop (didn't bet)
Seat 2: XiSCOiX folded before Flop (didn't bet)
Seat 3: WPT1952 (button) collected ($0.17)
Seat 4: Dorex2007 (small blind) folded on the Flop
Seat 5: HarmonicDust5 (big blind) folded on the Turn
Seat 7: Snowman373 folded before Flop (didn't bet)
Seat 8: jason198331 folded before Flop (didn't bet)
Seat 9: BrickWall-In folded before Flop (didn't bet)



PokerStars Hand #233932868032:  Hold'em No Limit ($0.01/$0.02 USD) - 2022/02/09 16:46:29 PT [2022/02/09 19:46:29 ET]
Table 'Isberga IV' 9-max Seat #4 is the button
Seat 1: chacalay1 ($1.88 in chips) 
Seat 2: XiSCOiX ($2.17 in chips) 
Seat 3: WPT1952 ($1.50 in chips) 
Seat 4: Dorex2007 ($2.33 in chips) 
Seat 5: HarmonicDust5 ($5.50 in chips) 
Seat 7: Snowman373 ($4.57 in chips) 
Seat 8: jason198331 ($1.72 in chips) 
Seat 9: BrickWall-In ($2.60 in chips) 
HarmonicDust5: posts small blind $0.01
Snowman373: posts big blind $0.02
*** HOLE CARDS ***
Dealt to Dorex2007 [3d Td]
jason198331: folds 
BrickWall-In: folds 
chacalay1: raises $0.04 to $0.06
XiSCOiX: folds 
WPT1952: calls $0.06
Dorex2007: folds 
HarmonicDust5: folds 
Snowman373: folds 
*** FLOP *** [Tc 8s 7d]
chacalay1: bets $0.06
WPT1952: calls $0.06
*** TURN *** [Tc 8s 7d] [Kd]
chacalay1: bets $0.24
WPT1952: calls $0.24
*** RIVER *** [Tc 8s 7d Kd] [8d]
chacalay1: bets $0.74
WPT1952: calls $0.74
*** SHOW DOWN ***
chacalay1: shows [Ad Jd] (a flush, Ace high)
WPT1952: mucks hand 
chacalay1 collected $2.15 from pot
*** SUMMARY ***
Total pot $2.23 | Rake $0.08 
Board [Tc 8s 7d Kd 8d]
Seat 1: chacalay1 showed [Ad Jd] and won ($2.15) with a flush, Ace high
Seat 2: XiSCOiX folded before Flop (didn't bet)
Seat 3: WPT1952 mucked [Ks Qs]
Seat 4: Dorex2007 (button) folded before Flop (didn't bet)
Seat 5: HarmonicDust5 (small blind) folded before Flop
Seat 7: Snowman373 (big blind) folded before Flop
Seat 8: jason198331 folded before Flop (didn't bet)
Seat 9: BrickWall-In folded before Flop (didn't bet)



PokerStars Hand #233932889569:  Hold'em No Limit ($0.01/$0.02 USD) - 2022/02/09 16:47:40 PT [2022/02/09 19:47:40 ET]
Table 'Isberga IV' 9-max Seat #5 is the button
Seat 1: chacalay1 ($2.93 in chips) 
Seat 2: XiSCOiX ($2.17 in chips) 
Seat 3: WPT1952 ($0.40 in chips) 
Seat 4: Dorex2007 ($2.33 in chips) 
Seat 5: HarmonicDust5 ($5.49 in chips) 
Seat 7: Snowman373 ($4.55 in chips) 
Seat 8: jason198331 ($1.72 in chips) 
Seat 9: BrickWall-In ($2.60 in chips) 
Snowman373: posts small blind $0.01
jason198331: posts big blind $0.02
*** HOLE CARDS ***
Dealt to Dorex2007 [9c 3d]
BrickWall-In: folds 
chacalay1: folds 
XiSCOiX: raises $0.04 to $0.06
WPT1952: folds 
Dorex2007: folds 
HarmonicDust5: folds 
Snowman373: folds 
jason198331: calls $0.04
*** FLOP *** [9d 7d 8d]
jason198331: bets $0.04
XiSCOiX: calls $0.04
*** TURN *** [9d 7d 8d] [Td]
jason198331: bets $0.06
XiSCOiX: calls $0.06
*** RIVER *** [9d 7d 8d Td] [7h]
jason198331: checks 
XiSCOiX: checks 
*** SHOW DOWN ***
jason198331: shows [Qh 9h] (two pair, Nines and Sevens)
XiSCOiX: shows [Ah Th] (two pair, Tens and Sevens)
XiSCOiX collected $0.32 from pot
chacalay1 said, "i left money on the table"
*** SUMMARY ***
Total pot $0.33 | Rake $0.01 
Board [9d 7d 8d Td 7h]
Seat 1: chacalay1 folded before Flop (didn't bet)
Seat 2: XiSCOiX showed [Ah Th] and won ($0.32) with two pair, Tens and Sevens
Seat 3: WPT1952 folded before Flop (didn't bet)
Seat 4: Dorex2007 folded before Flop (didn't bet)
Seat 5: HarmonicDust5 (button) folded before Flop (didn't bet)
Seat 7: Snowman373 (small blind) folded before Flop
Seat 8: jason198331 (big blind) showed [Qh 9h] and lost with two pair, Nines and Sevens
Seat 9: BrickWall-In folded before Flop (didn't bet)



PokerStars Hand #233932905201:  Hold'em No Limit ($0.01/$0.02 USD) - 2022/02/09 16:48:32 PT [2022/02/09 19:48:32 ET]
Table 'Isberga IV' 9-max Seat #7 is the button
Seat 1: chacalay1 ($2.93 in chips) 
Seat 2: XiSCOiX ($2.33 in chips) 
Seat 3: WPT1952 ($0.40 in chips) 
Seat 4: Dorex2007 ($2.33 in chips) 
Seat 5: HarmonicDust5 ($5.49 in chips) 
Seat 7: Snowman373 ($4.54 in chips) 
Seat 8: jason198331 ($1.56 in chips) 
Seat 9: BrickWall-In ($2.60 in chips) 
jason198331: posts small blind $0.01
BrickWall-In: posts big blind $0.02
*** HOLE CARDS ***
Dealt to Dorex2007 [6d 4c]
chacalay1 said, "ell for the bus"
chacalay1: calls $0.02
XiSCOiX: raises $0.14 to $0.16
WPT1952: calls $0.16
Dorex2007: folds 
HarmonicDust5: folds 
Snowman373: folds 
jason198331: folds 
HarmonicDust5 said, "what lol"
BrickWall-In: folds 
chacalay1: folds 
*** FLOP *** [8d 9s Jd]
XiSCOiX: bets $0.20
WPT1952: raises $0.04 to $0.24 and is all-in
XiSCOiX: calls $0.04
*** TURN *** [8d 9s Jd] [3h]
chacalay1 said, "for the bus back home"
*** RIVER *** [8d 9s Jd 3h] [9c]
*** SHOW DOWN ***
XiSCOiX: shows [Ah Kh] (a pair of Nines)
WPT1952: shows [6c Tc] (a pair of Nines - lower kicker)
XiSCOiX collected $0.82 from pot
WPT1952 cashed out the hand for $0.39
*** SUMMARY ***
Total pot $0.85 | Rake $0.03 
Board [8d 9s Jd 3h 9c]
Seat 1: chacalay1 folded before Flop
Seat 2: XiSCOiX showed [Ah Kh] and won ($0.82) with a pair of Nines
Seat 3: WPT1952 showed [6c Tc] and lost with a pair of Nines (cashed out).
Seat 4: Dorex2007 folded before Flop (didn't bet)
Seat 5: HarmonicDust5 folded before Flop (didn't bet)
Seat 7: Snowman373 (button) folded before Flop (didn't bet)
Seat 8: jason198331 (small blind) folded before Flop
Seat 9: BrickWall-In (big blind) folded before Flop



PokerStars Hand #233932918807:  Hold'em No Limit ($0.01/$0.02 USD) - 2022/02/09 16:49:17 PT [2022/02/09 19:49:17 ET]
Table 'Isberga IV' 9-max Seat #8 is the button
Seat 1: chacalay1 ($2.91 in chips) 
Seat 2: XiSCOiX ($2.75 in chips) 
Seat 3: WPT1952 ($0.39 in chips) 
Seat 4: Dorex2007 ($2.33 in chips) 
Seat 5: HarmonicDust5 ($5.49 in chips) 
Seat 7: Snowman373 ($4.54 in chips) 
Seat 8: jason198331 ($1.55 in chips) 
Seat 9: BrickWall-In ($2.58 in chips) 
BrickWall-In: posts small blind $0.01
chacalay1: posts big blind $0.02
*** HOLE CARDS ***
Dealt to Dorex2007 [6s 8s]
XiSCOiX: raises $0.04 to $0.06
WPT1952: folds 
Dorex2007: folds 
HarmonicDust5: folds 
Snowman373: folds 
jason198331: folds 
BrickWall-In: folds 
chacalay1: folds 
Uncalled bet ($0.04) returned to XiSCOiX
XiSCOiX collected $0.05 from pot
XiSCOiX: doesn't show hand 
*** SUMMARY ***
Total pot $0.05 | Rake $0 
Seat 1: chacalay1 (big blind) folded before Flop
Seat 2: XiSCOiX collected ($0.05)
Seat 3: WPT1952 folded before Flop (didn't bet)
Seat 4: Dorex2007 folded before Flop (didn't bet)
Seat 5: HarmonicDust5 folded before Flop (didn't bet)
Seat 7: Snowman373 folded before Flop (didn't bet)
Seat 8: jason198331 (button) folded before Flop (didn't bet)
Seat 9: BrickWall-In (small blind) folded before Flop



PokerStars Hand #233932925768:  Hold'em No Limit ($0.01/$0.02 USD) - 2022/02/09 16:49:40 PT [2022/02/09 19:49:40 ET]
Table 'Isberga IV' 9-max Seat #9 is the button
Seat 1: chacalay1 ($2.89 in chips) 
Seat 3: WPT1952 ($0.39 in chips) 
Seat 4: Dorex2007 ($2.33 in chips) 
Seat 5: HarmonicDust5 ($5.49 in chips) 
Seat 7: Snowman373 ($4.54 in chips) 
Seat 8: jason198331 ($1.55 in chips) 
Seat 9: BrickWall-In ($2.57 in chips) 
chacalay1: posts small blind $0.01
XiSCOiX: is sitting out 
WPT1952: posts big blind $0.02
*** HOLE CARDS ***
Dealt to Dorex2007 [Tc Js]
Dorex2007: folds 
HarmonicDust5: folds 
Snowman373: folds 
XiSCOiX leaves the table
jason198331: calls $0.02
BrickWall-In: raises $0.07 to $0.09
chacalay1: folds 
WPT1952: calls $0.07
jason198331: folds 
*** FLOP *** [2c Kh Ts]
WPT1952: checks 
chacalay1 said, "reload"
BrickWall-In: checks 
*** TURN *** [2c Kh Ts] [5d]
WPT1952: bets $0.02
BrickWall-In: calls $0.02
*** RIVER *** [2c Kh Ts 5d] [Ks]
WPT1952: checks 
BrickWall-In: checks 
*** SHOW DOWN ***
WPT1952: shows [Jc 5c] (two pair, Kings and Fives)
BrickWall-In: mucks hand 
WPT1952 collected $0.24 from pot
*** SUMMARY ***
Total pot $0.25 | Rake $0.01 
Board [2c Kh Ts 5d Ks]
Seat 1: chacalay1 (small blind) folded before Flop
Seat 3: WPT1952 (big blind) showed [Jc 5c] and won ($0.24) with two pair, Kings and Fives
Seat 4: Dorex2007 folded before Flop (didn't bet)
Seat 5: HarmonicDust5 folded before Flop (didn't bet)
Seat 7: Snowman373 folded before Flop (didn't bet)
Seat 8: jason198331 folded before Flop
Seat 9: BrickWall-In (button) mucked [Jd Ah]



PokerStars Hand #233932939419:  Hold'em No Limit ($0.01/$0.02 USD) - 2022/02/09 16:50:25 PT [2022/02/09 19:50:25 ET]
Table 'Isberga IV' 9-max Seat #3 is the button
Seat 3: WPT1952 ($0.52 in chips) 
Seat 4: Dorex2007 ($2.33 in chips) 
Seat 5: HarmonicDust5 ($5.49 in chips) 
Seat 7: Snowman373 ($4.54 in chips) 
Seat 8: jason198331 ($1.53 in chips) 
Seat 9: BrickWall-In ($2.46 in chips) 
Dorex2007: posts small blind $0.01
HarmonicDust5: posts big blind $0.02
*** HOLE CARDS ***
Dealt to Dorex2007 [5d 6h]
Snowman373: folds 
jason198331: calls $0.02
BrickWall-In: folds 
WPT1952: raises $0.02 to $0.04
chacalay1 leaves the table
Dorex2007: folds 
HarmonicDust5: folds 
jason198331: calls $0.02
*** FLOP *** [8c 8d 7s]
jason198331: checks 
WPT1952: bets $0.02
jason198331: calls $0.02
*** TURN *** [8c 8d 7s] [Jh]
lucasmacedoic joins the table at seat #1 
jason198331: checks 
WPT1952: bets $0.07
jason198331: calls $0.07
*** RIVER *** [8c 8d 7s Jh] [7h]
jason198331: checks 
WPT1952: bets $0.28
jason198331: folds 
Uncalled bet ($0.28) returned to WPT1952
WPT1952 collected $0.28 from pot
WPT1952: doesn't show hand 
*** SUMMARY ***
Total pot $0.29 | Rake $0.01 
Board [8c 8d 7s Jh 7h]
Seat 3: WPT1952 (button) collected ($0.28)
Seat 4: Dorex2007 (small blind) folded before Flop
Seat 5: HarmonicDust5 (big blind) folded before Flop
Seat 7: Snowman373 folded before Flop (didn't bet)
Seat 8: jason198331 folded on the River
Seat 9: BrickWall-In folded before Flop (didn't bet)



PokerStars Hand #233932957951:  Hold'em No Limit ($0.01/$0.02 USD) - 2022/02/09 16:51:25 PT [2022/02/09 19:51:25 ET]
Table 'Isberga IV' 9-max Seat #4 is the button
Seat 3: WPT1952 ($0.67 in chips) 
Seat 4: Dorex2007 ($2.32 in chips) 
Seat 5: HarmonicDust5 ($5.47 in chips) 
Seat 7: Snowman373 ($4.54 in chips) 
Seat 8: jason198331 ($1.40 in chips) 
Seat 9: BrickWall-In ($2.46 in chips) 
HarmonicDust5: posts small blind $0.01
Snowman373: posts big blind $0.02
lucasmacedoic: sits out 
*** HOLE CARDS ***
Dealt to Dorex2007 [7d 3s]
jason198331: folds 
BrickWall-In: raises $0.04 to $0.06
WPT1952: folds 
Dorex2007: folds 
HarmonicDust5: folds 
Snowman373: folds 
Uncalled bet ($0.04) returned to BrickWall-In
BrickWall-In collected $0.05 from pot
Apostol108 leaves the table
BrickWall-In: doesn't show hand 
*** SUMMARY ***
Total pot $0.05 | Rake $0 
Seat 3: WPT1952 folded before Flop (didn't bet)
Seat 4: Dorex2007 (button) folded before Flop (didn't bet)
Seat 5: HarmonicDust5 (small blind) folded before Flop
Seat 7: Snowman373 (big blind) folded before Flop
Seat 8: jason198331 folded before Flop (didn't bet)
Seat 9: BrickWall-In collected ($0.05)



PokerStars Hand #233932963774:  Hold'em No Limit ($0.01/$0.02 USD) - 2022/02/09 16:51:45 PT [2022/02/09 19:51:45 ET]
Table 'Isberga IV' 9-max Seat #5 is the button
Seat 3: WPT1952 ($0.67 in chips) 
Seat 4: Dorex2007 ($2.32 in chips) 
Seat 5: HarmonicDust5 ($5.46 in chips) 
Seat 7: Snowman373 ($4.52 in chips) 
Seat 8: jason198331 ($1.40 in chips) 
Seat 9: BrickWall-In ($2.49 in chips) 
Snowman373: posts small blind $0.01
jason198331: posts big blind $0.02
lucasmacedoic: sits out 
*** HOLE CARDS ***
Dealt to Dorex2007 [7c Qd]
bazr1 joins the table at seat #2 
BrickWall-In: folds 
WPT1952: calls $0.02
Dorex2007: folds 
HarmonicDust5: raises $0.08 to $0.10
Snowman373: folds 
Generate345 joins the table at seat #6 
jason198331: calls $0.08
WPT1952: calls $0.08
*** FLOP *** [Jd Ah 2c]
jason198331: checks 
WPT1952: checks 
HarmonicDust5: bets $0.18
jason198331: folds 
WPT1952: folds 
Uncalled bet ($0.18) returned to HarmonicDust5
HarmonicDust5 collected $0.30 from pot
HarmonicDust5: doesn't show hand 
*** SUMMARY ***
Total pot $0.31 | Rake $0.01 
Board [Jd Ah 2c]
Seat 3: WPT1952 folded on the Flop
Seat 4: Dorex2007 folded before Flop (didn't bet)
Seat 5: HarmonicDust5 (button) collected ($0.30)
Seat 7: Snowman373 (small blind) folded before Flop
Seat 8: jason198331 (big blind) folded on the Flop
Seat 9: BrickWall-In folded before Flop (didn't bet)



PokerStars Hand #233932975010:  Hold'em No Limit ($0.01/$0.02 USD) - 2022/02/09 16:52:22 PT [2022/02/09 19:52:22 ET]
Table 'Isberga IV' 9-max Seat #7 is the button
Seat 3: WPT1952 ($0.57 in chips) 
Seat 4: Dorex2007 ($2.32 in chips) 
Seat 5: HarmonicDust5 ($5.66 in chips) 
Seat 6: Generate345 ($1.60 in chips) 
Seat 7: Snowman373 ($4.51 in chips) 
Seat 8: jason198331 ($1.30 in chips) 
Seat 9: BrickWall-In ($2.49 in chips) 
jason198331: posts small blind $0.01
BrickWall-In: posts big blind $0.02
lucasmacedoic: sits out 
bazr1: sits out 
Generate345: posts big blind $0.02
*** HOLE CARDS ***
Dealt to Dorex2007 [4c 4d]
WPT1952: raises $0.07 to $0.09
Dorex2007: folds 
HarmonicDust5: folds 
Generate345: folds 
Snowman373: folds 
jason198331: folds 
BrickWall-In: folds 
Uncalled bet ($0.07) returned to WPT1952
WPT1952 collected $0.07 from pot
WPT1952: doesn't show hand 
*** SUMMARY ***
Total pot $0.07 | Rake $0 
Seat 3: WPT1952 collected ($0.07)
Seat 4: Dorex2007 folded before Flop (didn't bet)
Seat 5: HarmonicDust5 folded before Flop (didn't bet)
Seat 6: Generate345 folded before Flop (didn't bet)
Seat 7: Snowman373 (button) folded before Flop (didn't bet)
Seat 8: jason198331 (small blind) folded before Flop
Seat 9: BrickWall-In (big blind) folded before Flop



PokerStars Hand #233932982776:  Hold'em No Limit ($0.01/$0.02 USD) - 2022/02/09 16:52:48 PT [2022/02/09 19:52:48 ET]
Table 'Isberga IV' 9-max Seat #8 is the button
Seat 1: lucasmacedoic ($0.80 in chips) 
Seat 3: WPT1952 ($0.62 in chips) 
Seat 4: Dorex2007 ($2.32 in chips) 
Seat 5: HarmonicDust5 ($5.66 in chips) 
Seat 6: Generate345 ($1.58 in chips) 
Seat 7: Snowman373 ($4.51 in chips) 
Seat 8: jason198331 ($1.29 in chips) 
Seat 9: BrickWall-In ($2.47 in chips) 
BrickWall-In: posts small blind $0.01
lucasmacedoic: posts big blind $0.02
bazr1: sits out 
*** HOLE CARDS ***
Dealt to Dorex2007 [2s 7c]
WPT1952: raises $0.05 to $0.07
Dorex2007: folds 
HarmonicDust5: folds 
Generate345: folds 
Snowman373: folds 
jason198331: raises $1.22 to $1.29 and is all-in
BrickWall-In: folds 
lucasmacedoic: folds 
WPT1952: calls $0.55 and is all-in
Uncalled bet ($0.67) returned to jason198331
*** FLOP *** [4c Ts 6s]
*** TURN *** [4c Ts 6s] [Qh]
*** RIVER *** [4c Ts 6s Qh] [Ah]
*** SHOW DOWN ***
WPT1952: shows [Kd 9d] (high card Ace)
jason198331: shows [Td Th] (three of a kind, Tens)
jason198331 collected $1.23 from pot
*** SUMMARY ***
Total pot $1.27 | Rake $0.04 
Board [4c Ts 6s Qh Ah]
Seat 1: lucasmacedoic (big blind) folded before Flop
Seat 3: WPT1952 showed [Kd 9d] and lost with high card Ace
Seat 4: Dorex2007 folded before Flop (didn't bet)
Seat 5: HarmonicDust5 folded before Flop (didn't bet)
Seat 6: Generate345 folded before Flop (didn't bet)
Seat 7: Snowman373 folded before Flop (didn't bet)
Seat 8: jason198331 (button) showed [Td Th] and won ($1.23) with three of a kind, Tens
Seat 9: BrickWall-In (small blind) folded before Flop



PokerStars Hand #233932991381:  Hold'em No Limit ($0.01/$0.02 USD) - 2022/02/09 16:53:17 PT [2022/02/09 19:53:17 ET]
Table 'Isberga IV' 9-max Seat #9 is the button
Seat 1: lucasmacedoic ($0.78 in chips) 
Seat 2: bazr1 ($1.60 in chips) 
Seat 4: Dorex2007 ($2.32 in chips) 
Seat 5: HarmonicDust5 ($5.66 in chips) 
Seat 6: Generate345 ($1.58 in chips) 
Seat 7: Snowman373 ($4.51 in chips) 
Seat 8: jason198331 ($1.90 in chips) 
Seat 9: BrickWall-In ($2.46 in chips) 
lucasmacedoic: posts small blind $0.01
bazr1: posts big blind $0.02
*** HOLE CARDS ***
Dealt to Dorex2007 [8d Jc]
Dorex2007: folds 
HarmonicDust5: folds 
Generate345: folds 
Snowman373: folds 
jason198331: folds 
WPT1952 leaves the table
BrickWall-In: folds 
lucasmacedoic: raises $0.02 to $0.04
Apostol108 joins the table at seat #3 
bazr1: calls $0.02
*** FLOP *** [8h Tc 3c]
lucasmacedoic: checks 
bazr1: checks 
*** TURN *** [8h Tc 3c] [9h]
lucasmacedoic: bets $0.04
bazr1: calls $0.04
*** RIVER *** [8h Tc 3c 9h] [Qc]
lucasmacedoic: checks 
bazr1: checks 
*** SHOW DOWN ***
lucasmacedoic: shows [Ah 2s] (high card Ace)
bazr1: shows [7d As] (high card Ace)
lucasmacedoic collected $0.08 from pot
bazr1 collected $0.07 from pot
*** SUMMARY ***
Total pot $0.16 | Rake $0.01 
Board [8h Tc 3c 9h Qc]
Seat 1: lucasmacedoic (small blind) showed [Ah 2s] and won ($0.08) with high card Ace
Seat 2: bazr1 (big blind) showed [7d As] and won ($0.07) with high card Ace
Seat 4: Dorex2007 folded before Flop (didn't bet)
Seat 5: HarmonicDust5 folded before Flop (didn't bet)
Seat 6: Generate345 folded before Flop (didn't bet)
Seat 7: Snowman373 folded before Flop (didn't bet)
Seat 8: jason198331 folded before Flop (didn't bet)
Seat 9: BrickWall-In (button) folded before Flop (didn't bet)



PokerStars Hand #233933002656:  Hold'em No Limit ($0.01/$0.02 USD) - 2022/02/09 16:53:55 PT [2022/02/09 19:53:55 ET]
Table 'Isberga IV' 9-max Seat #1 is the button
Seat 1: lucasmacedoic ($0.78 in chips) 
Seat 2: bazr1 ($1.59 in chips) 
Seat 3: Apostol108 ($2 in chips) 
Seat 4: Dorex2007 ($2.32 in chips) 
Seat 5: HarmonicDust5 ($5.66 in chips) 
Seat 6: Generate345 ($1.58 in chips) 
Seat 7: Snowman373 ($4.51 in chips) 
Seat 8: jason198331 ($1.90 in chips) 
Seat 9: BrickWall-In ($2.46 in chips) 
bazr1: posts small blind $0.01
Apostol108: posts big blind $0.02
*** HOLE CARDS ***
Dealt to Dorex2007 [8c Qh]
Dorex2007: folds 
HarmonicDust5: folds 
Generate345: folds 
Snowman373: folds 
jason198331: folds 
BrickWall-In: folds 
lucasmacedoic: folds 
bazr1: folds 
Uncalled bet ($0.01) returned to Apostol108
Apostol108 collected $0.02 from pot
*** SUMMARY ***
Total pot $0.02 | Rake $0 
Seat 1: lucasmacedoic (button) folded before Flop (didn't bet)
Seat 2: bazr1 (small blind) folded before Flop
Seat 3: Apostol108 (big blind) collected ($0.02)
Seat 4: Dorex2007 folded before Flop (didn't bet)
Seat 5: HarmonicDust5 folded before Flop (didn't bet)
Seat 6: Generate345 folded before Flop (didn't bet)
Seat 7: Snowman373 folded before Flop (didn't bet)
Seat 8: jason198331 folded before Flop (didn't bet)
Seat 9: BrickWall-In folded before Flop (didn't bet)



PokerStars Hand #233933006804:  Hold'em No Limit ($0.01/$0.02 USD) - 2022/02/09 16:54:09 PT [2022/02/09 19:54:09 ET]
Table 'Isberga IV' 9-max Seat #2 is the button
Seat 1: lucasmacedoic ($0.78 in chips) 
Seat 2: bazr1 ($1.58 in chips) 
Seat 3: Apostol108 ($2.01 in chips) 
Seat 4: Dorex2007 ($2.32 in chips) 
Seat 5: HarmonicDust5 ($5.66 in chips) 
Seat 6: Generate345 ($1.58 in chips) 
Seat 7: Snowman373 ($4.51 in chips) 
Seat 8: jason198331 ($1.90 in chips) 
Seat 9: BrickWall-In ($2.46 in chips) 
Apostol108: posts small blind $0.01
Dorex2007: posts big blind $0.02
*** HOLE CARDS ***
Dealt to Dorex2007 [6d 8s]
HarmonicDust5: raises $0.03 to $0.05
Generate345: folds 
Snowman373: folds 
jason198331: folds 
BrickWall-In: folds 
lucasmacedoic: folds 
bazr1: folds 
Apostol108: folds 
Dorex2007: folds 
Uncalled bet ($0.03) returned to HarmonicDust5
HarmonicDust5 collected $0.05 from pot
HarmonicDust5: doesn't show hand 
*** SUMMARY ***
Total pot $0.05 | Rake $0 
Seat 1: lucasmacedoic folded before Flop (didn't bet)
Seat 2: bazr1 (button) folded before Flop (didn't bet)
Seat 3: Apostol108 (small blind) folded before Flop
Seat 4: Dorex2007 (big blind) folded before Flop
Seat 5: HarmonicDust5 collected ($0.05)
Seat 6: Generate345 folded before Flop (didn't bet)
Seat 7: Snowman373 folded before Flop (didn't bet)
Seat 8: jason198331 folded before Flop (didn't bet)
Seat 9: BrickWall-In folded before Flop (didn't bet)



PokerStars Hand #233933011015:  Hold'em No Limit ($0.01/$0.02 USD) - 2022/02/09 16:54:23 PT [2022/02/09 19:54:23 ET]
Table 'Isberga IV' 9-max Seat #3 is the button
Seat 1: lucasmacedoic ($0.78 in chips) 
Seat 2: bazr1 ($1.58 in chips) 
Seat 3: Apostol108 ($2 in chips) 
Seat 4: Dorex2007 ($2.30 in chips) 
Seat 5: HarmonicDust5 ($5.69 in chips) 
Seat 6: Generate345 ($1.58 in chips) 
Seat 7: Snowman373 ($4.51 in chips) 
Seat 8: jason198331 ($1.90 in chips) 
Seat 9: BrickWall-In ($2.46 in chips) 
Dorex2007: posts small blind $0.01
HarmonicDust5: posts big blind $0.02
*** HOLE CARDS ***
Dealt to Dorex2007 [3s Kc]
Generate345: raises $0.02 to $0.04
Snowman373: folds 
jason198331: calls $0.04
BrickWall-In: folds 
lucasmacedoic: folds 
bazr1: folds 
Apostol108: folds 
Dorex2007: folds 
HarmonicDust5: folds 
*** FLOP *** [3d 5s 8h]
Generate345: bets $0.11
jason198331: calls $0.11
*** TURN *** [3d 5s 8h] [Qs]
Generate345: checks 
jason198331: checks 
*** RIVER *** [3d 5s 8h Qs] [Jh]
Generate345: checks 
jason198331: checks 
*** SHOW DOWN ***
Generate345: shows [Ad 2c] (high card Ace)
jason198331: mucks hand 
Generate345 collected $0.32 from pot
*** SUMMARY ***
Total pot $0.33 | Rake $0.01 
Board [3d 5s 8h Qs Jh]
Seat 1: lucasmacedoic folded before Flop (didn't bet)
Seat 2: bazr1 folded before Flop (didn't bet)
Seat 3: Apostol108 (button) folded before Flop (didn't bet)
Seat 4: Dorex2007 (small blind) folded before Flop
Seat 5: HarmonicDust5 (big blind) folded before Flop
Seat 6: Generate345 showed [Ad 2c] and won ($0.32) with high card Ace
Seat 7: Snowman373 folded before Flop (didn't bet)
Seat 8: jason198331 mucked [Tc Ks]
Seat 9: BrickWall-In folded before Flop (didn't bet)



PokerStars Hand #233933020785:  Hold'em No Limit ($0.01/$0.02 USD) - 2022/02/09 16:54:57 PT [2022/02/09 19:54:57 ET]
Table 'Isberga IV' 9-max Seat #4 is the button
Seat 1: lucasmacedoic ($0.78 in chips) 
Seat 2: bazr1 ($1.58 in chips) 
Seat 3: Apostol108 ($2 in chips) 
Seat 4: Dorex2007 ($2.29 in chips) 
Seat 5: HarmonicDust5 ($5.67 in chips) 
Seat 6: Generate345 ($1.75 in chips) 
Seat 7: Snowman373 ($4.51 in chips) 
Seat 8: jason198331 ($1.75 in chips) 
Seat 9: BrickWall-In ($2.46 in chips) 
HarmonicDust5: posts small blind $0.01
Generate345: posts big blind $0.02
*** HOLE CARDS ***
Dealt to Dorex2007 [3d 9c]
Snowman373: folds 
jason198331: folds 
BrickWall-In: folds 
lucasmacedoic: folds 
bazr1: folds 
Apostol108: raises $0.04 to $0.06
Dorex2007: folds 
HarmonicDust5: folds 
Generate345: calls $0.04
*** FLOP *** [Kd Kh 5c]
Generate345: checks 
Apostol108: bets $0.07
Generate345: folds 
Uncalled bet ($0.07) returned to Apostol108
Apostol108 collected $0.13 from pot
Apostol108: doesn't show hand 
*** SUMMARY ***
Total pot $0.13 | Rake $0 
Board [Kd Kh 5c]
Seat 1: lucasmacedoic folded before Flop (didn't bet)
Seat 2: bazr1 folded before Flop (didn't bet)
Seat 3: Apostol108 collected ($0.13)
Seat 4: Dorex2007 (button) folded before Flop (didn't bet)
Seat 5: HarmonicDust5 (small blind) folded before Flop
Seat 6: Generate345 (big blind) folded on the Flop
Seat 7: Snowman373 folded before Flop (didn't bet)
Seat 8: jason198331 folded before Flop (didn't bet)
Seat 9: BrickWall-In folded before Flop (didn't bet)



PokerStars Hand #233933026553:  Hold'em No Limit ($0.01/$0.02 USD) - 2022/02/09 16:55:18 PT [2022/02/09 19:55:18 ET]
Table 'Isberga IV' 9-max Seat #5 is the button
Seat 1: lucasmacedoic ($0.78 in chips) 
Seat 2: bazr1 ($1.58 in chips) 
Seat 3: Apostol108 ($2.07 in chips) 
Seat 4: Dorex2007 ($2.29 in chips) 
Seat 5: HarmonicDust5 ($5.66 in chips) 
Seat 6: Generate345 ($1.69 in chips) 
Seat 7: Snowman373 ($4.51 in chips) 
Seat 8: jason198331 ($1.75 in chips) 
Seat 9: BrickWall-In ($2.46 in chips) 
Generate345: posts small blind $0.01
Snowman373: posts big blind $0.02
*** HOLE CARDS ***
Dealt to Dorex2007 [7h Ts]
jason198331: folds 
BrickWall-In: folds 
lucasmacedoic: folds 
bazr1: folds 
Apostol108: folds 
Dorex2007: folds 
HarmonicDust5: raises $0.03 to $0.05
Generate345: folds 
Snowman373: folds 
Uncalled bet ($0.03) returned to HarmonicDust5
HarmonicDust5 collected $0.05 from pot
HarmonicDust5: doesn't show hand 
*** SUMMARY ***
Total pot $0.05 | Rake $0 
Seat 1: lucasmacedoic folded before Flop (didn't bet)
Seat 2: bazr1 folded before Flop (didn't bet)
Seat 3: Apostol108 folded before Flop (didn't bet)
Seat 4: Dorex2007 folded before Flop (didn't bet)
Seat 5: HarmonicDust5 (button) collected ($0.05)
Seat 6: Generate345 (small blind) folded before Flop
Seat 7: Snowman373 (big blind) folded before Flop
Seat 8: jason198331 folded before Flop (didn't bet)
Seat 9: BrickWall-In folded before Flop (didn't bet)



PokerStars Hand #233933030585:  Hold'em No Limit ($0.01/$0.02 USD) - 2022/02/09 16:55:35 PT [2022/02/09 19:55:35 ET]
Table 'Isberga IV' 9-max Seat #6 is the button
Seat 1: lucasmacedoic ($0.78 in chips) 
Seat 2: bazr1 ($1.58 in chips) 
Seat 3: Apostol108 ($2.07 in chips) 
Seat 4: Dorex2007 ($2.29 in chips) 
Seat 5: HarmonicDust5 ($5.69 in chips) 
Seat 6: Generate345 ($1.68 in chips) 
Seat 7: Snowman373 ($4.49 in chips) 
Seat 8: jason198331 ($1.75 in chips) 
Seat 9: BrickWall-In ($2.46 in chips) 
Snowman373: posts small blind $0.01
jason198331: posts big blind $0.02
*** HOLE CARDS ***
Dealt to Dorex2007 [5d 4d]
BrickWall-In: raises $0.05 to $0.07
lucasmacedoic: folds 
bazr1: folds 
Apostol108: folds 
Dorex2007: folds 
HarmonicDust5: folds 
Generate345: calls $0.07
Snowman373: folds 
jason198331: calls $0.05
*** FLOP *** [5c 5s 3d]
jason198331: checks 
BrickWall-In: bets $0.12
Generate345 is disconnected 
Generate345 is connected 
Generate345: folds 
jason198331: calls $0.12
*** TURN *** [5c 5s 3d] [7s]
jason198331: checks 
BrickWall-In: checks 
*** RIVER *** [5c 5s 3d 7s] [Ac]
jason198331: bets $0.22
BrickWall-In: calls $0.22
*** SHOW DOWN ***
jason198331: shows [Tc Qc] (a pair of Fives)
BrickWall-In: shows [Qh Qs] (two pair, Queens and Fives)
BrickWall-In collected $0.87 from pot
*** SUMMARY ***
Total pot $0.90 | Rake $0.03 
Board [5c 5s 3d 7s Ac]
Seat 1: lucasmacedoic folded before Flop (didn't bet)
Seat 2: bazr1 folded before Flop (didn't bet)
Seat 3: Apostol108 folded before Flop (didn't bet)
Seat 4: Dorex2007 folded before Flop (didn't bet)
Seat 5: HarmonicDust5 folded before Flop (didn't bet)
Seat 6: Generate345 (button) folded on the Flop
Seat 7: Snowman373 (small blind) folded before Flop
Seat 8: jason198331 (big blind) showed [Tc Qc] and lost with a pair of Fives
Seat 9: BrickWall-In showed [Qh Qs] and won ($0.87) with two pair, Queens and Fives



PokerStars Hand #233933048942:  Hold'em No Limit ($0.01/$0.02 USD) - 2022/02/09 16:56:51 PT [2022/02/09 19:56:51 ET]
Table 'Isberga IV' 9-max Seat #7 is the button
Seat 1: lucasmacedoic ($0.78 in chips) 
Seat 2: bazr1 ($1.58 in chips) 
Seat 3: Apostol108 ($2.07 in chips) 
Seat 4: Dorex2007 ($2.29 in chips) 
Seat 5: HarmonicDust5 ($5.69 in chips) 
Seat 6: Generate345 ($1.61 in chips) 
Seat 7: Snowman373 ($4.48 in chips) 
Seat 8: jason198331 ($1.34 in chips) 
Seat 9: BrickWall-In ($2.92 in chips) 
jason198331: posts small blind $0.01
BrickWall-In: posts big blind $0.02
*** HOLE CARDS ***
Dealt to Dorex2007 [Kc Js]
lucasmacedoic: folds 
bazr1: folds 
Apostol108: folds 
Dorex2007: raises $0.04 to $0.06
HarmonicDust5: folds 
Generate345: folds 
Snowman373: folds 
jason198331: folds 
BrickWall-In: folds 
Uncalled bet ($0.04) returned to Dorex2007
Dorex2007 collected $0.05 from pot
Dorex2007: doesn't show hand 
*** SUMMARY ***
Total pot $0.05 | Rake $0 
Seat 1: lucasmacedoic folded before Flop (didn't bet)
Seat 2: bazr1 folded before Flop (didn't bet)
Seat 3: Apostol108 folded before Flop (didn't bet)
Seat 4: Dorex2007 collected ($0.05)
Seat 5: HarmonicDust5 folded before Flop (didn't bet)
Seat 6: Generate345 folded before Flop (didn't bet)
Seat 7: Snowman373 (button) folded before Flop (didn't bet)
Seat 8: jason198331 (small blind) folded before Flop
Seat 9: BrickWall-In (big blind) folded before Flop



PokerStars Hand #233933057885:  Hold'em No Limit ($0.01/$0.02 USD) - 2022/02/09 16:57:27 PT [2022/02/09 19:57:27 ET]
Table 'Isberga IV' 9-max Seat #8 is the button
Seat 1: lucasmacedoic ($0.78 in chips) 
Seat 2: bazr1 ($1.58 in chips) 
Seat 3: Apostol108 ($2.07 in chips) 
Seat 4: Dorex2007 ($2.32 in chips) 
Seat 5: HarmonicDust5 ($5.69 in chips) 
Seat 6: Generate345 ($1.61 in chips) 
Seat 7: Snowman373 ($4.48 in chips) 
Seat 8: jason198331 ($1.33 in chips) 
Seat 9: BrickWall-In ($2.90 in chips) 
BrickWall-In: posts small blind $0.01
lucasmacedoic: posts big blind $0.02
*** HOLE CARDS ***
Dealt to Dorex2007 [7s Qd]
bazr1: folds 
Apostol108: folds 
Dorex2007: folds 
HarmonicDust5: folds 
Generate345: calls $0.02
Snowman373: folds 
jason198331 has timed out
jason198331: folds 
BrickWall-In: calls $0.01
lucasmacedoic: checks 
*** FLOP *** [Jh 9d 7h]
BrickWall-In: bets $0.04
lucasmacedoic: folds 
Generate345: calls $0.04
*** TURN *** [Jh 9d 7h] [6d]
BrickWall-In: bets $0.04
Generate345: calls $0.04
*** RIVER *** [Jh 9d 7h 6d] [Td]
BrickWall-In: checks 
Generate345: checks 
*** SHOW DOWN ***
BrickWall-In: shows [8h 6c] (a straight, Seven to Jack)
Generate345: mucks hand 
BrickWall-In collected $0.21 from pot
*** SUMMARY ***
Total pot $0.22 | Rake $0.01 
Board [Jh 9d 7h 6d Td]
Seat 1: lucasmacedoic (big blind) folded on the Flop
Seat 2: bazr1 folded before Flop (didn't bet)
Seat 3: Apostol108 folded before Flop (didn't bet)
Seat 4: Dorex2007 folded before Flop (didn't bet)
Seat 5: HarmonicDust5 folded before Flop (didn't bet)
Seat 6: Generate345 mucked [Ah 3h]
Seat 7: Snowman373 folded before Flop (didn't bet)
Seat 8: jason198331 (button) folded before Flop (didn't bet)
Seat 9: BrickWall-In (small blind) showed [8h 6c] and won ($0.21) with a straight, Seven to Jack



PokerStars Hand #233933069485:  Hold'em No Limit ($0.01/$0.02 USD) - 2022/02/09 16:58:15 PT [2022/02/09 19:58:15 ET]
Table 'Isberga IV' 9-max Seat #9 is the button
Seat 1: lucasmacedoic ($0.76 in chips) 
Seat 2: bazr1 ($1.58 in chips) 
Seat 3: Apostol108 ($2.07 in chips) 
Seat 4: Dorex2007 ($2.32 in chips) 
Seat 5: HarmonicDust5 ($5.69 in chips) 
Seat 6: Generate345 ($1.51 in chips) 
Seat 7: Snowman373 ($4.48 in chips) 
Seat 8: jason198331 ($1.33 in chips) 
Seat 9: BrickWall-In ($3.01 in chips) 
lucasmacedoic: posts small blind $0.01
bazr1: posts big blind $0.02
*** HOLE CARDS ***
Dealt to Dorex2007 [As 8s]
Apostol108: folds 
Dorex2007: folds 
HarmonicDust5: folds 
Generate345: folds 
Snowman373: folds 
jason198331: raises $0.02 to $0.04
BrickWall-In: folds 
lucasmacedoic: folds 
bazr1: folds 
Uncalled bet ($0.02) returned to jason198331
jason198331 collected $0.05 from pot
jason198331: doesn't show hand 
*** SUMMARY ***
Total pot $0.05 | Rake $0 
Seat 1: lucasmacedoic (small blind) folded before Flop
Seat 2: bazr1 (big blind) folded before Flop
Seat 3: Apostol108 folded before Flop (didn't bet)
Seat 4: Dorex2007 folded before Flop (didn't bet)
Seat 5: HarmonicDust5 folded before Flop (didn't bet)
Seat 6: Generate345 folded before Flop (didn't bet)
Seat 7: Snowman373 folded before Flop (didn't bet)
Seat 8: jason198331 collected ($0.05)
Seat 9: BrickWall-In (button) folded before Flop (didn't bet)



PokerStars Hand #233933075697:  Hold'em No Limit ($0.01/$0.02 USD) - 2022/02/09 16:58:41 PT [2022/02/09 19:58:41 ET]
Table 'Isberga IV' 9-max Seat #1 is the button
Seat 1: lucasmacedoic ($0.75 in chips) 
Seat 2: bazr1 ($1.56 in chips) 
Seat 3: Apostol108 ($2.07 in chips) 
Seat 4: Dorex2007 ($2.32 in chips) 
Seat 5: HarmonicDust5 ($5.69 in chips) 
Seat 6: Generate345 ($1.51 in chips) 
Seat 7: Snowman373 ($4.48 in chips) 
Seat 8: jason198331 ($1.36 in chips) 
Seat 9: BrickWall-In ($3.01 in chips) 
bazr1: posts small blind $0.01
Apostol108: posts big blind $0.02
*** HOLE CARDS ***
Dealt to Dorex2007 [Td Kc]
Dorex2007: folds 
HarmonicDust5: folds 
Generate345: folds 
Snowman373: folds 
jason198331: folds 
BrickWall-In: folds 
lucasmacedoic: folds 
bazr1: folds 
Uncalled bet ($0.01) returned to Apostol108
Apostol108 collected $0.02 from pot
Apostol108: doesn't show hand 
*** SUMMARY ***
Total pot $0.02 | Rake $0 
Seat 1: lucasmacedoic (button) folded before Flop (didn't bet)
Seat 2: bazr1 (small blind) folded before Flop
Seat 3: Apostol108 (big blind) collected ($0.02)
Seat 4: Dorex2007 folded before Flop (didn't bet)
Seat 5: HarmonicDust5 folded before Flop (didn't bet)
Seat 6: Generate345 folded before Flop (didn't bet)
Seat 7: Snowman373 folded before Flop (didn't bet)
Seat 8: jason198331 folded before Flop (didn't bet)
Seat 9: BrickWall-In folded before Flop (didn't bet)



PokerStars Hand #233933086118:  Hold'em No Limit ($0.01/$0.02 USD) - 2022/02/09 16:59:09 PT [2022/02/09 19:59:09 ET]
Table 'Isberga IV' 9-max Seat #2 is the button
Seat 1: lucasmacedoic ($0.75 in chips) 
Seat 2: bazr1 ($1.55 in chips) 
Seat 3: Apostol108 ($2.08 in chips) 
Seat 4: Dorex2007 ($2.32 in chips) 
Seat 5: HarmonicDust5 ($5.69 in chips) 
Seat 6: Generate345 ($1.51 in chips) 
Seat 7: Snowman373 ($4.48 in chips) 
Seat 8: jason198331 ($1.36 in chips) 
Seat 9: BrickWall-In ($3.01 in chips) 
Apostol108: posts small blind $0.01
Dorex2007: posts big blind $0.02
*** HOLE CARDS ***
Dealt to Dorex2007 [5h Jh]
HarmonicDust5: folds 
Generate345: raises $0.02 to $0.04
Snowman373: folds 
jason198331: folds 
BrickWall-In: folds 
lucasmacedoic: calls $0.04
bazr1: folds 
Apostol108: folds 
Dorex2007: folds 
*** FLOP *** [9s 2c Ad]
Generate345: bets $0.02
lucasmacedoic: calls $0.02
*** TURN *** [9s 2c Ad] [4s]
Generate345: bets $0.02
lucasmacedoic: calls $0.02
*** RIVER *** [9s 2c Ad 4s] [5d]
Generate345: bets $0.02
lucasmacedoic: raises $0.22 to $0.24
Generate345: calls $0.22
*** SHOW DOWN ***
lucasmacedoic: shows [3d 2d] (a straight, Ace to Five)
Generate345: mucks hand 
lucasmacedoic collected $0.65 from pot
*** SUMMARY ***
Total pot $0.67 | Rake $0.02 
Board [9s 2c Ad 4s 5d]
Seat 1: lucasmacedoic showed [3d 2d] and won ($0.65) with a straight, Ace to Five
Seat 2: bazr1 (button) folded before Flop (didn't bet)
Seat 3: Apostol108 (small blind) folded before Flop
Seat 4: Dorex2007 (big blind) folded before Flop
Seat 5: HarmonicDust5 folded before Flop (didn't bet)
Seat 6: Generate345 mucked [As Qc]
Seat 7: Snowman373 folded before Flop (didn't bet)
Seat 8: jason198331 folded before Flop (didn't bet)
Seat 9: BrickWall-In folded before Flop (didn't bet)



PokerStars Hand #233933096416:  Hold'em No Limit ($0.01/$0.02 USD) - 2022/02/09 16:59:42 PT [2022/02/09 19:59:42 ET]
Table 'Isberga IV' 9-max Seat #3 is the button
Seat 1: lucasmacedoic ($1.08 in chips) 
Seat 2: bazr1 ($1.55 in chips) 
Seat 3: Apostol108 ($2.07 in chips) 
Seat 4: Dorex2007 ($2.30 in chips) 
Seat 5: HarmonicDust5 ($5.69 in chips) 
Seat 6: Generate345 ($1.19 in chips) 
Seat 7: Snowman373 ($4.48 in chips) 
Seat 8: jason198331 ($1.36 in chips) 
Seat 9: BrickWall-In ($3.01 in chips) 
Dorex2007: posts small blind $0.01
HarmonicDust5: posts big blind $0.02
*** HOLE CARDS ***
Dealt to Dorex2007 [5c Kc]
Generate345: calls $0.02
Snowman373: folds 
jason198331: folds 
BrickWall-In: folds 
lucasmacedoic: folds 
bazr1: folds 
Apostol108: folds 
Dorex2007: calls $0.01
HarmonicDust5: raises $0.10 to $0.12
Generate345: calls $0.10
Dorex2007: folds 
*** FLOP *** [Ks Qd 3s]
HarmonicDust5: checks 
Generate345: bets $0.25
HarmonicDust5: folds 
Uncalled bet ($0.25) returned to Generate345
Generate345 collected $0.25 from pot
Generate345: doesn't show hand 
*** SUMMARY ***
Total pot $0.26 | Rake $0.01 
Board [Ks Qd 3s]
Seat 1: lucasmacedoic folded before Flop (didn't bet)
Seat 2: bazr1 folded before Flop (didn't bet)
Seat 3: Apostol108 (button) folded before Flop (didn't bet)
Seat 4: Dorex2007 (small blind) folded before Flop
Seat 5: HarmonicDust5 (big blind) folded on the Flop
Seat 6: Generate345 collected ($0.25)
Seat 7: Snowman373 folded before Flop (didn't bet)
Seat 8: jason198331 folded before Flop (didn't bet)
Seat 9: BrickWall-In folded before Flop (didn't bet)



PokerStars Hand #233933108730:  Hold'em No Limit ($0.01/$0.02 USD) - 2022/02/09 17:00:31 PT [2022/02/09 20:00:31 ET]
Table 'Isberga IV' 9-max Seat #4 is the button
Seat 1: lucasmacedoic ($1.08 in chips) 
Seat 2: bazr1 ($1.55 in chips) 
Seat 3: Apostol108 ($2.07 in chips) 
Seat 4: Dorex2007 ($2.28 in chips) 
Seat 5: HarmonicDust5 ($5.57 in chips) 
Seat 6: Generate345 ($1.32 in chips) 
Seat 7: Snowman373 ($4.48 in chips) 
Seat 8: jason198331 ($1.36 in chips) 
Seat 9: BrickWall-In ($3.01 in chips) 
HarmonicDust5: posts small blind $0.01
Generate345: posts big blind $0.02
*** HOLE CARDS ***
Dealt to Dorex2007 [2s Th]
Snowman373: folds 
jason198331: calls $0.02
BrickWall-In: folds 
lucasmacedoic: folds 
bazr1: folds 
Apostol108: folds 
Dorex2007: folds 
HarmonicDust5: calls $0.01
Generate345: checks 
*** FLOP *** [8c 6d Qc]
HarmonicDust5: bets $0.03
Generate345: folds 
jason198331: calls $0.03
*** TURN *** [8c 6d Qc] [7d]
HarmonicDust5: bets $0.06
jason198331: folds 
Uncalled bet ($0.06) returned to HarmonicDust5
HarmonicDust5 collected $0.12 from pot
HarmonicDust5: doesn't show hand 
*** SUMMARY ***
Total pot $0.12 | Rake $0 
Board [8c 6d Qc 7d]
Seat 1: lucasmacedoic folded before Flop (didn't bet)
Seat 2: bazr1 folded before Flop (didn't bet)
Seat 3: Apostol108 folded before Flop (didn't bet)
Seat 4: Dorex2007 (button) folded before Flop (didn't bet)
Seat 5: HarmonicDust5 (small blind) collected ($0.12)
Seat 6: Generate345 (big blind) folded on the Flop
Seat 7: Snowman373 folded before Flop (didn't bet)
Seat 8: jason198331 folded on the Turn
Seat 9: BrickWall-In folded before Flop (didn't bet)



PokerStars Hand #233933122188:  Hold'em No Limit ($0.01/$0.02 USD) - 2022/02/09 17:01:20 PT [2022/02/09 20:01:20 ET]
Table 'Isberga IV' 9-max Seat #5 is the button
Seat 1: lucasmacedoic ($1.08 in chips) 
Seat 2: bazr1 ($1.55 in chips) 
Seat 3: Apostol108 ($2.07 in chips) 
Seat 4: Dorex2007 ($2.28 in chips) 
Seat 5: HarmonicDust5 ($5.64 in chips) 
Seat 6: Generate345 ($1.30 in chips) 
Seat 7: Snowman373 ($4.48 in chips) 
Seat 8: jason198331 ($1.31 in chips) 
Seat 9: BrickWall-In ($3.01 in chips) 
Generate345: posts small blind $0.01
Snowman373: posts big blind $0.02
*** HOLE CARDS ***
Dealt to Dorex2007 [Kd 5d]
jason198331: calls $0.02
BrickWall-In: folds 
lucasmacedoic: folds 
bazr1: folds 
Apostol108: folds 
Dorex2007: folds 
HarmonicDust5: folds 
Generate345: calls $0.01
Snowman373: raises $0.06 to $0.08
jason198331: raises $1.23 to $1.31 and is all-in
Generate345: folds 
Snowman373: calls $1.23
*** FLOP *** [Td Ts Kc]
*** TURN *** [Td Ts Kc] [4h]
*** RIVER *** [Td Ts Kc 4h] [3d]
*** SHOW DOWN ***
Snowman373: shows [Ac Ah] (two pair, Aces and Tens)
jason198331: shows [Kh Qd] (two pair, Kings and Tens)
Snowman373 collected $2.55 from pot
*** SUMMARY ***
Total pot $2.64 | Rake $0.09 
Board [Td Ts Kc 4h 3d]
Seat 1: lucasmacedoic folded before Flop (didn't bet)
Seat 2: bazr1 folded before Flop (didn't bet)
Seat 3: Apostol108 folded before Flop (didn't bet)
Seat 4: Dorex2007 folded before Flop (didn't bet)
Seat 5: HarmonicDust5 (button) folded before Flop (didn't bet)
Seat 6: Generate345 (small blind) folded before Flop
Seat 7: Snowman373 (big blind) showed [Ac Ah] and won ($2.55) with two pair, Aces and Tens
Seat 8: jason198331 showed [Kh Qd] and lost with two pair, Kings and Tens
Seat 9: BrickWall-In folded before Flop (didn't bet)



PokerStars Hand #233933136329:  Hold'em No Limit ($0.01/$0.02 USD) - 2022/02/09 17:02:09 PT [2022/02/09 20:02:09 ET]
Table 'Isberga IV' 9-max Seat #6 is the button
Seat 1: lucasmacedoic ($1.08 in chips) 
Seat 2: bazr1 ($1.55 in chips) 
Seat 3: Apostol108 ($2.07 in chips) 
Seat 4: Dorex2007 ($2.28 in chips) 
Seat 5: HarmonicDust5 ($5.64 in chips) 
Seat 6: Generate345 ($1.28 in chips) 
Seat 7: Snowman373 ($5.72 in chips) 
Seat 9: BrickWall-In ($3.01 in chips) 
Snowman373: posts small blind $0.01
BrickWall-In: posts big blind $0.02
*** HOLE CARDS ***
Dealt to Dorex2007 [Jc 4h]
lucasmacedoic: raises $0.02 to $0.04
bazr1: folds 
Apostol108: calls $0.04
Dorex2007: folds 
HarmonicDust5: folds 
Generate345: calls $0.04
Snowman373: folds 
BrickWall-In: calls $0.02
*** FLOP *** [Kc 9d 5d]
BrickWall-In: checks 
lucasmacedoic: checks 
Apostol108: bets $0.08
Generate345: folds 
BrickWall-In: folds 
lucasmacedoic: folds 
Uncalled bet ($0.08) returned to Apostol108
Apostol108 collected $0.16 from pot
Apostol108: doesn't show hand 
*** SUMMARY ***
Total pot $0.17 | Rake $0.01 
Board [Kc 9d 5d]
Seat 1: lucasmacedoic folded on the Flop
Seat 2: bazr1 folded before Flop (didn't bet)
Seat 3: Apostol108 collected ($0.16)
Seat 4: Dorex2007 folded before Flop (didn't bet)
Seat 5: HarmonicDust5 folded before Flop (didn't bet)
Seat 6: Generate345 (button) folded on the Flop
Seat 7: Snowman373 (small blind) folded before Flop
Seat 9: BrickWall-In (big blind) folded on the Flop



PokerStars Hand #233933150517:  Hold'em No Limit ($0.01/$0.02 USD) - 2022/02/09 17:02:58 PT [2022/02/09 20:02:58 ET]
Table 'Isberga IV' 9-max Seat #7 is the button
Seat 1: lucasmacedoic ($1.04 in chips) 
Seat 2: bazr1 ($1.55 in chips) 
Seat 3: Apostol108 ($2.19 in chips) 
Seat 4: Dorex2007 ($2.28 in chips) 
Seat 5: HarmonicDust5 ($5.64 in chips) 
Seat 6: Generate345 ($1.24 in chips) 
Seat 7: Snowman373 ($5.71 in chips) 
Seat 9: BrickWall-In ($2.97 in chips) 
BrickWall-In: posts small blind $0.01
lucasmacedoic: posts big blind $0.02
*** HOLE CARDS ***
Dealt to Dorex2007 [9c Kh]
bazr1: folds 
Apostol108: raises $0.04 to $0.06
Dorex2007: folds 
HarmonicDust5: folds 
Generate345: folds 
Snowman373: folds 
BrickWall-In: folds 
lucasmacedoic: folds 
Uncalled bet ($0.04) returned to Apostol108
jason198331 is disconnected 
Apostol108 collected $0.05 from pot
Apostol108: doesn't show hand 
*** SUMMARY ***
Total pot $0.05 | Rake $0 
Seat 1: lucasmacedoic (big blind) folded before Flop
Seat 2: bazr1 folded before Flop (didn't bet)
Seat 3: Apostol108 collected ($0.05)
Seat 4: Dorex2007 folded before Flop (didn't bet)
Seat 5: HarmonicDust5 folded before Flop (didn't bet)
Seat 6: Generate345 folded before Flop (didn't bet)
Seat 7: Snowman373 (button) folded before Flop (didn't bet)
Seat 9: BrickWall-In (small blind) folded before Flop



PokerStars Hand #233933156161:  Hold'em No Limit ($0.01/$0.02 USD) - 2022/02/09 17:03:17 PT [2022/02/09 20:03:17 ET]
Table 'Isberga IV' 9-max Seat #9 is the button
Seat 1: lucasmacedoic ($1.02 in chips) 
Seat 2: bazr1 ($1.55 in chips) 
Seat 3: Apostol108 ($2.22 in chips) 
Seat 4: Dorex2007 ($2.28 in chips) 
Seat 5: HarmonicDust5 ($5.64 in chips) 
Seat 6: Generate345 ($1.24 in chips) 
Seat 7: Snowman373 ($5.71 in chips) 
Seat 9: BrickWall-In ($2.96 in chips) 
lucasmacedoic: posts small blind $0.01
bazr1: posts big blind $0.02
*** HOLE CARDS ***
Dealt to Dorex2007 [4s 4d]
Apostol108: folds 
Dorex2007: calls $0.02
HarmonicDust5: folds 
Generate345: raises $0.02 to $0.04
Snowman373: folds 
BrickWall-In: folds 
lucasmacedoic: folds 
bazr1: folds 
Dorex2007: calls $0.02
*** FLOP *** [2h 6h 8s]
Dorex2007: checks 
Generate345: bets $0.02
Dorex2007: calls $0.02
*** TURN *** [2h 6h 8s] [9h]
Dorex2007: checks 
Generate345: bets $0.02
Dorex2007: folds 
Uncalled bet ($0.02) returned to Generate345
Generate345 collected $0.14 from pot
Generate345: doesn't show hand 
*** SUMMARY ***
Total pot $0.15 | Rake $0.01 
Board [2h 6h 8s 9h]
Seat 1: lucasmacedoic (small blind) folded before Flop
Seat 2: bazr1 (big blind) folded before Flop
Seat 3: Apostol108 folded before Flop (didn't bet)
Seat 4: Dorex2007 folded on the Turn
Seat 5: HarmonicDust5 folded before Flop (didn't bet)
Seat 6: Generate345 collected ($0.14)
Seat 7: Snowman373 folded before Flop (didn't bet)
Seat 9: BrickWall-In (button) folded before Flop (didn't bet)



PokerStars Hand #233933166622:  Hold'em No Limit ($0.01/$0.02 USD) - 2022/02/09 17:03:52 PT [2022/02/09 20:03:52 ET]
Table 'Isberga IV' 9-max Seat #1 is the button
Seat 1: lucasmacedoic ($1.01 in chips) 
Seat 2: bazr1 ($1.53 in chips) 
Seat 3: Apostol108 ($2.22 in chips) 
Seat 4: Dorex2007 ($2.22 in chips) 
Seat 5: HarmonicDust5 ($5.64 in chips) 
Seat 6: Generate345 ($1.32 in chips) 
Seat 7: Snowman373 ($5.71 in chips) 
Seat 9: BrickWall-In ($2.96 in chips) 
bazr1: posts small blind $0.01
Apostol108: posts big blind $0.02
*** HOLE CARDS ***
Dealt to Dorex2007 [Kh 6h]
Dorex2007: folds 
HarmonicDust5: folds 
Generate345: calls $0.02
Snowman373: folds 
BrickWall-In: raises $0.04 to $0.06
lucasmacedoic: calls $0.06
bazr1: folds 
Apostol108: folds 
Generate345: folds 
*** FLOP *** [7h 9s 3d]
BrickWall-In: checks 
lucasmacedoic: bets $0.16
BrickWall-In: folds 
Uncalled bet ($0.16) returned to lucasmacedoic
lucasmacedoic collected $0.16 from pot
lucasmacedoic: doesn't show hand 
*** SUMMARY ***
Total pot $0.17 | Rake $0.01 
Board [7h 9s 3d]
Seat 1: lucasmacedoic (button) collected ($0.16)
Seat 2: bazr1 (small blind) folded before Flop
Seat 3: Apostol108 (big blind) folded before Flop
Seat 4: Dorex2007 folded before Flop (didn't bet)
Seat 5: HarmonicDust5 folded before Flop (didn't bet)
Seat 6: Generate345 folded before Flop
Seat 7: Snowman373 folded before Flop (didn't bet)
Seat 9: BrickWall-In folded on the Flop



PokerStars Hand #233933174351:  Hold'em No Limit ($0.01/$0.02 USD) - 2022/02/09 17:04:19 PT [2022/02/09 20:04:19 ET]
Table 'Isberga IV' 9-max Seat #2 is the button
Seat 1: lucasmacedoic ($1.11 in chips) 
Seat 2: bazr1 ($1.52 in chips) 
Seat 3: Apostol108 ($2.20 in chips) 
Seat 4: Dorex2007 ($2.22 in chips) 
Seat 5: HarmonicDust5 ($5.64 in chips) 
Seat 6: Generate345 ($1.30 in chips) 
Seat 7: Snowman373 ($5.71 in chips) 
Seat 9: BrickWall-In ($2.90 in chips) 
Apostol108: posts small blind $0.01
Dorex2007: posts big blind $0.02
*** HOLE CARDS ***
Dealt to Dorex2007 [7d Ad]
HarmonicDust5: folds 
Generate345: folds 
Snowman373: folds 
BrickWall-In: folds 
lucasmacedoic: folds 
bazr1: folds 
Apostol108: folds 
Uncalled bet ($0.01) returned to Dorex2007
Dorex2007 collected $0.02 from pot
Dorex2007: doesn't show hand 
*** SUMMARY ***
Total pot $0.02 | Rake $0 
Seat 1: lucasmacedoic folded before Flop (didn't bet)
Seat 2: bazr1 (button) folded before Flop (didn't bet)
Seat 3: Apostol108 (small blind) folded before Flop
Seat 4: Dorex2007 (big blind) collected ($0.02)
Seat 5: HarmonicDust5 folded before Flop (didn't bet)
Seat 6: Generate345 folded before Flop (didn't bet)
Seat 7: Snowman373 folded before Flop (didn't bet)
Seat 9: BrickWall-In folded before Flop (didn't bet)



PokerStars Hand #233933178387:  Hold'em No Limit ($0.01/$0.02 USD) - 2022/02/09 17:04:32 PT [2022/02/09 20:04:32 ET]
Table 'Isberga IV' 9-max Seat #3 is the button
Seat 1: lucasmacedoic ($1.11 in chips) 
Seat 2: bazr1 ($1.52 in chips) 
Seat 3: Apostol108 ($2.19 in chips) 
Seat 4: Dorex2007 ($2.23 in chips) 
Seat 5: HarmonicDust5 ($5.64 in chips) 
Seat 6: Generate345 ($1.30 in chips) 
Seat 7: Snowman373 ($5.71 in chips) 
Seat 9: BrickWall-In ($2.90 in chips) 
Dorex2007: posts small blind $0.01
HarmonicDust5: posts big blind $0.02
*** HOLE CARDS ***
Dealt to Dorex2007 [Ah 5c]
Generate345: folds 
Snowman373: folds 
BrickWall-In: folds 
lucasmacedoic: raises $0.02 to $0.04
bazr1: folds 
Apostol108: folds 
Dorex2007: folds 
HarmonicDust5: folds 
Uncalled bet ($0.02) returned to lucasmacedoic
lucasmacedoic collected $0.05 from pot
lucasmacedoic: doesn't show hand 
*** SUMMARY ***
Total pot $0.05 | Rake $0 
Seat 1: lucasmacedoic collected ($0.05)
Seat 2: bazr1 folded before Flop (didn't bet)
Seat 3: Apostol108 (button) folded before Flop (didn't bet)
Seat 4: Dorex2007 (small blind) folded before Flop
Seat 5: HarmonicDust5 (big blind) folded before Flop
Seat 6: Generate345 folded before Flop (didn't bet)
Seat 7: Snowman373 folded before Flop (didn't bet)
Seat 9: BrickWall-In folded before Flop (didn't bet)



PokerStars Hand #233933182001:  Hold'em No Limit ($0.01/$0.02 USD) - 2022/02/09 17:04:45 PT [2022/02/09 20:04:45 ET]
Table 'Isberga IV' 9-max Seat #4 is the button
Seat 1: lucasmacedoic ($1.14 in chips) 
Seat 2: bazr1 ($1.52 in chips) 
Seat 3: Apostol108 ($2.19 in chips) 
Seat 4: Dorex2007 ($2.22 in chips) 
Seat 5: HarmonicDust5 ($5.62 in chips) 
Seat 7: Snowman373 ($5.71 in chips) 
Seat 9: BrickWall-In ($2.90 in chips) 
HarmonicDust5: posts small blind $0.01
Snowman373: posts big blind $0.02
*** HOLE CARDS ***
Dealt to Dorex2007 [9h 5c]
BrickWall-In: raises $0.04 to $0.06
lucasmacedoic: folds 
bazr1: folds 
Apostol108: folds 
Dorex2007: folds 
HarmonicDust5: folds 
Snowman373: folds 
Uncalled bet ($0.04) returned to BrickWall-In
BrickWall-In collected $0.05 from pot
BrickWall-In: doesn't show hand 
*** SUMMARY ***
Total pot $0.05 | Rake $0 
Seat 1: lucasmacedoic folded before Flop (didn't bet)
Seat 2: bazr1 folded before Flop (didn't bet)
Seat 3: Apostol108 folded before Flop (didn't bet)
Seat 4: Dorex2007 (button) folded before Flop (didn't bet)
Seat 5: HarmonicDust5 (small blind) folded before Flop
Seat 7: Snowman373 (big blind) folded before Flop
Seat 9: BrickWall-In collected ($0.05)



PokerStars Hand #233933187912:  Hold'em No Limit ($0.01/$0.02 USD) - 2022/02/09 17:05:05 PT [2022/02/09 20:05:05 ET]
Table 'Isberga IV' 9-max Seat #5 is the button
Seat 1: lucasmacedoic ($1.14 in chips) 
Seat 2: bazr1 ($1.52 in chips) 
Seat 3: Apostol108 ($2.19 in chips) 
Seat 4: Dorex2007 ($2.22 in chips) 
Seat 5: HarmonicDust5 ($5.61 in chips) 
Seat 7: Snowman373 ($5.69 in chips) 
Seat 9: BrickWall-In ($2.93 in chips) 
Snowman373: posts small blind $0.01
BrickWall-In: posts big blind $0.02
*** HOLE CARDS ***
Dealt to Dorex2007 [7s 8s]
lucasmacedoic: folds 
bazr1: calls $0.02
Apostol108: folds 
Dorex2007: folds 
HarmonicDust5: folds 
Snowman373: folds 
BrickWall-In: raises $0.06 to $0.08
bazr1: calls $0.06
*** FLOP *** [9c Qc 2d]
BrickWall-In: bets $0.08
bazr1: folds 
Uncalled bet ($0.08) returned to BrickWall-In
BrickWall-In collected $0.16 from pot
BrickWall-In: doesn't show hand 
*** SUMMARY ***
Total pot $0.17 | Rake $0.01 
Board [9c Qc 2d]
Seat 1: lucasmacedoic folded before Flop (didn't bet)
Seat 2: bazr1 folded on the Flop
Seat 3: Apostol108 folded before Flop (didn't bet)
Seat 4: Dorex2007 folded before Flop (didn't bet)
Seat 5: HarmonicDust5 (button) folded before Flop (didn't bet)
Seat 7: Snowman373 (small blind) folded before Flop
Seat 9: BrickWall-In (big blind) collected ($0.16)



PokerStars Hand #233933204691:  Hold'em No Limit ($0.01/$0.02 USD) - 2022/02/09 17:05:36 PT [2022/02/09 20:05:36 ET]
Table 'Isberga IV' 9-max Seat #7 is the button
Seat 1: lucasmacedoic ($1.14 in chips) 
Seat 2: bazr1 ($1.44 in chips) 
Seat 3: Apostol108 ($2.19 in chips) 
Seat 4: Dorex2007 ($2.22 in chips) 
Seat 5: HarmonicDust5 ($5.61 in chips) 
Seat 7: Snowman373 ($5.68 in chips) 
Seat 9: BrickWall-In ($3.01 in chips) 
BrickWall-In: posts small blind $0.01
lucasmacedoic: posts big blind $0.02
*** HOLE CARDS ***
Dealt to Dorex2007 [6h Ah]
bazr1: folds 
Apostol108: folds 
Dorex2007: raises $0.02 to $0.04
HarmonicDust5: folds 
Snowman373: folds 
BrickWall-In: folds 
lucasmacedoic: folds 
Uncalled bet ($0.02) returned to Dorex2007
Dorex2007 collected $0.05 from pot
Dorex2007: doesn't show hand 
*** SUMMARY ***
Total pot $0.05 | Rake $0 
Seat 1: lucasmacedoic (big blind) folded before Flop
Seat 2: bazr1 folded before Flop (didn't bet)
Seat 3: Apostol108 folded before Flop (didn't bet)
Seat 4: Dorex2007 collected ($0.05)
Seat 5: HarmonicDust5 folded before Flop (didn't bet)
Seat 7: Snowman373 (button) folded before Flop (didn't bet)
Seat 9: BrickWall-In (small blind) folded before Flop



PokerStars Hand #233933208510:  Hold'em No Limit ($0.01/$0.02 USD) - 2022/02/09 17:05:49 PT [2022/02/09 20:05:49 ET]
Table 'Isberga IV' 9-max Seat #9 is the button
Seat 1: lucasmacedoic ($1.12 in chips) 
Seat 2: bazr1 ($1.44 in chips) 
Seat 3: Apostol108 ($2.19 in chips) 
Seat 4: Dorex2007 ($2.25 in chips) 
Seat 5: HarmonicDust5 ($5.61 in chips) 
Seat 7: Snowman373 ($5.68 in chips) 
Seat 9: BrickWall-In ($3 in chips) 
lucasmacedoic: posts small blind $0.01
bazr1: posts big blind $0.02
*** HOLE CARDS ***
Dealt to Dorex2007 [As 6d]
Apostol108: folds 
Dorex2007: folds 
HarmonicDust5: folds 
Snowman373: folds 
BrickWall-In: raises $0.04 to $0.06
lucasmacedoic: folds 
bazr1: folds 
Uncalled bet ($0.04) returned to BrickWall-In
BrickWall-In collected $0.05 from pot
BrickWall-In: doesn't show hand 
*** SUMMARY ***
Total pot $0.05 | Rake $0 
Seat 1: lucasmacedoic (small blind) folded before Flop
Seat 2: bazr1 (big blind) folded before Flop
Seat 3: Apostol108 folded before Flop (didn't bet)
Seat 4: Dorex2007 folded before Flop (didn't bet)
Seat 5: HarmonicDust5 folded before Flop (didn't bet)
Seat 7: Snowman373 folded before Flop (didn't bet)
Seat 9: BrickWall-In (button) collected ($0.05)



PokerStars Hand #233933223792:  Hold'em No Limit ($0.01/$0.02 USD) - 2022/02/09 17:06:19 PT [2022/02/09 20:06:19 ET]
Table 'Isberga IV' 9-max Seat #1 is the button
Seat 1: lucasmacedoic ($1.11 in chips) 
Seat 2: bazr1 ($1.42 in chips) 
Seat 3: Apostol108 ($2.19 in chips) 
Seat 4: Dorex2007 ($2.25 in chips) 
Seat 5: HarmonicDust5 ($5.61 in chips) 
Seat 7: Snowman373 ($5.68 in chips) 
Seat 9: BrickWall-In ($3.03 in chips) 
bazr1: posts small blind $0.01
Apostol108: posts big blind $0.02
Generate345: sits out 
*** HOLE CARDS ***
Dealt to Dorex2007 [3h 2c]
Dorex2007: folds 
HarmonicDust5: folds 
Snowman373: folds 
BrickWall-In: folds 
lucasmacedoic: raises $0.02 to $0.04
bazr1: folds 
Apostol108: calls $0.02
*** FLOP *** [3d Kh 6h]
Apostol108: checks 
lucasmacedoic: bets $0.09
Apostol108: folds 
Uncalled bet ($0.09) returned to lucasmacedoic
lucasmacedoic collected $0.09 from pot
lucasmacedoic: doesn't show hand 
*** SUMMARY ***
Total pot $0.09 | Rake $0 
Board [3d Kh 6h]
Seat 1: lucasmacedoic (button) collected ($0.09)
Seat 2: bazr1 (small blind) folded before Flop
Seat 3: Apostol108 (big blind) folded on the Flop
Seat 4: Dorex2007 folded before Flop (didn't bet)
Seat 5: HarmonicDust5 folded before Flop (didn't bet)
Seat 7: Snowman373 folded before Flop (didn't bet)
Seat 9: BrickWall-In folded before Flop (didn't bet)



PokerStars Hand #233933231160:  Hold'em No Limit ($0.01/$0.02 USD) - 2022/02/09 17:06:45 PT [2022/02/09 20:06:45 ET]
Table 'Isberga IV' 9-max Seat #2 is the button
Seat 1: lucasmacedoic ($1.16 in chips) 
Seat 2: bazr1 ($1.41 in chips) 
Seat 3: Apostol108 ($2.15 in chips) 
Seat 4: Dorex2007 ($2.25 in chips) 
Seat 5: HarmonicDust5 ($5.61 in chips) 
Seat 6: Generate345 ($1.30 in chips) 
Seat 7: Snowman373 ($5.68 in chips) 
Seat 9: BrickWall-In ($3.03 in chips) 
Apostol108: posts small blind $0.01
Dorex2007: posts big blind $0.02
Generate345: posts small & big blinds $0.03
*** HOLE CARDS ***
Dealt to Dorex2007 [8s 2s]
HarmonicDust5: folds 
Generate345: checks 
Snowman373: calls $0.02
BrickWall-In: folds 
lucasmacedoic: raises $0.02 to $0.04
bazr1: folds 
Apostol108: folds 
Dorex2007: folds 
Generate345: calls $0.02
Snowman373: calls $0.02
*** FLOP *** [6d Jc Ts]
Generate345: bets $0.15
Snowman373: calls $0.15
lucasmacedoic: folds 
*** TURN *** [6d Jc Ts] [4h]
Generate345: checks 
Snowman373: bets $0.18
Generate345: calls $0.18
*** RIVER *** [6d Jc Ts 4h] [8c]
Generate345: bets $0.92 and is all-in
Snowman373: calls $0.92
*** SHOW DOWN ***
Generate345: shows [7c 9c] (a straight, Seven to Jack)
Snowman373: shows [Jd Jh] (three of a kind, Jacks)
Generate345 collected $2.57 from pot
*** SUMMARY ***
Total pot $2.66 | Rake $0.09 
Board [6d Jc Ts 4h 8c]
Seat 1: lucasmacedoic folded on the Flop
Seat 2: bazr1 (button) folded before Flop (didn't bet)
Seat 3: Apostol108 (small blind) folded before Flop
Seat 4: Dorex2007 (big blind) folded before Flop
Seat 5: HarmonicDust5 folded before Flop (didn't bet)
Seat 6: Generate345 showed [7c 9c] and won ($2.57) with a straight, Seven to Jack
Seat 7: Snowman373 showed [Jd Jh] and lost with three of a kind, Jacks
Seat 9: BrickWall-In folded before Flop (didn't bet)



PokerStars Hand #233933247653:  Hold'em No Limit ($0.01/$0.02 USD) - 2022/02/09 17:07:41 PT [2022/02/09 20:07:41 ET]
Table 'Isberga IV' 9-max Seat #3 is the button
Seat 1: lucasmacedoic ($1.12 in chips) 
Seat 2: bazr1 ($1.41 in chips) 
Seat 3: Apostol108 ($2.14 in chips) 
Seat 4: Dorex2007 ($2.23 in chips) 
Seat 5: HarmonicDust5 ($5.61 in chips) 
Seat 6: Generate345 ($2.57 in chips) 
Seat 7: Snowman373 ($4.39 in chips) 
Seat 9: BrickWall-In ($3.03 in chips) 
Dorex2007: posts small blind $0.01
HarmonicDust5: posts big blind $0.02
*** HOLE CARDS ***
Dealt to Dorex2007 [Ac Qd]
Generate345: folds 
Snowman373: folds 
BrickWall-In: folds 
lucasmacedoic: folds 
bazr1: folds 
Apostol108: folds 
Dorex2007: raises $0.04 to $0.06
HarmonicDust5: calls $0.04
*** FLOP *** [5c As 3h]
Dorex2007: checks 
HarmonicDust5: checks 
*** TURN *** [5c As 3h] [9h]
Dorex2007: bets $0.08
HarmonicDust5: folds 
Uncalled bet ($0.08) returned to Dorex2007
Dorex2007 collected $0.12 from pot
Dorex2007: doesn't show hand 
*** SUMMARY ***
Total pot $0.12 | Rake $0 
Board [5c As 3h 9h]
Seat 1: lucasmacedoic folded before Flop (didn't bet)
Seat 2: bazr1 folded before Flop (didn't bet)
Seat 3: Apostol108 (button) folded before Flop (didn't bet)
Seat 4: Dorex2007 (small blind) collected ($0.12)
Seat 5: HarmonicDust5 (big blind) folded on the Turn
Seat 6: Generate345 folded before Flop (didn't bet)
Seat 7: Snowman373 folded before Flop (didn't bet)
Seat 9: BrickWall-In folded before Flop (didn't bet)



PokerStars Hand #233933257709:  Hold'em No Limit ($0.01/$0.02 USD) - 2022/02/09 17:08:16 PT [2022/02/09 20:08:16 ET]
Table 'Isberga IV' 9-max Seat #4 is the button
Seat 1: lucasmacedoic ($1.12 in chips) 
Seat 2: bazr1 ($1.41 in chips) 
Seat 3: Apostol108 ($2.14 in chips) 
Seat 4: Dorex2007 ($2.29 in chips) 
Seat 5: HarmonicDust5 ($5.55 in chips) 
Seat 6: Generate345 ($2.57 in chips) 
Seat 7: Snowman373 ($4.39 in chips) 
Seat 9: BrickWall-In ($3.03 in chips) 
HarmonicDust5: posts small blind $0.01
Generate345: posts big blind $0.02
*** HOLE CARDS ***
Dealt to Dorex2007 [4h Th]
Snowman373: folds 
BrickWall-In: raises $0.04 to $0.06
lucasmacedoic: folds 
bazr1: folds 
Apostol108: calls $0.06
Dorex2007: folds 
HarmonicDust5: folds 
Generate345: calls $0.04
*** FLOP *** [Qs 4s 8d]
Generate345: checks 
BrickWall-In: checks 
Apostol108: checks 
*** TURN *** [Qs 4s 8d] [9h]
Generate345: checks 
BrickWall-In: checks 
Apostol108: checks 
*** RIVER *** [Qs 4s 8d 9h] [3h]
Generate345: bets $0.18
BrickWall-In: folds 
Apostol108: folds 
Uncalled bet ($0.18) returned to Generate345
Generate345 collected $0.18 from pot
Generate345: doesn't show hand 
*** SUMMARY ***
Total pot $0.19 | Rake $0.01 
Board [Qs 4s 8d 9h 3h]
Seat 1: lucasmacedoic folded before Flop (didn't bet)
Seat 2: bazr1 folded before Flop (didn't bet)
Seat 3: Apostol108 folded on the River
Seat 4: Dorex2007 (button) folded before Flop (didn't bet)
Seat 5: HarmonicDust5 (small blind) folded before Flop
Seat 6: Generate345 (big blind) collected ($0.18)
Seat 7: Snowman373 folded before Flop (didn't bet)
Seat 9: BrickWall-In folded on the River



PokerStars Hand #233933271772:  Hold'em No Limit ($0.01/$0.02 USD) - 2022/02/09 17:09:05 PT [2022/02/09 20:09:05 ET]
Table 'Isberga IV' 9-max Seat #5 is the button
Seat 1: lucasmacedoic ($1.12 in chips) 
Seat 2: bazr1 ($1.41 in chips) 
Seat 3: Apostol108 ($2.08 in chips) 
Seat 4: Dorex2007 ($2.29 in chips) 
Seat 5: HarmonicDust5 ($5.54 in chips) 
Seat 6: Generate345 ($2.69 in chips) 
Seat 7: Snowman373 ($4.39 in chips) 
Seat 9: BrickWall-In ($2.97 in chips) 
Generate345: posts small blind $0.01
Snowman373: posts big blind $0.02
*** HOLE CARDS ***
Dealt to Dorex2007 [5h Qc]
BrickWall-In: raises $0.05 to $0.07
lucasmacedoic: folds 
bazr1: folds 
Apostol108: calls $0.07
Dorex2007: folds 
HarmonicDust5: folds 
Generate345: folds 
Snowman373: folds 
*** FLOP *** [5c 7h Ks]
BrickWall-In: bets $0.10
Apostol108: folds 
Uncalled bet ($0.10) returned to BrickWall-In
BrickWall-In collected $0.16 from pot
BrickWall-In: doesn't show hand 
*** SUMMARY ***
Total pot $0.17 | Rake $0.01 
Board [5c 7h Ks]
Seat 1: lucasmacedoic folded before Flop (didn't bet)
Seat 2: bazr1 folded before Flop (didn't bet)
Seat 3: Apostol108 folded on the Flop
Seat 4: Dorex2007 folded before Flop (didn't bet)
Seat 5: HarmonicDust5 (button) folded before Flop (didn't bet)
Seat 6: Generate345 (small blind) folded before Flop
Seat 7: Snowman373 (big blind) folded before Flop
Seat 9: BrickWall-In collected ($0.16)



PokerStars Hand #233933278663:  Hold'em No Limit ($0.01/$0.02 USD) - 2022/02/09 17:09:28 PT [2022/02/09 20:09:28 ET]
Table 'Isberga IV' 9-max Seat #6 is the button
Seat 1: lucasmacedoic ($1.12 in chips) 
Seat 2: bazr1 ($1.41 in chips) 
Seat 3: Apostol108 ($2.01 in chips) 
Seat 4: Dorex2007 ($2.29 in chips) 
Seat 5: HarmonicDust5 ($5.54 in chips) 
Seat 6: Generate345 ($2.68 in chips) 
Seat 7: Snowman373 ($4.37 in chips) 
Snowman373: posts small blind $0.01
BrickWall-In: is sitting out 
lucasmacedoic: posts big blind $0.02
*** HOLE CARDS ***
Dealt to Dorex2007 [2h 7h]
BrickWall-In leaves the table
bazr1: folds 
Apostol108: folds 
Dorex2007: folds 
HarmonicDust5: folds 
Generate345: folds 
Snowman373: folds 
Uncalled bet ($0.01) returned to lucasmacedoic
lucasmacedoic collected $0.02 from pot
lucasmacedoic: doesn't show hand 
*** SUMMARY ***
Total pot $0.02 | Rake $0 
Seat 1: lucasmacedoic (big blind) collected ($0.02)
Seat 2: bazr1 folded before Flop (didn't bet)
Seat 3: Apostol108 folded before Flop (didn't bet)
Seat 4: Dorex2007 folded before Flop (didn't bet)
Seat 5: HarmonicDust5 folded before Flop (didn't bet)
Seat 6: Generate345 (button) folded before Flop (didn't bet)
Seat 7: Snowman373 (small blind) folded before Flop



PokerStars Hand #233933281511:  Hold'em No Limit ($0.01/$0.02 USD) - 2022/02/09 17:09:39 PT [2022/02/09 20:09:39 ET]
Table 'Isberga IV' 9-max Seat #7 is the button
Seat 1: lucasmacedoic ($1.13 in chips) 
Seat 2: bazr1 ($1.41 in chips) 
Seat 3: Apostol108 ($2.01 in chips) 
Seat 4: Dorex2007 ($2.29 in chips) 
Seat 5: HarmonicDust5 ($5.54 in chips) 
Seat 6: Generate345 ($2.68 in chips) 
Seat 7: Snowman373 ($4.36 in chips) 
lucasmacedoic: posts small blind $0.01
bazr1: posts big blind $0.02
*** HOLE CARDS ***
Dealt to Dorex2007 [Qs Ac]
Apostol108: folds 
Dorex2007: raises $0.04 to $0.06
HarmonicDust5: folds 
Generate345: calls $0.06
Snowman373: calls $0.06
lucasmacedoic: folds 
bazr1: folds 
*** FLOP *** [Tc Kh 6s]
Dorex2007: checks 
Generate345: bets $0.20
Snowman373: folds 
Dorex2007: folds 
Uncalled bet ($0.20) returned to Generate345
Generate345 collected $0.20 from pot
Generate345: doesn't show hand 
*** SUMMARY ***
Total pot $0.21 | Rake $0.01 
Board [Tc Kh 6s]
Seat 1: lucasmacedoic (small blind) folded before Flop
Seat 2: bazr1 (big blind) folded before Flop
Seat 3: Apostol108 folded before Flop (didn't bet)
Seat 4: Dorex2007 folded on the Flop
Seat 5: HarmonicDust5 folded before Flop (didn't bet)
Seat 6: Generate345 collected ($0.20)
Seat 7: Snowman373 (button) folded on the Flop



PokerStars Hand #233933287968:  Hold'em No Limit ($0.01/$0.02 USD) - 2022/02/09 17:10:01 PT [2022/02/09 20:10:01 ET]
Table 'Isberga IV' 9-max Seat #1 is the button
Seat 1: lucasmacedoic ($1.12 in chips) 
Seat 2: bazr1 ($1.39 in chips) 
Seat 3: Apostol108 ($2.01 in chips) 
Seat 4: Dorex2007 ($2.23 in chips) 
Seat 5: HarmonicDust5 ($5.54 in chips) 
Seat 6: Generate345 ($2.82 in chips) 
Seat 7: Snowman373 ($4.30 in chips) 
bazr1: posts small blind $0.01
Apostol108: posts big blind $0.02
*** HOLE CARDS ***
Dealt to Dorex2007 [Ac 2h]
Dorex2007: folds 
HarmonicDust5: folds 
Generate345: folds 
Snowman373: folds 
lucasmacedoic: folds 
bazr1: folds 
Uncalled bet ($0.01) returned to Apostol108
Apostol108 collected $0.02 from pot
Apostol108: doesn't show hand 
*** SUMMARY ***
Total pot $0.02 | Rake $0 
Seat 1: lucasmacedoic (button) folded before Flop (didn't bet)
Seat 2: bazr1 (small blind) folded before Flop
Seat 3: Apostol108 (big blind) collected ($0.02)
Seat 4: Dorex2007 folded before Flop (didn't bet)
Seat 5: HarmonicDust5 folded before Flop (didn't bet)
Seat 6: Generate345 folded before Flop (didn't bet)
Seat 7: Snowman373 folded before Flop (didn't bet)



PokerStars Hand #233933291003:  Hold'em No Limit ($0.01/$0.02 USD) - 2022/02/09 17:10:11 PT [2022/02/09 20:10:11 ET]
Table 'Isberga IV' 9-max Seat #2 is the button
Seat 1: lucasmacedoic ($1.12 in chips) 
Seat 2: bazr1 ($1.38 in chips) 
Seat 3: Apostol108 ($2.02 in chips) 
Seat 4: Dorex2007 ($2.23 in chips) 
Seat 5: HarmonicDust5 ($5.54 in chips) 
Seat 6: Generate345 ($2.82 in chips) 
Seat 7: Snowman373 ($4.30 in chips) 
Apostol108: posts small blind $0.01
Dorex2007: posts big blind $0.02
*** HOLE CARDS ***
Dealt to Dorex2007 [2d 6h]
HarmonicDust5: raises $0.03 to $0.05
Generate345: folds 
Snowman373: folds 
lucasmacedoic: folds 
bazr1: folds 
Apostol108: folds 
Dorex2007: folds 
Uncalled bet ($0.03) returned to HarmonicDust5
HarmonicDust5 collected $0.05 from pot
HarmonicDust5: doesn't show hand 
*** SUMMARY ***
Total pot $0.05 | Rake $0 
Seat 1: lucasmacedoic folded before Flop (didn't bet)
Seat 2: bazr1 (button) folded before Flop (didn't bet)
Seat 3: Apostol108 (small blind) folded before Flop
Seat 4: Dorex2007 (big blind) folded before Flop
Seat 5: HarmonicDust5 collected ($0.05)
Seat 6: Generate345 folded before Flop (didn't bet)
Seat 7: Snowman373 folded before Flop (didn't bet)



PokerStars Hand #233933294978:  Hold'em No Limit ($0.01/$0.02 USD) - 2022/02/09 17:10:25 PT [2022/02/09 20:10:25 ET]
Table 'Isberga IV' 9-max Seat #3 is the button
Seat 1: lucasmacedoic ($1.12 in chips) 
Seat 2: bazr1 ($1.38 in chips) 
Seat 3: Apostol108 ($2.01 in chips) 
Seat 4: Dorex2007 ($2.21 in chips) 
Seat 5: HarmonicDust5 ($5.57 in chips) 
Seat 6: Generate345 ($2.82 in chips) 
Seat 7: Snowman373 ($4.30 in chips) 
Dorex2007: posts small blind $0.01
HarmonicDust5: posts big blind $0.02
*** HOLE CARDS ***
Dealt to Dorex2007 [3d Ks]
Generate345: folds 
Snowman373: folds 
lucasmacedoic: folds 
bazr1: folds 
Apostol108: folds 
Dorex2007: folds 
Uncalled bet ($0.01) returned to HarmonicDust5
HarmonicDust5 collected $0.02 from pot
HarmonicDust5: doesn't show hand 
*** SUMMARY ***
Total pot $0.02 | Rake $0 
Seat 1: lucasmacedoic folded before Flop (didn't bet)
Seat 2: bazr1 folded before Flop (didn't bet)
Seat 3: Apostol108 (button) folded before Flop (didn't bet)
Seat 4: Dorex2007 (small blind) folded before Flop
Seat 5: HarmonicDust5 (big blind) collected ($0.02)
Seat 6: Generate345 folded before Flop (didn't bet)
Seat 7: Snowman373 folded before Flop (didn't bet)



PokerStars Hand #233933297271:  Hold'em No Limit ($0.01/$0.02 USD) - 2022/02/09 17:10:33 PT [2022/02/09 20:10:33 ET]
Table 'Isberga IV' 9-max Seat #4 is the button
Seat 1: lucasmacedoic ($1.12 in chips) 
Seat 2: bazr1 ($1.38 in chips) 
Seat 3: Apostol108 ($2.01 in chips) 
Seat 4: Dorex2007 ($2.20 in chips) 
Seat 5: HarmonicDust5 ($5.58 in chips) 
Seat 6: Generate345 ($2.82 in chips) 
Seat 7: Snowman373 ($4.30 in chips) 
HarmonicDust5: posts small blind $0.01
Generate345: posts big blind $0.02
*** HOLE CARDS ***
Dealt to Dorex2007 [Ks Th]
Snowman373: folds 
lucasmacedoic: folds 
the zan man68 joins the table at seat #9 
bazr1: folds 
Apostol108: folds 
Dorex2007: folds 
HarmonicDust5: folds 
Uncalled bet ($0.01) returned to Generate345
Generate345 collected $0.02 from pot
Generate345: doesn't show hand 
*** SUMMARY ***
Total pot $0.02 | Rake $0 
Seat 1: lucasmacedoic folded before Flop (didn't bet)
Seat 2: bazr1 folded before Flop (didn't bet)
Seat 3: Apostol108 folded before Flop (didn't bet)
Seat 4: Dorex2007 (button) folded before Flop (didn't bet)
Seat 5: HarmonicDust5 (small blind) folded before Flop
Seat 6: Generate345 (big blind) collected ($0.02)
Seat 7: Snowman373 folded before Flop (didn't bet)



PokerStars Hand #233933300013:  Hold'em No Limit ($0.01/$0.02 USD) - 2022/02/09 17:10:43 PT [2022/02/09 20:10:43 ET]
Table 'Isberga IV' 9-max Seat #5 is the button
Seat 1: lucasmacedoic ($1.12 in chips) 
Seat 2: bazr1 ($1.38 in chips) 
Seat 3: Apostol108 ($2.01 in chips) 
Seat 4: Dorex2007 ($2.20 in chips) 
Seat 5: HarmonicDust5 ($5.57 in chips) 
Seat 6: Generate345 ($2.83 in chips) 
Seat 7: Snowman373 ($4.30 in chips) 
Generate345: posts small blind $0.01
Snowman373: posts big blind $0.02
the zan man68: sits out 
*** HOLE CARDS ***
Dealt to Dorex2007 [9h 8s]
lucasmacedoic: folds 
bazr1: folds 
Apostol108: folds 
Dorex2007: folds 
HarmonicDust5: folds 
Generate345: folds 
Uncalled bet ($0.01) returned to Snowman373
Snowman373 collected $0.02 from pot
Snowman373: doesn't show hand 
*** SUMMARY ***
Total pot $0.02 | Rake $0 
Seat 1: lucasmacedoic folded before Flop (didn't bet)
Seat 2: bazr1 folded before Flop (didn't bet)
Seat 3: Apostol108 folded before Flop (didn't bet)
Seat 4: Dorex2007 folded before Flop (didn't bet)
Seat 5: HarmonicDust5 (button) folded before Flop (didn't bet)
Seat 6: Generate345 (small blind) folded before Flop
Seat 7: Snowman373 (big blind) collected ($0.02)



PokerStars Hand #233933303867:  Hold'em No Limit ($0.01/$0.02 USD) - 2022/02/09 17:10:56 PT [2022/02/09 20:10:56 ET]
Table 'Isberga IV' 9-max Seat #6 is the button
Seat 1: lucasmacedoic ($1.12 in chips) 
Seat 2: bazr1 ($1.38 in chips) 
Seat 3: Apostol108 ($2.01 in chips) 
Seat 4: Dorex2007 ($2.20 in chips) 
Seat 5: HarmonicDust5 ($5.57 in chips) 
Seat 6: Generate345 ($2.82 in chips) 
Seat 7: Snowman373 ($4.31 in chips) 
Seat 9: the zan man68 ($2 in chips) 
Snowman373: posts small blind $0.01
the zan man68: posts big blind $0.02
*** HOLE CARDS ***
Dealt to Dorex2007 [5d 7h]
lucasmacedoic: folds 
bazr1: calls $0.02
Apostol108: folds 
Dorex2007: folds 
HarmonicDust5: folds 
Generate345: folds 
Snowman373: folds 
the zan man68: raises $0.02 to $0.04
bazr1: calls $0.02
*** FLOP *** [2h 6d 4h]
the zan man68: bets $0.04
bazr1: calls $0.04
*** TURN *** [2h 6d 4h] [5c]
the zan man68: bets $0.08
bazr1: folds 
Uncalled bet ($0.08) returned to the zan man68
the zan man68 collected $0.16 from pot
jason198331 leaves the table
the zan man68: doesn't show hand 
*** SUMMARY ***
Total pot $0.17 | Rake $0.01 
Board [2h 6d 4h 5c]
Seat 1: lucasmacedoic folded before Flop (didn't bet)
Seat 2: bazr1 folded on the Turn
Seat 3: Apostol108 folded before Flop (didn't bet)
Seat 4: Dorex2007 folded before Flop (didn't bet)
Seat 5: HarmonicDust5 folded before Flop (didn't bet)
Seat 6: Generate345 (button) folded before Flop (didn't bet)
Seat 7: Snowman373 (small blind) folded before Flop
Seat 9: the zan man68 (big blind) collected ($0.16)



PokerStars Hand #233933312148:  Hold'em No Limit ($0.01/$0.02 USD) - 2022/02/09 17:11:24 PT [2022/02/09 20:11:24 ET]
Table 'Isberga IV' 9-max Seat #7 is the button
Seat 1: lucasmacedoic ($1.12 in chips) 
Seat 2: bazr1 ($1.30 in chips) 
Seat 3: Apostol108 ($2.01 in chips) 
Seat 4: Dorex2007 ($2.20 in chips) 
Seat 5: HarmonicDust5 ($5.57 in chips) 
Seat 6: Generate345 ($2.82 in chips) 
Seat 7: Snowman373 ($4.30 in chips) 
Seat 9: the zan man68 ($2.08 in chips) 
the zan man68: posts small blind $0.01
lucasmacedoic: posts big blind $0.02
*** HOLE CARDS ***
Dealt to Dorex2007 [Ad 8d]
bazr1: calls $0.02
Apostol108: folds 
Dorex2007: folds 
HarmonicDust5: folds 
Generate345: calls $0.02
Snowman373: folds 
the zan man68: calls $0.01
lucasmacedoic: checks 
*** FLOP *** [6h Js 4s]
the zan man68: checks 
lucasmacedoic: checks 
bazr1: checks 
Generate345: checks 
*** TURN *** [6h Js 4s] [6c]
the zan man68: bets $0.04
lucasmacedoic: folds 
bazr1: calls $0.04
Generate345: folds 
*** RIVER *** [6h Js 4s 6c] [4d]
the zan man68: bets $0.07
bazr1: folds 
Uncalled bet ($0.07) returned to the zan man68
the zan man68 collected $0.15 from pot
the zan man68: doesn't show hand 
*** SUMMARY ***
Total pot $0.16 | Rake $0.01 
Board [6h Js 4s 6c 4d]
Seat 1: lucasmacedoic (big blind) folded on the Turn
Seat 2: bazr1 folded on the River
Seat 3: Apostol108 folded before Flop (didn't bet)
Seat 4: Dorex2007 folded before Flop (didn't bet)
Seat 5: HarmonicDust5 folded before Flop (didn't bet)
Seat 6: Generate345 folded on the Turn
Seat 7: Snowman373 (button) folded before Flop (didn't bet)
Seat 9: the zan man68 (small blind) collected ($0.15)



PokerStars Hand #233933323062:  Hold'em No Limit ($0.01/$0.02 USD) - 2022/02/09 17:12:02 PT [2022/02/09 20:12:02 ET]
Table 'Isberga IV' 9-max Seat #9 is the button
Seat 1: lucasmacedoic ($1.10 in chips) 
Seat 2: bazr1 ($1.24 in chips) 
Seat 3: Apostol108 ($2.01 in chips) 
Seat 4: Dorex2007 ($2.20 in chips) 
Seat 5: HarmonicDust5 ($5.57 in chips) 
Seat 6: Generate345 ($2.80 in chips) 
Seat 7: Snowman373 ($4.30 in chips) 
Seat 9: the zan man68 ($2.17 in chips) 
lucasmacedoic: posts small blind $0.01
bazr1: posts big blind $0.02
*** HOLE CARDS ***
Dealt to Dorex2007 [2d Qc]
Apostol108: folds 
Dorex2007: folds 
HarmonicDust5: folds 
Generate345: folds 
Snowman373: folds 
the zan man68: calls $0.02
lucasmacedoic: raises $0.02 to $0.04
bazr1: folds 
the zan man68: calls $0.02
*** FLOP *** [2s 9h 5h]
lucasmacedoic: checks 
the zan man68: checks 
*** TURN *** [2s 9h 5h] [4h]
lucasmacedoic: bets $0.05
the zan man68: calls $0.05
*** RIVER *** [2s 9h 5h 4h] [6c]
Sunpower333 joins the table at seat #8 
lucasmacedoic: bets $0.04
the zan man68: raises $0.04 to $0.08
lucasmacedoic: calls $0.04
*** SHOW DOWN ***
the zan man68: shows [Ks 3c] (a straight, Deuce to Six)
lucasmacedoic: mucks hand 
the zan man68 collected $0.35 from pot
*** SUMMARY ***
Total pot $0.36 | Rake $0.01 
Board [2s 9h 5h 4h 6c]
Seat 1: lucasmacedoic (small blind) mucked [7s 6s]
Seat 2: bazr1 (big blind) folded before Flop
Seat 3: Apostol108 folded before Flop (didn't bet)
Seat 4: Dorex2007 folded before Flop (didn't bet)
Seat 5: HarmonicDust5 folded before Flop (didn't bet)
Seat 6: Generate345 folded before Flop (didn't bet)
Seat 7: Snowman373 folded before Flop (didn't bet)
Seat 9: the zan man68 (button) showed [Ks 3c] and won ($0.35) with a straight, Deuce to Six



PokerStars Hand #233933335420:  Hold'em No Limit ($0.01/$0.02 USD) - 2022/02/09 17:12:45 PT [2022/02/09 20:12:45 ET]
Table 'Isberga IV' 9-max Seat #1 is the button
Seat 1: lucasmacedoic ($0.93 in chips) 
Seat 2: bazr1 ($1.22 in chips) 
Seat 3: Apostol108 ($2.01 in chips) 
Seat 4: Dorex2007 ($2.20 in chips) 
Seat 5: HarmonicDust5 ($5.57 in chips) 
Seat 6: Generate345 ($2.80 in chips) 
Seat 7: Snowman373 ($4.30 in chips) 
Seat 9: the zan man68 ($2.35 in chips) 
bazr1: posts small blind $0.01
Apostol108: posts big blind $0.02
Sunpower333: sits out 
*** HOLE CARDS ***
Dealt to Dorex2007 [Tc 3s]
Dorex2007: folds 
HarmonicDust5: folds 
Generate345: calls $0.02
Snowman373: folds 
the zan man68: raises $0.02 to $0.04
lucasmacedoic: calls $0.04
bazr1: folds 
Apostol108: folds 
Generate345: calls $0.02
*** FLOP *** [Ts Ac 6h]
Generate345: checks 
the zan man68: bets $0.07
lucasmacedoic: folds 
Generate345: calls $0.07
*** TURN *** [Ts Ac 6h] [Js]
Generate345: checks 
the zan man68: bets $0.14
Generate345: raises $0.14 to $0.28
the zan man68: calls $0.14
*** RIVER *** [Ts Ac 6h Js] [6c]
Generate345: bets $0.82
the zan man68: folds 
Uncalled bet ($0.82) returned to Generate345
Generate345 collected $0.82 from pot
Generate345: doesn't show hand 
*** SUMMARY ***
Total pot $0.85 | Rake $0.03 
Board [Ts Ac 6h Js 6c]
Seat 1: lucasmacedoic (button) folded on the Flop
Seat 2: bazr1 (small blind) folded before Flop
Seat 3: Apostol108 (big blind) folded before Flop
Seat 4: Dorex2007 folded before Flop (didn't bet)
Seat 5: HarmonicDust5 folded before Flop (didn't bet)
Seat 6: Generate345 collected ($0.82)
Seat 7: Snowman373 folded before Flop (didn't bet)
Seat 9: the zan man68 folded on the River



PokerStars Hand #233933347823:  Hold'em No Limit ($0.01/$0.02 USD) - 2022/02/09 17:13:28 PT [2022/02/09 20:13:28 ET]
Table 'Isberga IV' 9-max Seat #2 is the button
Seat 1: lucasmacedoic ($0.89 in chips) 
Seat 2: bazr1 ($1.21 in chips) 
Seat 3: Apostol108 ($2 in chips) 
Seat 4: Dorex2007 ($2.20 in chips) 
Seat 5: HarmonicDust5 ($5.57 in chips) 
Seat 6: Generate345 ($3.23 in chips) 
Seat 7: Snowman373 ($4.30 in chips) 
Seat 9: the zan man68 ($1.96 in chips) 
Apostol108: posts small blind $0.01
Dorex2007: posts big blind $0.02
Sunpower333: sits out 
*** HOLE CARDS ***
Dealt to Dorex2007 [Jd 9h]
HarmonicDust5: folds 
Generate345: calls $0.02
Snowman373: folds 
the zan man68: folds 
lucasmacedoic: raises $0.02 to $0.04
bazr1: folds 
Apostol108: calls $0.03
Dorex2007: folds 
Generate345: calls $0.02
*** FLOP *** [6h Th 5s]
Apostol108: bets $0.07
HarmonicDust5 leaves the table
Generate345: folds 
lucasmacedoic: calls $0.07
*** TURN *** [6h Th 5s] [Js]
Apostol108: bets $0.09
lucasmacedoic: calls $0.09
*** RIVER *** [6h Th 5s Js] [2h]
Apostol108: bets $0.13
lucasmacedoic: raises $0.13 to $0.26
Apostol108: calls $0.13
*** SHOW DOWN ***
lucasmacedoic: shows [4h Qh] (a flush, Queen high)
Apostol108: mucks hand 
lucasmacedoic collected $0.95 from pot
*** SUMMARY ***
Total pot $0.98 | Rake $0.03 
Board [6h Th 5s Js 2h]
Seat 1: lucasmacedoic showed [4h Qh] and won ($0.95) with a flush, Queen high
Seat 2: bazr1 (button) folded before Flop (didn't bet)
Seat 3: Apostol108 (small blind) mucked [Ac Td]
Seat 4: Dorex2007 (big blind) folded before Flop
Seat 5: HarmonicDust5 folded before Flop (didn't bet)
Seat 6: Generate345 folded on the Flop
Seat 7: Snowman373 folded before Flop (didn't bet)
Seat 9: the zan man68 folded before Flop (didn't bet)



PokerStars Hand #233933361559:  Hold'em No Limit ($0.01/$0.02 USD) - 2022/02/09 17:14:17 PT [2022/02/09 20:14:17 ET]
Table 'Isberga IV' 9-max Seat #3 is the button
Seat 1: lucasmacedoic ($1.38 in chips) 
Seat 2: bazr1 ($1.21 in chips) 
Seat 3: Apostol108 ($2 in chips) 
Seat 4: Dorex2007 ($2.18 in chips) 
Seat 6: Generate345 ($3.19 in chips) 
Seat 7: Snowman373 ($4.30 in chips) 
Seat 9: the zan man68 ($1.96 in chips) 
Dorex2007: posts small blind $0.01
Generate345: posts big blind $0.02
Sunpower333: sits out 
*** HOLE CARDS ***
Dealt to Dorex2007 [Ts Kd]
Snowman373: folds 
the zan man68: raises $0.02 to $0.04
lucasmacedoic: calls $0.04
bazr1: folds 
Apostol108: folds 
Dorex2007: calls $0.03
Generate345: calls $0.02
*** FLOP *** [6c 2c 4h]
Dorex2007: checks 
Generate345: checks 
the zan man68: bets $0.07
lucasmacedoic: folds 
Dorex2007: folds 
Generate345: folds 
Uncalled bet ($0.07) returned to the zan man68
the zan man68 collected $0.15 from pot
the zan man68: doesn't show hand 
*** SUMMARY ***
Total pot $0.16 | Rake $0.01 
Board [6c 2c 4h]
Seat 1: lucasmacedoic folded on the Flop
Seat 2: bazr1 folded before Flop (didn't bet)
Seat 3: Apostol108 (button) folded before Flop (didn't bet)
Seat 4: Dorex2007 (small blind) folded on the Flop
Seat 6: Generate345 (big blind) folded on the Flop
Seat 7: Snowman373 folded before Flop (didn't bet)
Seat 9: the zan man68 collected ($0.15)



PokerStars Hand #233933370771:  Hold'em No Limit ($0.01/$0.02 USD) - 2022/02/09 17:14:49 PT [2022/02/09 20:14:49 ET]
Table 'Isberga IV' 9-max Seat #4 is the button
Seat 1: lucasmacedoic ($1.34 in chips) 
Seat 2: bazr1 ($1.21 in chips) 
Seat 3: Apostol108 ($2 in chips) 
Seat 4: Dorex2007 ($2.14 in chips) 
Seat 6: Generate345 ($3.15 in chips) 
Seat 8: Sunpower333 ($0.80 in chips) 
Seat 9: the zan man68 ($2.07 in chips) 
Generate345: posts small blind $0.01
Snowman373: is sitting out 
Sunpower333: posts big blind $0.02
*** HOLE CARDS ***
Dealt to Dorex2007 [Ad Ah]
the zan man68: calls $0.02
lucasmacedoic: folds 
bazr1: folds 
Apostol108: folds 
Dorex2007: raises $0.08 to $0.10
Generate345: folds 
Sunpower333: folds 
the zan man68: calls $0.08
*** FLOP *** [Qd 4s 6d]
the zan man68: checks 
Dorex2007: bets $0.22
the zan man68: folds 
Uncalled bet ($0.22) returned to Dorex2007
Dorex2007 collected $0.22 from pot
Dorex2007: doesn't show hand 
*** SUMMARY ***
Total pot $0.23 | Rake $0.01 
Board [Qd 4s 6d]
Seat 1: lucasmacedoic folded before Flop (didn't bet)
Seat 2: bazr1 folded before Flop (didn't bet)
Seat 3: Apostol108 folded before Flop (didn't bet)
Seat 4: Dorex2007 (button) collected ($0.22)
Seat 6: Generate345 (small blind) folded before Flop
Seat 8: Sunpower333 (big blind) folded before Flop
Seat 9: the zan man68 folded on the Flop



PokerStars Hand #233933377558:  Hold'em No Limit ($0.01/$0.02 USD) - 2022/02/09 17:15:12 PT [2022/02/09 20:15:12 ET]
Table 'Isberga IV' 9-max Seat #6 is the button
Seat 1: lucasmacedoic ($1.34 in chips) 
Seat 2: bazr1 ($1.21 in chips) 
Seat 3: Apostol108 ($2 in chips) 
Seat 4: Dorex2007 ($2.26 in chips) 
Seat 6: Generate345 ($3.14 in chips) 
Seat 8: Sunpower333 ($0.78 in chips) 
Seat 9: the zan man68 ($1.97 in chips) 
Sunpower333: posts small blind $0.01
the zan man68: posts big blind $0.02
*** HOLE CARDS ***
Dealt to Dorex2007 [Qs 5h]
lucasmacedoic: raises $0.02 to $0.04
bazr1: calls $0.04
Apostol108: folds 
Dorex2007: folds 
Generate345: folds 
Sunpower333: calls $0.03
the zan man68: calls $0.02
*** FLOP *** [Jc 9h 8h]
Sunpower333: checks 
the zan man68: checks 
Urasik1979 joins the table at seat #5 
lucasmacedoic: checks 
bazr1: bets $0.02
Sunpower333: folds 
the zan man68: calls $0.02
lucasmacedoic: calls $0.02
*** TURN *** [Jc 9h 8h] [7h]
the zan man68: bets $0.10
lucasmacedoic: folds 
bazr1: calls $0.10
*** RIVER *** [Jc 9h 8h 7h] [Jh]
the zan man68: bets $0.20
bazr1: raises $0.41 to $0.61
the zan man68: raises $0.41 to $1.02
bazr1: raises $0.03 to $1.05 and is all-in
the zan man68: calls $0.03
*** SHOW DOWN ***
bazr1: shows [Js Jd] (four of a kind, Jacks)
the zan man68: shows [7c 7s] (a full house, Sevens full of Jacks)
bazr1 collected $2.43 from pot
*** SUMMARY ***
Total pot $2.52 | Rake $0.09 
Board [Jc 9h 8h 7h Jh]
Seat 1: lucasmacedoic folded on the Turn
Seat 2: bazr1 showed [Js Jd] and won ($2.43) with four of a kind, Jacks
Seat 3: Apostol108 folded before Flop (didn't bet)
Seat 4: Dorex2007 folded before Flop (didn't bet)
Seat 6: Generate345 (button) folded before Flop (didn't bet)
Seat 8: Sunpower333 (small blind) folded on the Flop
Seat 9: the zan man68 (big blind) showed [7c 7s] and lost with a full house, Sevens full of Jacks



PokerStars Hand #233933393885:  Hold'em No Limit ($0.01/$0.02 USD) - 2022/02/09 17:16:09 PT [2022/02/09 20:16:09 ET]
Table 'Isberga IV' 9-max Seat #9 is the button
Seat 1: lucasmacedoic ($1.28 in chips) 
Seat 2: bazr1 ($2.43 in chips) 
Seat 3: Apostol108 ($2 in chips) 
Seat 4: Dorex2007 ($2.26 in chips) 
Seat 6: Generate345 ($3.14 in chips) 
Seat 9: the zan man68 ($0.76 in chips) 
lucasmacedoic: posts small blind $0.01
bazr1: posts big blind $0.02
Urasik1979: sits out 
*** HOLE CARDS ***
Dealt to Dorex2007 [4s Qh]
Apostol108: folds 
Dorex2007: folds 
Generate345: folds 
the zan man68: folds 
lucasmacedoic: raises $0.02 to $0.04
bazr1: folds 
Uncalled bet ($0.02) returned to lucasmacedoic
lucasmacedoic collected $0.04 from pot
lucasmacedoic: doesn't show hand 
*** SUMMARY ***
Total pot $0.04 | Rake $0 
Seat 1: lucasmacedoic (small blind) collected ($0.04)
Seat 2: bazr1 (big blind) folded before Flop
Seat 3: Apostol108 folded before Flop (didn't bet)
Seat 4: Dorex2007 folded before Flop (didn't bet)
Seat 6: Generate345 folded before Flop (didn't bet)
Seat 9: the zan man68 (button) folded before Flop (didn't bet)



PokerStars Hand #233933397710:  Hold'em No Limit ($0.01/$0.02 USD) - 2022/02/09 17:16:23 PT [2022/02/09 20:16:23 ET]
Table 'Isberga IV' 9-max Seat #1 is the button
Seat 1: lucasmacedoic ($1.30 in chips) 
Seat 2: bazr1 ($2.41 in chips) 
Seat 3: Apostol108 ($2 in chips) 
Seat 4: Dorex2007 ($2.26 in chips) 
Seat 5: Urasik1979 ($0.80 in chips) 
Seat 6: Generate345 ($3.14 in chips) 
Seat 9: the zan man68 ($0.76 in chips) 
bazr1: posts small blind $0.01
Apostol108: posts big blind $0.02
Urasik1979: posts big blind $0.02
*** HOLE CARDS ***
Dealt to Dorex2007 [7h 3c]
Dorex2007: folds 
Urasik1979: checks 
Generate345: folds 
the zan man68: calls $0.02
lucasmacedoic: raises $0.02 to $0.04
bazr1: folds 
Apostol108: raises $0.16 to $0.20
Urasik1979: folds 
the zan man68: raises $0.56 to $0.76 and is all-in
lucasmacedoic: calls $0.72
Apostol108: raises $1.24 to $2 and is all-in
lucasmacedoic: calls $0.54 and is all-in
Uncalled bet ($0.70) returned to Apostol108
*** FLOP *** [9d 8c Ks]
*** TURN *** [9d 8c Ks] [7d]
*** RIVER *** [9d 8c Ks 7d] [3h]
*** SHOW DOWN ***
Apostol108: shows [Td As] (high card Ace)
lucasmacedoic: shows [Qc Qd] (a pair of Queens)
lucasmacedoic collected $1.04 from side pot
the zan man68: shows [8d 8h] (three of a kind, Eights)
the zan man68 cashed out the hand for $0.42
*** SUMMARY ***
Total pot $3.39 Main pot $2.23. Side pot $1.04. | Rake $0.12 
Board [9d 8c Ks 7d 3h]
Seat 1: lucasmacedoic (button) showed [Qc Qd] and won ($1.04) with a pair of Queens
Seat 2: bazr1 (small blind) folded before Flop
Seat 3: Apostol108 (big blind) showed [Td As] and lost with high card Ace
Seat 4: Dorex2007 folded before Flop (didn't bet)
Seat 5: Urasik1979 folded before Flop (didn't bet)
Seat 6: Generate345 folded before Flop (didn't bet)
Seat 9: the zan man68 showed [8d 8h] and won ($2.23) with three of a kind, Eights (pot not awarded as player cashed out)



