PokerStars Hand #238675866507:  Hold'em No Limit ($0.02/$0.05 USD) - 2022/09/16 19:11:20 PT [2022/09/16 22:11:20 ET]
Table 'Amata III' 9-max Seat #4 is the button
Seat 1: Almanza63 ($9.88 in chips) 
Seat 2: Dorex2007 ($5 in chips) 
Seat 3: destroynl ($16.86 in chips) 
Seat 4: Nicolai5115 ($1.65 in chips) 
Seat 5: laureano290 ($5.17 in chips) 
Seat 6: CiganoCaracas ($2.41 in chips) 
Seat 7: GrooshBadoosh ($7.70 in chips) 
Seat 8: enixblr ($5 in chips) 
Seat 9: ekidona ($6.59 in chips) 
laureano290: posts small blind $0.02
CiganoCaracas: posts big blind $0.05
Dorex2007: posts big blind $0.05
*** HOLE CARDS ***
Dealt to Dorex2007 [Jc Ac]
GrooshBadoosh: folds 
enixblr: folds 
ekidona: folds 
Almanza63: folds 
Dorex2007: raises $0.10 to $0.15
destroynl: calls $0.15
Nicolai5115: folds 
laureano290: folds 
CiganoCaracas: calls $0.10
*** FLOP *** [7h 2d Qs]
CiganoCaracas: checks 
Dorex2007: checks 
destroynl: bets $0.30
CiganoCaracas: folds 
Dorex2007: folds 
Uncalled bet ($0.30) returned to destroynl
destroynl collected $0.45 from pot
destroynl: doesn't show hand 
*** SUMMARY ***
Total pot $0.47 | Rake $0.02 
Board [7h 2d Qs]
Seat 1: Almanza63 folded before Flop (didn't bet)
Seat 2: Dorex2007 folded on the Flop
Seat 3: destroynl collected ($0.45)
Seat 4: Nicolai5115 (button) folded before Flop (didn't bet)
Seat 5: laureano290 (small blind) folded before Flop
Seat 6: CiganoCaracas (big blind) folded on the Flop
Seat 7: GrooshBadoosh folded before Flop (didn't bet)
Seat 8: enixblr folded before Flop (didn't bet)
Seat 9: ekidona folded before Flop (didn't bet)



PokerStars Hand #238675878426:  Hold'em No Limit ($0.02/$0.05 USD) - 2022/09/16 19:12:21 PT [2022/09/16 22:12:21 ET]
Table 'Amata III' 9-max Seat #5 is the button
Seat 1: Almanza63 ($9.88 in chips) 
Seat 2: Dorex2007 ($5 in chips) 
Seat 3: destroynl ($17.16 in chips) 
Seat 4: Nicolai5115 ($1.65 in chips) 
Seat 5: laureano290 ($5.15 in chips) 
Seat 6: CiganoCaracas ($2.26 in chips) 
Seat 7: GrooshBadoosh ($7.70 in chips) 
Seat 8: enixblr ($5 in chips) 
Seat 9: ekidona ($6.59 in chips) 
CiganoCaracas: posts small blind $0.02
GrooshBadoosh: posts big blind $0.05
*** HOLE CARDS ***
Dealt to Dorex2007 [Ac 9d]
enixblr has timed out
enixblr: folds 
ekidona: folds 
Almanza63: folds 
Dorex2007: folds 
destroynl: folds 
Nicolai5115: calls $0.05
laureano290: folds 
CiganoCaracas: folds 
GrooshBadoosh: checks 
*** FLOP *** [Ks Kh 8d]
GrooshBadoosh: checks 
Nicolai5115: bets $0.05
GrooshBadoosh: folds 
Uncalled bet ($0.05) returned to Nicolai5115
Nicolai5115 collected $0.12 from pot
Nicolai5115: doesn't show hand 
*** SUMMARY ***
Total pot $0.12 | Rake $0 
Board [Ks Kh 8d]
Seat 1: Almanza63 folded before Flop (didn't bet)
Seat 2: Dorex2007 folded before Flop (didn't bet)
Seat 3: destroynl folded before Flop (didn't bet)
Seat 4: Nicolai5115 collected ($0.12)
Seat 5: laureano290 (button) folded before Flop (didn't bet)
Seat 6: CiganoCaracas (small blind) folded before Flop
Seat 7: GrooshBadoosh (big blind) folded on the Flop
Seat 8: enixblr folded before Flop (didn't bet)
Seat 9: ekidona folded before Flop (didn't bet)



PokerStars Hand #238675888441:  Hold'em No Limit ($0.02/$0.05 USD) - 2022/09/16 19:13:13 PT [2022/09/16 22:13:13 ET]
Table 'Amata III' 9-max Seat #6 is the button
Seat 1: Almanza63 ($9.88 in chips) 
Seat 2: Dorex2007 ($5 in chips) 
Seat 3: destroynl ($17.16 in chips) 
Seat 4: Nicolai5115 ($1.72 in chips) 
Seat 5: laureano290 ($5.15 in chips) 
Seat 6: CiganoCaracas ($2.24 in chips) 
Seat 7: GrooshBadoosh ($7.65 in chips) 
Seat 8: enixblr ($5 in chips) 
Seat 9: ekidona ($6.59 in chips) 
GrooshBadoosh: posts small blind $0.02
enixblr: posts big blind $0.05
*** HOLE CARDS ***
Dealt to Dorex2007 [8s 6s]
ekidona: folds 
Almanza63: folds 
Dorex2007: folds 
destroynl: folds 
Nicolai5115: calls $0.05
laureano290: folds 
CiganoCaracas: calls $0.05
GrooshBadoosh: folds 
enixblr: checks 
*** FLOP *** [4h Jc Kc]
enixblr: checks 
Nicolai5115: bets $0.05
CiganoCaracas: folds 
enixblr: folds 
Uncalled bet ($0.05) returned to Nicolai5115
Nicolai5115 collected $0.16 from pot
Nicolai5115: doesn't show hand 
*** SUMMARY ***
Total pot $0.17 | Rake $0.01 
Board [4h Jc Kc]
Seat 1: Almanza63 folded before Flop (didn't bet)
Seat 2: Dorex2007 folded before Flop (didn't bet)
Seat 3: destroynl folded before Flop (didn't bet)
Seat 4: Nicolai5115 collected ($0.16)
Seat 5: laureano290 folded before Flop (didn't bet)
Seat 6: CiganoCaracas (button) folded on the Flop
Seat 7: GrooshBadoosh (small blind) folded before Flop
Seat 8: enixblr (big blind) folded on the Flop
Seat 9: ekidona folded before Flop (didn't bet)



PokerStars Hand #238675899237:  Hold'em No Limit ($0.02/$0.05 USD) - 2022/09/16 19:14:09 PT [2022/09/16 22:14:09 ET]
Table 'Amata III' 9-max Seat #7 is the button
Seat 1: Almanza63 ($9.88 in chips) 
Seat 2: Dorex2007 ($5 in chips) 
Seat 3: destroynl ($17.16 in chips) 
Seat 4: Nicolai5115 ($1.83 in chips) 
Seat 5: laureano290 ($5.15 in chips) 
Seat 6: CiganoCaracas ($2.19 in chips) 
Seat 7: GrooshBadoosh ($7.63 in chips) 
Seat 8: enixblr ($5 in chips) 
Seat 9: ekidona ($6.59 in chips) 
enixblr: posts small blind $0.02
ekidona: posts big blind $0.05
*** HOLE CARDS ***
Dealt to Dorex2007 [Jc 9c]
Almanza63: folds 
Dorex2007: folds 
destroynl: raises $0.10 to $0.15
Nicolai5115: folds 
laureano290: folds 
CiganoCaracas: folds 
GrooshBadoosh: calls $0.15
enixblr: folds 
ekidona: folds 
*** FLOP *** [Ts 5d Qh]
destroynl: checks 
GrooshBadoosh: checks 
*** TURN *** [Ts 5d Qh] [5s]
destroynl: bets $0.20
GrooshBadoosh: calls $0.20
*** RIVER *** [Ts 5d Qh 5s] [Ac]
destroynl: checks 
GrooshBadoosh: checks 
*** SHOW DOWN ***
destroynl: shows [8c 8h] (two pair, Eights and Fives)
GrooshBadoosh: mucks hand 
destroynl collected $0.74 from pot
*** SUMMARY ***
Total pot $0.77 | Rake $0.03 
Board [Ts 5d Qh 5s Ac]
Seat 1: Almanza63 folded before Flop (didn't bet)
Seat 2: Dorex2007 folded before Flop (didn't bet)
Seat 3: destroynl showed [8c 8h] and won ($0.74) with two pair, Eights and Fives
Seat 4: Nicolai5115 folded before Flop (didn't bet)
Seat 5: laureano290 folded before Flop (didn't bet)
Seat 6: CiganoCaracas folded before Flop (didn't bet)
Seat 7: GrooshBadoosh (button) mucked [4d 4s]
Seat 8: enixblr (small blind) folded before Flop
Seat 9: ekidona (big blind) folded before Flop



PokerStars Hand #238675913112:  Hold'em No Limit ($0.02/$0.05 USD) - 2022/09/16 19:15:21 PT [2022/09/16 22:15:21 ET]
Table 'Amata III' 9-max Seat #8 is the button
Seat 1: Almanza63 ($9.88 in chips) 
Seat 2: Dorex2007 ($5 in chips) 
Seat 3: destroynl ($17.55 in chips) 
Seat 4: Nicolai5115 ($1.83 in chips) 
Seat 5: laureano290 ($5.15 in chips) 
Seat 6: CiganoCaracas ($2.19 in chips) 
Seat 7: GrooshBadoosh ($7.28 in chips) 
Seat 8: enixblr ($5 in chips) 
Seat 9: ekidona ($6.54 in chips) 
ekidona: posts small blind $0.02
Almanza63: posts big blind $0.05
*** HOLE CARDS ***
Dealt to Dorex2007 [9h Qc]
Dorex2007: folds 
destroynl: folds 
Nicolai5115: calls $0.05
laureano290: folds 
CiganoCaracas: folds 
GrooshBadoosh: raises $0.05 to $0.10
enixblr: raises $0.35 to $0.45
ekidona: folds 
Almanza63: folds 
Nicolai5115: calls $0.40
GrooshBadoosh: calls $0.35
*** FLOP *** [5c 8s 7s]
Nicolai5115: checks 
GrooshBadoosh: checks 
enixblr: checks 
*** TURN *** [5c 8s 7s] [Ks]
Nicolai5115: checks 
GrooshBadoosh: checks 
enixblr: bets $1.02
Nicolai5115: calls $1.02
GrooshBadoosh: folds 
*** RIVER *** [5c 8s 7s Ks] [4h]
Nicolai5115: checks 
enixblr: bets $2.21
Nicolai5115: calls $0.36 and is all-in
Uncalled bet ($1.85) returned to enixblr
*** SHOW DOWN ***
enixblr: shows [As Js] (a flush, Ace high)
Nicolai5115: shows [Kd Ad] (a pair of Kings)
enixblr collected $4.01 from pot
*** SUMMARY ***
Total pot $4.18 | Rake $0.17 
Board [5c 8s 7s Ks 4h]
Seat 1: Almanza63 (big blind) folded before Flop
Seat 2: Dorex2007 folded before Flop (didn't bet)
Seat 3: destroynl folded before Flop (didn't bet)
Seat 4: Nicolai5115 showed [Kd Ad] and lost with a pair of Kings
Seat 5: laureano290 folded before Flop (didn't bet)
Seat 6: CiganoCaracas folded before Flop (didn't bet)
Seat 7: GrooshBadoosh folded on the Turn
Seat 8: enixblr (button) showed [As Js] and won ($4.01) with a flush, Ace high
Seat 9: ekidona (small blind) folded before Flop



PokerStars Hand #238675935326:  Hold'em No Limit ($0.02/$0.05 USD) - 2022/09/16 19:17:15 PT [2022/09/16 22:17:15 ET]
Table 'Amata III' 9-max Seat #9 is the button
Seat 1: Almanza63 ($9.83 in chips) 
Seat 2: Dorex2007 ($5 in chips) 
Seat 3: destroynl ($17.55 in chips) 
Seat 5: laureano290 ($5.15 in chips) 
Seat 6: CiganoCaracas ($2.19 in chips) 
Seat 7: GrooshBadoosh ($6.83 in chips) 
Seat 8: enixblr ($7.18 in chips) 
Seat 9: ekidona ($6.52 in chips) 
Almanza63: posts small blind $0.02
Dorex2007: posts big blind $0.05
*** HOLE CARDS ***
Dealt to Dorex2007 [Ks 7s]
destroynl: folds 
laureano290: raises $0.07 to $0.12
CiganoCaracas: folds 
GrooshBadoosh: folds 
enixblr: folds 
ekidona: folds 
Almanza63: calls $0.10
Dorex2007: folds 
*** FLOP *** [7d Kh Ad]
Almanza63: bets $0.14
laureano290: folds 
Uncalled bet ($0.14) returned to Almanza63
Almanza63 collected $0.28 from pot
Almanza63: doesn't show hand 
*** SUMMARY ***
Total pot $0.29 | Rake $0.01 
Board [7d Kh Ad]
Seat 1: Almanza63 (small blind) collected ($0.28)
Seat 2: Dorex2007 (big blind) folded before Flop
Seat 3: destroynl folded before Flop (didn't bet)
Seat 5: laureano290 folded on the Flop
Seat 6: CiganoCaracas folded before Flop (didn't bet)
Seat 7: GrooshBadoosh folded before Flop (didn't bet)
Seat 8: enixblr folded before Flop (didn't bet)
Seat 9: ekidona (button) folded before Flop (didn't bet)



PokerStars Hand #238675941988:  Hold'em No Limit ($0.02/$0.05 USD) - 2022/09/16 19:17:50 PT [2022/09/16 22:17:50 ET]
Table 'Amata III' 9-max Seat #1 is the button
Seat 1: Almanza63 ($9.99 in chips) 
Seat 2: Dorex2007 ($5 in chips) 
Seat 3: destroynl ($17.55 in chips) 
Seat 5: laureano290 ($5.03 in chips) 
Seat 6: CiganoCaracas ($2.19 in chips) 
Seat 7: GrooshBadoosh ($6.83 in chips) 
Seat 8: enixblr ($7.18 in chips) 
Seat 9: ekidona ($6.52 in chips) 
Dorex2007: posts small blind $0.02
destroynl: posts big blind $0.05
*** HOLE CARDS ***
Dealt to Dorex2007 [6c 8d]
laureano290: folds 
CiganoCaracas: folds 
Nicolai5115 leaves the table
GrooshBadoosh: folds 
enixblr: raises $0.07 to $0.12
ekidona: raises $0.23 to $0.35
Almanza63: folds 
Dorex2007: folds 
destroynl: folds 
enixblr: folds 
Uncalled bet ($0.23) returned to ekidona
ekidona collected $0.31 from pot
ekidona: doesn't show hand 
*** SUMMARY ***
Total pot $0.31 | Rake $0 
Seat 1: Almanza63 (button) folded before Flop (didn't bet)
Seat 2: Dorex2007 (small blind) folded before Flop
Seat 3: destroynl (big blind) folded before Flop
Seat 5: laureano290 folded before Flop (didn't bet)
Seat 6: CiganoCaracas folded before Flop (didn't bet)
Seat 7: GrooshBadoosh folded before Flop (didn't bet)
Seat 8: enixblr folded before Flop
Seat 9: ekidona collected ($0.31)



PokerStars Hand #238675948049:  Hold'em No Limit ($0.02/$0.05 USD) - 2022/09/16 19:18:22 PT [2022/09/16 22:18:22 ET]
Table 'Amata III' 9-max Seat #2 is the button
Seat 1: Almanza63 ($9.99 in chips) 
Seat 2: Dorex2007 ($5 in chips) 
Seat 3: destroynl ($17.50 in chips) 
Seat 5: laureano290 ($5.03 in chips) 
Seat 6: CiganoCaracas ($2.19 in chips) 
Seat 7: GrooshBadoosh ($6.83 in chips) 
Seat 8: enixblr ($7.06 in chips) 
Seat 9: ekidona ($6.71 in chips) 
destroynl: posts small blind $0.02
laureano290: posts big blind $0.05
*** HOLE CARDS ***
Dealt to Dorex2007 [9d 3s]
CiganoCaracas: folds 
GrooshBadoosh: folds 
enixblr: raises $0.07 to $0.12
ekidona: folds 
FelipeBezz joins the table at seat #4 
Almanza63: raises $0.36 to $0.48
Dorex2007: folds 
destroynl: folds 
laureano290: folds 
enixblr: folds 
Uncalled bet ($0.36) returned to Almanza63
Almanza63 collected $0.31 from pot
Almanza63: doesn't show hand 
*** SUMMARY ***
Total pot $0.31 | Rake $0 
Seat 1: Almanza63 collected ($0.31)
Seat 2: Dorex2007 (button) folded before Flop (didn't bet)
Seat 3: destroynl (small blind) folded before Flop
Seat 5: laureano290 (big blind) folded before Flop
Seat 6: CiganoCaracas folded before Flop (didn't bet)
Seat 7: GrooshBadoosh folded before Flop (didn't bet)
Seat 8: enixblr folded before Flop
Seat 9: ekidona folded before Flop (didn't bet)



PokerStars Hand #238675954558:  Hold'em No Limit ($0.02/$0.05 USD) - 2022/09/16 19:18:57 PT [2022/09/16 22:18:57 ET]
Table 'Amata III' 9-max Seat #3 is the button
Seat 1: Almanza63 ($10.18 in chips) 
Seat 2: Dorex2007 ($5 in chips) 
Seat 3: destroynl ($17.48 in chips) 
Seat 5: laureano290 ($5 in chips) 
Seat 6: CiganoCaracas ($2.19 in chips) 
Seat 7: GrooshBadoosh ($6.83 in chips) 
Seat 8: enixblr ($6.94 in chips) 
Seat 9: ekidona ($6.71 in chips) 
laureano290: posts small blind $0.02
CiganoCaracas: posts big blind $0.05
*** HOLE CARDS ***
Dealt to Dorex2007 [Kc 4d]
GrooshBadoosh: raises $0.05 to $0.10
enixblr: folds 
ekidona: calls $0.10
Almanza63: folds 
Dorex2007: folds 
destroynl: folds 
laureano290: folds 
CiganoCaracas: calls $0.05
*** FLOP *** [8s 2c 7s]
CiganoCaracas: checks 
GrooshBadoosh: checks 
ekidona: checks 
*** TURN *** [8s 2c 7s] [5h]
CiganoCaracas: checks 
GrooshBadoosh: checks 
ekidona: bets $0.15
CiganoCaracas: folds 
GrooshBadoosh: folds 
Uncalled bet ($0.15) returned to ekidona
ekidona collected $0.31 from pot
*** SUMMARY ***
Total pot $0.32 | Rake $0.01 
Board [8s 2c 7s 5h]
Seat 1: Almanza63 folded before Flop (didn't bet)
Seat 2: Dorex2007 folded before Flop (didn't bet)
Seat 3: destroynl (button) folded before Flop (didn't bet)
Seat 5: laureano290 (small blind) folded before Flop
Seat 6: CiganoCaracas (big blind) folded on the Turn
Seat 7: GrooshBadoosh folded on the Turn
Seat 8: enixblr folded before Flop (didn't bet)
Seat 9: ekidona collected ($0.31)



PokerStars Hand #238675973701:  Hold'em No Limit ($0.02/$0.05 USD) - 2022/09/16 19:20:36 PT [2022/09/16 22:20:36 ET]
Table 'Amata III' 9-max Seat #5 is the button
Seat 1: Almanza63 ($10.18 in chips) 
Seat 2: Dorex2007 ($5 in chips) 
Seat 3: destroynl ($17.48 in chips) 
Seat 4: FelipeBezz ($4 in chips) 
Seat 5: laureano290 ($5 in chips) 
Seat 6: CiganoCaracas ($2.09 in chips) 
Seat 7: GrooshBadoosh ($6.73 in chips) 
Seat 8: enixblr ($6.94 in chips) 
Seat 9: ekidona ($6.92 in chips) 
CiganoCaracas: posts small blind $0.02
GrooshBadoosh: posts big blind $0.05
FelipeBezz: posts big blind $0.05
*** HOLE CARDS ***
Dealt to Dorex2007 [4d Kc]
enixblr: folds 
ekidona: folds 
Almanza63: folds 
Dorex2007: folds 
destroynl: folds 
FelipeBezz has timed out
FelipeBezz: checks 
laureano290: folds 
CiganoCaracas: calls $0.03
GrooshBadoosh: checks 
*** FLOP *** [6s 6h Kd]
CiganoCaracas: bets $0.05
GrooshBadoosh: folds 
FelipeBezz: folds 
Uncalled bet ($0.05) returned to CiganoCaracas
CiganoCaracas collected $0.14 from pot
CiganoCaracas: doesn't show hand 
*** SUMMARY ***
Total pot $0.15 | Rake $0.01 
Board [6s 6h Kd]
Seat 1: Almanza63 folded before Flop (didn't bet)
Seat 2: Dorex2007 folded before Flop (didn't bet)
Seat 3: destroynl folded before Flop (didn't bet)
Seat 4: FelipeBezz folded on the Flop (didn't bet)
Seat 5: laureano290 (button) folded before Flop (didn't bet)
Seat 6: CiganoCaracas (small blind) collected ($0.14)
Seat 7: GrooshBadoosh (big blind) folded on the Flop
Seat 8: enixblr folded before Flop (didn't bet)
Seat 9: ekidona folded before Flop (didn't bet)



PokerStars Hand #238675991968:  Hold'em No Limit ($0.02/$0.05 USD) - 2022/09/16 19:22:11 PT [2022/09/16 22:22:11 ET]
Table 'Amata III' 9-max Seat #6 is the button
Seat 1: Almanza63 ($10.18 in chips) 
Seat 2: Dorex2007 ($5 in chips) 
Seat 3: destroynl ($17.48 in chips) 
Seat 4: FelipeBezz ($3.95 in chips) 
Seat 5: laureano290 ($5 in chips) 
Seat 6: CiganoCaracas ($2.18 in chips) 
Seat 7: GrooshBadoosh ($6.68 in chips) 
Seat 8: enixblr ($6.94 in chips) 
Seat 9: ekidona ($6.92 in chips) 
GrooshBadoosh: posts small blind $0.02
enixblr: posts big blind $0.05
*** HOLE CARDS ***
Dealt to Dorex2007 [Jh 8c]
ekidona: folds 
Almanza63: folds 
Dorex2007: folds 
destroynl: folds 
FelipeBezz: folds 
laureano290: folds 
CiganoCaracas: calls $0.05
GrooshBadoosh: folds 
enixblr: checks 
*** FLOP *** [6s As Qc]
enixblr: checks 
CiganoCaracas: checks 
*** TURN *** [6s As Qc] [Ac]
enixblr: checks 
CiganoCaracas: bets $0.05
enixblr: folds 
Uncalled bet ($0.05) returned to CiganoCaracas
CiganoCaracas collected $0.12 from pot
CiganoCaracas: doesn't show hand 
*** SUMMARY ***
Total pot $0.12 | Rake $0 
Board [6s As Qc Ac]
Seat 1: Almanza63 folded before Flop (didn't bet)
Seat 2: Dorex2007 folded before Flop (didn't bet)
Seat 3: destroynl folded before Flop (didn't bet)
Seat 4: FelipeBezz folded before Flop (didn't bet)
Seat 5: laureano290 folded before Flop (didn't bet)
Seat 6: CiganoCaracas (button) collected ($0.12)
Seat 7: GrooshBadoosh (small blind) folded before Flop
Seat 8: enixblr (big blind) folded on the Turn
Seat 9: ekidona folded before Flop (didn't bet)



PokerStars Hand #238676001796:  Hold'em No Limit ($0.02/$0.05 USD) - 2022/09/16 19:23:02 PT [2022/09/16 22:23:02 ET]
Table 'Amata III' 9-max Seat #7 is the button
Seat 1: Almanza63 ($10.18 in chips) 
Seat 2: Dorex2007 ($5 in chips) 
Seat 3: destroynl ($17.48 in chips) 
Seat 4: FelipeBezz ($3.95 in chips) 
Seat 5: laureano290 ($5 in chips) 
Seat 6: CiganoCaracas ($2.25 in chips) 
Seat 7: GrooshBadoosh ($6.66 in chips) 
Seat 8: enixblr ($6.89 in chips) 
Seat 9: ekidona ($6.92 in chips) 
enixblr: posts small blind $0.02
ekidona: posts big blind $0.05
*** HOLE CARDS ***
Dealt to Dorex2007 [2c 4c]
Almanza63: folds 
Dorex2007: folds 
destroynl: folds 
FelipeBezz: raises $0.15 to $0.20
laureano290: folds 
CiganoCaracas: folds 
GrooshBadoosh: folds 
enixblr: raises $0.45 to $0.65
ekidona: folds 
FelipeBezz: calls $0.45
*** FLOP *** [6h Qs 2d]
enixblr: bets $0.65
FelipeBezz: raises $2.65 to $3.30 and is all-in
enixblr: folds 
Uncalled bet ($2.65) returned to FelipeBezz
FelipeBezz collected $2.54 from pot
*** SUMMARY ***
Total pot $2.65 | Rake $0.11 
Board [6h Qs 2d]
Seat 1: Almanza63 folded before Flop (didn't bet)
Seat 2: Dorex2007 folded before Flop (didn't bet)
Seat 3: destroynl folded before Flop (didn't bet)
Seat 4: FelipeBezz collected ($2.54)
Seat 5: laureano290 folded before Flop (didn't bet)
Seat 6: CiganoCaracas folded before Flop (didn't bet)
Seat 7: GrooshBadoosh (button) folded before Flop (didn't bet)
Seat 8: enixblr (small blind) folded on the Flop
Seat 9: ekidona (big blind) folded before Flop



PokerStars Hand #238676010236:  Hold'em No Limit ($0.02/$0.05 USD) - 2022/09/16 19:23:45 PT [2022/09/16 22:23:45 ET]
Table 'Amata III' 9-max Seat #8 is the button
Seat 1: Almanza63 ($10.18 in chips) 
Seat 2: Dorex2007 ($5 in chips) 
Seat 3: destroynl ($17.48 in chips) 
Seat 4: FelipeBezz ($5.19 in chips) 
Seat 5: laureano290 ($5 in chips) 
Seat 6: CiganoCaracas ($2.25 in chips) 
Seat 7: GrooshBadoosh ($6.66 in chips) 
Seat 8: enixblr ($5.59 in chips) 
Seat 9: ekidona ($6.87 in chips) 
ekidona: posts small blind $0.02
Almanza63: posts big blind $0.05
*** HOLE CARDS ***
Dealt to Dorex2007 [3c Ad]
Dorex2007: folds 
destroynl: raises $0.10 to $0.15
FelipeBezz: calls $0.15
laureano290: folds 
CiganoCaracas: folds 
GrooshBadoosh: folds 
enixblr: folds 
ekidona: folds 
Almanza63: folds 
*** FLOP *** [3h Qd 8d]
destroynl: bets $0.20
FelipeBezz: calls $0.20
*** TURN *** [3h Qd 8d] [7h]
destroynl: checks 
FelipeBezz: checks 
*** RIVER *** [3h Qd 8d 7h] [Jc]
destroynl: checks 
FelipeBezz: bets $0.50
destroynl: calls $0.50
*** SHOW DOWN ***
FelipeBezz: shows [9d Jd] (a pair of Jacks)
destroynl: mucks hand 
FelipeBezz collected $1.70 from pot
*** SUMMARY ***
Total pot $1.77 | Rake $0.07 
Board [3h Qd 8d 7h Jc]
Seat 1: Almanza63 (big blind) folded before Flop
Seat 2: Dorex2007 folded before Flop (didn't bet)
Seat 3: destroynl mucked [Td Ts]
Seat 4: FelipeBezz showed [9d Jd] and won ($1.70) with a pair of Jacks
Seat 5: laureano290 folded before Flop (didn't bet)
Seat 6: CiganoCaracas folded before Flop (didn't bet)
Seat 7: GrooshBadoosh folded before Flop (didn't bet)
Seat 8: enixblr (button) folded before Flop (didn't bet)
Seat 9: ekidona (small blind) folded before Flop



PokerStars Hand #238676026140:  Hold'em No Limit ($0.02/$0.05 USD) - 2022/09/16 19:25:09 PT [2022/09/16 22:25:09 ET]
Table 'Amata III' 9-max Seat #9 is the button
Seat 1: Almanza63 ($10.13 in chips) 
Seat 2: Dorex2007 ($5 in chips) 
Seat 3: destroynl ($16.63 in chips) 
Seat 4: FelipeBezz ($6.04 in chips) 
Seat 5: laureano290 ($5 in chips) 
Seat 6: CiganoCaracas ($2.25 in chips) 
Seat 7: GrooshBadoosh ($6.66 in chips) 
Seat 8: enixblr ($5.59 in chips) 
Seat 9: ekidona ($6.85 in chips) 
Almanza63: posts small blind $0.02
Dorex2007: posts big blind $0.05
*** HOLE CARDS ***
Dealt to Dorex2007 [Qh 7c]
destroynl: folds 
FelipeBezz: calls $0.05
laureano290: folds 
CiganoCaracas: folds 
GrooshBadoosh: folds 
enixblr: folds 
ekidona: folds 
Almanza63: calls $0.03
Dorex2007: checks 
*** FLOP *** [Ks 6c 4d]
Almanza63: checks 
Dorex2007: checks 
FelipeBezz: checks 
*** TURN *** [Ks 6c 4d] [5h]
Almanza63: bets $0.07
Dorex2007: folds 
FelipeBezz: calls $0.07
*** RIVER *** [Ks 6c 4d 5h] [2c]
Almanza63: bets $0.21
FelipeBezz: folds 
Uncalled bet ($0.21) returned to Almanza63
Almanza63 collected $0.28 from pot
Almanza63: doesn't show hand 
*** SUMMARY ***
Total pot $0.29 | Rake $0.01 
Board [Ks 6c 4d 5h 2c]
Seat 1: Almanza63 (small blind) collected ($0.28)
Seat 2: Dorex2007 (big blind) folded on the Turn
Seat 3: destroynl folded before Flop (didn't bet)
Seat 4: FelipeBezz folded on the River
Seat 5: laureano290 folded before Flop (didn't bet)
Seat 6: CiganoCaracas folded before Flop (didn't bet)
Seat 7: GrooshBadoosh folded before Flop (didn't bet)
Seat 8: enixblr folded before Flop (didn't bet)
Seat 9: ekidona (button) folded before Flop (didn't bet)



PokerStars Hand #238676038157:  Hold'em No Limit ($0.02/$0.05 USD) - 2022/09/16 19:26:13 PT [2022/09/16 22:26:13 ET]
Table 'Amata III' 9-max Seat #1 is the button
Seat 1: Almanza63 ($10.29 in chips) 
Seat 2: Dorex2007 ($5 in chips) 
Seat 3: destroynl ($16.63 in chips) 
Seat 4: FelipeBezz ($5.92 in chips) 
Seat 5: laureano290 ($5 in chips) 
Seat 6: CiganoCaracas ($2.25 in chips) 
Seat 7: GrooshBadoosh ($6.66 in chips) 
Seat 8: enixblr ($5.59 in chips) 
Seat 9: ekidona ($6.85 in chips) 
Dorex2007: posts small blind $0.02
destroynl: posts big blind $0.05
*** HOLE CARDS ***
Dealt to Dorex2007 [5s Qc]
FelipeBezz: folds 
laureano290: folds 
CiganoCaracas: calls $0.05
GrooshBadoosh: folds 
enixblr: folds 
ekidona: raises $0.10 to $0.15
Almanza63: folds 
Dorex2007: folds 
destroynl: folds 
CiganoCaracas: calls $0.10
*** FLOP *** [5h Ks Tc]
CiganoCaracas: bets $0.05
ekidona: folds 
Uncalled bet ($0.05) returned to CiganoCaracas
CiganoCaracas collected $0.35 from pot
CiganoCaracas: doesn't show hand 
*** SUMMARY ***
Total pot $0.37 | Rake $0.02 
Board [5h Ks Tc]
Seat 1: Almanza63 (button) folded before Flop (didn't bet)
Seat 2: Dorex2007 (small blind) folded before Flop
Seat 3: destroynl (big blind) folded before Flop
Seat 4: FelipeBezz folded before Flop (didn't bet)
Seat 5: laureano290 folded before Flop (didn't bet)
Seat 6: CiganoCaracas collected ($0.35)
Seat 7: GrooshBadoosh folded before Flop (didn't bet)
Seat 8: enixblr folded before Flop (didn't bet)
Seat 9: ekidona folded on the Flop



PokerStars Hand #238676050197:  Hold'em No Limit ($0.02/$0.05 USD) - 2022/09/16 19:27:17 PT [2022/09/16 22:27:17 ET]
Table 'Amata III' 9-max Seat #2 is the button
Seat 1: Almanza63 ($10.29 in chips) 
Seat 2: Dorex2007 ($5 in chips) 
Seat 3: destroynl ($16.58 in chips) 
Seat 4: FelipeBezz ($5.92 in chips) 
Seat 5: laureano290 ($5 in chips) 
Seat 6: CiganoCaracas ($2.45 in chips) 
Seat 7: GrooshBadoosh ($6.66 in chips) 
Seat 8: enixblr ($5.59 in chips) 
Seat 9: ekidona ($6.70 in chips) 
destroynl: posts small blind $0.02
FelipeBezz: posts big blind $0.05
*** HOLE CARDS ***
Dealt to Dorex2007 [Kh Qh]
laureano290: folds 
CiganoCaracas: raises $0.15 to $0.20
GrooshBadoosh: calls $0.20
enixblr has timed out
enixblr: folds 
ekidona: folds 
Almanza63: folds 
Dorex2007: calls $0.20
destroynl: folds 
FelipeBezz: calls $0.15
*** FLOP *** [6d 7d 8d]
FelipeBezz: bets $0.39
CiganoCaracas: folds 
GrooshBadoosh: folds 
Dorex2007: folds 
Uncalled bet ($0.39) returned to FelipeBezz
FelipeBezz collected $0.79 from pot
*** SUMMARY ***
Total pot $0.82 | Rake $0.03 
Board [6d 7d 8d]
Seat 1: Almanza63 folded before Flop (didn't bet)
Seat 2: Dorex2007 (button) folded on the Flop
Seat 3: destroynl (small blind) folded before Flop
Seat 4: FelipeBezz (big blind) collected ($0.79)
Seat 5: laureano290 folded before Flop (didn't bet)
Seat 6: CiganoCaracas folded on the Flop
Seat 7: GrooshBadoosh folded on the Flop
Seat 8: enixblr folded before Flop (didn't bet)
Seat 9: ekidona folded before Flop (didn't bet)



PokerStars Hand #238676063002:  Hold'em No Limit ($0.02/$0.05 USD) - 2022/09/16 19:28:26 PT [2022/09/16 22:28:26 ET]
Table 'Amata III' 9-max Seat #3 is the button
Seat 1: Almanza63 ($10.29 in chips) 
Seat 2: Dorex2007 ($5 in chips) 
Seat 3: destroynl ($16.56 in chips) 
Seat 4: FelipeBezz ($6.51 in chips) 
Seat 5: laureano290 ($5 in chips) 
Seat 6: CiganoCaracas ($2.25 in chips) 
Seat 7: GrooshBadoosh ($6.46 in chips) 
Seat 8: enixblr ($5.59 in chips) 
Seat 9: ekidona ($6.70 in chips) 
FelipeBezz: posts small blind $0.02
laureano290: posts big blind $0.05
*** HOLE CARDS ***
Dealt to Dorex2007 [2h Jd]
CiganoCaracas: calls $0.05
GrooshBadoosh: raises $0.05 to $0.10
enixblr: folds 
ekidona: folds 
Almanza63: folds 
Dorex2007: folds 
destroynl: folds 
FelipeBezz: raises $0.05 to $0.15
laureano290: folds 
CiganoCaracas: folds 
GrooshBadoosh: raises $0.30 to $0.45
FelipeBezz: raises $0.30 to $0.75
GrooshBadoosh: calls $0.30
*** FLOP *** [8s 9c Ad]
FelipeBezz: checks 
GrooshBadoosh: checks 
*** TURN *** [8s 9c Ad] [9s]
FelipeBezz: checks 
GrooshBadoosh: checks 
*** RIVER *** [8s 9c Ad 9s] [9d]
FelipeBezz: checks 
GrooshBadoosh: bets $0.50
FelipeBezz: calls $0.50
*** SHOW DOWN ***
GrooshBadoosh: shows [Ts Tc] (a full house, Nines full of Tens)
FelipeBezz: shows [Kd Kh] (a full house, Nines full of Kings)
FelipeBezz collected $2.49 from pot
*** SUMMARY ***
Total pot $2.60 | Rake $0.11 
Board [8s 9c Ad 9s 9d]
Seat 1: Almanza63 folded before Flop (didn't bet)
Seat 2: Dorex2007 folded before Flop (didn't bet)
Seat 3: destroynl (button) folded before Flop (didn't bet)
Seat 4: FelipeBezz (small blind) showed [Kd Kh] and won ($2.49) with a full house, Nines full of Kings
Seat 5: laureano290 (big blind) folded before Flop
Seat 6: CiganoCaracas folded before Flop
Seat 7: GrooshBadoosh showed [Ts Tc] and lost with a full house, Nines full of Tens
Seat 8: enixblr folded before Flop (didn't bet)
Seat 9: ekidona folded before Flop (didn't bet)



PokerStars Hand #238676077079:  Hold'em No Limit ($0.02/$0.05 USD) - 2022/09/16 19:29:42 PT [2022/09/16 22:29:42 ET]
Table 'Amata III' 9-max Seat #4 is the button
Seat 1: Almanza63 ($10.29 in chips) 
Seat 2: Dorex2007 ($5 in chips) 
Seat 3: destroynl ($16.56 in chips) 
Seat 4: FelipeBezz ($7.75 in chips) 
Seat 5: laureano290 ($5 in chips) 
Seat 6: CiganoCaracas ($2.20 in chips) 
Seat 7: GrooshBadoosh ($5.21 in chips) 
Seat 8: enixblr ($5.59 in chips) 
Seat 9: ekidona ($6.70 in chips) 
laureano290: posts small blind $0.02
CiganoCaracas: posts big blind $0.05
*** HOLE CARDS ***
Dealt to Dorex2007 [9s 3d]
GrooshBadoosh: folds 
enixblr: folds 
ekidona: folds 
Almanza63: folds 
Dorex2007: folds 
destroynl: folds 
FelipeBezz: raises $0.05 to $0.10
laureano290: calls $0.08
CiganoCaracas: folds 
*** FLOP *** [9h 8d Th]
laureano290: checks 
FelipeBezz: checks 
*** TURN *** [9h 8d Th] [Qs]
laureano290: checks 
FelipeBezz: checks 
*** RIVER *** [9h 8d Th Qs] [4s]
laureano290: checks 
FelipeBezz: checks 
*** SHOW DOWN ***
laureano290: shows [6c 7c] (a straight, Six to Ten)
FelipeBezz: mucks hand 
laureano290 collected $0.24 from pot
*** SUMMARY ***
Total pot $0.25 | Rake $0.01 
Board [9h 8d Th Qs 4s]
Seat 1: Almanza63 folded before Flop (didn't bet)
Seat 2: Dorex2007 folded before Flop (didn't bet)
Seat 3: destroynl folded before Flop (didn't bet)
Seat 4: FelipeBezz (button) mucked [6s Ks]
Seat 5: laureano290 (small blind) showed [6c 7c] and won ($0.24) with a straight, Six to Ten
Seat 6: CiganoCaracas (big blind) folded before Flop
Seat 7: GrooshBadoosh folded before Flop (didn't bet)
Seat 8: enixblr folded before Flop (didn't bet)
Seat 9: ekidona folded before Flop (didn't bet)



PokerStars Hand #238676084170:  Hold'em No Limit ($0.02/$0.05 USD) - 2022/09/16 19:30:20 PT [2022/09/16 22:30:20 ET]
Table 'Amata III' 9-max Seat #5 is the button
Seat 1: Almanza63 ($10.29 in chips) 
Seat 2: Dorex2007 ($5 in chips) 
Seat 3: destroynl ($16.56 in chips) 
Seat 4: FelipeBezz ($7.65 in chips) 
Seat 5: laureano290 ($5.14 in chips) 
Seat 6: CiganoCaracas ($2.15 in chips) 
Seat 7: GrooshBadoosh ($5.21 in chips) 
Seat 8: enixblr ($5.59 in chips) 
Seat 9: ekidona ($6.70 in chips) 
CiganoCaracas: posts small blind $0.02
GrooshBadoosh: posts big blind $0.05
*** HOLE CARDS ***
Dealt to Dorex2007 [8c 7h]
enixblr: folds 
ekidona: folds 
Almanza63: folds 
Dorex2007: folds 
destroynl: raises $0.10 to $0.15
FelipeBezz: folds 
laureano290: raises $0.35 to $0.50
CiganoCaracas: folds 
GrooshBadoosh: folds 
destroynl: calls $0.35
*** FLOP *** [Kd 5d 9d]
destroynl: checks 
laureano290: bets $0.38
destroynl: folds 
Uncalled bet ($0.38) returned to laureano290
laureano290 collected $1.03 from pot
laureano290: doesn't show hand 
*** SUMMARY ***
Total pot $1.07 | Rake $0.04 
Board [Kd 5d 9d]
Seat 1: Almanza63 folded before Flop (didn't bet)
Seat 2: Dorex2007 folded before Flop (didn't bet)
Seat 3: destroynl folded on the Flop
Seat 4: FelipeBezz folded before Flop (didn't bet)
Seat 5: laureano290 (button) collected ($1.03)
Seat 6: CiganoCaracas (small blind) folded before Flop
Seat 7: GrooshBadoosh (big blind) folded before Flop
Seat 8: enixblr folded before Flop (didn't bet)
Seat 9: ekidona folded before Flop (didn't bet)



PokerStars Hand #238676092100:  Hold'em No Limit ($0.02/$0.05 USD) - 2022/09/16 19:31:03 PT [2022/09/16 22:31:03 ET]
Table 'Amata III' 9-max Seat #6 is the button
Seat 1: Almanza63 ($10.29 in chips) 
Seat 2: Dorex2007 ($5 in chips) 
Seat 3: destroynl ($16.06 in chips) 
Seat 4: FelipeBezz ($7.65 in chips) 
Seat 5: laureano290 ($5.67 in chips) 
Seat 6: CiganoCaracas ($2.13 in chips) 
Seat 7: GrooshBadoosh ($5.16 in chips) 
Seat 8: enixblr ($5.59 in chips) 
Seat 9: ekidona ($6.70 in chips) 
GrooshBadoosh: posts small blind $0.02
enixblr: posts big blind $0.05
*** HOLE CARDS ***
Dealt to Dorex2007 [4d 8s]
ekidona: folds 
Almanza63: raises $0.08 to $0.13
Dorex2007: folds 
destroynl: folds 
FelipeBezz: calls $0.13
laureano290: folds 
CiganoCaracas: calls $0.13
GrooshBadoosh: folds 
enixblr: folds 
*** FLOP *** [2s 3c 7c]
Almanza63: checks 
FelipeBezz: bets $0.20
CiganoCaracas: raises $0.20 to $0.40
Almanza63: folds 
FelipeBezz: calls $0.20
*** TURN *** [2s 3c 7c] [2c]
FelipeBezz: checks 
CiganoCaracas: bets $0.35
FelipeBezz: folds 
Uncalled bet ($0.35) returned to CiganoCaracas
CiganoCaracas collected $1.21 from pot
CiganoCaracas: doesn't show hand 
*** SUMMARY ***
Total pot $1.26 | Rake $0.05 
Board [2s 3c 7c 2c]
Seat 1: Almanza63 folded on the Flop
Seat 2: Dorex2007 folded before Flop (didn't bet)
Seat 3: destroynl folded before Flop (didn't bet)
Seat 4: FelipeBezz folded on the Turn
Seat 5: laureano290 folded before Flop (didn't bet)
Seat 6: CiganoCaracas (button) collected ($1.21)
Seat 7: GrooshBadoosh (small blind) folded before Flop
Seat 8: enixblr (big blind) folded before Flop
Seat 9: ekidona folded before Flop (didn't bet)



PokerStars Hand #238676102846:  Hold'em No Limit ($0.02/$0.05 USD) - 2022/09/16 19:32:02 PT [2022/09/16 22:32:02 ET]
Table 'Amata III' 9-max Seat #7 is the button
Seat 1: Almanza63 ($10.16 in chips) 
Seat 2: Dorex2007 ($5 in chips) 
Seat 3: destroynl ($16.06 in chips) 
Seat 4: FelipeBezz ($7.12 in chips) 
Seat 5: laureano290 ($5.67 in chips) 
Seat 6: CiganoCaracas ($2.81 in chips) 
Seat 7: GrooshBadoosh ($5.14 in chips) 
Seat 8: enixblr ($5.54 in chips) 
enixblr: posts small blind $0.02
ekidona: is sitting out 
Almanza63: posts big blind $0.05
*** HOLE CARDS ***
Dealt to Dorex2007 [Ac Ts]
Dorex2007: folds 
destroynl: folds 
FelipeBezz: calls $0.05
laureano290: folds 
CiganoCaracas: calls $0.05
GrooshBadoosh: folds 
enixblr: folds 
Almanza63: checks 
*** FLOP *** [2h 2s 8s]
Almanza63: checks 
FelipeBezz: bets $0.08
CiganoCaracas: calls $0.08
Almanza63: calls $0.08
*** TURN *** [2h 2s 8s] [3d]
Almanza63: checks 
FelipeBezz: checks 
CiganoCaracas: bets $0.35
Almanza63: folds 
FelipeBezz: calls $0.35
*** RIVER *** [2h 2s 8s 3d] [Ah]
FelipeBezz: checks 
CiganoCaracas: bets $0.60
FelipeBezz: folds 
Uncalled bet ($0.60) returned to CiganoCaracas
CiganoCaracas collected $1.06 from pot
CiganoCaracas: doesn't show hand 
*** SUMMARY ***
Total pot $1.11 | Rake $0.05 
Board [2h 2s 8s 3d Ah]
Seat 1: Almanza63 (big blind) folded on the Turn
Seat 2: Dorex2007 folded before Flop (didn't bet)
Seat 3: destroynl folded before Flop (didn't bet)
Seat 4: FelipeBezz folded on the River
Seat 5: laureano290 folded before Flop (didn't bet)
Seat 6: CiganoCaracas collected ($1.06)
Seat 7: GrooshBadoosh (button) folded before Flop (didn't bet)
Seat 8: enixblr (small blind) folded before Flop



PokerStars Hand #238676115983:  Hold'em No Limit ($0.02/$0.05 USD) - 2022/09/16 19:33:14 PT [2022/09/16 22:33:14 ET]
Table 'Amata III' 9-max Seat #8 is the button
Seat 1: Almanza63 ($10.03 in chips) 
Seat 2: Dorex2007 ($5 in chips) 
Seat 3: destroynl ($16.06 in chips) 
Seat 4: FelipeBezz ($6.64 in chips) 
Seat 5: laureano290 ($5.67 in chips) 
Seat 6: CiganoCaracas ($3.39 in chips) 
Seat 7: GrooshBadoosh ($5.14 in chips) 
Seat 8: enixblr ($5.52 in chips) 
Almanza63: posts small blind $0.02
Dorex2007: posts big blind $0.05
*** HOLE CARDS ***
Dealt to Dorex2007 [8d 4c]
destroynl: folds 
FelipeBezz: calls $0.05
laureano290: folds 
CiganoCaracas: calls $0.05
GrooshBadoosh: folds 
enixblr: folds 
Almanza63: raises $0.10 to $0.15
Dorex2007: folds 
FelipeBezz: calls $0.10
CiganoCaracas: calls $0.10
*** FLOP *** [Th Qh 6h]
Almanza63: bets $0.27
FelipeBezz: raises $0.27 to $0.54
CiganoCaracas: folds 
Almanza63: calls $0.27
*** TURN *** [Th Qh 6h] [2d]
Almanza63: checks 
FelipeBezz: bets $0.75
Almanza63: calls $0.75
*** RIVER *** [Th Qh 6h 2d] [5h]
Almanza63: checks 
FelipeBezz: checks 
*** SHOW DOWN ***
Almanza63: shows [Qd Ah] (a flush, Ace high)
FelipeBezz: mucks hand 
Almanza63 collected $2.95 from pot
*** SUMMARY ***
Total pot $3.08 | Rake $0.13 
Board [Th Qh 6h 2d 5h]
Seat 1: Almanza63 (small blind) showed [Qd Ah] and won ($2.95) with a flush, Ace high
Seat 2: Dorex2007 (big blind) folded before Flop
Seat 3: destroynl folded before Flop (didn't bet)
Seat 4: FelipeBezz mucked [4h 2h]
Seat 5: laureano290 folded before Flop (didn't bet)
Seat 6: CiganoCaracas folded on the Flop
Seat 7: GrooshBadoosh folded before Flop (didn't bet)
Seat 8: enixblr (button) folded before Flop (didn't bet)



PokerStars Hand #238676132844:  Hold'em No Limit ($0.02/$0.05 USD) - 2022/09/16 19:34:48 PT [2022/09/16 22:34:48 ET]
Table 'Amata III' 9-max Seat #1 is the button
Seat 1: Almanza63 ($11.54 in chips) 
Seat 2: Dorex2007 ($5 in chips) 
Seat 3: destroynl ($16.06 in chips) 
Seat 4: FelipeBezz ($5.20 in chips) 
Seat 5: laureano290 ($5.67 in chips) 
Seat 6: CiganoCaracas ($3.24 in chips) 
Seat 7: GrooshBadoosh ($5.14 in chips) 
Seat 8: enixblr ($5.52 in chips) 
Dorex2007: posts small blind $0.02
destroynl: posts big blind $0.05
*** HOLE CARDS ***
Dealt to Dorex2007 [6c Ah]
FelipeBezz: folds 
laureano290: folds 
CiganoCaracas: folds 
GrooshBadoosh: folds 
enixblr: folds 
Almanza63: raises $0.10 to $0.15
Dorex2007: folds 
destroynl: folds 
Uncalled bet ($0.10) returned to Almanza63
Almanza63 collected $0.12 from pot
Almanza63: doesn't show hand 
*** SUMMARY ***
Total pot $0.12 | Rake $0 
Seat 1: Almanza63 (button) collected ($0.12)
Seat 2: Dorex2007 (small blind) folded before Flop
Seat 3: destroynl (big blind) folded before Flop
Seat 4: FelipeBezz folded before Flop (didn't bet)
Seat 5: laureano290 folded before Flop (didn't bet)
Seat 6: CiganoCaracas folded before Flop (didn't bet)
Seat 7: GrooshBadoosh folded before Flop (didn't bet)
Seat 8: enixblr folded before Flop (didn't bet)



PokerStars Hand #238676137585:  Hold'em No Limit ($0.02/$0.05 USD) - 2022/09/16 19:35:14 PT [2022/09/16 22:35:14 ET]
Table 'Amata III' 9-max Seat #2 is the button
Seat 1: Almanza63 ($11.61 in chips) 
Seat 2: Dorex2007 ($5 in chips) 
Seat 3: destroynl ($16.01 in chips) 
Seat 4: FelipeBezz ($5.20 in chips) 
Seat 5: laureano290 ($5.67 in chips) 
Seat 6: CiganoCaracas ($3.24 in chips) 
Seat 7: GrooshBadoosh ($5.14 in chips) 
Seat 8: enixblr ($5.52 in chips) 
destroynl: posts small blind $0.02
FelipeBezz: posts big blind $0.05
*** HOLE CARDS ***
Dealt to Dorex2007 [5d 4s]
laureano290: folds 
CiganoCaracas: calls $0.05
GrooshBadoosh: raises $0.10 to $0.15
enixblr: folds 
Almanza63: folds 
Dorex2007: folds 
destroynl: folds 
FelipeBezz: calls $0.10
CiganoCaracas: calls $0.10
*** FLOP *** [7c 7h Th]
FelipeBezz: checks 
CiganoCaracas: checks 
GrooshBadoosh: bets $0.15
FelipeBezz: folds 
CiganoCaracas: folds 
Uncalled bet ($0.15) returned to GrooshBadoosh
GrooshBadoosh collected $0.45 from pot
GrooshBadoosh: doesn't show hand 
*** SUMMARY ***
Total pot $0.47 | Rake $0.02 
Board [7c 7h Th]
Seat 1: Almanza63 folded before Flop (didn't bet)
Seat 2: Dorex2007 (button) folded before Flop (didn't bet)
Seat 3: destroynl (small blind) folded before Flop
Seat 4: FelipeBezz (big blind) folded on the Flop
Seat 5: laureano290 folded before Flop (didn't bet)
Seat 6: CiganoCaracas folded on the Flop
Seat 7: GrooshBadoosh collected ($0.45)
Seat 8: enixblr folded before Flop (didn't bet)



PokerStars Hand #238676148008:  Hold'em No Limit ($0.02/$0.05 USD) - 2022/09/16 19:36:13 PT [2022/09/16 22:36:13 ET]
Table 'Amata III' 9-max Seat #3 is the button
Seat 1: Almanza63 ($11.61 in chips) 
Seat 2: Dorex2007 ($5 in chips) 
Seat 3: destroynl ($15.99 in chips) 
Seat 4: FelipeBezz ($5.05 in chips) 
Seat 5: laureano290 ($5.67 in chips) 
Seat 6: CiganoCaracas ($3.09 in chips) 
Seat 7: GrooshBadoosh ($5.44 in chips) 
Seat 8: enixblr ($5.52 in chips) 
FelipeBezz: posts small blind $0.02
laureano290: posts big blind $0.05
*** HOLE CARDS ***
Dealt to Dorex2007 [Qd 5d]
CiganoCaracas: folds 
GrooshBadoosh: folds 
enixblr: folds 
Almanza63: raises $0.10 to $0.15
Dorex2007: folds 
destroynl: folds 
FelipeBezz: calls $0.13
laureano290: calls $0.10
*** FLOP *** [8c Kh Kd]
FelipeBezz: checks 
laureano290: checks 
Almanza63: checks 
*** TURN *** [8c Kh Kd] [Ad]
FelipeBezz: checks 
laureano290: checks 
Almanza63: bets $0.21
FelipeBezz: calls $0.21
laureano290: calls $0.21
*** RIVER *** [8c Kh Kd Ad] [8h]
FelipeBezz: checks 
laureano290: checks 
Almanza63: checks 
*** SHOW DOWN ***
FelipeBezz: shows [Ac 7c] (two pair, Aces and Kings)
laureano290: shows [Ah Js] (two pair, Aces and Kings - Jack kicker)
Almanza63: shows [As Jh] (two pair, Aces and Kings)
laureano290 collected $0.52 from pot
Almanza63 collected $0.52 from pot
*** SUMMARY ***
Total pot $1.08 | Rake $0.04 
Board [8c Kh Kd Ad 8h]
Seat 1: Almanza63 showed [As Jh] and won ($0.52) with two pair, Aces and Kings
Seat 2: Dorex2007 folded before Flop (didn't bet)
Seat 3: destroynl (button) folded before Flop (didn't bet)
Seat 4: FelipeBezz (small blind) showed [Ac 7c] and lost with two pair, Aces and Kings
Seat 5: laureano290 (big blind) showed [Ah Js] and won ($0.52) with two pair, Aces and Kings
Seat 6: CiganoCaracas folded before Flop (didn't bet)
Seat 7: GrooshBadoosh folded before Flop (didn't bet)
Seat 8: enixblr folded before Flop (didn't bet)



PokerStars Hand #238676160674:  Hold'em No Limit ($0.02/$0.05 USD) - 2022/09/16 19:37:24 PT [2022/09/16 22:37:24 ET]
Table 'Amata III' 9-max Seat #4 is the button
Seat 1: Almanza63 ($11.77 in chips) 
Seat 2: Dorex2007 ($5 in chips) 
Seat 3: destroynl ($15.99 in chips) 
Seat 4: FelipeBezz ($4.69 in chips) 
Seat 5: laureano290 ($5.83 in chips) 
Seat 6: CiganoCaracas ($3.09 in chips) 
Seat 7: GrooshBadoosh ($5.44 in chips) 
Seat 8: enixblr ($5.52 in chips) 
laureano290: posts small blind $0.02
CiganoCaracas: posts big blind $0.05
ekidona: sits out 
*** HOLE CARDS ***
Dealt to Dorex2007 [Jd Qs]
GrooshBadoosh: raises $0.05 to $0.10
enixblr: folds 
Almanza63: folds 
Dorex2007: folds 
destroynl: raises $0.40 to $0.50
FelipeBezz: calls $0.50
laureano290: folds 
CiganoCaracas: folds 
GrooshBadoosh: raises $1.50 to $2
destroynl: raises $13.99 to $15.99 and is all-in
FelipeBezz: folds 
GrooshBadoosh: calls $3.44 and is all-in
Uncalled bet ($10.55) returned to destroynl
*** FLOP *** [5s 3c Js]
*** TURN *** [5s 3c Js] [4c]
*** RIVER *** [5s 3c Js 4c] [3s]
*** SHOW DOWN ***
GrooshBadoosh: shows [Ah Qh] (a pair of Threes)
destroynl: shows [Kc Ad] (a pair of Threes - Ace+King kicker)
destroynl collected $10.97 from pot
*** SUMMARY ***
Total pot $11.45 | Rake $0.48 
Board [5s 3c Js 4c 3s]
Seat 1: Almanza63 folded before Flop (didn't bet)
Seat 2: Dorex2007 folded before Flop (didn't bet)
Seat 3: destroynl showed [Kc Ad] and won ($10.97) with a pair of Threes
Seat 4: FelipeBezz (button) folded before Flop
Seat 5: laureano290 (small blind) folded before Flop
Seat 6: CiganoCaracas (big blind) folded before Flop
Seat 7: GrooshBadoosh showed [Ah Qh] and lost with a pair of Threes
Seat 8: enixblr folded before Flop (didn't bet)



PokerStars Hand #238676175420:  Hold'em No Limit ($0.02/$0.05 USD) - 2022/09/16 19:38:46 PT [2022/09/16 22:38:46 ET]
Table 'Amata III' 9-max Seat #5 is the button
Seat 1: Almanza63 ($11.77 in chips) 
Seat 2: Dorex2007 ($5 in chips) 
Seat 3: destroynl ($21.52 in chips) 
Seat 4: FelipeBezz ($4.19 in chips) 
Seat 5: laureano290 ($5.81 in chips) 
Seat 6: CiganoCaracas ($3.04 in chips) 
Seat 8: enixblr ($5.52 in chips) 
CiganoCaracas: posts small blind $0.02
enixblr: posts big blind $0.05
ekidona: sits out 
*** HOLE CARDS ***
Dealt to Dorex2007 [5c Jh]
Almanza63: folds 
Dorex2007: folds 
destroynl: raises $0.10 to $0.15
FelipeBezz: raises $4.04 to $4.19 and is all-in
laureano290: folds 
CiganoCaracas: folds 
enixblr: folds 
destroynl: folds 
Uncalled bet ($4.04) returned to FelipeBezz
FelipeBezz collected $0.37 from pot
*** SUMMARY ***
Total pot $0.37 | Rake $0 
Seat 1: Almanza63 folded before Flop (didn't bet)
Seat 2: Dorex2007 folded before Flop (didn't bet)
Seat 3: destroynl folded before Flop
Seat 4: FelipeBezz collected ($0.37)
Seat 5: laureano290 (button) folded before Flop (didn't bet)
Seat 6: CiganoCaracas (small blind) folded before Flop
Seat 8: enixblr (big blind) folded before Flop



PokerStars Hand #238676179236:  Hold'em No Limit ($0.02/$0.05 USD) - 2022/09/16 19:39:08 PT [2022/09/16 22:39:08 ET]
Table 'Amata III' 9-max Seat #6 is the button
Seat 1: Almanza63 ($11.77 in chips) 
Seat 2: Dorex2007 ($5 in chips) 
Seat 3: destroynl ($21.37 in chips) 
Seat 4: FelipeBezz ($4.41 in chips) 
Seat 5: laureano290 ($5.81 in chips) 
Seat 6: CiganoCaracas ($3.02 in chips) 
Seat 8: enixblr ($5.47 in chips) 
Seat 9: ekidona ($6.70 in chips) 
enixblr: posts small blind $0.02
ekidona: posts big blind $0.05
*** HOLE CARDS ***
Dealt to Dorex2007 [Td Jd]
Almanza63: folds 
Dorex2007: folds 
destroynl: folds 
FelipeBezz: calls $0.05
laureano290: folds 
CiganoCaracas: folds 
enixblr: calls $0.03
ekidona: checks 
*** FLOP *** [Th 9h Qh]
enixblr: checks 
ekidona: checks 
FelipeBezz: bets $0.14
enixblr: folds 
ekidona: folds 
Uncalled bet ($0.14) returned to FelipeBezz
FelipeBezz collected $0.14 from pot
*** SUMMARY ***
Total pot $0.15 | Rake $0.01 
Board [Th 9h Qh]
Seat 1: Almanza63 folded before Flop (didn't bet)
Seat 2: Dorex2007 folded before Flop (didn't bet)
Seat 3: destroynl folded before Flop (didn't bet)
Seat 4: FelipeBezz collected ($0.14)
Seat 5: laureano290 folded before Flop (didn't bet)
Seat 6: CiganoCaracas (button) folded before Flop (didn't bet)
Seat 8: enixblr (small blind) folded on the Flop
Seat 9: ekidona (big blind) folded on the Flop



PokerStars Hand #238676189854:  Hold'em No Limit ($0.02/$0.05 USD) - 2022/09/16 19:40:08 PT [2022/09/16 22:40:08 ET]
Table 'Amata III' 9-max Seat #8 is the button
Seat 1: Almanza63 ($11.77 in chips) 
Seat 2: Dorex2007 ($5 in chips) 
Seat 3: destroynl ($21.37 in chips) 
Seat 4: FelipeBezz ($4.50 in chips) 
Seat 5: laureano290 ($5.81 in chips) 
Seat 6: CiganoCaracas ($3.02 in chips) 
Seat 7: GrooshBadoosh ($5 in chips) 
Seat 8: enixblr ($5.42 in chips) 
Seat 9: ekidona ($6.65 in chips) 
ekidona: posts small blind $0.02
Almanza63: posts big blind $0.05
GrooshBadoosh: posts small & big blinds $0.07
*** HOLE CARDS ***
Dealt to Dorex2007 [Ts 6c]
Dorex2007: folds 
destroynl: folds 
FelipeBezz: folds 
laureano290: folds 
CiganoCaracas: folds 
FelipeBezz leaves the table
GrooshBadoosh: checks 
enixblr: raises $0.25 to $0.30
ekidona: folds 
tomashovka55 joins the table at seat #4 
Almanza63: folds 
GrooshBadoosh: folds 
Uncalled bet ($0.25) returned to enixblr
enixblr collected $0.19 from pot
enixblr: doesn't show hand 
*** SUMMARY ***
Total pot $0.19 | Rake $0 
Seat 1: Almanza63 (big blind) folded before Flop
Seat 2: Dorex2007 folded before Flop (didn't bet)
Seat 3: destroynl folded before Flop (didn't bet)
Seat 4: FelipeBezz folded before Flop (didn't bet)
Seat 5: laureano290 folded before Flop (didn't bet)
Seat 6: CiganoCaracas folded before Flop (didn't bet)
Seat 7: GrooshBadoosh folded before Flop (didn't bet)
Seat 8: enixblr (button) collected ($0.19)
Seat 9: ekidona (small blind) folded before Flop



PokerStars Hand #238676196197:  Hold'em No Limit ($0.02/$0.05 USD) - 2022/09/16 19:40:44 PT [2022/09/16 22:40:44 ET]
Table 'Amata III' 9-max Seat #9 is the button
Seat 1: Almanza63 ($11.72 in chips) 
Seat 2: Dorex2007 ($5 in chips) 
Seat 3: destroynl ($21.37 in chips) 
Seat 5: laureano290 ($5.81 in chips) 
Seat 6: CiganoCaracas ($3.02 in chips) 
Seat 7: GrooshBadoosh ($4.93 in chips) 
Seat 8: enixblr ($5.56 in chips) 
Seat 9: ekidona ($6.63 in chips) 
Almanza63: posts small blind $0.02
Dorex2007: posts big blind $0.05
tomashovka55: sits out 
*** HOLE CARDS ***
Dealt to Dorex2007 [2c 2d]
destroynl: folds 
laureano290: folds 
CiganoCaracas: calls $0.05
GrooshBadoosh: folds 
enixblr: folds 
ekidona: folds 
Almanza63: calls $0.03
Dorex2007: checks 
*** FLOP *** [9h 5h 4d]
Almanza63: checks 
Dorex2007: checks 
CiganoCaracas: bets $0.05
Almanza63: calls $0.05
Dorex2007: calls $0.05
*** TURN *** [9h 5h 4d] [Td]
Almanza63: checks 
Dorex2007: checks 
CiganoCaracas: checks 
*** RIVER *** [9h 5h 4d Td] [Kd]
Almanza63: checks 
Dorex2007: checks 
CiganoCaracas: bets $0.15
Almanza63: folds 
Dorex2007: folds 
Uncalled bet ($0.15) returned to CiganoCaracas
CiganoCaracas collected $0.29 from pot
CiganoCaracas: doesn't show hand 
*** SUMMARY ***
Total pot $0.30 | Rake $0.01 
Board [9h 5h 4d Td Kd]
Seat 1: Almanza63 (small blind) folded on the River
Seat 2: Dorex2007 (big blind) folded on the River
Seat 3: destroynl folded before Flop (didn't bet)
Seat 5: laureano290 folded before Flop (didn't bet)
Seat 6: CiganoCaracas collected ($0.29)
Seat 7: GrooshBadoosh folded before Flop (didn't bet)
Seat 8: enixblr folded before Flop (didn't bet)
Seat 9: ekidona (button) folded before Flop (didn't bet)



PokerStars Hand #238676207263:  Hold'em No Limit ($0.02/$0.05 USD) - 2022/09/16 19:41:47 PT [2022/09/16 22:41:47 ET]
Table 'Amata III' 9-max Seat #1 is the button
Seat 1: Almanza63 ($11.62 in chips) 
Seat 2: Dorex2007 ($5 in chips) 
Seat 3: destroynl ($21.37 in chips) 
Seat 5: laureano290 ($5.81 in chips) 
Seat 6: CiganoCaracas ($3.21 in chips) 
Seat 7: GrooshBadoosh ($4.93 in chips) 
Seat 8: enixblr ($5.56 in chips) 
Seat 9: ekidona ($6.63 in chips) 
Dorex2007: posts small blind $0.02
destroynl: posts big blind $0.05
tomashovka55: sits out 
*** HOLE CARDS ***
Dealt to Dorex2007 [5c Th]
laureano290: folds 
CiganoCaracas: folds 
GrooshBadoosh: raises $0.05 to $0.10
enixblr: folds 
ekidona: folds 
Almanza63: folds 
Dorex2007: folds 
destroynl: folds 
Uncalled bet ($0.05) returned to GrooshBadoosh
GrooshBadoosh collected $0.12 from pot
GrooshBadoosh: doesn't show hand 
*** SUMMARY ***
Total pot $0.12 | Rake $0 
Seat 1: Almanza63 (button) folded before Flop (didn't bet)
Seat 2: Dorex2007 (small blind) folded before Flop
Seat 3: destroynl (big blind) folded before Flop
Seat 5: laureano290 folded before Flop (didn't bet)
Seat 6: CiganoCaracas folded before Flop (didn't bet)
Seat 7: GrooshBadoosh collected ($0.12)
Seat 8: enixblr folded before Flop (didn't bet)
Seat 9: ekidona folded before Flop (didn't bet)



PokerStars Hand #238676210975:  Hold'em No Limit ($0.02/$0.05 USD) - 2022/09/16 19:42:08 PT [2022/09/16 22:42:08 ET]
Table 'Amata III' 9-max Seat #2 is the button
Seat 1: Almanza63 ($11.62 in chips) 
Seat 2: Dorex2007 ($5 in chips) 
Seat 3: destroynl ($21.32 in chips) 
Seat 4: tomashovka55 ($5 in chips) 
Seat 5: laureano290 ($5.81 in chips) 
Seat 6: CiganoCaracas ($3.21 in chips) 
Seat 7: GrooshBadoosh ($5 in chips) 
Seat 8: enixblr ($5.56 in chips) 
Seat 9: ekidona ($6.63 in chips) 
destroynl: posts small blind $0.02
tomashovka55: posts big blind $0.05
*** HOLE CARDS ***
Dealt to Dorex2007 [Ks Ac]
laureano290: folds 
CiganoCaracas: folds 
GrooshBadoosh: folds 
enixblr: folds 
ekidona: folds 
Almanza63: folds 
Dorex2007: raises $0.10 to $0.15
destroynl: folds 
tomashovka55: folds 
Uncalled bet ($0.10) returned to Dorex2007
Dorex2007 collected $0.12 from pot
Dorex2007: doesn't show hand 
*** SUMMARY ***
Total pot $0.12 | Rake $0 
Seat 1: Almanza63 folded before Flop (didn't bet)
Seat 2: Dorex2007 (button) collected ($0.12)
Seat 3: destroynl (small blind) folded before Flop
Seat 4: tomashovka55 (big blind) folded before Flop
Seat 5: laureano290 folded before Flop (didn't bet)
Seat 6: CiganoCaracas folded before Flop (didn't bet)
Seat 7: GrooshBadoosh folded before Flop (didn't bet)
Seat 8: enixblr folded before Flop (didn't bet)
Seat 9: ekidona folded before Flop (didn't bet)



PokerStars Hand #238676216305:  Hold'em No Limit ($0.02/$0.05 USD) - 2022/09/16 19:42:39 PT [2022/09/16 22:42:39 ET]
Table 'Amata III' 9-max Seat #3 is the button
Seat 1: Almanza63 ($11.62 in chips) 
Seat 2: Dorex2007 ($5.07 in chips) 
Seat 3: destroynl ($21.30 in chips) 
Seat 4: tomashovka55 ($5 in chips) 
Seat 5: laureano290 ($5.81 in chips) 
Seat 6: CiganoCaracas ($3.21 in chips) 
Seat 7: GrooshBadoosh ($5 in chips) 
Seat 8: enixblr ($5.56 in chips) 
Seat 9: ekidona ($6.63 in chips) 
tomashovka55: posts small blind $0.02
laureano290: posts big blind $0.05
*** HOLE CARDS ***
Dealt to Dorex2007 [Th 7s]
CiganoCaracas: raises $0.10 to $0.15
GrooshBadoosh: folds 
enixblr: folds 
ekidona: folds 
Almanza63: folds 
Dorex2007: folds 
destroynl: folds 
tomashovka55: folds 
laureano290: folds 
Uncalled bet ($0.10) returned to CiganoCaracas
CiganoCaracas collected $0.12 from pot
CiganoCaracas: doesn't show hand 
*** SUMMARY ***
Total pot $0.12 | Rake $0 
Seat 1: Almanza63 folded before Flop (didn't bet)
Seat 2: Dorex2007 folded before Flop (didn't bet)
Seat 3: destroynl (button) folded before Flop (didn't bet)
Seat 4: tomashovka55 (small blind) folded before Flop
Seat 5: laureano290 (big blind) folded before Flop
Seat 6: CiganoCaracas collected ($0.12)
Seat 7: GrooshBadoosh folded before Flop (didn't bet)
Seat 8: enixblr folded before Flop (didn't bet)
Seat 9: ekidona folded before Flop (didn't bet)



PokerStars Hand #238676221867:  Hold'em No Limit ($0.02/$0.05 USD) - 2022/09/16 19:43:10 PT [2022/09/16 22:43:10 ET]
Table 'Amata III' 9-max Seat #4 is the button
Seat 1: Almanza63 ($11.62 in chips) 
Seat 2: Dorex2007 ($5.07 in chips) 
Seat 3: destroynl ($21.30 in chips) 
Seat 4: tomashovka55 ($5 in chips) 
Seat 5: laureano290 ($5.76 in chips) 
Seat 6: CiganoCaracas ($3.28 in chips) 
Seat 7: GrooshBadoosh ($5 in chips) 
Seat 8: enixblr ($5.56 in chips) 
Seat 9: ekidona ($6.63 in chips) 
laureano290: posts small blind $0.02
CiganoCaracas: posts big blind $0.05
*** HOLE CARDS ***
Dealt to Dorex2007 [Qd 8c]
GrooshBadoosh: folds 
enixblr: folds 
ekidona: folds 
Almanza63: raises $0.08 to $0.13
Dorex2007: folds 
destroynl: folds 
tomashovka55: folds 
laureano290: folds 
CiganoCaracas: calls $0.08
*** FLOP *** [Ts Kc Jd]
CiganoCaracas: checks 
Almanza63: bets $0.14
CiganoCaracas: folds 
Uncalled bet ($0.14) returned to Almanza63
Almanza63 collected $0.27 from pot
Almanza63: doesn't show hand 
*** SUMMARY ***
Total pot $0.28 | Rake $0.01 
Board [Ts Kc Jd]
Seat 1: Almanza63 collected ($0.27)
Seat 2: Dorex2007 folded before Flop (didn't bet)
Seat 3: destroynl folded before Flop (didn't bet)
Seat 4: tomashovka55 (button) folded before Flop (didn't bet)
Seat 5: laureano290 (small blind) folded before Flop
Seat 6: CiganoCaracas (big blind) folded on the Flop
Seat 7: GrooshBadoosh folded before Flop (didn't bet)
Seat 8: enixblr folded before Flop (didn't bet)
Seat 9: ekidona folded before Flop (didn't bet)



PokerStars Hand #238676228824:  Hold'em No Limit ($0.02/$0.05 USD) - 2022/09/16 19:43:50 PT [2022/09/16 22:43:50 ET]
Table 'Amata III' 9-max Seat #5 is the button
Seat 1: Almanza63 ($11.76 in chips) 
Seat 2: Dorex2007 ($5.07 in chips) 
Seat 3: destroynl ($21.30 in chips) 
Seat 4: tomashovka55 ($5 in chips) 
Seat 5: laureano290 ($5.74 in chips) 
Seat 6: CiganoCaracas ($3.15 in chips) 
Seat 7: GrooshBadoosh ($5 in chips) 
Seat 8: enixblr ($5.56 in chips) 
Seat 9: ekidona ($6.63 in chips) 
CiganoCaracas: posts small blind $0.02
GrooshBadoosh: posts big blind $0.05
*** HOLE CARDS ***
Dealt to Dorex2007 [8s 3s]
enixblr: folds 
ekidona: folds 
Almanza63: folds 
Dorex2007: folds 
destroynl: folds 
tomashovka55: folds 
laureano290: raises $0.05 to $0.10
CiganoCaracas: folds 
GrooshBadoosh: folds 
Uncalled bet ($0.05) returned to laureano290
laureano290 collected $0.12 from pot
laureano290: doesn't show hand 
*** SUMMARY ***
Total pot $0.12 | Rake $0 
Seat 1: Almanza63 folded before Flop (didn't bet)
Seat 2: Dorex2007 folded before Flop (didn't bet)
Seat 3: destroynl folded before Flop (didn't bet)
Seat 4: tomashovka55 folded before Flop (didn't bet)
Seat 5: laureano290 (button) collected ($0.12)
Seat 6: CiganoCaracas (small blind) folded before Flop
Seat 7: GrooshBadoosh (big blind) folded before Flop
Seat 8: enixblr folded before Flop (didn't bet)
Seat 9: ekidona folded before Flop (didn't bet)



PokerStars Hand #238676232377:  Hold'em No Limit ($0.02/$0.05 USD) - 2022/09/16 19:44:11 PT [2022/09/16 22:44:11 ET]
Table 'Amata III' 9-max Seat #6 is the button
Seat 1: Almanza63 ($11.76 in chips) 
Seat 2: Dorex2007 ($5.07 in chips) 
Seat 3: destroynl ($21.30 in chips) 
Seat 4: tomashovka55 ($5 in chips) 
Seat 5: laureano290 ($5.81 in chips) 
Seat 6: CiganoCaracas ($3.13 in chips) 
Seat 7: GrooshBadoosh ($4.95 in chips) 
Seat 8: enixblr ($5.56 in chips) 
Seat 9: ekidona ($6.63 in chips) 
GrooshBadoosh: posts small blind $0.02
enixblr: posts big blind $0.05
*** HOLE CARDS ***
Dealt to Dorex2007 [3h Tc]
ekidona: folds 
Almanza63: raises $0.10 to $0.15
Dorex2007: folds 
destroynl: raises $0.37 to $0.52
tomashovka55: folds 
laureano290: folds 
CiganoCaracas: folds 
GrooshBadoosh: folds 
enixblr: folds 
Almanza63: folds 
Uncalled bet ($0.37) returned to destroynl
destroynl collected $0.37 from pot
destroynl: doesn't show hand 
*** SUMMARY ***
Total pot $0.37 | Rake $0 
Seat 1: Almanza63 folded before Flop
Seat 2: Dorex2007 folded before Flop (didn't bet)
Seat 3: destroynl collected ($0.37)
Seat 4: tomashovka55 folded before Flop (didn't bet)
Seat 5: laureano290 folded before Flop (didn't bet)
Seat 6: CiganoCaracas (button) folded before Flop (didn't bet)
Seat 7: GrooshBadoosh (small blind) folded before Flop
Seat 8: enixblr (big blind) folded before Flop
Seat 9: ekidona folded before Flop (didn't bet)



PokerStars Hand #238676243581:  Hold'em No Limit ($0.02/$0.05 USD) - 2022/09/16 19:45:15 PT [2022/09/16 22:45:15 ET]
Table 'Amata III' 9-max Seat #7 is the button
Seat 1: Almanza63 ($11.61 in chips) 
Seat 2: Dorex2007 ($5.07 in chips) 
Seat 3: destroynl ($21.52 in chips) 
Seat 4: tomashovka55 ($5 in chips) 
Seat 5: laureano290 ($5.81 in chips) 
Seat 6: CiganoCaracas ($3.13 in chips) 
Seat 7: GrooshBadoosh ($4.93 in chips) 
Seat 8: enixblr ($5.51 in chips) 
Seat 9: ekidona ($6.63 in chips) 
enixblr: posts small blind $0.02
ekidona: posts big blind $0.05
*** HOLE CARDS ***
Dealt to Dorex2007 [Ad 8c]
Almanza63: raises $0.10 to $0.15
Dorex2007: folds 
destroynl: folds 
tomashovka55: folds 
laureano290: folds 
CiganoCaracas: folds 
GrooshBadoosh: raises $0.30 to $0.45
enixblr: folds 
ekidona: folds 
Almanza63: calls $0.30
*** FLOP *** [6d 9c 7c]
Almanza63: checks 
GrooshBadoosh: checks 
*** TURN *** [6d 9c 7c] [Td]
Almanza63: bets $0.56
GrooshBadoosh: folds 
Uncalled bet ($0.56) returned to Almanza63
Almanza63 collected $0.93 from pot
Almanza63: doesn't show hand 
*** SUMMARY ***
Total pot $0.97 | Rake $0.04 
Board [6d 9c 7c Td]
Seat 1: Almanza63 collected ($0.93)
Seat 2: Dorex2007 folded before Flop (didn't bet)
Seat 3: destroynl folded before Flop (didn't bet)
Seat 4: tomashovka55 folded before Flop (didn't bet)
Seat 5: laureano290 folded before Flop (didn't bet)
Seat 6: CiganoCaracas folded before Flop (didn't bet)
Seat 7: GrooshBadoosh (button) folded on the Turn
Seat 8: enixblr (small blind) folded before Flop
Seat 9: ekidona (big blind) folded before Flop



PokerStars Hand #238676253457:  Hold'em No Limit ($0.02/$0.05 USD) - 2022/09/16 19:46:12 PT [2022/09/16 22:46:12 ET]
Table 'Amata III' 9-max Seat #8 is the button
Seat 1: Almanza63 ($12.09 in chips) 
Seat 2: Dorex2007 ($5.07 in chips) 
Seat 3: destroynl ($21.52 in chips) 
Seat 4: tomashovka55 ($5 in chips) 
Seat 5: laureano290 ($5.81 in chips) 
Seat 6: CiganoCaracas ($3.13 in chips) 
Seat 7: GrooshBadoosh ($4.48 in chips) 
Seat 8: enixblr ($5.49 in chips) 
Seat 9: ekidona ($6.58 in chips) 
ekidona: posts small blind $0.02
Almanza63: posts big blind $0.05
*** HOLE CARDS ***
Dealt to Dorex2007 [Ah Tc]
Dorex2007: folds 
destroynl: raises $0.10 to $0.15
tomashovka55: folds 
laureano290: folds 
CiganoCaracas: folds 
GrooshBadoosh: folds 
enixblr: folds 
ekidona: folds 
Almanza63: folds 
Uncalled bet ($0.10) returned to destroynl
destroynl collected $0.12 from pot
destroynl: doesn't show hand 
*** SUMMARY ***
Total pot $0.12 | Rake $0 
Seat 1: Almanza63 (big blind) folded before Flop
Seat 2: Dorex2007 folded before Flop (didn't bet)
Seat 3: destroynl collected ($0.12)
Seat 4: tomashovka55 folded before Flop (didn't bet)
Seat 5: laureano290 folded before Flop (didn't bet)
Seat 6: CiganoCaracas folded before Flop (didn't bet)
Seat 7: GrooshBadoosh folded before Flop (didn't bet)
Seat 8: enixblr (button) folded before Flop (didn't bet)
Seat 9: ekidona (small blind) folded before Flop



PokerStars Hand #238676258239:  Hold'em No Limit ($0.02/$0.05 USD) - 2022/09/16 19:46:40 PT [2022/09/16 22:46:40 ET]
Table 'Amata III' 9-max Seat #9 is the button
Seat 1: Almanza63 ($12.04 in chips) 
Seat 2: Dorex2007 ($5.07 in chips) 
Seat 3: destroynl ($21.59 in chips) 
Seat 4: tomashovka55 ($5 in chips) 
Seat 5: laureano290 ($5.81 in chips) 
Seat 6: CiganoCaracas ($3.13 in chips) 
Seat 7: GrooshBadoosh ($4.48 in chips) 
Seat 8: enixblr ($5.49 in chips) 
Seat 9: ekidona ($6.56 in chips) 
Almanza63: posts small blind $0.02
Dorex2007: posts big blind $0.05
*** HOLE CARDS ***
Dealt to Dorex2007 [4c 9d]
destroynl: folds 
tomashovka55: raises $0.07 to $0.12
laureano290: folds 
CiganoCaracas: raises $0.07 to $0.19
GrooshBadoosh: raises $0.31 to $0.50
enixblr: folds 
ekidona: folds 
Almanza63: folds 
Dorex2007: folds 
tomashovka55: folds 
CiganoCaracas: calls $0.31
*** FLOP *** [4h 7d 4d]
CiganoCaracas: checks 
GrooshBadoosh: checks 
*** TURN *** [4h 7d 4d] [2d]
CiganoCaracas: checks 
GrooshBadoosh: bets $0.50
CiganoCaracas: folds 
Uncalled bet ($0.50) returned to GrooshBadoosh
GrooshBadoosh collected $1.14 from pot
GrooshBadoosh: doesn't show hand 
*** SUMMARY ***
Total pot $1.19 | Rake $0.05 
Board [4h 7d 4d 2d]
Seat 1: Almanza63 (small blind) folded before Flop
Seat 2: Dorex2007 (big blind) folded before Flop
Seat 3: destroynl folded before Flop (didn't bet)
Seat 4: tomashovka55 folded before Flop
Seat 5: laureano290 folded before Flop (didn't bet)
Seat 6: CiganoCaracas folded on the Turn
Seat 7: GrooshBadoosh collected ($1.14)
Seat 8: enixblr folded before Flop (didn't bet)
Seat 9: ekidona (button) folded before Flop (didn't bet)



PokerStars Hand #238676270327:  Hold'em No Limit ($0.02/$0.05 USD) - 2022/09/16 19:47:49 PT [2022/09/16 22:47:49 ET]
Table 'Amata III' 9-max Seat #1 is the button
Seat 1: Almanza63 ($12.02 in chips) 
Seat 2: Dorex2007 ($5.02 in chips) 
Seat 3: destroynl ($21.59 in chips) 
Seat 4: tomashovka55 ($5 in chips) 
Seat 5: laureano290 ($5.81 in chips) 
Seat 6: CiganoCaracas ($2.63 in chips) 
Seat 7: GrooshBadoosh ($5.12 in chips) 
Seat 9: ekidona ($6.56 in chips) 
Dorex2007: posts small blind $0.02
destroynl: posts big blind $0.05
*** HOLE CARDS ***
Dealt to Dorex2007 [Jc Kd]
tomashovka55: folds 
laureano290: folds 
CiganoCaracas: folds 
GrooshBadoosh: folds 
ekidona: folds 
Almanza63: raises $0.08 to $0.13
Dorex2007: folds 
destroynl: folds 
Uncalled bet ($0.08) returned to Almanza63
Almanza63 collected $0.12 from pot
Almanza63: doesn't show hand 
*** SUMMARY ***
Total pot $0.12 | Rake $0 
Seat 1: Almanza63 (button) collected ($0.12)
Seat 2: Dorex2007 (small blind) folded before Flop
Seat 3: destroynl (big blind) folded before Flop
Seat 4: tomashovka55 folded before Flop (didn't bet)
Seat 5: laureano290 folded before Flop (didn't bet)
Seat 6: CiganoCaracas folded before Flop (didn't bet)
Seat 7: GrooshBadoosh folded before Flop (didn't bet)
Seat 9: ekidona folded before Flop (didn't bet)



PokerStars Hand #238676273843:  Hold'em No Limit ($0.02/$0.05 USD) - 2022/09/16 19:48:09 PT [2022/09/16 22:48:09 ET]
Table 'Amata III' 9-max Seat #2 is the button
Seat 1: Almanza63 ($12.09 in chips) 
Seat 2: Dorex2007 ($5 in chips) 
Seat 3: destroynl ($21.54 in chips) 
Seat 4: tomashovka55 ($5 in chips) 
Seat 5: laureano290 ($5.81 in chips) 
Seat 6: CiganoCaracas ($2.63 in chips) 
Seat 7: GrooshBadoosh ($5.12 in chips) 
Seat 9: ekidona ($6.56 in chips) 
destroynl: posts small blind $0.02
tomashovka55: posts big blind $0.05
*** HOLE CARDS ***
Dealt to Dorex2007 [6d As]
laureano290: folds 
CiganoCaracas: calls $0.05
GrooshBadoosh: folds 
ekidona: folds 
Almanza63: raises $0.05 to $0.10
Dorex2007: folds 
destroynl: folds 
tomashovka55: calls $0.05
CiganoCaracas: calls $0.05
*** FLOP *** [2d 4d Td]
tomashovka55: checks 
CiganoCaracas: checks 
Almanza63: bets $0.15
tomashovka55: folds 
CiganoCaracas: folds 
Uncalled bet ($0.15) returned to Almanza63
Almanza63 collected $0.31 from pot
Almanza63: doesn't show hand 
*** SUMMARY ***
Total pot $0.32 | Rake $0.01 
Board [2d 4d Td]
Seat 1: Almanza63 collected ($0.31)
Seat 2: Dorex2007 (button) folded before Flop (didn't bet)
Seat 3: destroynl (small blind) folded before Flop
Seat 4: tomashovka55 (big blind) folded on the Flop
Seat 5: laureano290 folded before Flop (didn't bet)
Seat 6: CiganoCaracas folded on the Flop
Seat 7: GrooshBadoosh folded before Flop (didn't bet)
Seat 9: ekidona folded before Flop (didn't bet)



PokerStars Hand #238676283028:  Hold'em No Limit ($0.02/$0.05 USD) - 2022/09/16 19:49:02 PT [2022/09/16 22:49:02 ET]
Table 'Amata III' 9-max Seat #3 is the button
Seat 1: Almanza63 ($12.30 in chips) 
Seat 2: Dorex2007 ($5 in chips) 
Seat 3: destroynl ($21.52 in chips) 
Seat 4: tomashovka55 ($5 in chips) 
Seat 5: laureano290 ($5.81 in chips) 
Seat 6: CiganoCaracas ($2.53 in chips) 
Seat 7: GrooshBadoosh ($5.12 in chips) 
Seat 9: ekidona ($6.56 in chips) 
tomashovka55: posts small blind $0.02
laureano290: posts big blind $0.05
*** HOLE CARDS ***
Dealt to Dorex2007 [8c Jh]
CiganoCaracas: folds 
GrooshBadoosh: folds 
ekidona: folds 
Almanza63: folds 
Dorex2007: folds 
destroynl: raises $0.10 to $0.15
tomashovka55: raises $0.52 to $0.67
laureano290: folds 
destroynl: folds 
Uncalled bet ($0.52) returned to tomashovka55
tomashovka55 collected $0.35 from pot
tomashovka55: doesn't show hand 
*** SUMMARY ***
Total pot $0.35 | Rake $0 
Seat 1: Almanza63 folded before Flop (didn't bet)
Seat 2: Dorex2007 folded before Flop (didn't bet)
Seat 3: destroynl (button) folded before Flop
Seat 4: tomashovka55 (small blind) collected ($0.35)
Seat 5: laureano290 (big blind) folded before Flop
Seat 6: CiganoCaracas folded before Flop (didn't bet)
Seat 7: GrooshBadoosh folded before Flop (didn't bet)
Seat 9: ekidona folded before Flop (didn't bet)



PokerStars Hand #238676288332:  Hold'em No Limit ($0.02/$0.05 USD) - 2022/09/16 19:49:33 PT [2022/09/16 22:49:33 ET]
Table 'Amata III' 9-max Seat #4 is the button
Seat 1: Almanza63 ($12.30 in chips) 
Seat 2: Dorex2007 ($5 in chips) 
Seat 3: destroynl ($21.37 in chips) 
Seat 4: tomashovka55 ($5.20 in chips) 
Seat 5: laureano290 ($5.76 in chips) 
Seat 6: CiganoCaracas ($2.53 in chips) 
Seat 7: GrooshBadoosh ($5.12 in chips) 
Seat 9: ekidona ($6.56 in chips) 
laureano290: posts small blind $0.02
CiganoCaracas: posts big blind $0.05
*** HOLE CARDS ***
Dealt to Dorex2007 [2d 8s]
GrooshBadoosh: raises $0.05 to $0.10
ekidona: folds 
Almanza63: folds 
Dorex2007: folds 
destroynl: folds 
tomashovka55: calls $0.10
laureano290: folds 
CiganoCaracas: calls $0.05
*** FLOP *** [5s 5d 3d]
CiganoCaracas: checks 
GrooshBadoosh: checks 
tomashovka55: bets $0.12
CiganoCaracas: calls $0.12
GrooshBadoosh: folds 
*** TURN *** [5s 5d 3d] [8h]
CiganoCaracas: checks 
tomashovka55: bets $0.33
CiganoCaracas: calls $0.33
*** RIVER *** [5s 5d 3d 8h] [4c]
CiganoCaracas: checks 
tomashovka55: bets $0.71
CiganoCaracas: raises $1.27 to $1.98 and is all-in
tomashovka55: calls $1.27
*** SHOW DOWN ***
CiganoCaracas: shows [3h 5c] (a full house, Fives full of Threes)
tomashovka55: shows [9d 8d] (two pair, Eights and Fives)
CiganoCaracas collected $4.97 from pot
*** SUMMARY ***
Total pot $5.18 | Rake $0.21 
Board [5s 5d 3d 8h 4c]
Seat 1: Almanza63 folded before Flop (didn't bet)
Seat 2: Dorex2007 folded before Flop (didn't bet)
Seat 3: destroynl folded before Flop (didn't bet)
Seat 4: tomashovka55 (button) showed [9d 8d] and lost with two pair, Eights and Fives
Seat 5: laureano290 (small blind) folded before Flop
Seat 6: CiganoCaracas (big blind) showed [3h 5c] and won ($4.97) with a full house, Fives full of Threes
Seat 7: GrooshBadoosh folded on the Flop
Seat 9: ekidona folded before Flop (didn't bet)



PokerStars Hand #238676299899:  Hold'em No Limit ($0.02/$0.05 USD) - 2022/09/16 19:50:40 PT [2022/09/16 22:50:40 ET]
Table 'Amata III' 9-max Seat #5 is the button
Seat 1: Almanza63 ($12.30 in chips) 
Seat 2: Dorex2007 ($5 in chips) 
Seat 3: destroynl ($21.37 in chips) 
Seat 4: tomashovka55 ($5 in chips) 
Seat 5: laureano290 ($5.74 in chips) 
Seat 6: CiganoCaracas ($4.97 in chips) 
Seat 7: GrooshBadoosh ($5.02 in chips) 
Seat 8: enixblr ($5.49 in chips) 
Seat 9: ekidona ($6.56 in chips) 
CiganoCaracas: posts small blind $0.02
GrooshBadoosh: posts big blind $0.05
*** HOLE CARDS ***
Dealt to Dorex2007 [Jc Kh]
enixblr: folds 
ekidona: folds 
Almanza63: folds 
Dorex2007: folds 
destroynl: folds 
tomashovka55: folds 
laureano290: raises $0.05 to $0.10
CiganoCaracas: calls $0.08
GrooshBadoosh: raises $0.20 to $0.30
laureano290: folds 
CiganoCaracas: calls $0.20
*** FLOP *** [Td 9s As]
CiganoCaracas: checks 
GrooshBadoosh: bets $0.25
CiganoCaracas: folds 
Uncalled bet ($0.25) returned to GrooshBadoosh
GrooshBadoosh collected $0.67 from pot
GrooshBadoosh: doesn't show hand 
*** SUMMARY ***
Total pot $0.70 | Rake $0.03 
Board [Td 9s As]
Seat 1: Almanza63 folded before Flop (didn't bet)
Seat 2: Dorex2007 folded before Flop (didn't bet)
Seat 3: destroynl folded before Flop (didn't bet)
Seat 4: tomashovka55 folded before Flop (didn't bet)
Seat 5: laureano290 (button) folded before Flop
Seat 6: CiganoCaracas (small blind) folded on the Flop
Seat 7: GrooshBadoosh (big blind) collected ($0.67)
Seat 8: enixblr folded before Flop (didn't bet)
Seat 9: ekidona folded before Flop (didn't bet)



PokerStars Hand #238676308375:  Hold'em No Limit ($0.02/$0.05 USD) - 2022/09/16 19:51:30 PT [2022/09/16 22:51:30 ET]
Table 'Amata III' 9-max Seat #6 is the button
Seat 1: Almanza63 ($12.30 in chips) 
Seat 2: Dorex2007 ($5 in chips) 
Seat 3: destroynl ($21.37 in chips) 
Seat 4: tomashovka55 ($5 in chips) 
Seat 5: laureano290 ($5.64 in chips) 
Seat 6: CiganoCaracas ($4.67 in chips) 
Seat 7: GrooshBadoosh ($5.39 in chips) 
Seat 8: enixblr ($5.49 in chips) 
Seat 9: ekidona ($6.56 in chips) 
GrooshBadoosh: posts small blind $0.02
enixblr: posts big blind $0.05
*** HOLE CARDS ***
Dealt to Dorex2007 [4c Qs]
ekidona: folds 
Almanza63: folds 
Dorex2007: folds 
destroynl: folds 
tomashovka55: folds 
laureano290: folds 
CiganoCaracas: folds 
GrooshBadoosh: folds 
Uncalled bet ($0.03) returned to enixblr
enixblr collected $0.04 from pot
enixblr: doesn't show hand 
*** SUMMARY ***
Total pot $0.04 | Rake $0 
Seat 1: Almanza63 folded before Flop (didn't bet)
Seat 2: Dorex2007 folded before Flop (didn't bet)
Seat 3: destroynl folded before Flop (didn't bet)
Seat 4: tomashovka55 folded before Flop (didn't bet)
Seat 5: laureano290 folded before Flop (didn't bet)
Seat 6: CiganoCaracas (button) folded before Flop (didn't bet)
Seat 7: GrooshBadoosh (small blind) folded before Flop
Seat 8: enixblr (big blind) collected ($0.04)
Seat 9: ekidona folded before Flop (didn't bet)



PokerStars Hand #238676311009:  Hold'em No Limit ($0.02/$0.05 USD) - 2022/09/16 19:51:45 PT [2022/09/16 22:51:45 ET]
Table 'Amata III' 9-max Seat #7 is the button
Seat 1: Almanza63 ($12.30 in chips) 
Seat 2: Dorex2007 ($5 in chips) 
Seat 3: destroynl ($21.37 in chips) 
Seat 4: tomashovka55 ($5 in chips) 
Seat 5: laureano290 ($5.64 in chips) 
Seat 6: CiganoCaracas ($4.67 in chips) 
Seat 7: GrooshBadoosh ($5.37 in chips) 
Seat 8: enixblr ($5.51 in chips) 
Seat 9: ekidona ($6.56 in chips) 
enixblr: posts small blind $0.02
ekidona: posts big blind $0.05
*** HOLE CARDS ***
Dealt to Dorex2007 [8c 2d]
Almanza63: folds 
Dorex2007: folds 
destroynl: folds 
tomashovka55: folds 
laureano290: folds 
CiganoCaracas: folds 
GrooshBadoosh: folds 
enixblr: raises $0.10 to $0.15
ekidona: folds 
Uncalled bet ($0.10) returned to enixblr
enixblr collected $0.10 from pot
enixblr: doesn't show hand 
*** SUMMARY ***
Total pot $0.10 | Rake $0 
Seat 1: Almanza63 folded before Flop (didn't bet)
Seat 2: Dorex2007 folded before Flop (didn't bet)
Seat 3: destroynl folded before Flop (didn't bet)
Seat 4: tomashovka55 folded before Flop (didn't bet)
Seat 5: laureano290 folded before Flop (didn't bet)
Seat 6: CiganoCaracas folded before Flop (didn't bet)
Seat 7: GrooshBadoosh (button) folded before Flop (didn't bet)
Seat 8: enixblr (small blind) collected ($0.10)
Seat 9: ekidona (big blind) folded before Flop



PokerStars Hand #238676315482:  Hold'em No Limit ($0.02/$0.05 USD) - 2022/09/16 19:52:11 PT [2022/09/16 22:52:11 ET]
Table 'Amata III' 9-max Seat #8 is the button
Seat 1: Almanza63 ($12.30 in chips) 
Seat 2: Dorex2007 ($5 in chips) 
Seat 3: destroynl ($21.37 in chips) 
Seat 4: tomashovka55 ($5 in chips) 
Seat 5: laureano290 ($5.64 in chips) 
Seat 6: CiganoCaracas ($4.67 in chips) 
Seat 7: GrooshBadoosh ($5.37 in chips) 
Seat 8: enixblr ($5.56 in chips) 
Seat 9: ekidona ($6.51 in chips) 
ekidona: posts small blind $0.02
Almanza63: posts big blind $0.05
*** HOLE CARDS ***
Dealt to Dorex2007 [Kd 6s]
Dorex2007: folds 
destroynl: folds 
tomashovka55: folds 
laureano290: folds 
CiganoCaracas: calls $0.05
GrooshBadoosh: folds 
enixblr: folds 
ekidona: folds 
Almanza63: checks 
*** FLOP *** [Qc 8c 8h]
Almanza63: checks 
CiganoCaracas: bets $0.15
Almanza63: folds 
Uncalled bet ($0.15) returned to CiganoCaracas
CiganoCaracas collected $0.12 from pot
CiganoCaracas: doesn't show hand 
*** SUMMARY ***
Total pot $0.12 | Rake $0 
Board [Qc 8c 8h]
Seat 1: Almanza63 (big blind) folded on the Flop
Seat 2: Dorex2007 folded before Flop (didn't bet)
Seat 3: destroynl folded before Flop (didn't bet)
Seat 4: tomashovka55 folded before Flop (didn't bet)
Seat 5: laureano290 folded before Flop (didn't bet)
Seat 6: CiganoCaracas collected ($0.12)
Seat 7: GrooshBadoosh folded before Flop (didn't bet)
Seat 8: enixblr (button) folded before Flop (didn't bet)
Seat 9: ekidona (small blind) folded before Flop



PokerStars Hand #238676324218:  Hold'em No Limit ($0.02/$0.05 USD) - 2022/09/16 19:53:02 PT [2022/09/16 22:53:02 ET]
Table 'Amata III' 9-max Seat #9 is the button
Seat 1: Almanza63 ($12.25 in chips) 
Seat 2: Dorex2007 ($5 in chips) 
Seat 3: destroynl ($21.37 in chips) 
Seat 4: tomashovka55 ($5 in chips) 
Seat 5: laureano290 ($5.64 in chips) 
Seat 6: CiganoCaracas ($4.74 in chips) 
Seat 7: GrooshBadoosh ($5.37 in chips) 
Seat 8: enixblr ($5.56 in chips) 
Seat 9: ekidona ($6.49 in chips) 
Almanza63: posts small blind $0.02
Dorex2007: posts big blind $0.05
*** HOLE CARDS ***
Dealt to Dorex2007 [Qd Th]
destroynl: folds 
tomashovka55: folds 
laureano290: folds 
CiganoCaracas: calls $0.05
GrooshBadoosh: raises $0.05 to $0.10
enixblr: folds 
ekidona: folds 
Almanza63: folds 
Dorex2007: folds 
CiganoCaracas: calls $0.05
*** FLOP *** [Tc 5h 2h]
CiganoCaracas: checks 
GrooshBadoosh: checks 
*** TURN *** [Tc 5h 2h] [Td]
CiganoCaracas: checks 
GrooshBadoosh: checks 
*** RIVER *** [Tc 5h 2h Td] [6d]
CiganoCaracas: checks 
GrooshBadoosh: checks 
*** SHOW DOWN ***
CiganoCaracas: shows [4h Ac] (a pair of Tens)
GrooshBadoosh: mucks hand 
CiganoCaracas collected $0.26 from pot
*** SUMMARY ***
Total pot $0.27 | Rake $0.01 
Board [Tc 5h 2h Td 6d]
Seat 1: Almanza63 (small blind) folded before Flop
Seat 2: Dorex2007 (big blind) folded before Flop
Seat 3: destroynl folded before Flop (didn't bet)
Seat 4: tomashovka55 folded before Flop (didn't bet)
Seat 5: laureano290 folded before Flop (didn't bet)
Seat 6: CiganoCaracas showed [4h Ac] and won ($0.26) with a pair of Tens
Seat 7: GrooshBadoosh mucked [Js Qc]
Seat 8: enixblr folded before Flop (didn't bet)
Seat 9: ekidona (button) folded before Flop (didn't bet)



PokerStars Hand #238676334287:  Hold'em No Limit ($0.02/$0.05 USD) - 2022/09/16 19:54:01 PT [2022/09/16 22:54:01 ET]
Table 'Amata III' 9-max Seat #1 is the button
Seat 1: Almanza63 ($12.23 in chips) 
Seat 2: Dorex2007 ($5 in chips) 
Seat 3: destroynl ($21.37 in chips) 
Seat 4: tomashovka55 ($5 in chips) 
Seat 5: laureano290 ($5.64 in chips) 
Seat 6: CiganoCaracas ($4.90 in chips) 
Seat 7: GrooshBadoosh ($5.27 in chips) 
Seat 8: enixblr ($5.56 in chips) 
Seat 9: ekidona ($6.49 in chips) 
Dorex2007: posts small blind $0.02
destroynl: posts big blind $0.05
*** HOLE CARDS ***
Dealt to Dorex2007 [6h 7h]
tomashovka55: raises $0.10 to $0.15
laureano290: folds 
CiganoCaracas: folds 
GrooshBadoosh: folds 
enixblr: folds 
ekidona: folds 
Almanza63: folds 
Dorex2007: folds 
destroynl: folds 
Uncalled bet ($0.10) returned to tomashovka55
tomashovka55 collected $0.12 from pot
tomashovka55: doesn't show hand 
*** SUMMARY ***
Total pot $0.12 | Rake $0 
Seat 1: Almanza63 (button) folded before Flop (didn't bet)
Seat 2: Dorex2007 (small blind) folded before Flop
Seat 3: destroynl (big blind) folded before Flop
Seat 4: tomashovka55 collected ($0.12)
Seat 5: laureano290 folded before Flop (didn't bet)
Seat 6: CiganoCaracas folded before Flop (didn't bet)
Seat 7: GrooshBadoosh folded before Flop (didn't bet)
Seat 8: enixblr folded before Flop (didn't bet)
Seat 9: ekidona folded before Flop (didn't bet)



PokerStars Hand #238676337761:  Hold'em No Limit ($0.02/$0.05 USD) - 2022/09/16 19:54:22 PT [2022/09/16 22:54:22 ET]
Table 'Amata III' 9-max Seat #2 is the button
Seat 1: Almanza63 ($12.23 in chips) 
Seat 2: Dorex2007 ($5 in chips) 
Seat 3: destroynl ($21.32 in chips) 
Seat 4: tomashovka55 ($5.07 in chips) 
Seat 5: laureano290 ($5.64 in chips) 
Seat 6: CiganoCaracas ($4.90 in chips) 
Seat 7: GrooshBadoosh ($5.27 in chips) 
Seat 8: enixblr ($5.56 in chips) 
Seat 9: ekidona ($6.49 in chips) 
destroynl: posts small blind $0.02
tomashovka55: posts big blind $0.05
*** HOLE CARDS ***
Dealt to Dorex2007 [Kc 9d]
laureano290: folds 
CiganoCaracas: calls $0.05
GrooshBadoosh: folds 
enixblr: raises $0.07 to $0.12
ekidona: folds 
Almanza63: folds 
Dorex2007: folds 
destroynl: folds 
tomashovka55: folds 
CiganoCaracas: calls $0.07
*** FLOP *** [9h Qs Th]
CiganoCaracas: checks 
enixblr: checks 
*** TURN *** [9h Qs Th] [8s]
CiganoCaracas: checks 
enixblr: checks 
*** RIVER *** [9h Qs Th 8s] [6d]
CiganoCaracas: bets $0.30
enixblr: folds 
Uncalled bet ($0.30) returned to CiganoCaracas
CiganoCaracas collected $0.30 from pot
CiganoCaracas: doesn't show hand 
*** SUMMARY ***
Total pot $0.31 | Rake $0.01 
Board [9h Qs Th 8s 6d]
Seat 1: Almanza63 folded before Flop (didn't bet)
Seat 2: Dorex2007 (button) folded before Flop (didn't bet)
Seat 3: destroynl (small blind) folded before Flop
Seat 4: tomashovka55 (big blind) folded before Flop
Seat 5: laureano290 folded before Flop (didn't bet)
Seat 6: CiganoCaracas collected ($0.30)
Seat 7: GrooshBadoosh folded before Flop (didn't bet)
Seat 8: enixblr folded on the River
Seat 9: ekidona folded before Flop (didn't bet)



PokerStars Hand #238676345842:  Hold'em No Limit ($0.02/$0.05 USD) - 2022/09/16 19:55:09 PT [2022/09/16 22:55:09 ET]
Table 'Amata III' 9-max Seat #3 is the button
Seat 1: Almanza63 ($12.23 in chips) 
Seat 2: Dorex2007 ($5 in chips) 
Seat 3: destroynl ($21.30 in chips) 
Seat 4: tomashovka55 ($5.02 in chips) 
Seat 5: laureano290 ($5.64 in chips) 
Seat 6: CiganoCaracas ($5.08 in chips) 
Seat 7: GrooshBadoosh ($5.27 in chips) 
Seat 8: enixblr ($5.44 in chips) 
Seat 9: ekidona ($6.49 in chips) 
tomashovka55: posts small blind $0.02
laureano290: posts big blind $0.05
*** HOLE CARDS ***
Dealt to Dorex2007 [As 3c]
CiganoCaracas: calls $0.05
GrooshBadoosh: folds 
enixblr: folds 
ekidona: folds 
Almanza63: raises $0.10 to $0.15
Dorex2007: folds 
destroynl: folds 
tomashovka55: folds 
laureano290: folds 
CiganoCaracas: calls $0.10
*** FLOP *** [Ac Th Qc]
CiganoCaracas: checks 
Almanza63: checks 
*** TURN *** [Ac Th Qc] [7s]
CiganoCaracas: checks 
Almanza63: checks 
*** RIVER *** [Ac Th Qc 7s] [5s]
CiganoCaracas: checks 
Almanza63: bets $0.23
CiganoCaracas: folds 
Uncalled bet ($0.23) returned to Almanza63
Almanza63 collected $0.35 from pot
Almanza63: doesn't show hand 
*** SUMMARY ***
Total pot $0.37 | Rake $0.02 
Board [Ac Th Qc 7s 5s]
Seat 1: Almanza63 collected ($0.35)
Seat 2: Dorex2007 folded before Flop (didn't bet)
Seat 3: destroynl (button) folded before Flop (didn't bet)
Seat 4: tomashovka55 (small blind) folded before Flop
Seat 5: laureano290 (big blind) folded before Flop
Seat 6: CiganoCaracas folded on the River
Seat 7: GrooshBadoosh folded before Flop (didn't bet)
Seat 8: enixblr folded before Flop (didn't bet)
Seat 9: ekidona folded before Flop (didn't bet)



PokerStars Hand #238676355024:  Hold'em No Limit ($0.02/$0.05 USD) - 2022/09/16 19:56:13 PT [2022/09/16 22:56:13 ET]
Table 'Amata III' 9-max Seat #4 is the button
Seat 1: Almanza63 ($12.43 in chips) 
Seat 2: Dorex2007 ($5 in chips) 
Seat 3: destroynl ($21.30 in chips) 
Seat 4: tomashovka55 ($5 in chips) 
Seat 5: laureano290 ($5.59 in chips) 
Seat 6: CiganoCaracas ($4.93 in chips) 
Seat 8: enixblr ($5.44 in chips) 
Seat 9: ekidona ($6.49 in chips) 
laureano290: posts small blind $0.02
CiganoCaracas: posts big blind $0.05
*** HOLE CARDS ***
Dealt to Dorex2007 [Kd Ah]
enixblr: raises $0.07 to $0.12
ekidona: folds 
Almanza63: folds 
Dorex2007: calls $0.12
destroynl: folds 
tomashovka55: folds 
laureano290: folds 
CiganoCaracas: folds 
*** FLOP *** [2d 5c 2s]
enixblr: checks 
Dorex2007: checks 
*** TURN *** [2d 5c 2s] [Ks]
enixblr: checks 
Dorex2007: bets $0.30
enixblr: folds 
Uncalled bet ($0.30) returned to Dorex2007
Dorex2007 collected $0.30 from pot
Dorex2007: doesn't show hand 
*** SUMMARY ***
Total pot $0.31 | Rake $0.01 
Board [2d 5c 2s Ks]
Seat 1: Almanza63 folded before Flop (didn't bet)
Seat 2: Dorex2007 collected ($0.30)
Seat 3: destroynl folded before Flop (didn't bet)
Seat 4: tomashovka55 (button) folded before Flop (didn't bet)
Seat 5: laureano290 (small blind) folded before Flop
Seat 6: CiganoCaracas (big blind) folded before Flop
Seat 8: enixblr folded on the Turn
Seat 9: ekidona folded before Flop (didn't bet)



PokerStars Hand #238676362598:  Hold'em No Limit ($0.02/$0.05 USD) - 2022/09/16 19:57:06 PT [2022/09/16 22:57:06 ET]
Table 'Amata III' 9-max Seat #5 is the button
Seat 1: Almanza63 ($12.43 in chips) 
Seat 2: Dorex2007 ($5.18 in chips) 
Seat 3: destroynl ($21.30 in chips) 
Seat 4: tomashovka55 ($5 in chips) 
Seat 5: laureano290 ($5.57 in chips) 
Seat 6: CiganoCaracas ($4.88 in chips) 
Seat 8: enixblr ($5.32 in chips) 
Seat 9: ekidona ($6.49 in chips) 
CiganoCaracas: posts small blind $0.02
enixblr: posts big blind $0.05
*** HOLE CARDS ***
Dealt to Dorex2007 [5s 4d]
ekidona: folds 
Almanza63: folds 
Dorex2007: folds 
destroynl: raises $0.10 to $0.15
tomashovka55: folds 
laureano290: folds 
CiganoCaracas: folds 
enixblr: folds 
Uncalled bet ($0.10) returned to destroynl
destroynl collected $0.12 from pot
destroynl: doesn't show hand 
*** SUMMARY ***
Total pot $0.12 | Rake $0 
Seat 1: Almanza63 folded before Flop (didn't bet)
Seat 2: Dorex2007 folded before Flop (didn't bet)
Seat 3: destroynl collected ($0.12)
Seat 4: tomashovka55 folded before Flop (didn't bet)
Seat 5: laureano290 (button) folded before Flop (didn't bet)
Seat 6: CiganoCaracas (small blind) folded before Flop
Seat 8: enixblr (big blind) folded before Flop
Seat 9: ekidona folded before Flop (didn't bet)



PokerStars Hand #238676367086:  Hold'em No Limit ($0.02/$0.05 USD) - 2022/09/16 19:57:38 PT [2022/09/16 22:57:38 ET]
Table 'Amata III' 9-max Seat #6 is the button
Seat 1: Almanza63 ($12.43 in chips) 
Seat 2: Dorex2007 ($5.18 in chips) 
Seat 3: destroynl ($21.37 in chips) 
Seat 4: tomashovka55 ($5 in chips) 
Seat 5: laureano290 ($5.57 in chips) 
Seat 6: CiganoCaracas ($4.86 in chips) 
Seat 8: enixblr ($5.27 in chips) 
Seat 9: ekidona ($6.49 in chips) 
enixblr: posts small blind $0.02
ekidona: posts big blind $0.05
*** HOLE CARDS ***
Dealt to Dorex2007 [6s 2s]
Almanza63: folds 
Dorex2007: folds 
destroynl: folds 
tomashovka55: raises $0.10 to $0.15
laureano290: folds 
CiganoCaracas: folds 
enixblr: folds 
ekidona: calls $0.10
*** FLOP *** [6d Js 7c]
ekidona: checks 
tomashovka55: bets $0.18
ekidona: folds 
Uncalled bet ($0.18) returned to tomashovka55
tomashovka55 collected $0.31 from pot
tomashovka55: doesn't show hand 
*** SUMMARY ***
Total pot $0.32 | Rake $0.01 
Board [6d Js 7c]
Seat 1: Almanza63 folded before Flop (didn't bet)
Seat 2: Dorex2007 folded before Flop (didn't bet)
Seat 3: destroynl folded before Flop (didn't bet)
Seat 4: tomashovka55 collected ($0.31)
Seat 5: laureano290 folded before Flop (didn't bet)
Seat 6: CiganoCaracas (button) folded before Flop (didn't bet)
Seat 8: enixblr (small blind) folded before Flop
Seat 9: ekidona (big blind) folded on the Flop



PokerStars Hand #238676372405:  Hold'em No Limit ($0.02/$0.05 USD) - 2022/09/16 19:58:15 PT [2022/09/16 22:58:15 ET]
Table 'Amata III' 9-max Seat #8 is the button
Seat 1: Almanza63 ($12.43 in chips) 
Seat 2: Dorex2007 ($5.18 in chips) 
Seat 3: destroynl ($21.37 in chips) 
Seat 4: tomashovka55 ($5.16 in chips) 
Seat 5: laureano290 ($5.57 in chips) 
Seat 6: CiganoCaracas ($4.86 in chips) 
Seat 8: enixblr ($5.25 in chips) 
Seat 9: ekidona ($6.34 in chips) 
ekidona: posts small blind $0.02
Almanza63: posts big blind $0.05
*** HOLE CARDS ***
Dealt to Dorex2007 [5h Jd]
Dorex2007: folds 
destroynl: folds 
tomashovka55: folds 
laureano290: raises $0.07 to $0.12
CiganoCaracas: folds 
enixblr: raises $0.28 to $0.40
ekidona: folds 
Almanza63: folds 
laureano290: raises $0.75 to $1.15
enixblr: folds 
Uncalled bet ($0.75) returned to laureano290
laureano290 collected $0.87 from pot
laureano290: doesn't show hand 
*** SUMMARY ***
Total pot $0.87 | Rake $0 
Seat 1: Almanza63 (big blind) folded before Flop
Seat 2: Dorex2007 folded before Flop (didn't bet)
Seat 3: destroynl folded before Flop (didn't bet)
Seat 4: tomashovka55 folded before Flop (didn't bet)
Seat 5: laureano290 collected ($0.87)
Seat 6: CiganoCaracas folded before Flop (didn't bet)
Seat 8: enixblr (button) folded before Flop
Seat 9: ekidona (small blind) folded before Flop



PokerStars Hand #238676378258:  Hold'em No Limit ($0.02/$0.05 USD) - 2022/09/16 19:58:56 PT [2022/09/16 22:58:56 ET]
Table 'Amata III' 9-max Seat #9 is the button
Seat 1: Almanza63 ($12.38 in chips) 
Seat 2: Dorex2007 ($5.18 in chips) 
Seat 3: destroynl ($21.37 in chips) 
Seat 4: tomashovka55 ($5.16 in chips) 
Seat 5: laureano290 ($6.04 in chips) 
Seat 6: CiganoCaracas ($4.86 in chips) 
Seat 8: enixblr ($5 in chips) 
Seat 9: ekidona ($6.32 in chips) 
Almanza63: posts small blind $0.02
Dorex2007: posts big blind $0.05
*** HOLE CARDS ***
Dealt to Dorex2007 [Th Tc]
destroynl: folds 
tomashovka55: folds 
laureano290: folds 
CiganoCaracas: calls $0.05
enixblr: folds 
ekidona: raises $0.10 to $0.15
Almanza63: folds 
Dorex2007: calls $0.10
CiganoCaracas: calls $0.10
*** FLOP *** [Jd 7h 4c]
Dorex2007: checks 
CiganoCaracas: checks 
ekidona: checks 
*** TURN *** [Jd 7h 4c] [4d]
Dorex2007: bets $0.22
CiganoCaracas: folds 
ekidona: folds 
Uncalled bet ($0.22) returned to Dorex2007
Dorex2007 collected $0.45 from pot
Dorex2007: doesn't show hand 
*** SUMMARY ***
Total pot $0.47 | Rake $0.02 
Board [Jd 7h 4c 4d]
Seat 1: Almanza63 (small blind) folded before Flop
Seat 2: Dorex2007 (big blind) collected ($0.45)
Seat 3: destroynl folded before Flop (didn't bet)
Seat 4: tomashovka55 folded before Flop (didn't bet)
Seat 5: laureano290 folded before Flop (didn't bet)
Seat 6: CiganoCaracas folded on the Turn
Seat 8: enixblr folded before Flop (didn't bet)
Seat 9: ekidona (button) folded on the Turn



PokerStars Hand #238676387363:  Hold'em No Limit ($0.02/$0.05 USD) - 2022/09/16 20:00:02 PT [2022/09/16 23:00:02 ET]
Table 'Amata III' 9-max Seat #1 is the button
Seat 1: Almanza63 ($12.36 in chips) 
Seat 2: Dorex2007 ($5.48 in chips) 
Seat 3: destroynl ($21.37 in chips) 
Seat 4: tomashovka55 ($5.16 in chips) 
Seat 5: laureano290 ($6.04 in chips) 
Seat 6: CiganoCaracas ($4.71 in chips) 
Seat 8: enixblr ($5 in chips) 
Seat 9: ekidona ($6.17 in chips) 
Dorex2007: posts small blind $0.02
destroynl: posts big blind $0.05
*** HOLE CARDS ***
Dealt to Dorex2007 [7c 9s]
tomashovka55: folds 
laureano290: folds 
CiganoCaracas: folds 
enixblr: folds 
ekidona: folds 
Almanza63: folds 
Dorex2007: folds 
Uncalled bet ($0.03) returned to destroynl
destroynl collected $0.04 from pot
destroynl: doesn't show hand 
*** SUMMARY ***
Total pot $0.04 | Rake $0 
Seat 1: Almanza63 (button) folded before Flop (didn't bet)
Seat 2: Dorex2007 (small blind) folded before Flop
Seat 3: destroynl (big blind) collected ($0.04)
Seat 4: tomashovka55 folded before Flop (didn't bet)
Seat 5: laureano290 folded before Flop (didn't bet)
Seat 6: CiganoCaracas folded before Flop (didn't bet)
Seat 8: enixblr folded before Flop (didn't bet)
Seat 9: ekidona folded before Flop (didn't bet)



PokerStars Hand #238676390888:  Hold'em No Limit ($0.02/$0.05 USD) - 2022/09/16 20:00:26 PT [2022/09/16 23:00:26 ET]
Table 'Amata III' 9-max Seat #2 is the button
Seat 1: Almanza63 ($12.36 in chips) 
Seat 2: Dorex2007 ($5.46 in chips) 
Seat 3: destroynl ($21.39 in chips) 
Seat 4: tomashovka55 ($5.16 in chips) 
Seat 5: laureano290 ($6.04 in chips) 
Seat 6: CiganoCaracas ($4.71 in chips) 
Seat 8: enixblr ($5 in chips) 
Seat 9: ekidona ($6.17 in chips) 
destroynl: posts small blind $0.02
tomashovka55: posts big blind $0.05
*** HOLE CARDS ***
Dealt to Dorex2007 [8d 4c]
laureano290: raises $0.07 to $0.12
CiganoCaracas: folds 
enixblr: folds 
ekidona: folds 
Almanza63: folds 
Dorex2007: folds 
destroynl: folds 
tomashovka55: folds 
Uncalled bet ($0.07) returned to laureano290
laureano290 collected $0.12 from pot
laureano290: doesn't show hand 
*** SUMMARY ***
Total pot $0.12 | Rake $0 
Seat 1: Almanza63 folded before Flop (didn't bet)
Seat 2: Dorex2007 (button) folded before Flop (didn't bet)
Seat 3: destroynl (small blind) folded before Flop
Seat 4: tomashovka55 (big blind) folded before Flop
Seat 5: laureano290 collected ($0.12)
Seat 6: CiganoCaracas folded before Flop (didn't bet)
Seat 8: enixblr folded before Flop (didn't bet)
Seat 9: ekidona folded before Flop (didn't bet)



PokerStars Hand #238676394312:  Hold'em No Limit ($0.02/$0.05 USD) - 2022/09/16 20:00:48 PT [2022/09/16 23:00:48 ET]
Table 'Amata III' 9-max Seat #3 is the button
Seat 1: Almanza63 ($12.36 in chips) 
Seat 2: Dorex2007 ($5.46 in chips) 
Seat 3: destroynl ($21.37 in chips) 
Seat 4: tomashovka55 ($5.11 in chips) 
Seat 5: laureano290 ($6.11 in chips) 
Seat 6: CiganoCaracas ($4.71 in chips) 
Seat 8: enixblr ($5 in chips) 
Seat 9: ekidona ($6.17 in chips) 
tomashovka55: posts small blind $0.02
laureano290: posts big blind $0.05
GrooshBadoosh: sits out 
*** HOLE CARDS ***
Dealt to Dorex2007 [As 7s]
CiganoCaracas: calls $0.05
enixblr: raises $0.20 to $0.25
ekidona: folds 
Almanza63: folds 
Dorex2007: folds 
destroynl: folds 
tomashovka55: folds 
laureano290: folds 
CiganoCaracas: folds 
Uncalled bet ($0.20) returned to enixblr
enixblr collected $0.17 from pot
enixblr: doesn't show hand 
*** SUMMARY ***
Total pot $0.17 | Rake $0 
Seat 1: Almanza63 folded before Flop (didn't bet)
Seat 2: Dorex2007 folded before Flop (didn't bet)
Seat 3: destroynl (button) folded before Flop (didn't bet)
Seat 4: tomashovka55 (small blind) folded before Flop
Seat 5: laureano290 (big blind) folded before Flop
Seat 6: CiganoCaracas folded before Flop
Seat 8: enixblr collected ($0.17)
Seat 9: ekidona folded before Flop (didn't bet)



PokerStars Hand #238676398603:  Hold'em No Limit ($0.02/$0.05 USD) - 2022/09/16 20:01:15 PT [2022/09/16 23:01:15 ET]
Table 'Amata III' 9-max Seat #4 is the button
Seat 1: Almanza63 ($12.36 in chips) 
Seat 2: Dorex2007 ($5.46 in chips) 
Seat 3: destroynl ($21.37 in chips) 
Seat 4: tomashovka55 ($5.09 in chips) 
Seat 5: laureano290 ($6.06 in chips) 
Seat 6: CiganoCaracas ($4.66 in chips) 
Seat 8: enixblr ($5.12 in chips) 
Seat 9: ekidona ($6.17 in chips) 
laureano290: posts small blind $0.02
CiganoCaracas: posts big blind $0.05
GrooshBadoosh: sits out 
*** HOLE CARDS ***
Dealt to Dorex2007 [7d 9d]
enixblr: raises $0.07 to $0.12
ekidona: folds 
Almanza63: folds 
Dorex2007: folds 
destroynl: folds 
tomashovka55: folds 
laureano290: folds 
CiganoCaracas: calls $0.07
*** FLOP *** [Ts 4d Qh]
CiganoCaracas: bets $0.05
enixblr: raises $0.15 to $0.20
CiganoCaracas: folds 
Uncalled bet ($0.15) returned to enixblr
enixblr collected $0.35 from pot
enixblr: doesn't show hand 
*** SUMMARY ***
Total pot $0.36 | Rake $0.01 
Board [Ts 4d Qh]
Seat 1: Almanza63 folded before Flop (didn't bet)
Seat 2: Dorex2007 folded before Flop (didn't bet)
Seat 3: destroynl folded before Flop (didn't bet)
Seat 4: tomashovka55 (button) folded before Flop (didn't bet)
Seat 5: laureano290 (small blind) folded before Flop
Seat 6: CiganoCaracas (big blind) folded on the Flop
Seat 8: enixblr collected ($0.35)
Seat 9: ekidona folded before Flop (didn't bet)



PokerStars Hand #238676405069:  Hold'em No Limit ($0.02/$0.05 USD) - 2022/09/16 20:01:55 PT [2022/09/16 23:01:55 ET]
Table 'Amata III' 9-max Seat #5 is the button
Seat 1: Almanza63 ($12.36 in chips) 
Seat 2: Dorex2007 ($5.46 in chips) 
Seat 3: destroynl ($21.37 in chips) 
Seat 4: tomashovka55 ($5.09 in chips) 
Seat 5: laureano290 ($6.04 in chips) 
Seat 6: CiganoCaracas ($4.49 in chips) 
Seat 7: GrooshBadoosh ($5.27 in chips) 
Seat 8: enixblr ($5.30 in chips) 
Seat 9: ekidona ($6.17 in chips) 
CiganoCaracas: posts small blind $0.02
GrooshBadoosh: posts big blind $0.05
*** HOLE CARDS ***
Dealt to Dorex2007 [Jc Td]
enixblr: folds 
ekidona: folds 
Almanza63: folds 
Dorex2007: folds 
destroynl: folds 
tomashovka55: folds 
laureano290: raises $0.05 to $0.10
CiganoCaracas: folds 
GrooshBadoosh: folds 
Uncalled bet ($0.05) returned to laureano290
laureano290 collected $0.12 from pot
laureano290: doesn't show hand 
*** SUMMARY ***
Total pot $0.12 | Rake $0 
Seat 1: Almanza63 folded before Flop (didn't bet)
Seat 2: Dorex2007 folded before Flop (didn't bet)
Seat 3: destroynl folded before Flop (didn't bet)
Seat 4: tomashovka55 folded before Flop (didn't bet)
Seat 5: laureano290 (button) collected ($0.12)
Seat 6: CiganoCaracas (small blind) folded before Flop
Seat 7: GrooshBadoosh (big blind) folded before Flop
Seat 8: enixblr folded before Flop (didn't bet)
Seat 9: ekidona folded before Flop (didn't bet)



PokerStars Hand #238676408790:  Hold'em No Limit ($0.02/$0.05 USD) - 2022/09/16 20:02:18 PT [2022/09/16 23:02:18 ET]
Table 'Amata III' 9-max Seat #6 is the button
Seat 1: Almanza63 ($12.36 in chips) 
Seat 2: Dorex2007 ($5.46 in chips) 
Seat 3: destroynl ($21.37 in chips) 
Seat 4: tomashovka55 ($5.09 in chips) 
Seat 5: laureano290 ($6.11 in chips) 
Seat 6: CiganoCaracas ($4.47 in chips) 
Seat 7: GrooshBadoosh ($5.22 in chips) 
Seat 8: enixblr ($5.30 in chips) 
Seat 9: ekidona ($6.17 in chips) 
GrooshBadoosh: posts small blind $0.02
enixblr: posts big blind $0.05
*** HOLE CARDS ***
Dealt to Dorex2007 [6c Jc]
ekidona: folds 
Almanza63: raises $0.08 to $0.13
Dorex2007: folds 
destroynl: folds 
tomashovka55: folds 
laureano290: folds 
CiganoCaracas: folds 
GrooshBadoosh: folds 
enixblr: folds 
Uncalled bet ($0.08) returned to Almanza63
Almanza63 collected $0.12 from pot
Almanza63: doesn't show hand 
*** SUMMARY ***
Total pot $0.12 | Rake $0 
Seat 1: Almanza63 collected ($0.12)
Seat 2: Dorex2007 folded before Flop (didn't bet)
Seat 3: destroynl folded before Flop (didn't bet)
Seat 4: tomashovka55 folded before Flop (didn't bet)
Seat 5: laureano290 folded before Flop (didn't bet)
Seat 6: CiganoCaracas (button) folded before Flop (didn't bet)
Seat 7: GrooshBadoosh (small blind) folded before Flop
Seat 8: enixblr (big blind) folded before Flop
Seat 9: ekidona folded before Flop (didn't bet)



PokerStars Hand #238676412248:  Hold'em No Limit ($0.02/$0.05 USD) - 2022/09/16 20:02:39 PT [2022/09/16 23:02:39 ET]
Table 'Amata III' 9-max Seat #7 is the button
Seat 1: Almanza63 ($12.43 in chips) 
Seat 2: Dorex2007 ($5.46 in chips) 
Seat 3: destroynl ($21.37 in chips) 
Seat 4: tomashovka55 ($5.09 in chips) 
Seat 5: laureano290 ($6.11 in chips) 
Seat 6: CiganoCaracas ($4.47 in chips) 
Seat 7: GrooshBadoosh ($5.20 in chips) 
Seat 8: enixblr ($5.25 in chips) 
Seat 9: ekidona ($6.17 in chips) 
enixblr: posts small blind $0.02
ekidona: posts big blind $0.05
*** HOLE CARDS ***
Dealt to Dorex2007 [6s 7c]
Almanza63: folds 
Dorex2007: folds 
destroynl: folds 
tomashovka55: folds 
laureano290: raises $0.07 to $0.12
CiganoCaracas: calls $0.12
GrooshBadoosh: folds 
enixblr: folds 
ekidona: folds 
*** FLOP *** [8h 5s 6h]
laureano290: bets $0.10
CiganoCaracas: calls $0.10
*** TURN *** [8h 5s 6h] [Qh]
laureano290: bets $0.20
CiganoCaracas: folds 
Uncalled bet ($0.20) returned to laureano290
laureano290 collected $0.49 from pot
laureano290: doesn't show hand 
*** SUMMARY ***
Total pot $0.51 | Rake $0.02 
Board [8h 5s 6h Qh]
Seat 1: Almanza63 folded before Flop (didn't bet)
Seat 2: Dorex2007 folded before Flop (didn't bet)
Seat 3: destroynl folded before Flop (didn't bet)
Seat 4: tomashovka55 folded before Flop (didn't bet)
Seat 5: laureano290 collected ($0.49)
Seat 6: CiganoCaracas folded on the Turn
Seat 7: GrooshBadoosh (button) folded before Flop (didn't bet)
Seat 8: enixblr (small blind) folded before Flop
Seat 9: ekidona (big blind) folded before Flop



PokerStars Hand #238676421661:  Hold'em No Limit ($0.02/$0.05 USD) - 2022/09/16 20:03:34 PT [2022/09/16 23:03:34 ET]
Table 'Amata III' 9-max Seat #8 is the button
Seat 1: Almanza63 ($12.43 in chips) 
Seat 2: Dorex2007 ($5.46 in chips) 
Seat 3: destroynl ($21.37 in chips) 
Seat 4: tomashovka55 ($5.09 in chips) 
Seat 5: laureano290 ($6.38 in chips) 
Seat 6: CiganoCaracas ($4.25 in chips) 
Seat 7: GrooshBadoosh ($5.20 in chips) 
Seat 8: enixblr ($5.23 in chips) 
Seat 9: ekidona ($6.12 in chips) 
ekidona: posts small blind $0.02
Almanza63: posts big blind $0.05
*** HOLE CARDS ***
Dealt to Dorex2007 [5s Th]
Dorex2007: folds 
destroynl: folds 
tomashovka55: folds 
laureano290: folds 
CiganoCaracas: calls $0.05
GrooshBadoosh: folds 
enixblr: folds 
ekidona: folds 
Almanza63: checks 
*** FLOP *** [8h 7c 6s]
Almanza63: checks 
CiganoCaracas: checks 
*** TURN *** [8h 7c 6s] [4c]
Almanza63: checks 
CiganoCaracas: checks 
*** RIVER *** [8h 7c 6s 4c] [2c]
Almanza63: checks 
CiganoCaracas: checks 
*** SHOW DOWN ***
Almanza63: shows [3h Ad] (high card Ace)
CiganoCaracas: mucks hand 
Almanza63 collected $0.12 from pot
*** SUMMARY ***
Total pot $0.12 | Rake $0 
Board [8h 7c 6s 4c 2c]
Seat 1: Almanza63 (big blind) showed [3h Ad] and won ($0.12) with high card Ace
Seat 2: Dorex2007 folded before Flop (didn't bet)
Seat 3: destroynl folded before Flop (didn't bet)
Seat 4: tomashovka55 folded before Flop (didn't bet)
Seat 5: laureano290 folded before Flop (didn't bet)
Seat 6: CiganoCaracas mucked [Kc Ts]
Seat 7: GrooshBadoosh folded before Flop (didn't bet)
Seat 8: enixblr (button) folded before Flop (didn't bet)
Seat 9: ekidona (small blind) folded before Flop



PokerStars Hand #238676429208:  Hold'em No Limit ($0.02/$0.05 USD) - 2022/09/16 20:04:20 PT [2022/09/16 23:04:20 ET]
Table 'Amata III' 9-max Seat #9 is the button
Seat 1: Almanza63 ($12.50 in chips) 
Seat 2: Dorex2007 ($5.46 in chips) 
Seat 3: destroynl ($21.37 in chips) 
Seat 4: tomashovka55 ($5.09 in chips) 
Seat 5: laureano290 ($6.38 in chips) 
Seat 6: CiganoCaracas ($4.20 in chips) 
Seat 7: GrooshBadoosh ($5.20 in chips) 
Seat 8: enixblr ($5.23 in chips) 
Seat 9: ekidona ($6.10 in chips) 
Almanza63: posts small blind $0.02
Dorex2007: posts big blind $0.05
*** HOLE CARDS ***
Dealt to Dorex2007 [Kh 8h]
destroynl: folds 
tomashovka55: folds 
laureano290: folds 
CiganoCaracas: folds 
GrooshBadoosh: folds 
enixblr: folds 
ekidona: folds 
Almanza63: raises $0.08 to $0.13
Dorex2007: folds 
Uncalled bet ($0.08) returned to Almanza63
Almanza63 collected $0.10 from pot
Almanza63: doesn't show hand 
*** SUMMARY ***
Total pot $0.10 | Rake $0 
Seat 1: Almanza63 (small blind) collected ($0.10)
Seat 2: Dorex2007 (big blind) folded before Flop
Seat 3: destroynl folded before Flop (didn't bet)
Seat 4: tomashovka55 folded before Flop (didn't bet)
Seat 5: laureano290 folded before Flop (didn't bet)
Seat 6: CiganoCaracas folded before Flop (didn't bet)
Seat 7: GrooshBadoosh folded before Flop (didn't bet)
Seat 8: enixblr folded before Flop (didn't bet)
Seat 9: ekidona (button) folded before Flop (didn't bet)



PokerStars Hand #238676434635:  Hold'em No Limit ($0.02/$0.05 USD) - 2022/09/16 20:04:53 PT [2022/09/16 23:04:53 ET]
Table 'Amata III' 9-max Seat #1 is the button
Seat 1: Almanza63 ($12.55 in chips) 
Seat 2: Dorex2007 ($5.41 in chips) 
Seat 3: destroynl ($21.37 in chips) 
Seat 4: tomashovka55 ($5.09 in chips) 
Seat 5: laureano290 ($6.38 in chips) 
Seat 6: CiganoCaracas ($4.20 in chips) 
Seat 7: GrooshBadoosh ($5.20 in chips) 
Seat 8: enixblr ($5.23 in chips) 
Seat 9: ekidona ($6.10 in chips) 
Dorex2007: posts small blind $0.02
destroynl: posts big blind $0.05
*** HOLE CARDS ***
Dealt to Dorex2007 [5d 7s]
tomashovka55: folds 
laureano290: folds 
CiganoCaracas: folds 
GrooshBadoosh: folds 
enixblr: folds 
ekidona: folds 
Almanza63: raises $0.08 to $0.13
Dorex2007: folds 
destroynl: folds 
Uncalled bet ($0.08) returned to Almanza63
Almanza63 collected $0.12 from pot
Almanza63: doesn't show hand 
*** SUMMARY ***
Total pot $0.12 | Rake $0 
Seat 1: Almanza63 (button) collected ($0.12)
Seat 2: Dorex2007 (small blind) folded before Flop
Seat 3: destroynl (big blind) folded before Flop
Seat 4: tomashovka55 folded before Flop (didn't bet)
Seat 5: laureano290 folded before Flop (didn't bet)
Seat 6: CiganoCaracas folded before Flop (didn't bet)
Seat 7: GrooshBadoosh folded before Flop (didn't bet)
Seat 8: enixblr folded before Flop (didn't bet)
Seat 9: ekidona folded before Flop (didn't bet)



PokerStars Hand #238676439238:  Hold'em No Limit ($0.02/$0.05 USD) - 2022/09/16 20:05:20 PT [2022/09/16 23:05:20 ET]
Table 'Amata III' 9-max Seat #2 is the button
Seat 1: Almanza63 ($12.62 in chips) 
Seat 2: Dorex2007 ($5.39 in chips) 
Seat 3: destroynl ($21.32 in chips) 
Seat 5: laureano290 ($6.38 in chips) 
Seat 6: CiganoCaracas ($4.20 in chips) 
Seat 7: GrooshBadoosh ($5.20 in chips) 
Seat 8: enixblr ($5.23 in chips) 
Seat 9: ekidona ($6.10 in chips) 
destroynl: posts small blind $0.02
tomashovka55: is sitting out 
laureano290: posts big blind $0.05
*** HOLE CARDS ***
Dealt to Dorex2007 [Th 5h]
CiganoCaracas: folds 
GrooshBadoosh: raises $0.05 to $0.10
enixblr: folds 
ekidona: raises $0.20 to $0.30
Almanza63: folds 
Dorex2007: folds 
destroynl: folds 
laureano290: folds 
GrooshBadoosh: raises $0.60 to $0.90
ekidona: raises $1.80 to $2.70
GrooshBadoosh: raises $2.50 to $5.20 and is all-in
ekidona: calls $2.50
*** FLOP *** [3s 9d Js]
*** TURN *** [3s 9d Js] [Jc]
*** RIVER *** [3s 9d Js Jc] [2s]
*** SHOW DOWN ***
GrooshBadoosh: shows [Qs Qh] (two pair, Queens and Jacks)
ekidona: shows [Ks Kd] (two pair, Kings and Jacks)
ekidona collected $10.04 from pot
*** SUMMARY ***
Total pot $10.47 | Rake $0.43 
Board [3s 9d Js Jc 2s]
Seat 1: Almanza63 folded before Flop (didn't bet)
Seat 2: Dorex2007 (button) folded before Flop (didn't bet)
Seat 3: destroynl (small blind) folded before Flop
Seat 5: laureano290 (big blind) folded before Flop
Seat 6: CiganoCaracas folded before Flop (didn't bet)
Seat 7: GrooshBadoosh showed [Qs Qh] and lost with two pair, Queens and Jacks
Seat 8: enixblr folded before Flop (didn't bet)
Seat 9: ekidona showed [Ks Kd] and won ($10.04) with two pair, Kings and Jacks



PokerStars Hand #238676449316:  Hold'em No Limit ($0.02/$0.05 USD) - 2022/09/16 20:06:21 PT [2022/09/16 23:06:21 ET]
Table 'Amata III' 9-max Seat #3 is the button
Seat 1: Almanza63 ($12.62 in chips) 
Seat 2: Dorex2007 ($5.39 in chips) 
Seat 3: destroynl ($21.30 in chips) 
Seat 5: laureano290 ($6.33 in chips) 
Seat 6: CiganoCaracas ($4.20 in chips) 
Seat 8: enixblr ($5.23 in chips) 
Seat 9: ekidona ($10.94 in chips) 
laureano290: posts small blind $0.02
CiganoCaracas: posts big blind $0.05
*** HOLE CARDS ***
Dealt to Dorex2007 [Ac 2c]
enixblr: folds 
ekidona: raises $0.07 to $0.12
Almanza63: folds 
Dorex2007: folds 
destroynl: folds 
laureano290: folds 
CiganoCaracas: calls $0.07
*** FLOP *** [9c 7d 9h]
CiganoCaracas: checks 
ekidona: checks 
*** TURN *** [9c 7d 9h] [Ah]
CiganoCaracas: checks 
ekidona: bets $0.12
CiganoCaracas: calls $0.12
*** RIVER *** [9c 7d 9h Ah] [Js]
CiganoCaracas: checks 
ekidona: checks 
*** SHOW DOWN ***
CiganoCaracas: shows [Th 7h] (two pair, Nines and Sevens)
ekidona: shows [As Qd] (two pair, Aces and Nines)
ekidona collected $0.48 from pot
*** SUMMARY ***
Total pot $0.50 | Rake $0.02 
Board [9c 7d 9h Ah Js]
Seat 1: Almanza63 folded before Flop (didn't bet)
Seat 2: Dorex2007 folded before Flop (didn't bet)
Seat 3: destroynl (button) folded before Flop (didn't bet)
Seat 5: laureano290 (small blind) folded before Flop
Seat 6: CiganoCaracas (big blind) showed [Th 7h] and lost with two pair, Nines and Sevens
Seat 8: enixblr folded before Flop (didn't bet)
Seat 9: ekidona showed [As Qd] and won ($0.48) with two pair, Aces and Nines



PokerStars Hand #238676461093:  Hold'em No Limit ($0.02/$0.05 USD) - 2022/09/16 20:07:32 PT [2022/09/16 23:07:32 ET]
Table 'Amata III' 9-max Seat #5 is the button
Seat 1: Almanza63 ($12.62 in chips) 
Seat 2: Dorex2007 ($5.39 in chips) 
Seat 3: destroynl ($21.30 in chips) 
Seat 5: laureano290 ($6.31 in chips) 
Seat 6: CiganoCaracas ($3.96 in chips) 
Seat 7: GrooshBadoosh ($5 in chips) 
Seat 8: enixblr ($5.23 in chips) 
Seat 9: ekidona ($11.18 in chips) 
CiganoCaracas: posts small blind $0.02
GrooshBadoosh: posts big blind $0.05
*** HOLE CARDS ***
Dealt to Dorex2007 [5h 2s]
enixblr: folds 
ekidona: folds 
Almanza63: folds 
Dorex2007: folds 
destroynl: folds 
laureano290: raises $0.05 to $0.10
CiganoCaracas: folds 
GrooshBadoosh: folds 
Uncalled bet ($0.05) returned to laureano290
laureano290 collected $0.12 from pot
laureano290: doesn't show hand 
*** SUMMARY ***
Total pot $0.12 | Rake $0 
Seat 1: Almanza63 folded before Flop (didn't bet)
Seat 2: Dorex2007 folded before Flop (didn't bet)
Seat 3: destroynl folded before Flop (didn't bet)
Seat 5: laureano290 (button) collected ($0.12)
Seat 6: CiganoCaracas (small blind) folded before Flop
Seat 7: GrooshBadoosh (big blind) folded before Flop
Seat 8: enixblr folded before Flop (didn't bet)
Seat 9: ekidona folded before Flop (didn't bet)



PokerStars Hand #238676464284:  Hold'em No Limit ($0.02/$0.05 USD) - 2022/09/16 20:07:51 PT [2022/09/16 23:07:51 ET]
Table 'Amata III' 9-max Seat #6 is the button
Seat 1: Almanza63 ($12.62 in chips) 
Seat 2: Dorex2007 ($5.39 in chips) 
Seat 3: destroynl ($21.30 in chips) 
Seat 5: laureano290 ($6.38 in chips) 
Seat 6: CiganoCaracas ($3.94 in chips) 
Seat 7: GrooshBadoosh ($4.95 in chips) 
Seat 8: enixblr ($5.23 in chips) 
Seat 9: ekidona ($11.18 in chips) 
GrooshBadoosh: posts small blind $0.02
enixblr: posts big blind $0.05
*** HOLE CARDS ***
Dealt to Dorex2007 [6s 6h]
ekidona: folds 
Almanza63: folds 
Dorex2007: calls $0.05
destroynl: folds 
laureano290: raises $0.15 to $0.20
CiganoCaracas: folds 
GrooshBadoosh: folds 
enixblr: folds 
Dorex2007: calls $0.15
*** FLOP *** [5d 6c 4s]
Dorex2007: checks 
laureano290: bets $0.20
Dorex2007: raises $0.37 to $0.57
laureano290: calls $0.37
*** TURN *** [5d 6c 4s] [Kd]
Dorex2007: bets $4.62 and is all-in
laureano290: folds 
Uncalled bet ($4.62) returned to Dorex2007
Dorex2007 collected $1.54 from pot
Dorex2007: doesn't show hand 
*** SUMMARY ***
Total pot $1.61 | Rake $0.07 
Board [5d 6c 4s Kd]
Seat 1: Almanza63 folded before Flop (didn't bet)
Seat 2: Dorex2007 collected ($1.54)
Seat 3: destroynl folded before Flop (didn't bet)
Seat 5: laureano290 folded on the Turn
Seat 6: CiganoCaracas (button) folded before Flop (didn't bet)
Seat 7: GrooshBadoosh (small blind) folded before Flop
Seat 8: enixblr (big blind) folded before Flop
Seat 9: ekidona folded before Flop (didn't bet)



PokerStars Hand #238676473604:  Hold'em No Limit ($0.02/$0.05 USD) - 2022/09/16 20:08:47 PT [2022/09/16 23:08:47 ET]
Table 'Amata III' 9-max Seat #7 is the button
Seat 1: Almanza63 ($12.62 in chips) 
Seat 2: Dorex2007 ($6.16 in chips) 
Seat 3: destroynl ($21.30 in chips) 
Seat 5: laureano290 ($5.61 in chips) 
Seat 6: CiganoCaracas ($3.94 in chips) 
Seat 7: GrooshBadoosh ($4.93 in chips) 
Seat 8: enixblr ($5.18 in chips) 
Seat 9: ekidona ($11.18 in chips) 
enixblr: posts small blind $0.02
ekidona: posts big blind $0.05
*** HOLE CARDS ***
Dealt to Dorex2007 [Js 6h]
Almanza63: folds 
Dorex2007: folds 
destroynl: folds 
laureano290: folds 
CiganoCaracas: folds 
GrooshBadoosh: folds 
enixblr: raises $0.05 to $0.10
ekidona: folds 
Uncalled bet ($0.05) returned to enixblr
enixblr collected $0.10 from pot
enixblr: doesn't show hand 
*** SUMMARY ***
Total pot $0.10 | Rake $0 
Seat 1: Almanza63 folded before Flop (didn't bet)
Seat 2: Dorex2007 folded before Flop (didn't bet)
Seat 3: destroynl folded before Flop (didn't bet)
Seat 5: laureano290 folded before Flop (didn't bet)
Seat 6: CiganoCaracas folded before Flop (didn't bet)
Seat 7: GrooshBadoosh (button) folded before Flop (didn't bet)
Seat 8: enixblr (small blind) collected ($0.10)
Seat 9: ekidona (big blind) folded before Flop



PokerStars Hand #238676480021:  Hold'em No Limit ($0.02/$0.05 USD) - 2022/09/16 20:09:26 PT [2022/09/16 23:09:26 ET]
Table 'Amata III' 9-max Seat #8 is the button
Seat 1: Almanza63 ($12.62 in chips) 
Seat 2: Dorex2007 ($6.16 in chips) 
Seat 3: destroynl ($21.30 in chips) 
Seat 5: laureano290 ($5.61 in chips) 
Seat 6: CiganoCaracas ($3.94 in chips) 
Seat 7: GrooshBadoosh ($4.93 in chips) 
Seat 8: enixblr ($5.23 in chips) 
Seat 9: ekidona ($11.13 in chips) 
ekidona: posts small blind $0.02
Almanza63: posts big blind $0.05
*** HOLE CARDS ***
Dealt to Dorex2007 [7h Js]
Dorex2007: folds 
destroynl: folds 
laureano290: folds 
CiganoCaracas: folds 
GrooshBadoosh: folds 
enixblr: folds 
ekidona: raises $0.06 to $0.11
Almanza63: raises $0.27 to $0.38
ekidona: calls $0.27
*** FLOP *** [2h 3s 3c]
ekidona: checks 
Almanza63: bets $0.41
ekidona: calls $0.41
*** TURN *** [2h 3s 3c] [Ah]
ekidona: checks 
Almanza63: bets $0.96
ekidona: folds 
Uncalled bet ($0.96) returned to Almanza63
Almanza63 collected $1.51 from pot
Almanza63: doesn't show hand 
*** SUMMARY ***
Total pot $1.58 | Rake $0.07 
Board [2h 3s 3c Ah]
Seat 1: Almanza63 (big blind) collected ($1.51)
Seat 2: Dorex2007 folded before Flop (didn't bet)
Seat 3: destroynl folded before Flop (didn't bet)
Seat 5: laureano290 folded before Flop (didn't bet)
Seat 6: CiganoCaracas folded before Flop (didn't bet)
Seat 7: GrooshBadoosh folded before Flop (didn't bet)
Seat 8: enixblr (button) folded before Flop (didn't bet)
Seat 9: ekidona (small blind) folded on the Turn



PokerStars Hand #238676496188:  Hold'em No Limit ($0.02/$0.05 USD) - 2022/09/16 20:11:04 PT [2022/09/16 23:11:04 ET]
Table 'Amata III' 9-max Seat #9 is the button
Seat 1: Almanza63 ($13.34 in chips) 
Seat 2: Dorex2007 ($6.16 in chips) 
Seat 3: destroynl ($21.30 in chips) 
Seat 5: laureano290 ($5.61 in chips) 
Seat 6: CiganoCaracas ($3.94 in chips) 
Seat 7: GrooshBadoosh ($4.93 in chips) 
Seat 8: enixblr ($5.23 in chips) 
Seat 9: ekidona ($10.34 in chips) 
Almanza63: posts small blind $0.02
Dorex2007: posts big blind $0.05
*** HOLE CARDS ***
Dealt to Dorex2007 [Kh Kd]
destroynl: folds 
destroynl leaves the table
laureano290: folds 
CiganoCaracas: folds 
GrooshBadoosh: folds 
enixblr: folds 
ekidona: raises $0.06 to $0.11
Almanza63: calls $0.09
Dorex2007: raises $0.33 to $0.44
ekidona: folds 
Almanza63: folds 
Uncalled bet ($0.33) returned to Dorex2007
Dorex2007 collected $0.33 from pot
Dorex2007: doesn't show hand 
*** SUMMARY ***
Total pot $0.33 | Rake $0 
Seat 1: Almanza63 (small blind) folded before Flop
Seat 2: Dorex2007 (big blind) collected ($0.33)
Seat 3: destroynl folded before Flop (didn't bet)
Seat 5: laureano290 folded before Flop (didn't bet)
Seat 6: CiganoCaracas folded before Flop (didn't bet)
Seat 7: GrooshBadoosh folded before Flop (didn't bet)
Seat 8: enixblr folded before Flop (didn't bet)
Seat 9: ekidona (button) folded before Flop



PokerStars Hand #238676503302:  Hold'em No Limit ($0.02/$0.05 USD) - 2022/09/16 20:11:47 PT [2022/09/16 23:11:47 ET]
Table 'Amata III' 9-max Seat #1 is the button
Seat 1: Almanza63 ($13.23 in chips) 
Seat 2: Dorex2007 ($6.38 in chips) 
Seat 6: CiganoCaracas ($3.94 in chips) 
Seat 7: GrooshBadoosh ($4.93 in chips) 
Seat 8: enixblr ($5.23 in chips) 
Seat 9: ekidona ($10.23 in chips) 
Dorex2007: posts small blind $0.02
laureano290: is sitting out 
CiganoCaracas: posts big blind $0.05
*** HOLE CARDS ***
Dealt to Dorex2007 [Jd Th]
laureano290 leaves the table
GrooshBadoosh: raises $0.05 to $0.10
enixblr: folds 
ekidona: calls $0.10
Almanza63: folds 
Dorex2007: folds 
CiganoCaracas: folds 
*** FLOP *** [4d Ts 8h]
GrooshBadoosh: checks 
ekidona: checks 
*** TURN *** [4d Ts 8h] [Td]
GrooshBadoosh: checks 
ekidona: checks 
*** RIVER *** [4d Ts 8h Td] [Qd]
GrooshBadoosh: bets $0.20
ekidona: folds 
Uncalled bet ($0.20) returned to GrooshBadoosh
GrooshBadoosh collected $0.26 from pot
GrooshBadoosh: doesn't show hand 
*** SUMMARY ***
Total pot $0.27 | Rake $0.01 
Board [4d Ts 8h Td Qd]
Seat 1: Almanza63 (button) folded before Flop (didn't bet)
Seat 2: Dorex2007 (small blind) folded before Flop
Seat 6: CiganoCaracas (big blind) folded before Flop
Seat 7: GrooshBadoosh collected ($0.26)
Seat 8: enixblr folded before Flop (didn't bet)
Seat 9: ekidona folded on the River



PokerStars Hand #238676516424:  Hold'em No Limit ($0.02/$0.05 USD) - 2022/09/16 20:13:07 PT [2022/09/16 23:13:07 ET]
Table 'Amata III' 9-max Seat #2 is the button
Seat 1: Almanza63 ($13.23 in chips) 
Seat 2: Dorex2007 ($6.36 in chips) 
Seat 6: CiganoCaracas ($3.89 in chips) 
Seat 7: GrooshBadoosh ($5.09 in chips) 
Seat 8: enixblr ($5.23 in chips) 
Seat 9: ekidona ($10.13 in chips) 
CiganoCaracas: posts small blind $0.02
GrooshBadoosh: posts big blind $0.05
*** HOLE CARDS ***
Dealt to Dorex2007 [Ac Th]
enixblr: raises $0.07 to $0.12
ekidona: folds 
Almanza63: folds 
Dorex2007: calls $0.12
CiganoCaracas: folds 
GrooshBadoosh: folds 
*** FLOP *** [Kh 2d 3d]
enixblr: bets $0.23
Dorex2007: folds 
Uncalled bet ($0.23) returned to enixblr
enixblr collected $0.30 from pot
enixblr: doesn't show hand 
*** SUMMARY ***
Total pot $0.31 | Rake $0.01 
Board [Kh 2d 3d]
Seat 1: Almanza63 folded before Flop (didn't bet)
Seat 2: Dorex2007 (button) folded on the Flop
Seat 6: CiganoCaracas (small blind) folded before Flop
Seat 7: GrooshBadoosh (big blind) folded before Flop
Seat 8: enixblr collected ($0.30)
Seat 9: ekidona folded before Flop (didn't bet)



PokerStars Hand #238676524441:  Hold'em No Limit ($0.02/$0.05 USD) - 2022/09/16 20:13:55 PT [2022/09/16 23:13:55 ET]
Table 'Amata III' 9-max Seat #6 is the button
Seat 1: Almanza63 ($13.23 in chips) 
Seat 2: Dorex2007 ($6.24 in chips) 
Seat 6: CiganoCaracas ($3.87 in chips) 
Seat 7: GrooshBadoosh ($5.04 in chips) 
Seat 8: enixblr ($5.41 in chips) 
Seat 9: ekidona ($10.13 in chips) 
GrooshBadoosh: posts small blind $0.02
enixblr: posts big blind $0.05
tomashovka55: sits out 
*** HOLE CARDS ***
Dealt to Dorex2007 [Ks 5c]
ekidona: folds 
Almanza63: raises $0.10 to $0.15
Dorex2007: folds 
richard4848 joins the table at seat #3 
CiganoCaracas: folds 
GrooshBadoosh: folds 
ekidona leaves the table
enixblr: folds 
Uncalled bet ($0.10) returned to Almanza63
Almanza63 collected $0.12 from pot
Almanza63: doesn't show hand 
*** SUMMARY ***
Total pot $0.12 | Rake $0 
Seat 1: Almanza63 collected ($0.12)
Seat 2: Dorex2007 folded before Flop (didn't bet)
Seat 6: CiganoCaracas (button) folded before Flop (didn't bet)
Seat 7: GrooshBadoosh (small blind) folded before Flop
Seat 8: enixblr (big blind) folded before Flop
Seat 9: ekidona folded before Flop (didn't bet)



PokerStars Hand #238676538251:  Hold'em No Limit ($0.02/$0.05 USD) - 2022/09/16 20:15:19 PT [2022/09/16 23:15:19 ET]
Table 'Amata III' 9-max Seat #7 is the button
Seat 1: Almanza63 ($13.30 in chips) 
Seat 2: Dorex2007 ($6.24 in chips) 
Seat 6: CiganoCaracas ($3.87 in chips) 
Seat 7: GrooshBadoosh ($5.02 in chips) 
Seat 8: enixblr ($5.36 in chips) 
enixblr: posts small blind $0.02
Almanza63: posts big blind $0.05
richard4848: sits out 
tomashovka55: sits out 
*** HOLE CARDS ***
Dealt to Dorex2007 [8s Kh]
Dorex2007: folds 
CiganoCaracas: folds 
GrooshBadoosh: folds 
enixblr: folds 
Uncalled bet ($0.03) returned to Almanza63
Almanza63 collected $0.04 from pot
Almanza63: doesn't show hand 
*** SUMMARY ***
Total pot $0.04 | Rake $0 
Seat 1: Almanza63 (big blind) collected ($0.04)
Seat 2: Dorex2007 folded before Flop (didn't bet)
Seat 6: CiganoCaracas folded before Flop (didn't bet)
Seat 7: GrooshBadoosh (button) folded before Flop (didn't bet)
Seat 8: enixblr (small blind) folded before Flop



PokerStars Hand #238676541756:  Hold'em No Limit ($0.02/$0.05 USD) - 2022/09/16 20:15:41 PT [2022/09/16 23:15:41 ET]
Table 'Amata III' 9-max Seat #8 is the button
Seat 1: Almanza63 ($13.32 in chips) 
Seat 2: Dorex2007 ($6.24 in chips) 
Seat 6: CiganoCaracas ($3.87 in chips) 
Seat 7: GrooshBadoosh ($5.02 in chips) 
Seat 8: enixblr ($5.34 in chips) 
Almanza63: posts small blind $0.02
Dorex2007: posts big blind $0.05
richard4848: sits out 
tomashovka55: sits out 
*** HOLE CARDS ***
Dealt to Dorex2007 [Kc Ts]
CiganoCaracas: calls $0.05
GrooshBadoosh: raises $0.05 to $0.10
vasko55555 joins the table at seat #9 
enixblr: folds 
ANtiPOP_077 joins the table at seat #5 
Almanza63: folds 
Dorex2007: calls $0.05
CiganoCaracas: calls $0.05
*** FLOP *** [Ah 9c 7s]
Dorex2007: checks 
CiganoCaracas: checks 
GrooshBadoosh: checks 
*** TURN *** [Ah 9c 7s] [6s]
Dorex2007: checks 
CiganoCaracas: checks 
GrooshBadoosh: checks 
*** RIVER *** [Ah 9c 7s 6s] [3s]
Dorex2007: checks 
CiganoCaracas: checks 
GrooshBadoosh: checks 
*** SHOW DOWN ***
Dorex2007: shows [Kc Ts] (high card Ace)
CiganoCaracas: mucks hand 
GrooshBadoosh: shows [5d 5s] (a pair of Fives)
GrooshBadoosh collected $0.31 from pot
*** SUMMARY ***
Total pot $0.32 | Rake $0.01 
Board [Ah 9c 7s 6s 3s]
Seat 1: Almanza63 (small blind) folded before Flop
Seat 2: Dorex2007 (big blind) showed [Kc Ts] and lost with high card Ace
Seat 6: CiganoCaracas mucked [Qd 8d]
Seat 7: GrooshBadoosh showed [5d 5s] and won ($0.31) with a pair of Fives
Seat 8: enixblr (button) folded before Flop (didn't bet)



PokerStars Hand #238676551750:  Hold'em No Limit ($0.02/$0.05 USD) - 2022/09/16 20:16:42 PT [2022/09/16 23:16:42 ET]
Table 'Amata III' 9-max Seat #1 is the button
Seat 1: Almanza63 ($13.30 in chips) 
Seat 2: Dorex2007 ($6.14 in chips) 
Seat 3: richard4848 ($5 in chips) 
Seat 6: CiganoCaracas ($3.77 in chips) 
Seat 7: GrooshBadoosh ($5.23 in chips) 
Seat 8: enixblr ($5.34 in chips) 
Seat 9: vasko55555 ($2 in chips) 
Dorex2007: posts small blind $0.02
richard4848: posts big blind $0.05
tomashovka55: sits out 
ANtiPOP_077: sits out 
vasko55555: posts big blind $0.05
*** HOLE CARDS ***
Dealt to Dorex2007 [2s 8h]
CiganoCaracas: folds 
GrooshBadoosh: folds 
enixblr: folds 
vasko55555: checks 
Almanza63: folds 
Dorex2007: folds 
richard4848: checks 
*** FLOP *** [4h 3d 7s]
richard4848: checks 
vasko55555: checks 
*** TURN *** [4h 3d 7s] [5h]
richard4848: checks 
vasko55555: checks 
*** RIVER *** [4h 3d 7s 5h] [6s]
richard4848: checks 
vasko55555: checks 
*** SHOW DOWN ***
richard4848: shows [4d 5d] (a straight, Three to Seven)
vasko55555: shows [2h 9s] (a straight, Three to Seven)
richard4848 collected $0.06 from pot
vasko55555 collected $0.06 from pot
*** SUMMARY ***
Total pot $0.12 | Rake $0 
Board [4h 3d 7s 5h 6s]
Seat 1: Almanza63 (button) folded before Flop (didn't bet)
Seat 2: Dorex2007 (small blind) folded before Flop
Seat 3: richard4848 (big blind) showed [4d 5d] and won ($0.06) with a straight, Three to Seven
Seat 6: CiganoCaracas folded before Flop (didn't bet)
Seat 7: GrooshBadoosh folded before Flop (didn't bet)
Seat 8: enixblr folded before Flop (didn't bet)
Seat 9: vasko55555 showed [2h 9s] and won ($0.06) with a straight, Three to Seven



PokerStars Hand #238676558325:  Hold'em No Limit ($0.02/$0.05 USD) - 2022/09/16 20:17:21 PT [2022/09/16 23:17:21 ET]
Table 'Amata III' 9-max Seat #2 is the button
Seat 1: Almanza63 ($13.30 in chips) 
Seat 2: Dorex2007 ($6.12 in chips) 
Seat 3: richard4848 ($5.01 in chips) 
Seat 4: tomashovka55 ($5.09 in chips) 
Seat 6: CiganoCaracas ($3.77 in chips) 
Seat 7: GrooshBadoosh ($5.23 in chips) 
Seat 8: enixblr ($5.34 in chips) 
Seat 9: vasko55555 ($2.01 in chips) 
richard4848: posts small blind $0.02
tomashovka55: posts big blind $0.05
ANtiPOP_077: sits out 
*** HOLE CARDS ***
Dealt to Dorex2007 [4h 8h]
CiganoCaracas: raises $0.15 to $0.20
GrooshBadoosh: folds 
enixblr: folds 
vasko55555: folds 
Almanza63: folds 
Dorex2007: folds 
richard4848: folds 
tomashovka55: folds 
Uncalled bet ($0.15) returned to CiganoCaracas
CiganoCaracas collected $0.12 from pot
CiganoCaracas: doesn't show hand 
*** SUMMARY ***
Total pot $0.12 | Rake $0 
Seat 1: Almanza63 folded before Flop (didn't bet)
Seat 2: Dorex2007 (button) folded before Flop (didn't bet)
Seat 3: richard4848 (small blind) folded before Flop
Seat 4: tomashovka55 (big blind) folded before Flop
Seat 6: CiganoCaracas collected ($0.12)
Seat 7: GrooshBadoosh folded before Flop (didn't bet)
Seat 8: enixblr folded before Flop (didn't bet)
Seat 9: vasko55555 folded before Flop (didn't bet)



PokerStars Hand #238676562518:  Hold'em No Limit ($0.02/$0.05 USD) - 2022/09/16 20:17:47 PT [2022/09/16 23:17:47 ET]
Table 'Amata III' 9-max Seat #3 is the button
Seat 1: Almanza63 ($13.30 in chips) 
Seat 2: Dorex2007 ($6.12 in chips) 
Seat 3: richard4848 ($4.99 in chips) 
Seat 4: tomashovka55 ($5.04 in chips) 
Seat 5: ANtiPOP_077 ($4 in chips) 
Seat 6: CiganoCaracas ($3.84 in chips) 
Seat 7: GrooshBadoosh ($5.23 in chips) 
Seat 8: enixblr ($5.34 in chips) 
Seat 9: vasko55555 ($2.01 in chips) 
tomashovka55: posts small blind $0.02
ANtiPOP_077: posts big blind $0.05
*** HOLE CARDS ***
Dealt to Dorex2007 [Td 5h]
CiganoCaracas: folds 
GrooshBadoosh: raises $0.05 to $0.10
enixblr: calls $0.10
vasko55555: raises $0.37 to $0.47
Almanza63: folds 
Dorex2007: folds 
richard4848: calls $0.47
tomashovka55: folds 
ANtiPOP_077: folds 
GrooshBadoosh: calls $0.37
enixblr: calls $0.37
*** FLOP *** [Kd Tc 9s]
GrooshBadoosh: checks 
enixblr: checks 
vasko55555: bets $1.54 and is all-in
richard4848: folds 
GrooshBadoosh: folds 
enixblr: folds 
Uncalled bet ($1.54) returned to vasko55555
vasko55555 collected $1.87 from pot
vasko55555: doesn't show hand 
*** SUMMARY ***
Total pot $1.95 | Rake $0.08 
Board [Kd Tc 9s]
Seat 1: Almanza63 folded before Flop (didn't bet)
Seat 2: Dorex2007 folded before Flop (didn't bet)
Seat 3: richard4848 (button) folded on the Flop
Seat 4: tomashovka55 (small blind) folded before Flop
Seat 5: ANtiPOP_077 (big blind) folded before Flop
Seat 6: CiganoCaracas folded before Flop (didn't bet)
Seat 7: GrooshBadoosh folded on the Flop
Seat 8: enixblr folded on the Flop
Seat 9: vasko55555 collected ($1.87)



PokerStars Hand #238676576301:  Hold'em No Limit ($0.02/$0.05 USD) - 2022/09/16 20:19:11 PT [2022/09/16 23:19:11 ET]
Table 'Amata III' 9-max Seat #4 is the button
Seat 1: Almanza63 ($13.30 in chips) 
Seat 2: Dorex2007 ($6.12 in chips) 
Seat 3: richard4848 ($5 in chips) 
Seat 4: tomashovka55 ($5.02 in chips) 
Seat 5: ANtiPOP_077 ($3.95 in chips) 
Seat 6: CiganoCaracas ($3.84 in chips) 
Seat 8: enixblr ($5 in chips) 
Seat 9: vasko55555 ($3.41 in chips) 
ANtiPOP_077: posts small blind $0.02
CiganoCaracas: posts big blind $0.05
*** HOLE CARDS ***
Dealt to Dorex2007 [Qd Jd]
enixblr: folds 
vasko55555: calls $0.05
Almanza63: folds 
Dorex2007: calls $0.05
richard4848: folds 
tomashovka55: calls $0.05
ANtiPOP_077: raises $0.20 to $0.25
CiganoCaracas: folds 
vasko55555: calls $0.20
GrooshBadoosh leaves the table
Dorex2007: folds 
tomashovka55: calls $0.20
*** FLOP *** [5d 3s Ad]
ANtiPOP_077: bets $0.50
vasko55555: calls $0.50
tomashovka55: calls $0.50
*** TURN *** [5d 3s Ad] [9s]
ANtiPOP_077: bets $2.50
vasko55555: folds 
tomashovka55: folds 
Uncalled bet ($2.50) returned to ANtiPOP_077
ANtiPOP_077 collected $2.25 from pot
ANtiPOP_077: doesn't show hand 
*** SUMMARY ***
Total pot $2.35 | Rake $0.10 
Board [5d 3s Ad 9s]
Seat 1: Almanza63 folded before Flop (didn't bet)
Seat 2: Dorex2007 folded before Flop
Seat 3: richard4848 folded before Flop (didn't bet)
Seat 4: tomashovka55 (button) folded on the Turn
Seat 5: ANtiPOP_077 (small blind) collected ($2.25)
Seat 6: CiganoCaracas (big blind) folded before Flop
Seat 8: enixblr folded before Flop (didn't bet)
Seat 9: vasko55555 folded on the Turn



PokerStars Hand #238676589860:  Hold'em No Limit ($0.02/$0.05 USD) - 2022/09/16 20:20:33 PT [2022/09/16 23:20:33 ET]
Table 'Amata III' 9-max Seat #5 is the button
Seat 1: Almanza63 ($13.30 in chips) 
Seat 2: Dorex2007 ($6.07 in chips) 
Seat 3: richard4848 ($5 in chips) 
Seat 4: tomashovka55 ($5 in chips) 
Seat 5: ANtiPOP_077 ($5.45 in chips) 
Seat 6: CiganoCaracas ($3.79 in chips) 
Seat 8: enixblr ($5 in chips) 
Seat 9: vasko55555 ($2.66 in chips) 
CiganoCaracas: posts small blind $0.02
enixblr: posts big blind $0.05
*** HOLE CARDS ***
Dealt to Dorex2007 [Js 4h]
vasko55555: folds 
Almanza63: folds 
Dorex2007: folds 
richard4848: raises $0.15 to $0.20
tomashovka55: folds 
ANtiPOP_077: folds 
CiganoCaracas: calls $0.18
enixblr: folds 
*** FLOP *** [Ac 3c 5c]
CiganoCaracas: checks 
richard4848: checks 
*** TURN *** [Ac 3c 5c] [7s]
CiganoCaracas: bets $0.05
richard4848: raises $0.25 to $0.30
CiganoCaracas: folds 
Uncalled bet ($0.25) returned to richard4848
richard4848 collected $0.53 from pot
richard4848: doesn't show hand 
*** SUMMARY ***
Total pot $0.55 | Rake $0.02 
Board [Ac 3c 5c 7s]
Seat 1: Almanza63 folded before Flop (didn't bet)
Seat 2: Dorex2007 folded before Flop (didn't bet)
Seat 3: richard4848 collected ($0.53)
Seat 4: tomashovka55 folded before Flop (didn't bet)
Seat 5: ANtiPOP_077 (button) folded before Flop (didn't bet)
Seat 6: CiganoCaracas (small blind) folded on the Turn
Seat 8: enixblr (big blind) folded before Flop
Seat 9: vasko55555 folded before Flop (didn't bet)



PokerStars Hand #238676597635:  Hold'em No Limit ($0.02/$0.05 USD) - 2022/09/16 20:21:21 PT [2022/09/16 23:21:21 ET]
Table 'Amata III' 9-max Seat #6 is the button
Seat 1: Almanza63 ($13.30 in chips) 
Seat 2: Dorex2007 ($6.07 in chips) 
Seat 3: richard4848 ($5.28 in chips) 
Seat 4: tomashovka55 ($5 in chips) 
Seat 5: ANtiPOP_077 ($5.45 in chips) 
Seat 6: CiganoCaracas ($3.54 in chips) 
Seat 8: enixblr ($5 in chips) 
Seat 9: vasko55555 ($2.66 in chips) 
enixblr: posts small blind $0.02
vasko55555: posts big blind $0.05
*** HOLE CARDS ***
Dealt to Dorex2007 [As Qd]
Almanza63: folds 
Dorex2007: raises $0.10 to $0.15
richard4848: folds 
tomashovka55: folds 
ANtiPOP_077: calls $0.15
CiganoCaracas: folds 
enixblr: folds 
vasko55555: calls $0.10
*** FLOP *** [7s 4h Kd]
vasko55555: checks 
Dorex2007: checks 
ANtiPOP_077: checks 
*** TURN *** [7s 4h Kd] [7h]
vasko55555: checks 
Dorex2007: checks 
ANtiPOP_077: checks 
*** RIVER *** [7s 4h Kd 7h] [Kc]
vasko55555: checks 
Dorex2007: checks 
ANtiPOP_077: checks 
*** SHOW DOWN ***
vasko55555: shows [Th 6h] (two pair, Kings and Sevens)
Dorex2007: shows [As Qd] (two pair, Kings and Sevens - Ace kicker)
ANtiPOP_077: mucks hand 
Dorex2007 collected $0.45 from pot
*** SUMMARY ***
Total pot $0.47 | Rake $0.02 
Board [7s 4h Kd 7h Kc]
Seat 1: Almanza63 folded before Flop (didn't bet)
Seat 2: Dorex2007 showed [As Qd] and won ($0.45) with two pair, Kings and Sevens
Seat 3: richard4848 folded before Flop (didn't bet)
Seat 4: tomashovka55 folded before Flop (didn't bet)
Seat 5: ANtiPOP_077 mucked [3d 5d]
Seat 6: CiganoCaracas (button) folded before Flop (didn't bet)
Seat 8: enixblr (small blind) folded before Flop
Seat 9: vasko55555 (big blind) showed [Th 6h] and lost with two pair, Kings and Sevens



