PokerStars Hand #237797831534:  Hold'em No Limit ($0.02/$0.05 USD) - 2022/08/04 22:52:42 PT [2022/08/05 1:52:42 ET]
Table 'Hecuba II' 9-max Seat #2 is the button
Seat 1: Dorex2007 ($5 in chips) 
Seat 2: BlackCat0812 ($2.99 in chips) 
Seat 3: feng4126 ($9.16 in chips) 
Seat 5: Martynbax ($3.23 in chips) 
Seat 6: jackomo6989 ($3.54 in chips) 
Seat 8: alexahk ($5.06 in chips) 
Seat 9: shakhtior ($5 in chips) 
feng4126: posts small blind $0.02
Martynbax: posts big blind $0.05
Dorex2007: posts big blind $0.05
*** HOLE CARDS ***
Dealt to Dorex2007 [Ac 4h]
jackomo6989: calls $0.05
alexahk: folds 
shakhtior: folds 
Dorex2007: checks 
BlackCat0812: folds 
feng4126: calls $0.03
Martynbax: checks 
*** FLOP *** [4d 7d 3c]
feng4126: checks 
Martynbax: checks 
jackomo6989: checks 
Dorex2007: checks 
*** TURN *** [4d 7d 3c] [5d]
feng4126: bets $0.19
Martynbax: calls $0.19
jackomo6989: calls $0.19
Dorex2007: folds 
*** RIVER *** [4d 7d 3c 5d] [2c]
feng4126: bets $0.37
Martynbax: folds 
jackomo6989: folds 
Uncalled bet ($0.37) returned to feng4126
feng4126 collected $0.74 from pot
feng4126: doesn't show hand 
*** SUMMARY ***
Total pot $0.77 | Rake $0.03 
Board [4d 7d 3c 5d 2c]
Seat 1: Dorex2007 folded on the Turn (didn't bet)
Seat 2: BlackCat0812 (button) folded before Flop (didn't bet)
Seat 3: feng4126 (small blind) collected ($0.74)
Seat 5: Martynbax (big blind) folded on the River
Seat 6: jackomo6989 folded on the River
Seat 8: alexahk folded before Flop (didn't bet)
Seat 9: shakhtior folded before Flop (didn't bet)



PokerStars Hand #237797836426:  Hold'em No Limit ($0.02/$0.05 USD) - 2022/08/04 22:53:26 PT [2022/08/05 1:53:26 ET]
Table 'Hecuba II' 9-max Seat #3 is the button
Seat 1: Dorex2007 ($5 in chips) 
Seat 2: BlackCat0812 ($2.99 in chips) 
Seat 3: feng4126 ($9.66 in chips) 
Seat 5: Martynbax ($2.99 in chips) 
Seat 6: jackomo6989 ($3.30 in chips) 
Seat 8: alexahk ($5.06 in chips) 
Seat 9: shakhtior ($5 in chips) 
Martynbax: posts small blind $0.02
jackomo6989: posts big blind $0.05
*** HOLE CARDS ***
Dealt to Dorex2007 [4c Th]
alexahk: folds 
shakhtior: folds 
Dorex2007: folds 
BlackCat0812: folds 
feng4126: raises $0.10 to $0.15
Martynbax: calls $0.13
jackomo6989: folds 
*** FLOP *** [Ad 2d Kd]
Martynbax: checks 
feng4126: bets $0.25
Martynbax: folds 
Uncalled bet ($0.25) returned to feng4126
feng4126 collected $0.34 from pot
feng4126: doesn't show hand 
*** SUMMARY ***
Total pot $0.35 | Rake $0.01 
Board [Ad 2d Kd]
Seat 1: Dorex2007 folded before Flop (didn't bet)
Seat 2: BlackCat0812 folded before Flop (didn't bet)
Seat 3: feng4126 (button) collected ($0.34)
Seat 5: Martynbax (small blind) folded on the Flop
Seat 6: jackomo6989 (big blind) folded before Flop
Seat 8: alexahk folded before Flop (didn't bet)
Seat 9: shakhtior folded before Flop (didn't bet)



PokerStars Hand #237797838498:  Hold'em No Limit ($0.02/$0.05 USD) - 2022/08/04 22:53:44 PT [2022/08/05 1:53:44 ET]
Table 'Hecuba II' 9-max Seat #5 is the button
Seat 1: Dorex2007 ($5 in chips) 
Seat 2: BlackCat0812 ($2.99 in chips) 
Seat 3: feng4126 ($9.85 in chips) 
Seat 5: Martynbax ($2.84 in chips) 
Seat 6: jackomo6989 ($3.25 in chips) 
Seat 8: alexahk ($5.06 in chips) 
Seat 9: shakhtior ($5 in chips) 
jackomo6989: posts small blind $0.02
alexahk: posts big blind $0.05
*** HOLE CARDS ***
Dealt to Dorex2007 [Qs 2d]
shakhtior: folds 
baigan9285 joins the table at seat #7 
Dorex2007: folds 
BlackCat0812: calls $0.05
feng4126: folds 
Martynbax: calls $0.05
jackomo6989: calls $0.03
alexahk: checks 
*** FLOP *** [5c Qh 7s]
jackomo6989: checks 
alexahk: checks 
BlackCat0812: bets $0.15
Martynbax: calls $0.15
jackomo6989: folds 
alexahk: folds 
*** TURN *** [5c Qh 7s] [4h]
BlackCat0812: bets $0.15
Martynbax: calls $0.15
*** RIVER *** [5c Qh 7s 4h] [Ks]
BlackCat0812: bets $0.10
Martynbax: raises $2.39 to $2.49 and is all-in
BlackCat0812: folds 
Uncalled bet ($2.39) returned to Martynbax
Martynbax collected $0.95 from pot
*** SUMMARY ***
Total pot $1 | Rake $0.05 
Board [5c Qh 7s 4h Ks]
Seat 1: Dorex2007 folded before Flop (didn't bet)
Seat 2: BlackCat0812 folded on the River
Seat 3: feng4126 folded before Flop (didn't bet)
Seat 5: Martynbax (button) collected ($0.95)
Seat 6: jackomo6989 (small blind) folded on the Flop
Seat 8: alexahk (big blind) folded on the Flop
Seat 9: shakhtior folded before Flop (didn't bet)



PokerStars Hand #237797845898:  Hold'em No Limit ($0.02/$0.05 USD) - 2022/08/04 22:54:51 PT [2022/08/05 1:54:51 ET]
Table 'Hecuba II' 9-max Seat #6 is the button
Seat 1: Dorex2007 ($5 in chips) 
Seat 2: BlackCat0812 ($2.54 in chips) 
Seat 3: feng4126 ($9.85 in chips) 
Seat 5: Martynbax ($3.34 in chips) 
Seat 6: jackomo6989 ($3.20 in chips) 
Seat 8: alexahk ($5.01 in chips) 
Seat 9: shakhtior ($5 in chips) 
alexahk: posts small blind $0.02
shakhtior: posts big blind $0.05
*** HOLE CARDS ***
Dealt to Dorex2007 [4s Ad]
Dorex2007: folds 
BlackCat0812: calls $0.05
feng4126: folds 
Martynbax: folds 
jackomo6989: calls $0.05
alexahk: calls $0.03
shakhtior: checks 
*** FLOP *** [Jd As Js]
alexahk: bets $0.13
shakhtior: folds 
BlackCat0812: folds 
jackomo6989: calls $0.13
*** TURN *** [Jd As Js] [Qs]
alexahk: checks 
jackomo6989: checks 
*** RIVER *** [Jd As Js Qs] [9h]
alexahk: bets $0.12
jackomo6989: calls $0.12
*** SHOW DOWN ***
alexahk: shows [6c Ac] (two pair, Aces and Jacks)
jackomo6989: shows [8c Jc] (three of a kind, Jacks)
jackomo6989 collected $0.66 from pot
*** SUMMARY ***
Total pot $0.70 | Rake $0.04 
Board [Jd As Js Qs 9h]
Seat 1: Dorex2007 folded before Flop (didn't bet)
Seat 2: BlackCat0812 folded on the Flop
Seat 3: feng4126 folded before Flop (didn't bet)
Seat 5: Martynbax folded before Flop (didn't bet)
Seat 6: jackomo6989 (button) showed [8c Jc] and won ($0.66) with three of a kind, Jacks
Seat 8: alexahk (small blind) showed [6c Ac] and lost with two pair, Aces and Jacks
Seat 9: shakhtior (big blind) folded on the Flop



PokerStars Hand #237797850278:  Hold'em No Limit ($0.02/$0.05 USD) - 2022/08/04 22:55:35 PT [2022/08/05 1:55:35 ET]
Table 'Hecuba II' 9-max Seat #8 is the button
Seat 1: Dorex2007 ($5 in chips) 
Seat 2: BlackCat0812 ($2.49 in chips) 
Seat 3: feng4126 ($9.85 in chips) 
Seat 5: Martynbax ($3.34 in chips) 
Seat 6: jackomo6989 ($3.56 in chips) 
Seat 7: baigan9285 ($5 in chips) 
Seat 8: alexahk ($5 in chips) 
Seat 9: shakhtior ($5 in chips) 
shakhtior: posts small blind $0.02
Dorex2007: posts big blind $0.05
baigan9285: posts big blind $0.05
*** HOLE CARDS ***
Dealt to Dorex2007 [3c Kd]
BlackCat0812: folds 
feng4126: folds 
feng4126 leaves the table
Martynbax: raises $0.05 to $0.10
jackomo6989: calls $0.10
baigan9285: folds 
alexahk: calls $0.10
shakhtior: folds 
Dorex2007: folds 
*** FLOP *** [2h Qh Jh]
Martynbax: bets $0.05
jackomo6989: calls $0.05
alexahk: raises $0.37 to $0.42
Martynbax: calls $0.37
jackomo6989: folds 
*** TURN *** [2h Qh Jh] [Th]
Martynbax: checks 
alexahk: checks 
*** RIVER *** [2h Qh Jh Th] [Qc]
Martynbax: bets $0.15
alexahk: calls $0.15
*** SHOW DOWN ***
Martynbax: shows [5d Ah] (a flush, Ace high)
alexahk: mucks hand 
Martynbax collected $1.52 from pot
*** SUMMARY ***
Total pot $1.61 | Rake $0.09 
Board [2h Qh Jh Th Qc]
Seat 1: Dorex2007 (big blind) folded before Flop
Seat 2: BlackCat0812 folded before Flop (didn't bet)
Seat 3: feng4126 folded before Flop (didn't bet)
Seat 5: Martynbax showed [5d Ah] and won ($1.52) with a flush, Ace high
Seat 6: jackomo6989 folded on the Flop
Seat 7: baigan9285 folded before Flop (didn't bet)
Seat 8: alexahk (button) mucked [Qs 9s]
Seat 9: shakhtior (small blind) folded before Flop



PokerStars Hand #237797854457:  Hold'em No Limit ($0.02/$0.05 USD) - 2022/08/04 22:56:19 PT [2022/08/05 1:56:19 ET]
Table 'Hecuba II' 9-max Seat #9 is the button
Seat 1: Dorex2007 ($5 in chips) 
Seat 2: BlackCat0812 ($2.49 in chips) 
Seat 5: Martynbax ($4.19 in chips) 
Seat 6: jackomo6989 ($3.41 in chips) 
Seat 7: baigan9285 ($4.95 in chips) 
Seat 8: alexahk ($5 in chips) 
Seat 9: shakhtior ($5 in chips) 
Dorex2007: posts small blind $0.02
BlackCat0812: posts big blind $0.05
*** HOLE CARDS ***
Dealt to Dorex2007 [Qc Qd]
Martynbax: raises $0.30 to $0.35
jackomo6989: folds 
baigan9285: folds 
Lao Tsy joins the table at seat #3 
alexahk: calls $0.35
shakhtior: folds 
Dorex2007: calls $0.33
BlackCat0812: folds 
*** FLOP *** [9s Jc Qh]
Dorex2007: checks 
Martynbax: bets $0.05
alexahk: calls $0.05
Dorex2007: raises $4.60 to $4.65 and is all-in
Martynbax: folds 
alexahk: folds 
Uncalled bet ($4.60) returned to Dorex2007
Dorex2007 collected $1.20 from pot
Dorex2007: doesn't show hand 
*** SUMMARY ***
Total pot $1.25 | Rake $0.05 
Board [9s Jc Qh]
Seat 1: Dorex2007 (small blind) collected ($1.20)
Seat 2: BlackCat0812 (big blind) folded before Flop
Seat 5: Martynbax folded on the Flop
Seat 6: jackomo6989 folded before Flop (didn't bet)
Seat 7: baigan9285 folded before Flop (didn't bet)
Seat 8: alexahk folded on the Flop
Seat 9: shakhtior (button) folded before Flop (didn't bet)



PokerStars Hand #237797859475:  Hold'em No Limit ($0.02/$0.05 USD) - 2022/08/04 22:57:11 PT [2022/08/05 1:57:11 ET]
Table 'Hecuba II' 9-max Seat #1 is the button
Seat 1: Dorex2007 ($5.80 in chips) 
Seat 2: BlackCat0812 ($2.44 in chips) 
Seat 3: Lao Tsy ($5 in chips) 
Seat 5: Martynbax ($3.79 in chips) 
Seat 6: jackomo6989 ($3.41 in chips) 
Seat 7: baigan9285 ($4.95 in chips) 
Seat 8: alexahk ($5 in chips) 
Seat 9: shakhtior ($5 in chips) 
BlackCat0812: posts small blind $0.02
Lao Tsy: posts big blind $0.05
*** HOLE CARDS ***
Dealt to Dorex2007 [Th Ad]
Martynbax: folds 
jackomo6989: folds 
baigan9285: folds 
alexahk: folds 
shakhtior: folds 
Dorex2007: raises $0.05 to $0.10
BlackCat0812: folds 
Lao Tsy has timed out
Lao Tsy: folds 
Uncalled bet ($0.05) returned to Dorex2007
Dorex2007 collected $0.12 from pot
Dorex2007: doesn't show hand 
*** SUMMARY ***
Total pot $0.12 | Rake $0 
Seat 1: Dorex2007 (button) collected ($0.12)
Seat 2: BlackCat0812 (small blind) folded before Flop
Seat 3: Lao Tsy (big blind) folded before Flop
Seat 5: Martynbax folded before Flop (didn't bet)
Seat 6: jackomo6989 folded before Flop (didn't bet)
Seat 7: baigan9285 folded before Flop (didn't bet)
Seat 8: alexahk folded before Flop (didn't bet)
Seat 9: shakhtior folded before Flop (didn't bet)



PokerStars Hand #237797864151:  Hold'em No Limit ($0.02/$0.05 USD) - 2022/08/04 22:57:59 PT [2022/08/05 1:57:59 ET]
Table 'Hecuba II' 9-max Seat #2 is the button
Seat 1: Dorex2007 ($5.87 in chips) 
Seat 2: BlackCat0812 ($2.42 in chips) 
Seat 5: Martynbax ($3.79 in chips) 
Seat 6: jackomo6989 ($3.41 in chips) 
Seat 7: baigan9285 ($4.95 in chips) 
Seat 8: alexahk ($5 in chips) 
Seat 9: shakhtior ($5 in chips) 
Martynbax: posts small blind $0.02
jackomo6989: posts big blind $0.05
*** HOLE CARDS ***
Dealt to Dorex2007 [Js 7h]
baigan9285: folds 
alexahk: folds 
shakhtior: folds 
Dorex2007: folds 
BlackCat0812: folds 
Martynbax: calls $0.03
jackomo6989: checks 
*** FLOP *** [Ah 7d 6d]
Martynbax: checks 
jackomo6989: checks 
*** TURN *** [Ah 7d 6d] [Td]
Martynbax: checks 
jackomo6989: checks 
*** RIVER *** [Ah 7d 6d Td] [Ks]
Martynbax: checks 
jackomo6989: checks 
*** SHOW DOWN ***
Martynbax: shows [9h Qh] (high card Ace)
jackomo6989: mucks hand 
Martynbax collected $0.10 from pot
*** SUMMARY ***
Total pot $0.10 | Rake $0 
Board [Ah 7d 6d Td Ks]
Seat 1: Dorex2007 folded before Flop (didn't bet)
Seat 2: BlackCat0812 (button) folded before Flop (didn't bet)
Seat 5: Martynbax (small blind) showed [9h Qh] and won ($0.10) with high card Ace
Seat 6: jackomo6989 (big blind) mucked [4d Jh]
Seat 7: baigan9285 folded before Flop (didn't bet)
Seat 8: alexahk folded before Flop (didn't bet)
Seat 9: shakhtior folded before Flop (didn't bet)



PokerStars Hand #237797867107:  Hold'em No Limit ($0.02/$0.05 USD) - 2022/08/04 22:58:30 PT [2022/08/05 1:58:30 ET]
Table 'Hecuba II' 9-max Seat #5 is the button
Seat 1: Dorex2007 ($5.87 in chips) 
Seat 2: BlackCat0812 ($2.42 in chips) 
Seat 5: Martynbax ($3.84 in chips) 
Seat 6: jackomo6989 ($3.36 in chips) 
Seat 7: baigan9285 ($4.95 in chips) 
Seat 8: alexahk ($5 in chips) 
Seat 9: shakhtior ($5 in chips) 
jackomo6989: posts small blind $0.02
baigan9285: posts big blind $0.05
*** HOLE CARDS ***
Dealt to Dorex2007 [Ad 8d]
alexahk: folds 
shakhtior: folds 
Echizen93 leaves the table
Dorex2007: calls $0.05
BlackCat0812: calls $0.05
Martynbax: calls $0.05
jackomo6989: calls $0.03
baigan9285: raises $4.90 to $4.95 and is all-in
Dorex2007: folds 
BlackCat0812: folds 
Martynbax: folds 
jackomo6989: folds 
Uncalled bet ($4.90) returned to baigan9285
baigan9285 collected $0.25 from pot
*** SUMMARY ***
Total pot $0.25 | Rake $0 
Seat 1: Dorex2007 folded before Flop
Seat 2: BlackCat0812 folded before Flop
Seat 5: Martynbax (button) folded before Flop
Seat 6: jackomo6989 (small blind) folded before Flop
Seat 7: baigan9285 (big blind) collected ($0.25)
Seat 8: alexahk folded before Flop (didn't bet)
Seat 9: shakhtior folded before Flop (didn't bet)



PokerStars Hand #237797872009:  Hold'em No Limit ($0.02/$0.05 USD) - 2022/08/04 22:59:19 PT [2022/08/05 1:59:19 ET]
Table 'Hecuba II' 9-max Seat #6 is the button
Seat 1: Dorex2007 ($5.82 in chips) 
Seat 2: BlackCat0812 ($2.37 in chips) 
Seat 5: Martynbax ($3.79 in chips) 
Seat 6: jackomo6989 ($3.31 in chips) 
Seat 7: baigan9285 ($5.15 in chips) 
Seat 8: alexahk ($5 in chips) 
Seat 9: shakhtior ($5 in chips) 
baigan9285: posts small blind $0.02
alexahk: posts big blind $0.05
*** HOLE CARDS ***
Dealt to Dorex2007 [7d Kh]
shakhtior: folds 
Dorex2007: folds 
BlackCat0812: calls $0.05
Martynbax: calls $0.05
jackomo6989: calls $0.05
baigan9285: calls $0.03
alexahk: checks 
*** FLOP *** [Jc Ks 2c]
baigan9285: checks 
alexahk: checks 
BlackCat0812: checks 
Martynbax: checks 
jackomo6989: checks 
*** TURN *** [Jc Ks 2c] [Kd]
baigan9285: checks 
alexahk: checks 
BlackCat0812: checks 
Martynbax: checks 
jackomo6989: checks 
*** RIVER *** [Jc Ks 2c Kd] [8s]
baigan9285: checks 
alexahk: checks 
BlackCat0812: checks 
Martynbax: checks 
jackomo6989: checks 
*** SHOW DOWN ***
baigan9285: shows [Qh As] (a pair of Kings)
alexahk: mucks hand 
BlackCat0812: shows [8h 9s] (two pair, Kings and Eights)
Martynbax: mucks hand 
jackomo6989: shows [8d 5d] (two pair, Kings and Eights)
BlackCat0812 collected $0.12 from pot
jackomo6989 collected $0.12 from pot
*** SUMMARY ***
Total pot $0.25 | Rake $0.01 
Board [Jc Ks 2c Kd 8s]
Seat 1: Dorex2007 folded before Flop (didn't bet)
Seat 2: BlackCat0812 showed [8h 9s] and won ($0.12) with two pair, Kings and Eights
Seat 5: Martynbax mucked [Qs 5s]
Seat 6: jackomo6989 (button) showed [8d 5d] and won ($0.12) with two pair, Kings and Eights
Seat 7: baigan9285 (small blind) showed [Qh As] and lost with a pair of Kings
Seat 8: alexahk (big blind) mucked [6d Td]
Seat 9: shakhtior folded before Flop (didn't bet)



PokerStars Hand #237797876372:  Hold'em No Limit ($0.02/$0.05 USD) - 2022/08/04 23:00:04 PT [2022/08/05 2:00:04 ET]
Table 'Hecuba II' 9-max Seat #7 is the button
Seat 1: Dorex2007 ($5.82 in chips) 
Seat 2: BlackCat0812 ($2.44 in chips) 
Seat 5: Martynbax ($3.74 in chips) 
Seat 6: jackomo6989 ($3.38 in chips) 
Seat 7: baigan9285 ($5.10 in chips) 
Seat 8: alexahk ($5 in chips) 
Seat 9: shakhtior ($5 in chips) 
alexahk: posts small blind $0.02
shakhtior: posts big blind $0.05
*** HOLE CARDS ***
Dealt to Dorex2007 [6h Th]
Dorex2007: folds 
BlackCat0812: calls $0.05
Martynbax: raises $0.05 to $0.10
jackomo6989: folds 
baigan9285: folds 
alexahk: folds 
shakhtior: folds 
BlackCat0812: calls $0.05
*** FLOP *** [Qc 6s 2c]
BlackCat0812: bets $0.05
Martynbax: calls $0.05
*** TURN *** [Qc 6s 2c] [8s]
BlackCat0812: bets $0.05
Martynbax: calls $0.05
*** RIVER *** [Qc 6s 2c 8s] [4c]
BlackCat0812: bets $0.05
Martynbax: folds 
Uncalled bet ($0.05) returned to BlackCat0812
BlackCat0812 collected $0.45 from pot
*** SUMMARY ***
Total pot $0.47 | Rake $0.02 
Board [Qc 6s 2c 8s 4c]
Seat 1: Dorex2007 folded before Flop (didn't bet)
Seat 2: BlackCat0812 collected ($0.45)
Seat 5: Martynbax folded on the River
Seat 6: jackomo6989 folded before Flop (didn't bet)
Seat 7: baigan9285 (button) folded before Flop (didn't bet)
Seat 8: alexahk (small blind) folded before Flop
Seat 9: shakhtior (big blind) folded before Flop



PokerStars Hand #237797881603:  Hold'em No Limit ($0.02/$0.05 USD) - 2022/08/04 23:00:54 PT [2022/08/05 2:00:54 ET]
Table 'Hecuba II' 9-max Seat #8 is the button
Seat 1: Dorex2007 ($5.82 in chips) 
Seat 2: BlackCat0812 ($2.69 in chips) 
Seat 5: Martynbax ($3.54 in chips) 
Seat 6: jackomo6989 ($3.38 in chips) 
Seat 7: baigan9285 ($5.10 in chips) 
Seat 8: alexahk ($5 in chips) 
Seat 9: shakhtior ($5 in chips) 
shakhtior: posts small blind $0.02
Dorex2007: posts big blind $0.05
*** HOLE CARDS ***
Dealt to Dorex2007 [Ac 7s]
BlackCat0812: calls $0.05
Martynbax: calls $0.05
jackomo6989: calls $0.05
baigan9285: folds 
alexahk: folds 
shakhtior: folds 
Dorex2007: checks 
*** FLOP *** [Jd 5c Ks]
Dorex2007: checks 
BlackCat0812: checks 
Martynbax: checks 
jackomo6989: checks 
*** TURN *** [Jd 5c Ks] [7c]
Dorex2007: checks 
BlackCat0812: checks 
Martynbax: checks 
jackomo6989: checks 
*** RIVER *** [Jd 5c Ks 7c] [Ts]
Dorex2007: checks 
BlackCat0812: checks 
Martynbax: checks 
jackomo6989: checks 
*** SHOW DOWN ***
Dorex2007: shows [Ac 7s] (a pair of Sevens)
BlackCat0812: shows [Qh Td] (a pair of Tens)
Martynbax: shows [4d 7h] (a pair of Sevens)
jackomo6989: mucks hand 
BlackCat0812 collected $0.21 from pot
*** SUMMARY ***
Total pot $0.22 | Rake $0.01 
Board [Jd 5c Ks 7c Ts]
Seat 1: Dorex2007 (big blind) showed [Ac 7s] and lost with a pair of Sevens
Seat 2: BlackCat0812 showed [Qh Td] and won ($0.21) with a pair of Tens
Seat 5: Martynbax showed [4d 7h] and lost with a pair of Sevens
Seat 6: jackomo6989 mucked [8s As]
Seat 7: baigan9285 folded before Flop (didn't bet)
Seat 8: alexahk (button) folded before Flop (didn't bet)
Seat 9: shakhtior (small blind) folded before Flop



PokerStars Hand #237797890411:  Hold'em No Limit ($0.02/$0.05 USD) - 2022/08/04 23:02:13 PT [2022/08/05 2:02:13 ET]
Table 'Hecuba II' 9-max Seat #9 is the button
Seat 1: Dorex2007 ($5.77 in chips) 
Seat 2: BlackCat0812 ($2.85 in chips) 
Seat 5: Martynbax ($3.49 in chips) 
Seat 6: jackomo6989 ($3.33 in chips) 
Seat 7: baigan9285 ($5.10 in chips) 
Seat 8: alexahk ($5 in chips) 
Seat 9: shakhtior ($5 in chips) 
Dorex2007: posts small blind $0.02
BlackCat0812: posts big blind $0.05
Lao Tsy: sits out 
*** HOLE CARDS ***
Dealt to Dorex2007 [3c 5c]
cubicroot joins the table at seat #4 
Martynbax: raises $0.55 to $0.60
jackomo6989: folds 
baigan9285: raises $4.50 to $5.10 and is all-in
alexahk: folds 
shakhtior: folds 
Dorex2007: folds 
BlackCat0812: folds 
Martynbax: calls $2.89 and is all-in
Uncalled bet ($1.61) returned to baigan9285
*** FLOP *** [Qd Js 8h]
*** TURN *** [Qd Js 8h] [9d]
*** RIVER *** [Qd Js 8h 9d] [Qs]
*** SHOW DOWN ***
Martynbax: shows [6h Tc] (a straight, Eight to Queen)
baigan9285: shows [Kd Ah] (a pair of Queens)
Martynbax collected $6.69 from pot
*** SUMMARY ***
Total pot $7.05 | Rake $0.36 
Board [Qd Js 8h 9d Qs]
Seat 1: Dorex2007 (small blind) folded before Flop
Seat 2: BlackCat0812 (big blind) folded before Flop
Seat 5: Martynbax showed [6h Tc] and won ($6.69) with a straight, Eight to Queen
Seat 6: jackomo6989 folded before Flop (didn't bet)
Seat 7: baigan9285 showed [Kd Ah] and lost with a pair of Queens
Seat 8: alexahk folded before Flop (didn't bet)
Seat 9: shakhtior (button) folded before Flop (didn't bet)



PokerStars Hand #237797893789:  Hold'em No Limit ($0.02/$0.05 USD) - 2022/08/04 23:02:44 PT [2022/08/05 2:02:44 ET]
Table 'Hecuba II' 9-max Seat #1 is the button
Seat 1: Dorex2007 ($5.75 in chips) 
Seat 2: BlackCat0812 ($2.80 in chips) 
Seat 3: Lao Tsy ($5 in chips) 
Seat 5: Martynbax ($6.69 in chips) 
Seat 6: jackomo6989 ($3.33 in chips) 
Seat 7: baigan9285 ($1.61 in chips) 
Seat 8: alexahk ($5 in chips) 
Seat 9: shakhtior ($5 in chips) 
BlackCat0812: posts small blind $0.02
Lao Tsy: posts big blind $0.05
cubicroot: sits out 
*** HOLE CARDS ***
Dealt to Dorex2007 [6c 9h]
Martynbax: folds 
Martynbax leaves the table
jackomo6989: calls $0.05
baigan9285: folds 
alexahk: folds 
shakhtior: folds 
Dorex2007: folds 
BlackCat0812: folds 
Lao Tsy: checks 
*** FLOP *** [9d 6s 4h]
Lao Tsy: checks 
jackomo6989: checks 
*** TURN *** [9d 6s 4h] [Kc]
Lao Tsy: checks 
jackomo6989: checks 
*** RIVER *** [9d 6s 4h Kc] [4d]
Lao Tsy: checks 
jackomo6989: checks 
*** SHOW DOWN ***
Lao Tsy: shows [Th 7c] (a pair of Fours)
jackomo6989: shows [9c Qd] (two pair, Nines and Fours)
jackomo6989 collected $0.12 from pot
*** SUMMARY ***
Total pot $0.12 | Rake $0 
Board [9d 6s 4h Kc 4d]
Seat 1: Dorex2007 (button) folded before Flop (didn't bet)
Seat 2: BlackCat0812 (small blind) folded before Flop
Seat 3: Lao Tsy (big blind) showed [Th 7c] and lost with a pair of Fours
Seat 5: Martynbax folded before Flop (didn't bet)
Seat 6: jackomo6989 showed [9c Qd] and won ($0.12) with two pair, Nines and Fours
Seat 7: baigan9285 folded before Flop (didn't bet)
Seat 8: alexahk folded before Flop (didn't bet)
Seat 9: shakhtior folded before Flop (didn't bet)



PokerStars Hand #237797897755:  Hold'em No Limit ($0.02/$0.05 USD) - 2022/08/04 23:03:20 PT [2022/08/05 2:03:20 ET]
Table 'Hecuba II' 9-max Seat #2 is the button
Seat 1: Dorex2007 ($5.75 in chips) 
Seat 2: BlackCat0812 ($2.78 in chips) 
Seat 3: Lao Tsy ($5 in chips) 
Seat 4: cubicroot ($5 in chips) 
Seat 6: jackomo6989 ($3.40 in chips) 
Seat 7: baigan9285 ($5 in chips) 
Seat 8: alexahk ($5 in chips) 
Seat 9: shakhtior ($5 in chips) 
Lao Tsy: posts small blind $0.02
cubicroot: posts big blind $0.05
*** HOLE CARDS ***
Dealt to Dorex2007 [3d 8d]
jackomo6989: folds 
baigan9285: folds 
alexahk: folds 
shakhtior: folds 
Dorex2007: folds 
BlackCat0812: folds 
khevorkian joins the table at seat #5 
Lao Tsy: folds 
Uncalled bet ($0.03) returned to cubicroot
cubicroot collected $0.04 from pot
cubicroot: doesn't show hand 
*** SUMMARY ***
Total pot $0.04 | Rake $0 
Seat 1: Dorex2007 folded before Flop (didn't bet)
Seat 2: BlackCat0812 (button) folded before Flop (didn't bet)
Seat 3: Lao Tsy (small blind) folded before Flop
Seat 4: cubicroot (big blind) collected ($0.04)
Seat 6: jackomo6989 folded before Flop (didn't bet)
Seat 7: baigan9285 folded before Flop (didn't bet)
Seat 8: alexahk folded before Flop (didn't bet)
Seat 9: shakhtior folded before Flop (didn't bet)



PokerStars Hand #237797899360:  Hold'em No Limit ($0.02/$0.05 USD) - 2022/08/04 23:03:34 PT [2022/08/05 2:03:34 ET]
Table 'Hecuba II' 9-max Seat #3 is the button
Seat 1: Dorex2007 ($5.75 in chips) 
Seat 2: BlackCat0812 ($2.78 in chips) 
Seat 3: Lao Tsy ($5 in chips) 
Seat 4: cubicroot ($5.02 in chips) 
Seat 5: khevorkian ($4.90 in chips) 
Seat 6: jackomo6989 ($3.40 in chips) 
Seat 7: baigan9285 ($5 in chips) 
Seat 8: alexahk ($5 in chips) 
Seat 9: shakhtior ($5 in chips) 
cubicroot: posts small blind $0.02
khevorkian: posts big blind $0.05
*** HOLE CARDS ***
Dealt to Dorex2007 [7s Jd]
jackomo6989: folds 
baigan9285: folds 
alexahk: raises $0.15 to $0.20
shakhtior: folds 
Dorex2007: folds 
BlackCat0812: folds 
Lao Tsy: folds 
cubicroot: calls $0.18
khevorkian: calls $0.15
*** FLOP *** [5s 6c 5h]
cubicroot: checks 
khevorkian: checks 
alexahk: bets $0.39
cubicroot: folds 
khevorkian: calls $0.39
*** TURN *** [5s 6c 5h] [Tc]
khevorkian: checks 
alexahk: bets $0.70
khevorkian: calls $0.70
*** RIVER *** [5s 6c 5h Tc] [Qs]
khevorkian: bets $1.60
alexahk: folds 
Uncalled bet ($1.60) returned to khevorkian
khevorkian collected $2.66 from pot
khevorkian: doesn't show hand 
*** SUMMARY ***
Total pot $2.78 | Rake $0.12 
Board [5s 6c 5h Tc Qs]
Seat 1: Dorex2007 folded before Flop (didn't bet)
Seat 2: BlackCat0812 folded before Flop (didn't bet)
Seat 3: Lao Tsy (button) folded before Flop (didn't bet)
Seat 4: cubicroot (small blind) folded on the Flop
Seat 5: khevorkian (big blind) collected ($2.66)
Seat 6: jackomo6989 folded before Flop (didn't bet)
Seat 7: baigan9285 folded before Flop (didn't bet)
Seat 8: alexahk folded on the River
Seat 9: shakhtior folded before Flop (didn't bet)



PokerStars Hand #237797909873:  Hold'em No Limit ($0.02/$0.05 USD) - 2022/08/04 23:05:09 PT [2022/08/05 2:05:09 ET]
Table 'Hecuba II' 9-max Seat #4 is the button
Seat 1: Dorex2007 ($5.75 in chips) 
Seat 2: BlackCat0812 ($2.78 in chips) 
Seat 3: Lao Tsy ($5 in chips) 
Seat 4: cubicroot ($4.82 in chips) 
Seat 5: khevorkian ($6.27 in chips) 
Seat 6: jackomo6989 ($3.40 in chips) 
Seat 7: baigan9285 ($5 in chips) 
Seat 8: alexahk ($5 in chips) 
Seat 9: shakhtior ($5 in chips) 
khevorkian: posts small blind $0.02
jackomo6989: posts big blind $0.05
*** HOLE CARDS ***
Dealt to Dorex2007 [Td 9d]
baigan9285: raises $0.05 to $0.10
alexahk: folds 
shakhtior: folds 
Dorex2007: folds 
BlackCat0812: folds 
Lao Tsy: folds 
cubicroot: folds 
khevorkian: calls $0.08
jackomo6989: calls $0.05
*** FLOP *** [2c Th 7c]
khevorkian: checks 
jackomo6989: checks 
baigan9285: checks 
*** TURN *** [2c Th 7c] [4c]
khevorkian: checks 
jackomo6989: checks 
baigan9285: bets $0.60
khevorkian: calls $0.60
jackomo6989: folds 
*** RIVER *** [2c Th 7c 4c] [6s]
khevorkian: checks 
baigan9285: checks 
*** SHOW DOWN ***
khevorkian: shows [4s 4d] (three of a kind, Fours)
baigan9285: mucks hand 
khevorkian collected $1.44 from pot
*** SUMMARY ***
Total pot $1.50 | Rake $0.06 
Board [2c Th 7c 4c 6s]
Seat 1: Dorex2007 folded before Flop (didn't bet)
Seat 2: BlackCat0812 folded before Flop (didn't bet)
Seat 3: Lao Tsy folded before Flop (didn't bet)
Seat 4: cubicroot (button) folded before Flop (didn't bet)
Seat 5: khevorkian (small blind) showed [4s 4d] and won ($1.44) with three of a kind, Fours
Seat 6: jackomo6989 (big blind) folded on the Turn
Seat 7: baigan9285 mucked [Ac Qh]
Seat 8: alexahk folded before Flop (didn't bet)
Seat 9: shakhtior folded before Flop (didn't bet)



PokerStars Hand #237797917900:  Hold'em No Limit ($0.02/$0.05 USD) - 2022/08/04 23:06:21 PT [2022/08/05 2:06:21 ET]
Table 'Hecuba II' 9-max Seat #5 is the button
Seat 1: Dorex2007 ($5.75 in chips) 
Seat 2: BlackCat0812 ($2.78 in chips) 
Seat 3: Lao Tsy ($5 in chips) 
Seat 4: cubicroot ($4.82 in chips) 
Seat 5: khevorkian ($7.01 in chips) 
Seat 6: jackomo6989 ($3.30 in chips) 
Seat 7: baigan9285 ($4.30 in chips) 
Seat 8: alexahk ($5 in chips) 
Seat 9: shakhtior ($5 in chips) 
jackomo6989: posts small blind $0.02
baigan9285: posts big blind $0.05
*** HOLE CARDS ***
Dealt to Dorex2007 [Qd Ah]
alexahk: folds 
shakhtior: folds 
Dorex2007: raises $0.05 to $0.10
BlackCat0812: folds 
Lao Tsy: folds 
cubicroot: folds 
khevorkian: folds 
jackomo6989: folds 
baigan9285: calls $0.05
*** FLOP *** [Jd 9c Js]
baigan9285: checks 
Dorex2007: checks 
*** TURN *** [Jd 9c Js] [3c]
baigan9285: checks 
Dorex2007: checks 
*** RIVER *** [Jd 9c Js 3c] [4h]
baigan9285: checks 
Dorex2007: checks 
*** SHOW DOWN ***
baigan9285: shows [5d Kd] (a pair of Jacks)
Dorex2007: shows [Qd Ah] (a pair of Jacks - Ace kicker)
Dorex2007 collected $0.21 from pot
*** SUMMARY ***
Total pot $0.22 | Rake $0.01 
Board [Jd 9c Js 3c 4h]
Seat 1: Dorex2007 showed [Qd Ah] and won ($0.21) with a pair of Jacks
Seat 2: BlackCat0812 folded before Flop (didn't bet)
Seat 3: Lao Tsy folded before Flop (didn't bet)
Seat 4: cubicroot folded before Flop (didn't bet)
Seat 5: khevorkian (button) folded before Flop (didn't bet)
Seat 6: jackomo6989 (small blind) folded before Flop
Seat 7: baigan9285 (big blind) showed [5d Kd] and lost with a pair of Jacks
Seat 8: alexahk folded before Flop (didn't bet)
Seat 9: shakhtior folded before Flop (didn't bet)



PokerStars Hand #237797923814:  Hold'em No Limit ($0.02/$0.05 USD) - 2022/08/04 23:07:13 PT [2022/08/05 2:07:13 ET]
Table 'Hecuba II' 9-max Seat #6 is the button
Seat 1: Dorex2007 ($5.86 in chips) 
Seat 2: BlackCat0812 ($2.78 in chips) 
Seat 3: Lao Tsy ($5 in chips) 
Seat 4: cubicroot ($4.82 in chips) 
Seat 5: khevorkian ($7.01 in chips) 
Seat 6: jackomo6989 ($3.28 in chips) 
Seat 7: baigan9285 ($4.20 in chips) 
Seat 8: alexahk ($5 in chips) 
Seat 9: shakhtior ($5 in chips) 
baigan9285: posts small blind $0.02
alexahk: posts big blind $0.05
*** HOLE CARDS ***
Dealt to Dorex2007 [8c 3s]
shakhtior: folds 
Dorex2007: folds 
BlackCat0812: calls $0.05
Lao Tsy: folds 
cubicroot: folds 
khevorkian: calls $0.05
jackomo6989: calls $0.05
baigan9285: calls $0.03
alexahk: checks 
*** FLOP *** [Th Td 8h]
baigan9285: checks 
alexahk: checks 
BlackCat0812: checks 
khevorkian: bets $0.16
jackomo6989: calls $0.16
baigan9285: calls $0.16
alexahk: folds 
BlackCat0812: folds 
*** TURN *** [Th Td 8h] [9d]
baigan9285: checks 
khevorkian: checks 
jackomo6989: bets $0.70
baigan9285: calls $0.70
khevorkian: folds 
*** RIVER *** [Th Td 8h 9d] [Qh]
baigan9285: checks 
jackomo6989: checks 
*** SHOW DOWN ***
baigan9285: shows [7d 5d] (a pair of Tens)
jackomo6989: shows [7s Ts] (three of a kind, Tens)
jackomo6989 collected $2.02 from pot
*** SUMMARY ***
Total pot $2.13 | Rake $0.11 
Board [Th Td 8h 9d Qh]
Seat 1: Dorex2007 folded before Flop (didn't bet)
Seat 2: BlackCat0812 folded on the Flop
Seat 3: Lao Tsy folded before Flop (didn't bet)
Seat 4: cubicroot folded before Flop (didn't bet)
Seat 5: khevorkian folded on the Turn
Seat 6: jackomo6989 (button) showed [7s Ts] and won ($2.02) with three of a kind, Tens
Seat 7: baigan9285 (small blind) showed [7d 5d] and lost with a pair of Tens
Seat 8: alexahk (big blind) folded on the Flop
Seat 9: shakhtior folded before Flop (didn't bet)



