PokerStars Hand #237188687769:  Hold'em No Limit ($0.01/$0.02 USD) - 2022/07/05 21:00:01 PT [2022/07/06 0:00:01 ET]
Table 'Vibeke III' 9-max Seat #3 is the button
Seat 1: chacalay1 ($2.40 in chips) 
Seat 2: jrengifo13 ($2.06 in chips) 
Seat 3: TornadeoJim ($1.40 in chips) 
Seat 4: deileon ($2.31 in chips) 
Seat 5: CestLavie95 ($4.43 in chips) 
Seat 6: alfreud777 ($2.16 in chips) 
Seat 7: Dorex2007 ($5.16 in chips) 
Seat 8: frosa9397 ($1.04 in chips) 
deileon: posts small blind $0.01
CestLavie95: posts big blind $0.02
wALEXSANDRw: sits out 
*** HOLE CARDS ***
Dealt to Dorex2007 [2h 9s]
alfreud777: folds 
Dorex2007: folds 
frosa9397: folds 
chacalay1: folds 
jrengifo13: calls $0.02
TornadeoJim: folds 
deileon: folds 
CestLavie95: checks 
*** FLOP *** [Qs 3c Ks]
CestLavie95: checks 
jrengifo13: bets $0.04
CestLavie95: folds 
Uncalled bet ($0.04) returned to jrengifo13
jrengifo13 collected $0.05 from pot
*** SUMMARY ***
Total pot $0.05 | Rake $0 
Board [Qs 3c Ks]
Seat 1: chacalay1 folded before Flop (didn't bet)
Seat 2: jrengifo13 collected ($0.05)
Seat 3: TornadeoJim (button) folded before Flop (didn't bet)
Seat 4: deileon (small blind) folded before Flop
Seat 5: CestLavie95 (big blind) folded on the Flop
Seat 6: alfreud777 folded before Flop (didn't bet)
Seat 7: Dorex2007 folded before Flop (didn't bet)
Seat 8: frosa9397 folded before Flop (didn't bet)



PokerStars Hand #237188691775:  Hold'em No Limit ($0.01/$0.02 USD) - 2022/07/05 21:00:34 PT [2022/07/06 0:00:34 ET]
Table 'Vibeke III' 9-max Seat #4 is the button
Seat 1: chacalay1 ($2.40 in chips) 
Seat 2: jrengifo13 ($2.09 in chips) 
Seat 3: TornadeoJim ($1.40 in chips) 
Seat 4: deileon ($2.30 in chips) 
Seat 5: CestLavie95 ($4.41 in chips) 
Seat 6: alfreud777 ($2.16 in chips) 
Seat 7: Dorex2007 ($5.16 in chips) 
Seat 8: frosa9397 ($1.04 in chips) 
CestLavie95: posts small blind $0.01
alfreud777: posts big blind $0.02
wALEXSANDRw: sits out 
*** HOLE CARDS ***
Dealt to Dorex2007 [Qh 5c]
Dorex2007: folds 
frosa9397: folds 
chacalay1: folds 
jrengifo13: calls $0.02
TornadeoJim: folds 
deileon: calls $0.02
CestLavie95: folds 
alfreud777: checks 
*** FLOP *** [8d 8c 7s]
alfreud777: checks 
jrengifo13: bets $0.03
deileon: folds 
alfreud777: calls $0.03
*** TURN *** [8d 8c 7s] [Kc]
alfreud777: checks 
jrengifo13: bets $0.06
alfreud777: raises $0.08 to $0.14
jrengifo13: calls $0.08
*** RIVER *** [8d 8c 7s Kc] [Jc]
alfreud777: bets $0.20
jrengifo13: folds 
Uncalled bet ($0.20) returned to alfreud777
alfreud777 collected $0.40 from pot
*** SUMMARY ***
Total pot $0.41 | Rake $0.01 
Board [8d 8c 7s Kc Jc]
Seat 1: chacalay1 folded before Flop (didn't bet)
Seat 2: jrengifo13 folded on the River
Seat 3: TornadeoJim folded before Flop (didn't bet)
Seat 4: deileon (button) folded on the Flop
Seat 5: CestLavie95 (small blind) folded before Flop
Seat 6: alfreud777 (big blind) collected ($0.40)
Seat 7: Dorex2007 folded before Flop (didn't bet)
Seat 8: frosa9397 folded before Flop (didn't bet)



PokerStars Hand #237188701808:  Hold'em No Limit ($0.01/$0.02 USD) - 2022/07/05 21:01:54 PT [2022/07/06 0:01:54 ET]
Table 'Vibeke III' 9-max Seat #5 is the button
Seat 1: chacalay1 ($2.40 in chips) 
Seat 2: jrengifo13 ($1.90 in chips) 
Seat 3: TornadeoJim ($1.40 in chips) 
Seat 4: deileon ($2.28 in chips) 
Seat 5: CestLavie95 ($4.40 in chips) 
Seat 6: alfreud777 ($2.37 in chips) 
Seat 7: Dorex2007 ($5.16 in chips) 
Seat 8: frosa9397 ($1.04 in chips) 
alfreud777: posts small blind $0.01
Dorex2007: posts big blind $0.02
wALEXSANDRw: sits out 
*** HOLE CARDS ***
Dealt to Dorex2007 [8s 8h]
frosa9397: calls $0.02
chacalay1: folds 
jrengifo13: folds 
TornadeoJim: folds 
deileon: calls $0.02
CestLavie95: folds 
alfreud777: calls $0.01
Dorex2007: checks 
*** FLOP *** [Qc 4s 2h]
alfreud777: checks 
Dorex2007: checks 
frosa9397: bets $0.06
deileon: folds 
alfreud777: folds 
Dorex2007: folds 
Uncalled bet ($0.06) returned to frosa9397
frosa9397 collected $0.08 from pot
*** SUMMARY ***
Total pot $0.08 | Rake $0 
Board [Qc 4s 2h]
Seat 1: chacalay1 folded before Flop (didn't bet)
Seat 2: jrengifo13 folded before Flop (didn't bet)
Seat 3: TornadeoJim folded before Flop (didn't bet)
Seat 4: deileon folded on the Flop
Seat 5: CestLavie95 (button) folded before Flop (didn't bet)
Seat 6: alfreud777 (small blind) folded on the Flop
Seat 7: Dorex2007 (big blind) folded on the Flop
Seat 8: frosa9397 collected ($0.08)



PokerStars Hand #237188711913:  Hold'em No Limit ($0.01/$0.02 USD) - 2022/07/05 21:02:38 PT [2022/07/06 0:02:38 ET]
Table 'Vibeke III' 9-max Seat #6 is the button
Seat 1: chacalay1 ($2.40 in chips) 
Seat 2: jrengifo13 ($1.90 in chips) 
Seat 3: TornadeoJim ($1.40 in chips) 
Seat 4: deileon ($2.26 in chips) 
Seat 5: CestLavie95 ($4.40 in chips) 
Seat 6: alfreud777 ($2.35 in chips) 
Seat 7: Dorex2007 ($5.14 in chips) 
Seat 8: frosa9397 ($1.10 in chips) 
Dorex2007: posts small blind $0.01
frosa9397: posts big blind $0.02
wALEXSANDRw: sits out 
*** HOLE CARDS ***
Dealt to Dorex2007 [9d 5h]
chacalay1: folds 
jrengifo13: raises $0.04 to $0.06
TornadeoJim: folds 
deileon: folds 
CestLavie95: raises $0.04 to $0.10
alfreud777: folds 
Dorex2007: folds 
frosa9397: folds 
jrengifo13: calls $0.04
*** FLOP *** [2h 2d 3s]
jrengifo13: checks 
CestLavie95: checks 
*** TURN *** [2h 2d 3s] [4c]
jrengifo13: checks 
CestLavie95: checks 
*** RIVER *** [2h 2d 3s 4c] [Kc]
jrengifo13: bets $0.11
CestLavie95: raises $0.15 to $0.26
jrengifo13: raises $0.15 to $0.41
CestLavie95: raises $1.03 to $1.44
jrengifo13: calls $1.03
*** SHOW DOWN ***
CestLavie95: shows [Kd Qh] (two pair, Kings and Deuces)
jrengifo13: mucks hand 
CestLavie95 collected $3 from pot
*** SUMMARY ***
Total pot $3.11 | Rake $0.11 
Board [2h 2d 3s 4c Kc]
Seat 1: chacalay1 folded before Flop (didn't bet)
Seat 2: jrengifo13 mucked [Kh Jh]
Seat 3: TornadeoJim folded before Flop (didn't bet)
Seat 4: deileon folded before Flop (didn't bet)
Seat 5: CestLavie95 showed [Kd Qh] and won ($3) with two pair, Kings and Deuces
Seat 6: alfreud777 (button) folded before Flop (didn't bet)
Seat 7: Dorex2007 (small blind) folded before Flop
Seat 8: frosa9397 (big blind) folded before Flop



PokerStars Hand #237188724579:  Hold'em No Limit ($0.01/$0.02 USD) - 2022/07/05 21:04:16 PT [2022/07/06 0:04:16 ET]
Table 'Vibeke III' 9-max Seat #7 is the button
Seat 1: chacalay1 ($2.40 in chips) 
Seat 2: jrengifo13 ($0.36 in chips) 
Seat 3: TornadeoJim ($1.40 in chips) 
Seat 4: deileon ($2.26 in chips) 
Seat 5: CestLavie95 ($5.86 in chips) 
Seat 6: alfreud777 ($2.35 in chips) 
Seat 7: Dorex2007 ($5.13 in chips) 
Seat 8: frosa9397 ($1.08 in chips) 
Seat 9: wALEXSANDRw ($1.60 in chips) 
frosa9397: posts small blind $0.01
wALEXSANDRw: posts big blind $0.02
*** HOLE CARDS ***
Dealt to Dorex2007 [3s Td]
chacalay1: raises $0.08 to $0.10
jrengifo13: folds 
TornadeoJim: folds 
deileon: folds 
CestLavie95: calls $0.10
alfreud777: folds 
Dorex2007: folds 
frosa9397: folds 
wALEXSANDRw: calls $0.08
*** FLOP *** [9d Ts As]
wALEXSANDRw: checks 
chacalay1: checks 
CestLavie95: checks 
*** TURN *** [9d Ts As] [Qh]
wALEXSANDRw: bets $0.04
chacalay1: calls $0.04
CestLavie95: folds 
*** RIVER *** [9d Ts As Qh] [5d]
wALEXSANDRw: bets $0.06
chacalay1: calls $0.06
*** SHOW DOWN ***
wALEXSANDRw: shows [Kh Ks] (a pair of Kings)
chacalay1: shows [Th Tc] (three of a kind, Tens)
chacalay1 collected $0.49 from pot
*** SUMMARY ***
Total pot $0.51 | Rake $0.02 
Board [9d Ts As Qh 5d]
Seat 1: chacalay1 showed [Th Tc] and won ($0.49) with three of a kind, Tens
Seat 2: jrengifo13 folded before Flop (didn't bet)
Seat 3: TornadeoJim folded before Flop (didn't bet)
Seat 4: deileon folded before Flop (didn't bet)
Seat 5: CestLavie95 folded on the Turn
Seat 6: alfreud777 folded before Flop (didn't bet)
Seat 7: Dorex2007 (button) folded before Flop (didn't bet)
Seat 8: frosa9397 (small blind) folded before Flop
Seat 9: wALEXSANDRw (big blind) showed [Kh Ks] and lost with a pair of Kings



PokerStars Hand #237188735740:  Hold'em No Limit ($0.01/$0.02 USD) - 2022/07/05 21:05:42 PT [2022/07/06 0:05:42 ET]
Table 'Vibeke III' 9-max Seat #8 is the button
Seat 1: chacalay1 ($2.69 in chips) 
Seat 2: jrengifo13 ($0.36 in chips) 
Seat 3: TornadeoJim ($1.40 in chips) 
Seat 4: deileon ($2.26 in chips) 
Seat 5: CestLavie95 ($5.76 in chips) 
Seat 6: alfreud777 ($2.35 in chips) 
Seat 7: Dorex2007 ($5.13 in chips) 
Seat 8: frosa9397 ($1.07 in chips) 
Seat 9: wALEXSANDRw ($1.40 in chips) 
wALEXSANDRw: posts small blind $0.01
chacalay1: posts big blind $0.02
*** HOLE CARDS ***
Dealt to Dorex2007 [Jc 5d]
jrengifo13: folds 
TornadeoJim: folds 
deileon: folds 
CestLavie95: calls $0.02
alfreud777: raises $0.10 to $0.12
Dorex2007: folds 
frosa9397: folds 
wALEXSANDRw: folds 
chacalay1: folds 
CestLavie95: folds 
Uncalled bet ($0.10) returned to alfreud777
alfreud777 collected $0.07 from pot
*** SUMMARY ***
Total pot $0.07 | Rake $0 
Seat 1: chacalay1 (big blind) folded before Flop
Seat 2: jrengifo13 folded before Flop (didn't bet)
Seat 3: TornadeoJim folded before Flop (didn't bet)
Seat 4: deileon folded before Flop (didn't bet)
Seat 5: CestLavie95 folded before Flop
Seat 6: alfreud777 collected ($0.07)
Seat 7: Dorex2007 folded before Flop (didn't bet)
Seat 8: frosa9397 (button) folded before Flop (didn't bet)
Seat 9: wALEXSANDRw (small blind) folded before Flop



PokerStars Hand #237188738682:  Hold'em No Limit ($0.01/$0.02 USD) - 2022/07/05 21:06:04 PT [2022/07/06 0:06:04 ET]
Table 'Vibeke III' 9-max Seat #9 is the button
Seat 1: chacalay1 ($2.67 in chips) 
Seat 2: jrengifo13 ($0.36 in chips) 
Seat 3: TornadeoJim ($1.40 in chips) 
Seat 4: deileon ($2.26 in chips) 
Seat 5: CestLavie95 ($5.74 in chips) 
Seat 6: alfreud777 ($2.40 in chips) 
Seat 7: Dorex2007 ($5.13 in chips) 
Seat 8: frosa9397 ($1.07 in chips) 
Seat 9: wALEXSANDRw ($1.39 in chips) 
chacalay1: posts small blind $0.01
jrengifo13: posts big blind $0.02
*** HOLE CARDS ***
Dealt to Dorex2007 [5s 6c]
TornadeoJim: folds 
deileon: folds 
CestLavie95 has timed out
CestLavie95: folds 
alfreud777: raises $0.10 to $0.12
Dorex2007: folds 
frosa9397: folds 
wALEXSANDRw: folds 
chacalay1: folds 
jrengifo13: folds 
Uncalled bet ($0.10) returned to alfreud777
alfreud777 collected $0.05 from pot
*** SUMMARY ***
Total pot $0.05 | Rake $0 
Seat 1: chacalay1 (small blind) folded before Flop
Seat 2: jrengifo13 (big blind) folded before Flop
Seat 3: TornadeoJim folded before Flop (didn't bet)
Seat 4: deileon folded before Flop (didn't bet)
Seat 5: CestLavie95 folded before Flop (didn't bet)
Seat 6: alfreud777 collected ($0.05)
Seat 7: Dorex2007 folded before Flop (didn't bet)
Seat 8: frosa9397 folded before Flop (didn't bet)
Seat 9: wALEXSANDRw (button) folded before Flop (didn't bet)



PokerStars Hand #237188743481:  Hold'em No Limit ($0.01/$0.02 USD) - 2022/07/05 21:06:41 PT [2022/07/06 0:06:41 ET]
Table 'Vibeke III' 9-max Seat #1 is the button
Seat 1: chacalay1 ($2.66 in chips) 
Seat 2: jrengifo13 ($0.34 in chips) 
Seat 3: TornadeoJim ($1.40 in chips) 
Seat 4: deileon ($2.26 in chips) 
Seat 5: CestLavie95 ($5.74 in chips) 
Seat 6: alfreud777 ($2.43 in chips) 
Seat 7: Dorex2007 ($5.13 in chips) 
Seat 8: frosa9397 ($1.07 in chips) 
Seat 9: wALEXSANDRw ($1.39 in chips) 
jrengifo13: posts small blind $0.01
TornadeoJim: posts big blind $0.02
*** HOLE CARDS ***
Dealt to Dorex2007 [4d Kh]
deileon: folds 
CestLavie95: folds 
alfreud777: folds 
alfreud777 leaves the table
Dorex2007: folds 
frosa9397: folds 
wALEXSANDRw: folds 
chacalay1: raises $0.04 to $0.06
jrengifo13: calls $0.05
TornadeoJim: calls $0.04
*** FLOP *** [Qc 7s 4c]
jrengifo13: checks 
TornadeoJim: checks 
arto30 joins the table at seat #6 
chacalay1: checks 
*** TURN *** [Qc 7s 4c] [Jd]
jrengifo13: checks 
TornadeoJim: checks 
chacalay1: checks 
*** RIVER *** [Qc 7s 4c Jd] [7h]
jrengifo13: checks 
TornadeoJim: checks 
chacalay1: checks 
*** SHOW DOWN ***
jrengifo13: shows [6c 6d] (two pair, Sevens and Sixes)
TornadeoJim: shows [Jc Kc] (two pair, Jacks and Sevens)
chacalay1: mucks hand 
TornadeoJim collected $0.17 from pot
*** SUMMARY ***
Total pot $0.18 | Rake $0.01 
Board [Qc 7s 4c Jd 7h]
Seat 1: chacalay1 (button) mucked [Ad 8h]
Seat 2: jrengifo13 (small blind) showed [6c 6d] and lost with two pair, Sevens and Sixes
Seat 3: TornadeoJim (big blind) showed [Jc Kc] and won ($0.17) with two pair, Jacks and Sevens
Seat 4: deileon folded before Flop (didn't bet)
Seat 5: CestLavie95 folded before Flop (didn't bet)
Seat 6: alfreud777 folded before Flop (didn't bet)
Seat 7: Dorex2007 folded before Flop (didn't bet)
Seat 8: frosa9397 folded before Flop (didn't bet)
Seat 9: wALEXSANDRw folded before Flop (didn't bet)



PokerStars Hand #237188754333:  Hold'em No Limit ($0.01/$0.02 USD) - 2022/07/05 21:08:05 PT [2022/07/06 0:08:05 ET]
Table 'Vibeke III' 9-max Seat #2 is the button
Seat 1: chacalay1 ($2.60 in chips) 
Seat 2: jrengifo13 ($0.28 in chips) 
Seat 3: TornadeoJim ($1.51 in chips) 
Seat 4: deileon ($2.26 in chips) 
Seat 5: CestLavie95 ($5.74 in chips) 
Seat 6: arto30 ($0.80 in chips) 
Seat 7: Dorex2007 ($5.13 in chips) 
Seat 8: frosa9397 ($1.07 in chips) 
Seat 9: wALEXSANDRw ($2 in chips) 
TornadeoJim: posts small blind $0.01
deileon: posts big blind $0.02
arto30: posts big blind $0.02
*** HOLE CARDS ***
Dealt to Dorex2007 [7d Ts]
CestLavie95: folds 
arto30: raises $0.02 to $0.04
Dorex2007: folds 
frosa9397: folds 
wALEXSANDRw: folds 
chacalay1: folds 
jrengifo13: folds 
TornadeoJim: folds 
deileon: folds 
Uncalled bet ($0.02) returned to arto30
arto30 collected $0.05 from pot
*** SUMMARY ***
Total pot $0.05 | Rake $0 
Seat 1: chacalay1 folded before Flop (didn't bet)
Seat 2: jrengifo13 (button) folded before Flop (didn't bet)
Seat 3: TornadeoJim (small blind) folded before Flop
Seat 4: deileon (big blind) folded before Flop
Seat 5: CestLavie95 folded before Flop (didn't bet)
Seat 6: arto30 collected ($0.05)
Seat 7: Dorex2007 folded before Flop (didn't bet)
Seat 8: frosa9397 folded before Flop (didn't bet)
Seat 9: wALEXSANDRw folded before Flop (didn't bet)



PokerStars Hand #237188756889:  Hold'em No Limit ($0.01/$0.02 USD) - 2022/07/05 21:08:24 PT [2022/07/06 0:08:24 ET]
Table 'Vibeke III' 9-max Seat #3 is the button
Seat 1: chacalay1 ($2.60 in chips) 
Seat 2: jrengifo13 ($0.28 in chips) 
Seat 3: TornadeoJim ($1.50 in chips) 
Seat 4: deileon ($2.24 in chips) 
Seat 5: CestLavie95 ($5.74 in chips) 
Seat 6: arto30 ($0.83 in chips) 
Seat 7: Dorex2007 ($5.13 in chips) 
Seat 8: frosa9397 ($1.07 in chips) 
Seat 9: wALEXSANDRw ($2 in chips) 
deileon: posts small blind $0.01
CestLavie95: posts big blind $0.02
*** HOLE CARDS ***
Dealt to Dorex2007 [Kh 4h]
arto30: folds 
Dorex2007: calls $0.02
frosa9397: folds 
wALEXSANDRw: calls $0.02
chacalay1: raises $0.04 to $0.06
jrengifo13: calls $0.06
TornadeoJim: raises $0.76 to $0.82
deileon: folds 
CestLavie95: folds 
Dorex2007: folds 
wALEXSANDRw: folds 
chacalay1: folds 
jrengifo13: calls $0.22 and is all-in
Uncalled bet ($0.54) returned to TornadeoJim
*** FLOP *** [7s 6h 7d]
*** TURN *** [7s 6h 7d] [8d]
*** RIVER *** [7s 6h 7d 8d] [Kd]
*** SHOW DOWN ***
jrengifo13: shows [Jd Qs] (a pair of Sevens)
TornadeoJim: shows [Ah As] (two pair, Aces and Sevens)
TornadeoJim collected $0.67 from pot
*** SUMMARY ***
Total pot $0.69 | Rake $0.02 
Board [7s 6h 7d 8d Kd]
Seat 1: chacalay1 folded before Flop
Seat 2: jrengifo13 showed [Jd Qs] and lost with a pair of Sevens
Seat 3: TornadeoJim (button) showed [Ah As] and won ($0.67) with two pair, Aces and Sevens
Seat 4: deileon (small blind) folded before Flop
Seat 5: CestLavie95 (big blind) folded before Flop
Seat 6: arto30 folded before Flop (didn't bet)
Seat 7: Dorex2007 folded before Flop
Seat 8: frosa9397 folded before Flop (didn't bet)
Seat 9: wALEXSANDRw folded before Flop



PokerStars Hand #237188763555:  Hold'em No Limit ($0.01/$0.02 USD) - 2022/07/05 21:09:16 PT [2022/07/06 0:09:16 ET]
Table 'Vibeke III' 9-max Seat #4 is the button
Seat 1: chacalay1 ($2.54 in chips) 
Seat 3: TornadeoJim ($1.89 in chips) 
Seat 4: deileon ($2.23 in chips) 
Seat 5: CestLavie95 ($5.72 in chips) 
Seat 6: arto30 ($0.83 in chips) 
Seat 7: Dorex2007 ($5.11 in chips) 
Seat 8: frosa9397 ($1.07 in chips) 
Seat 9: wALEXSANDRw ($1.98 in chips) 
CestLavie95: posts small blind $0.01
arto30: posts big blind $0.02
*** HOLE CARDS ***
Dealt to Dorex2007 [6h 2h]
Dorex2007: folds 
frosa9397: folds 
wALEXSANDRw: folds 
chacalay1: folds 
jrengifo13 leaves the table
TornadeoJim: raises $0.18 to $0.20
deileon: folds 
CestLavie95: folds 
arto30: folds 
Uncalled bet ($0.18) returned to TornadeoJim
TornadeoJim collected $0.05 from pot
*** SUMMARY ***
Total pot $0.05 | Rake $0 
Seat 1: chacalay1 folded before Flop (didn't bet)
Seat 3: TornadeoJim collected ($0.05)
Seat 4: deileon (button) folded before Flop (didn't bet)
Seat 5: CestLavie95 (small blind) folded before Flop
Seat 6: arto30 (big blind) folded before Flop
Seat 7: Dorex2007 folded before Flop (didn't bet)
Seat 8: frosa9397 folded before Flop (didn't bet)
Seat 9: wALEXSANDRw folded before Flop (didn't bet)



PokerStars Hand #237188766812:  Hold'em No Limit ($0.01/$0.02 USD) - 2022/07/05 21:09:41 PT [2022/07/06 0:09:41 ET]
Table 'Vibeke III' 9-max Seat #5 is the button
Seat 1: chacalay1 ($2.54 in chips) 
Seat 3: TornadeoJim ($1.92 in chips) 
Seat 4: deileon ($2.23 in chips) 
Seat 5: CestLavie95 ($5.71 in chips) 
Seat 6: arto30 ($0.81 in chips) 
Seat 7: Dorex2007 ($5.11 in chips) 
Seat 8: frosa9397 ($1.07 in chips) 
Seat 9: wALEXSANDRw ($1.98 in chips) 
arto30: posts small blind $0.01
Dorex2007: posts big blind $0.02
*** HOLE CARDS ***
Dealt to Dorex2007 [Tc Kd]
frosa9397: folds 
wALEXSANDRw: calls $0.02
chacalay1: folds 
TornadeoJim: folds 
deileon: folds 
CestLavie95 has timed out
CestLavie95: folds 
arto30: calls $0.01
Dorex2007: checks 
*** FLOP *** [8d 4h 5c]
arto30: checks 
Dorex2007: checks 
wALEXSANDRw: checks 
*** TURN *** [8d 4h 5c] [Kh]
arto30: bets $0.02
Dorex2007: raises $0.05 to $0.07
wALEXSANDRw: folds 
arto30: calls $0.05
*** RIVER *** [8d 4h 5c Kh] [Qd]
arto30: checks 
Dorex2007: checks 
*** SHOW DOWN ***
arto30: shows [4c As] (a pair of Fours)
Dorex2007: shows [Tc Kd] (a pair of Kings)
Dorex2007 collected $0.19 from pot
*** SUMMARY ***
Total pot $0.20 | Rake $0.01 
Board [8d 4h 5c Kh Qd]
Seat 1: chacalay1 folded before Flop (didn't bet)
Seat 3: TornadeoJim folded before Flop (didn't bet)
Seat 4: deileon folded before Flop (didn't bet)
Seat 5: CestLavie95 (button) folded before Flop (didn't bet)
Seat 6: arto30 (small blind) showed [4c As] and lost with a pair of Fours
Seat 7: Dorex2007 (big blind) showed [Tc Kd] and won ($0.19) with a pair of Kings
Seat 8: frosa9397 folded before Flop (didn't bet)
Seat 9: wALEXSANDRw folded on the Turn



PokerStars Hand #237188773867:  Hold'em No Limit ($0.01/$0.02 USD) - 2022/07/05 21:10:35 PT [2022/07/06 0:10:35 ET]
Table 'Vibeke III' 9-max Seat #6 is the button
Seat 1: chacalay1 ($2.54 in chips) 
Seat 3: TornadeoJim ($1.92 in chips) 
Seat 4: deileon ($2.23 in chips) 
Seat 5: CestLavie95 ($5.71 in chips) 
Seat 6: arto30 ($0.72 in chips) 
Seat 7: Dorex2007 ($5.21 in chips) 
Seat 8: frosa9397 ($1.07 in chips) 
Seat 9: wALEXSANDRw ($1.96 in chips) 
Dorex2007: posts small blind $0.01
frosa9397: posts big blind $0.02
*** HOLE CARDS ***
Dealt to Dorex2007 [2h 7d]
wALEXSANDRw: raises $0.02 to $0.04
chacalay1: calls $0.04
TornadeoJim: folds 
deileon has timed out
deileon: folds 
CestLavie95: folds 
arto30: raises $0.15 to $0.19
Dorex2007: folds 
frosa9397: folds 
wALEXSANDRw: folds 
chacalay1: calls $0.15
*** FLOP *** [8c 7c As]
chacalay1: bets $2.35 and is all-in
arto30: folds 
Uncalled bet ($2.35) returned to chacalay1
chacalay1 collected $0.43 from pot
*** SUMMARY ***
Total pot $0.45 | Rake $0.02 
Board [8c 7c As]
Seat 1: chacalay1 collected ($0.43)
Seat 3: TornadeoJim folded before Flop (didn't bet)
Seat 4: deileon folded before Flop (didn't bet)
Seat 5: CestLavie95 folded before Flop (didn't bet)
Seat 6: arto30 (button) folded on the Flop
Seat 7: Dorex2007 (small blind) folded before Flop
Seat 8: frosa9397 (big blind) folded before Flop
Seat 9: wALEXSANDRw folded before Flop



PokerStars Hand #237188782488:  Hold'em No Limit ($0.01/$0.02 USD) - 2022/07/05 21:11:42 PT [2022/07/06 0:11:42 ET]
Table 'Vibeke III' 9-max Seat #7 is the button
Seat 1: chacalay1 ($2.78 in chips) 
Seat 3: TornadeoJim ($1.92 in chips) 
Seat 5: CestLavie95 ($5.71 in chips) 
Seat 6: arto30 ($0.53 in chips) 
Seat 7: Dorex2007 ($5.20 in chips) 
Seat 8: frosa9397 ($1.05 in chips) 
Seat 9: wALEXSANDRw ($1.92 in chips) 
frosa9397: posts small blind $0.01
wALEXSANDRw: posts big blind $0.02
*** HOLE CARDS ***
Dealt to Dorex2007 [4d Tc]
chacalay1: folds 
TornadeoJim: folds 
CestLavie95: folds 
arto30: calls $0.02
Dorex2007: folds 
frosa9397: folds 
wALEXSANDRw: checks 
*** FLOP *** [3h Kd 6c]
wALEXSANDRw: checks 
arto30: checks 
*** TURN *** [3h Kd 6c] [8d]
wALEXSANDRw: bets $0.04
frosa9397 is disconnected 
arto30: folds 
Uncalled bet ($0.04) returned to wALEXSANDRw
wALEXSANDRw collected $0.05 from pot
*** SUMMARY ***
Total pot $0.05 | Rake $0 
Board [3h Kd 6c 8d]
Seat 1: chacalay1 folded before Flop (didn't bet)
Seat 3: TornadeoJim folded before Flop (didn't bet)
Seat 5: CestLavie95 folded before Flop (didn't bet)
Seat 6: arto30 folded on the Turn
Seat 7: Dorex2007 (button) folded before Flop (didn't bet)
Seat 8: frosa9397 (small blind) folded before Flop
Seat 9: wALEXSANDRw (big blind) collected ($0.05)



PokerStars Hand #237188786065:  Hold'em No Limit ($0.01/$0.02 USD) - 2022/07/05 21:12:10 PT [2022/07/06 0:12:10 ET]
Table 'Vibeke III' 9-max Seat #8 is the button
Seat 1: chacalay1 ($2.78 in chips) 
Seat 3: TornadeoJim ($1.92 in chips) 
Seat 5: CestLavie95 ($5.71 in chips) 
Seat 6: arto30 ($0.51 in chips) 
Seat 7: Dorex2007 ($5.20 in chips) 
Seat 8: frosa9397 ($1.04 in chips) 
Seat 9: wALEXSANDRw ($1.95 in chips) 
wALEXSANDRw: posts small blind $0.01
chacalay1: posts big blind $0.02
*** HOLE CARDS ***
Dealt to Dorex2007 [9s 5c]
TornadeoJim: folds 
CestLavie95: folds 
arto30: calls $0.02
Dorex2007: folds 
frosa9397 has timed out while disconnected
frosa9397: folds 
wALEXSANDRw: calls $0.01
chacalay1: checks 
*** FLOP *** [Tc Jd 4h]
wALEXSANDRw: checks 
oreniDiM joins the table at seat #2 
chacalay1: checks 
arto30: checks 
*** TURN *** [Tc Jd 4h] [Ad]
wALEXSANDRw: checks 
chacalay1: checks 
arto30: checks 
*** RIVER *** [Tc Jd 4h Ad] [3d]
wALEXSANDRw: checks 
chacalay1: bets $0.04
arto30: folds 
wALEXSANDRw: raises $0.08 to $0.12
chacalay1: folds 
Uncalled bet ($0.08) returned to wALEXSANDRw
wALEXSANDRw collected $0.14 from pot
*** SUMMARY ***
Total pot $0.14 | Rake $0 
Board [Tc Jd 4h Ad 3d]
Seat 1: chacalay1 (big blind) folded on the River
Seat 3: TornadeoJim folded before Flop (didn't bet)
Seat 5: CestLavie95 folded before Flop (didn't bet)
Seat 6: arto30 folded on the River
Seat 7: Dorex2007 folded before Flop (didn't bet)
Seat 8: frosa9397 (button) folded before Flop (didn't bet)
Seat 9: wALEXSANDRw (small blind) collected ($0.14)



PokerStars Hand #237188795582:  Hold'em No Limit ($0.01/$0.02 USD) - 2022/07/05 21:13:24 PT [2022/07/06 0:13:24 ET]
Table 'Vibeke III' 9-max Seat #9 is the button
Seat 1: chacalay1 ($2.72 in chips) 
Seat 2: oreniDiM ($0.80 in chips) 
Seat 3: TornadeoJim ($1.92 in chips) 
Seat 5: CestLavie95 ($5.71 in chips) 
Seat 6: arto30 ($0.49 in chips) 
Seat 7: Dorex2007 ($5.20 in chips) 
Seat 9: wALEXSANDRw ($2.03 in chips) 
chacalay1: posts small blind $0.01
oreniDiM: posts big blind $0.02
*** HOLE CARDS ***
Dealt to Dorex2007 [3h Ah]
TornadeoJim: calls $0.02
CestLavie95: folds 
arto30: folds 
Dorex2007: calls $0.02
wALEXSANDRw: calls $0.02
chacalay1: calls $0.01
oreniDiM: checks 
*** FLOP *** [9c 8d 7d]
chacalay1: checks 
oreniDiM: checks 
TornadeoJim: checks 
Dorex2007: checks 
wALEXSANDRw: checks 
*** TURN *** [9c 8d 7d] [9h]
chacalay1: checks 
oreniDiM: checks 
TornadeoJim: checks 
Dorex2007: checks 
wALEXSANDRw: checks 
*** RIVER *** [9c 8d 7d 9h] [7c]
chacalay1: checks 
oreniDiM: checks 
TornadeoJim: checks 
Dorex2007: checks 
wALEXSANDRw: checks 
*** SHOW DOWN ***
chacalay1: shows [Qh As] (two pair, Nines and Sevens)
oreniDiM: mucks hand 
TornadeoJim: shows [Ac Tc] (two pair, Nines and Sevens)
Dorex2007: shows [3h Ah] (two pair, Nines and Sevens)
wALEXSANDRw: mucks hand 
chacalay1 collected $0.04 from pot
TornadeoJim collected $0.03 from pot
Dorex2007 collected $0.03 from pot
*** SUMMARY ***
Total pot $0.10 | Rake $0 
Board [9c 8d 7d 9h 7c]
Seat 1: chacalay1 (small blind) showed [Qh As] and won ($0.04) with two pair, Nines and Sevens
Seat 2: oreniDiM (big blind) mucked [3c Kh]
Seat 3: TornadeoJim showed [Ac Tc] and won ($0.03) with two pair, Nines and Sevens
Seat 5: CestLavie95 folded before Flop (didn't bet)
Seat 6: arto30 folded before Flop (didn't bet)
Seat 7: Dorex2007 showed [3h Ah] and won ($0.03) with two pair, Nines and Sevens
Seat 9: wALEXSANDRw (button) mucked [5c 2h]



PokerStars Hand #237188806559:  Hold'em No Limit ($0.01/$0.02 USD) - 2022/07/05 21:14:49 PT [2022/07/06 0:14:49 ET]
Table 'Vibeke III' 9-max Seat #1 is the button
Seat 1: chacalay1 ($2.74 in chips) 
Seat 2: oreniDiM ($0.78 in chips) 
Seat 3: TornadeoJim ($1.93 in chips) 
Seat 5: CestLavie95 ($5.71 in chips) 
Seat 6: arto30 ($0.49 in chips) 
Seat 7: Dorex2007 ($5.21 in chips) 
Seat 9: wALEXSANDRw ($2.01 in chips) 
oreniDiM: posts small blind $0.01
TornadeoJim: posts big blind $0.02
*** HOLE CARDS ***
Dealt to Dorex2007 [Th Jh]
CestLavie95: folds 
arto30: calls $0.02
Dorex2007: raises $0.04 to $0.06
wALEXSANDRw: folds 
chacalay1: folds 
oreniDiM: folds 
TornadeoJim: folds 
arto30: calls $0.04
*** FLOP *** [Jc 9c As]
arto30: bets $0.07
Dorex2007: folds 
Uncalled bet ($0.07) returned to arto30
arto30 collected $0.14 from pot
*** SUMMARY ***
Total pot $0.15 | Rake $0.01 
Board [Jc 9c As]
Seat 1: chacalay1 (button) folded before Flop (didn't bet)
Seat 2: oreniDiM (small blind) folded before Flop
Seat 3: TornadeoJim (big blind) folded before Flop
Seat 5: CestLavie95 folded before Flop (didn't bet)
Seat 6: arto30 collected ($0.14)
Seat 7: Dorex2007 folded on the Flop
Seat 9: wALEXSANDRw folded before Flop (didn't bet)



PokerStars Hand #237188810396:  Hold'em No Limit ($0.01/$0.02 USD) - 2022/07/05 21:15:19 PT [2022/07/06 0:15:19 ET]
Table 'Vibeke III' 9-max Seat #2 is the button
Seat 1: chacalay1 ($2.74 in chips) 
Seat 2: oreniDiM ($0.77 in chips) 
Seat 3: TornadeoJim ($1.91 in chips) 
Seat 5: CestLavie95 ($5.71 in chips) 
Seat 6: arto30 ($0.57 in chips) 
Seat 7: Dorex2007 ($5.15 in chips) 
Seat 9: wALEXSANDRw ($2.01 in chips) 
TornadeoJim: posts small blind $0.01
CestLavie95: posts big blind $0.02
*** HOLE CARDS ***
Dealt to Dorex2007 [7d 9h]
arto30: raises $0.55 to $0.57 and is all-in
Dorex2007: folds 
wALEXSANDRw: folds 
chacalay1: folds 
oreniDiM: folds 
TornadeoJim: folds 
CestLavie95: folds 
Uncalled bet ($0.55) returned to arto30
arto30 collected $0.05 from pot
*** SUMMARY ***
Total pot $0.05 | Rake $0 
Seat 1: chacalay1 folded before Flop (didn't bet)
Seat 2: oreniDiM (button) folded before Flop (didn't bet)
Seat 3: TornadeoJim (small blind) folded before Flop
Seat 5: CestLavie95 (big blind) folded before Flop
Seat 6: arto30 collected ($0.05)
Seat 7: Dorex2007 folded before Flop (didn't bet)
Seat 9: wALEXSANDRw folded before Flop (didn't bet)



PokerStars Hand #237188812512:  Hold'em No Limit ($0.01/$0.02 USD) - 2022/07/05 21:15:36 PT [2022/07/06 0:15:36 ET]
Table 'Vibeke III' 9-max Seat #3 is the button
Seat 1: chacalay1 ($2.74 in chips) 
Seat 2: oreniDiM ($0.77 in chips) 
Seat 3: TornadeoJim ($1.90 in chips) 
Seat 5: CestLavie95 ($5.69 in chips) 
Seat 6: arto30 ($0.60 in chips) 
Seat 7: Dorex2007 ($5.15 in chips) 
Seat 9: wALEXSANDRw ($2.01 in chips) 
CestLavie95: posts small blind $0.01
arto30: posts big blind $0.02
*** HOLE CARDS ***
Dealt to Dorex2007 [Js 9s]
Dorex2007: folds 
wALEXSANDRw: raises $0.02 to $0.04
chacalay1: folds 
oreniDiM: calls $0.04
TornadeoJim: folds 
CestLavie95: folds 
arto30: calls $0.02
*** FLOP *** [9h 4d 9d]
arto30: bets $0.06
wALEXSANDRw: folds 
oreniDiM: calls $0.06
*** TURN *** [9h 4d 9d] [Qh]
arto30: bets $0.12
oreniDiM: calls $0.12
*** RIVER *** [9h 4d 9d Qh] [8d]
arto30: bets $0.38 and is all-in
oreniDiM: folds 
Uncalled bet ($0.38) returned to arto30
arto30 collected $0.47 from pot
*** SUMMARY ***
Total pot $0.49 | Rake $0.02 
Board [9h 4d 9d Qh 8d]
Seat 1: chacalay1 folded before Flop (didn't bet)
Seat 2: oreniDiM folded on the River
Seat 3: TornadeoJim (button) folded before Flop (didn't bet)
Seat 5: CestLavie95 (small blind) folded before Flop
Seat 6: arto30 (big blind) collected ($0.47)
Seat 7: Dorex2007 folded before Flop (didn't bet)
Seat 9: wALEXSANDRw folded on the Flop



PokerStars Hand #237188820235:  Hold'em No Limit ($0.01/$0.02 USD) - 2022/07/05 21:16:36 PT [2022/07/06 0:16:36 ET]
Table 'Vibeke III' 9-max Seat #5 is the button
Seat 1: chacalay1 ($2.74 in chips) 
Seat 2: oreniDiM ($0.55 in chips) 
Seat 3: TornadeoJim ($1.90 in chips) 
Seat 4: deileon ($2.23 in chips) 
Seat 5: CestLavie95 ($5.68 in chips) 
Seat 6: arto30 ($0.85 in chips) 
Seat 7: Dorex2007 ($5.15 in chips) 
Seat 9: wALEXSANDRw ($1.97 in chips) 
arto30: posts small blind $0.01
Dorex2007: posts big blind $0.02
deileon: posts small & big blinds $0.03
*** HOLE CARDS ***
Dealt to Dorex2007 [Qd 4d]
wALEXSANDRw: calls $0.02
chacalay1: folds 
oreniDiM: folds 
TornadeoJim: folds 
deileon: checks 
CestLavie95: calls $0.02
arto30: calls $0.01
Dorex2007: checks 
*** FLOP *** [Ts Ad 2h]
arto30: checks 
Dorex2007: checks 
wALEXSANDRw: checks 
deileon: bets $0.05
CestLavie95: folds 
arto30: folds 
Dorex2007: folds 
wALEXSANDRw: folds 
Uncalled bet ($0.05) returned to deileon
deileon collected $0.11 from pot
*** SUMMARY ***
Total pot $0.11 | Rake $0 
Board [Ts Ad 2h]
Seat 1: chacalay1 folded before Flop (didn't bet)
Seat 2: oreniDiM folded before Flop (didn't bet)
Seat 3: TornadeoJim folded before Flop (didn't bet)
Seat 4: deileon collected ($0.11)
Seat 5: CestLavie95 (button) folded on the Flop
Seat 6: arto30 (small blind) folded on the Flop
Seat 7: Dorex2007 (big blind) folded on the Flop
Seat 9: wALEXSANDRw folded on the Flop



PokerStars Hand #237188826807:  Hold'em No Limit ($0.01/$0.02 USD) - 2022/07/05 21:17:28 PT [2022/07/06 0:17:28 ET]
Table 'Vibeke III' 9-max Seat #6 is the button
Seat 1: chacalay1 ($2.74 in chips) 
Seat 2: oreniDiM ($0.55 in chips) 
Seat 3: TornadeoJim ($1.90 in chips) 
Seat 4: deileon ($2.31 in chips) 
Seat 5: CestLavie95 ($5.66 in chips) 
Seat 6: arto30 ($0.83 in chips) 
Seat 7: Dorex2007 ($5.13 in chips) 
Seat 9: wALEXSANDRw ($1.95 in chips) 
Dorex2007: posts small blind $0.01
wALEXSANDRw: posts big blind $0.02
*** HOLE CARDS ***
Dealt to Dorex2007 [Js 4d]
chacalay1: folds 
oreniDiM: folds 
TornadeoJim: folds 
deileon: folds 
CestLavie95: folds 
arto30: folds 
Dorex2007: folds 
Uncalled bet ($0.01) returned to wALEXSANDRw
wALEXSANDRw collected $0.02 from pot
*** SUMMARY ***
Total pot $0.02 | Rake $0 
Seat 1: chacalay1 folded before Flop (didn't bet)
Seat 2: oreniDiM folded before Flop (didn't bet)
Seat 3: TornadeoJim folded before Flop (didn't bet)
Seat 4: deileon folded before Flop (didn't bet)
Seat 5: CestLavie95 folded before Flop (didn't bet)
Seat 6: arto30 (button) folded before Flop (didn't bet)
Seat 7: Dorex2007 (small blind) folded before Flop
Seat 9: wALEXSANDRw (big blind) collected ($0.02)



PokerStars Hand #237188828566:  Hold'em No Limit ($0.01/$0.02 USD) - 2022/07/05 21:17:42 PT [2022/07/06 0:17:42 ET]
Table 'Vibeke III' 9-max Seat #7 is the button
Seat 1: chacalay1 ($2.74 in chips) 
Seat 2: oreniDiM ($0.55 in chips) 
Seat 3: TornadeoJim ($1.90 in chips) 
Seat 4: deileon ($2.31 in chips) 
Seat 5: CestLavie95 ($5.66 in chips) 
Seat 6: arto30 ($0.83 in chips) 
Seat 7: Dorex2007 ($5.12 in chips) 
Seat 9: wALEXSANDRw ($1.96 in chips) 
wALEXSANDRw: posts small blind $0.01
chacalay1: posts big blind $0.02
*** HOLE CARDS ***
Dealt to Dorex2007 [Kc 5c]
oreniDiM: folds 
TornadeoJim: folds 
deileon: folds 
CestLavie95: calls $0.02
arto30: calls $0.02
Dorex2007: folds 
wALEXSANDRw: calls $0.01
chacalay1: checks 
*** FLOP *** [3h 6s Jh]
wALEXSANDRw: bets $0.04
chacalay1: folds 
CestLavie95: raises $0.06 to $0.10
arto30: folds 
wALEXSANDRw: calls $0.06
*** TURN *** [3h 6s Jh] [Js]
wALEXSANDRw: checks 
CestLavie95: bets $0.20
wALEXSANDRw: calls $0.20
*** RIVER *** [3h 6s Jh Js] [4s]
wALEXSANDRw: checks 
CestLavie95: bets $0.74
wALEXSANDRw: calls $0.74
*** SHOW DOWN ***
CestLavie95: shows [Jd 9h] (three of a kind, Jacks)
wALEXSANDRw: shows [6d 6h] (a full house, Sixes full of Jacks)
wALEXSANDRw collected $2.08 from pot
*** SUMMARY ***
Total pot $2.16 | Rake $0.08 
Board [3h 6s Jh Js 4s]
Seat 1: chacalay1 (big blind) folded on the Flop
Seat 2: oreniDiM folded before Flop (didn't bet)
Seat 3: TornadeoJim folded before Flop (didn't bet)
Seat 4: deileon folded before Flop (didn't bet)
Seat 5: CestLavie95 showed [Jd 9h] and lost with three of a kind, Jacks
Seat 6: arto30 folded on the Flop
Seat 7: Dorex2007 (button) folded before Flop (didn't bet)
Seat 9: wALEXSANDRw (small blind) showed [6d 6h] and won ($2.08) with a full house, Sixes full of Jacks



PokerStars Hand #237188835772:  Hold'em No Limit ($0.01/$0.02 USD) - 2022/07/05 21:18:40 PT [2022/07/06 0:18:40 ET]
Table 'Vibeke III' 9-max Seat #9 is the button
Seat 1: chacalay1 ($2.72 in chips) 
Seat 2: oreniDiM ($0.55 in chips) 
Seat 3: TornadeoJim ($1.90 in chips) 
Seat 4: deileon ($2.31 in chips) 
Seat 5: CestLavie95 ($4.60 in chips) 
Seat 6: arto30 ($0.81 in chips) 
Seat 7: Dorex2007 ($5.12 in chips) 
Seat 9: wALEXSANDRw ($2.98 in chips) 
chacalay1: posts small blind $0.01
oreniDiM: posts big blind $0.02
*** HOLE CARDS ***
Dealt to Dorex2007 [4d 2s]
TornadeoJim: folds 
deileon: folds 
CestLavie95: folds 
arto30: folds 
Dorex2007: folds 
wALEXSANDRw: raises $0.04 to $0.06
chacalay1: folds 
oreniDiM: folds 
Uncalled bet ($0.04) returned to wALEXSANDRw
wALEXSANDRw collected $0.05 from pot
*** SUMMARY ***
Total pot $0.05 | Rake $0 
Seat 1: chacalay1 (small blind) folded before Flop
Seat 2: oreniDiM (big blind) folded before Flop
Seat 3: TornadeoJim folded before Flop (didn't bet)
Seat 4: deileon folded before Flop (didn't bet)
Seat 5: CestLavie95 folded before Flop (didn't bet)
Seat 6: arto30 folded before Flop (didn't bet)
Seat 7: Dorex2007 folded before Flop (didn't bet)
Seat 9: wALEXSANDRw (button) collected ($0.05)



PokerStars Hand #237188839187:  Hold'em No Limit ($0.01/$0.02 USD) - 2022/07/05 21:19:08 PT [2022/07/06 0:19:08 ET]
Table 'Vibeke III' 9-max Seat #1 is the button
Seat 1: chacalay1 ($2.71 in chips) 
Seat 2: oreniDiM ($0.53 in chips) 
Seat 3: TornadeoJim ($1.90 in chips) 
Seat 4: deileon ($2.31 in chips) 
Seat 5: CestLavie95 ($4.60 in chips) 
Seat 6: arto30 ($0.81 in chips) 
Seat 7: Dorex2007 ($5.12 in chips) 
Seat 9: wALEXSANDRw ($3.01 in chips) 
oreniDiM: posts small blind $0.01
TornadeoJim: posts big blind $0.02
*** HOLE CARDS ***
Dealt to Dorex2007 [5h Qs]
deileon: folds 
CestLavie95 has timed out
CestLavie95: folds 
arto30: calls $0.02
Dorex2007: folds 
wALEXSANDRw: calls $0.02
chacalay1: raises $0.10 to $0.12
oreniDiM: folds 
TornadeoJim: folds 
arto30: folds 
wALEXSANDRw: folds 
Uncalled bet ($0.10) returned to chacalay1
chacalay1 collected $0.09 from pot
*** SUMMARY ***
Total pot $0.09 | Rake $0 
Seat 1: chacalay1 (button) collected ($0.09)
Seat 2: oreniDiM (small blind) folded before Flop
Seat 3: TornadeoJim (big blind) folded before Flop
Seat 4: deileon folded before Flop (didn't bet)
Seat 5: CestLavie95 folded before Flop (didn't bet)
Seat 6: arto30 folded before Flop
Seat 7: Dorex2007 folded before Flop (didn't bet)
Seat 9: wALEXSANDRw folded before Flop



PokerStars Hand #237188843696:  Hold'em No Limit ($0.01/$0.02 USD) - 2022/07/05 21:19:44 PT [2022/07/06 0:19:44 ET]
Table 'Vibeke III' 9-max Seat #2 is the button
Seat 1: chacalay1 ($2.78 in chips) 
Seat 2: oreniDiM ($0.52 in chips) 
Seat 3: TornadeoJim ($1.88 in chips) 
Seat 4: deileon ($2.31 in chips) 
Seat 6: arto30 ($0.79 in chips) 
Seat 7: Dorex2007 ($5.12 in chips) 
Seat 9: wALEXSANDRw ($2.99 in chips) 
TornadeoJim: posts small blind $0.01
deileon: posts big blind $0.02
*** HOLE CARDS ***
Dealt to Dorex2007 [3h 6c]
arto30: folds 
Dorex2007: folds 
wALEXSANDRw: raises $0.04 to $0.06
chacalay1: folds 
oreniDiM: folds 
TornadeoJim: folds 
deileon: folds 
Uncalled bet ($0.04) returned to wALEXSANDRw
wALEXSANDRw collected $0.05 from pot
*** SUMMARY ***
Total pot $0.05 | Rake $0 
Seat 1: chacalay1 folded before Flop (didn't bet)
Seat 2: oreniDiM (button) folded before Flop (didn't bet)
Seat 3: TornadeoJim (small blind) folded before Flop
Seat 4: deileon (big blind) folded before Flop
Seat 6: arto30 folded before Flop (didn't bet)
Seat 7: Dorex2007 folded before Flop (didn't bet)
Seat 9: wALEXSANDRw collected ($0.05)



PokerStars Hand #237188846843:  Hold'em No Limit ($0.01/$0.02 USD) - 2022/07/05 21:20:09 PT [2022/07/06 0:20:09 ET]
Table 'Vibeke III' 9-max Seat #3 is the button
Seat 1: chacalay1 ($2.78 in chips) 
Seat 2: oreniDiM ($0.52 in chips) 
Seat 3: TornadeoJim ($1.87 in chips) 
Seat 4: deileon ($2.29 in chips) 
Seat 6: arto30 ($0.79 in chips) 
Seat 7: Dorex2007 ($5.12 in chips) 
Seat 9: wALEXSANDRw ($3.02 in chips) 
deileon: posts small blind $0.01
arto30: posts big blind $0.02
*** HOLE CARDS ***
Dealt to Dorex2007 [Ks 4s]
Dorex2007: calls $0.02
wALEXSANDRw: raises $0.06 to $0.08
chacalay1: folds 
oreniDiM: folds 
TornadeoJim: folds 
deileon: folds 
arto30: calls $0.06
Dorex2007: folds 
*** FLOP *** [9s 8s 7h]
arto30: bets $0.18
wALEXSANDRw: calls $0.18
*** TURN *** [9s 8s 7h] [7s]
arto30: bets $0.53 and is all-in
wALEXSANDRw: folds 
Uncalled bet ($0.53) returned to arto30
arto30 collected $0.53 from pot
*** SUMMARY ***
Total pot $0.55 | Rake $0.02 
Board [9s 8s 7h 7s]
Seat 1: chacalay1 folded before Flop (didn't bet)
Seat 2: oreniDiM folded before Flop (didn't bet)
Seat 3: TornadeoJim (button) folded before Flop (didn't bet)
Seat 4: deileon (small blind) folded before Flop
Seat 6: arto30 (big blind) collected ($0.53)
Seat 7: Dorex2007 folded before Flop
Seat 9: wALEXSANDRw folded on the Turn



PokerStars Hand #237188854229:  Hold'em No Limit ($0.01/$0.02 USD) - 2022/07/05 21:21:09 PT [2022/07/06 0:21:09 ET]
Table 'Vibeke III' 9-max Seat #4 is the button
Seat 1: chacalay1 ($2.78 in chips) 
Seat 2: oreniDiM ($0.52 in chips) 
Seat 3: TornadeoJim ($1.87 in chips) 
Seat 4: deileon ($2.28 in chips) 
Seat 6: arto30 ($1.06 in chips) 
Seat 7: Dorex2007 ($5.10 in chips) 
Seat 9: wALEXSANDRw ($2.76 in chips) 
arto30: posts small blind $0.01
Dorex2007: posts big blind $0.02
*** HOLE CARDS ***
Dealt to Dorex2007 [7s 9d]
wALEXSANDRw: calls $0.02
chacalay1: folds 
oreniDiM: folds 
TornadeoJim: folds 
deileon: folds 
arto30: calls $0.01
Dorex2007: checks 
*** FLOP *** [5s 2c Ks]
arto30: bets $0.02
Dorex2007: folds 
wALEXSANDRw: folds 
Uncalled bet ($0.02) returned to arto30
arto30 collected $0.06 from pot
*** SUMMARY ***
Total pot $0.06 | Rake $0 
Board [5s 2c Ks]
Seat 1: chacalay1 folded before Flop (didn't bet)
Seat 2: oreniDiM folded before Flop (didn't bet)
Seat 3: TornadeoJim folded before Flop (didn't bet)
Seat 4: deileon (button) folded before Flop (didn't bet)
Seat 6: arto30 (small blind) collected ($0.06)
Seat 7: Dorex2007 (big blind) folded on the Flop
Seat 9: wALEXSANDRw folded on the Flop



PokerStars Hand #237188857993:  Hold'em No Limit ($0.01/$0.02 USD) - 2022/07/05 21:21:39 PT [2022/07/06 0:21:39 ET]
Table 'Vibeke III' 9-max Seat #6 is the button
Seat 1: chacalay1 ($2.78 in chips) 
Seat 2: oreniDiM ($0.52 in chips) 
Seat 3: TornadeoJim ($1.87 in chips) 
Seat 4: deileon ($2.28 in chips) 
Seat 6: arto30 ($1.10 in chips) 
Seat 7: Dorex2007 ($5.08 in chips) 
Seat 9: wALEXSANDRw ($2.74 in chips) 
Dorex2007: posts small blind $0.01
wALEXSANDRw: posts big blind $0.02
CestLavie95: sits out 
*** HOLE CARDS ***
Dealt to Dorex2007 [Tc Ts]
chacalay1: folds 
chacalay1 leaves the table
oreniDiM: folds 
TornadeoJim: folds 
deileon: folds 
arto30: calls $0.02
Dorex2007: raises $0.08 to $0.10
wALEXSANDRw: folds 
arto30: calls $0.08
*** FLOP *** [Qd As 4h]
frosa9397 leaves the table
Dorex2007: bets $0.10
arto30: calls $0.10
*** TURN *** [Qd As 4h] [Kc]
Dorex2007: checks 
arto30: bets $0.90 and is all-in
Dorex2007: folds 
Uncalled bet ($0.90) returned to arto30
arto30 collected $0.41 from pot
*** SUMMARY ***
Total pot $0.42 | Rake $0.01 
Board [Qd As 4h Kc]
Seat 1: chacalay1 folded before Flop (didn't bet)
Seat 2: oreniDiM folded before Flop (didn't bet)
Seat 3: TornadeoJim folded before Flop (didn't bet)
Seat 4: deileon folded before Flop (didn't bet)
Seat 6: arto30 (button) collected ($0.41)
Seat 7: Dorex2007 (small blind) folded on the Turn
Seat 9: wALEXSANDRw (big blind) folded before Flop



PokerStars Hand #237188864622:  Hold'em No Limit ($0.01/$0.02 USD) - 2022/07/05 21:22:32 PT [2022/07/06 0:22:32 ET]
Table 'Vibeke III' 9-max Seat #7 is the button
Seat 2: oreniDiM ($0.52 in chips) 
Seat 3: TornadeoJim ($1.87 in chips) 
Seat 4: deileon ($2.28 in chips) 
Seat 6: arto30 ($1.31 in chips) 
Seat 7: Dorex2007 ($4.88 in chips) 
Seat 9: wALEXSANDRw ($2.72 in chips) 
wALEXSANDRw: posts small blind $0.01
oreniDiM: posts big blind $0.02
CestLavie95: sits out 
*** HOLE CARDS ***
Dealt to Dorex2007 [Jd 2s]
TornadeoJim: folds 
deileon: folds 
arto30: folds 
Dorex2007: folds 
wALEXSANDRw: raises $0.04 to $0.06
oreniDiM: folds 
Uncalled bet ($0.04) returned to wALEXSANDRw
wALEXSANDRw collected $0.04 from pot
*** SUMMARY ***
Total pot $0.04 | Rake $0 
Seat 2: oreniDiM (big blind) folded before Flop
Seat 3: TornadeoJim folded before Flop (didn't bet)
Seat 4: deileon folded before Flop (didn't bet)
Seat 6: arto30 folded before Flop (didn't bet)
Seat 7: Dorex2007 (button) folded before Flop (didn't bet)
Seat 9: wALEXSANDRw (small blind) collected ($0.04)



PokerStars Hand #237188867585:  Hold'em No Limit ($0.01/$0.02 USD) - 2022/07/05 21:22:56 PT [2022/07/06 0:22:56 ET]
Table 'Vibeke III' 9-max Seat #9 is the button
Seat 2: oreniDiM ($0.50 in chips) 
Seat 3: TornadeoJim ($1.87 in chips) 
Seat 4: deileon ($2.28 in chips) 
Seat 6: arto30 ($1.31 in chips) 
Seat 7: Dorex2007 ($4.88 in chips) 
Seat 9: wALEXSANDRw ($2.74 in chips) 
oreniDiM: posts small blind $0.01
TornadeoJim: posts big blind $0.02
CestLavie95: sits out 
*** HOLE CARDS ***
Dealt to Dorex2007 [Qc Js]
deileon: calls $0.02
arto30: folds 
Dorex2007: raises $0.02 to $0.04
wALEXSANDRw: calls $0.04
oreniDiM: folds 
TornadeoJim: calls $0.02
deileon: calls $0.02
*** FLOP *** [5s Kh 4s]
TornadeoJim: checks 
deileon: checks 
Dorex2007: checks 
wALEXSANDRw: checks 
*** TURN *** [5s Kh 4s] [Qd]
TornadeoJim: checks 
deileon: checks 
Dorex2007: bets $0.08
wALEXSANDRw: folds 
TornadeoJim: folds 
deileon: folds 
Uncalled bet ($0.08) returned to Dorex2007
Dorex2007 collected $0.16 from pot
*** SUMMARY ***
Total pot $0.17 | Rake $0.01 
Board [5s Kh 4s Qd]
Seat 2: oreniDiM (small blind) folded before Flop
Seat 3: TornadeoJim (big blind) folded on the Turn
Seat 4: deileon folded on the Turn
Seat 6: arto30 folded before Flop (didn't bet)
Seat 7: Dorex2007 collected ($0.16)
Seat 9: wALEXSANDRw (button) folded on the Turn



PokerStars Hand #237188877581:  Hold'em No Limit ($0.01/$0.02 USD) - 2022/07/05 21:24:16 PT [2022/07/06 0:24:16 ET]
Table 'Vibeke III' 9-max Seat #2 is the button
Seat 2: oreniDiM ($0.49 in chips) 
Seat 3: TornadeoJim ($1.83 in chips) 
Seat 4: deileon ($2.24 in chips) 
Seat 6: arto30 ($1.31 in chips) 
Seat 7: Dorex2007 ($5 in chips) 
Seat 9: wALEXSANDRw ($2.70 in chips) 
TornadeoJim: posts small blind $0.01
deileon: posts big blind $0.02
CestLavie95: sits out 
*** HOLE CARDS ***
Dealt to Dorex2007 [8d 3h]
arto30: calls $0.02
Dorex2007: folds 
wALEXSANDRw: calls $0.02
oreniDiM: folds 
TornadeoJim: calls $0.01
deileon: checks 
*** FLOP *** [Ad Jd 9c]
TornadeoJim: checks 
deileon: checks 
arto30: bets $0.02
wALEXSANDRw: calls $0.02
TornadeoJim: calls $0.02
deileon: folds 
*** TURN *** [Ad Jd 9c] [5d]
TornadeoJim: checks 
arto30: checks 
wALEXSANDRw: checks 
*** RIVER *** [Ad Jd 9c 5d] [Th]
TornadeoJim: bets $0.02
arto30: calls $0.02
wALEXSANDRw: raises $0.06 to $0.08
TornadeoJim: calls $0.06
arto30: folds 
*** SHOW DOWN ***
wALEXSANDRw: shows [7d 2d] (a flush, Ace high)
TornadeoJim: mucks hand 
wALEXSANDRw collected $0.31 from pot
*** SUMMARY ***
Total pot $0.32 | Rake $0.01 
Board [Ad Jd 9c 5d Th]
Seat 2: oreniDiM (button) folded before Flop (didn't bet)
Seat 3: TornadeoJim (small blind) mucked [8h 7c]
Seat 4: deileon (big blind) folded on the Flop
Seat 6: arto30 folded on the River
Seat 7: Dorex2007 folded before Flop (didn't bet)
Seat 9: wALEXSANDRw showed [7d 2d] and won ($0.31) with a flush, Ace high



PokerStars Hand #237188886262:  Hold'em No Limit ($0.01/$0.02 USD) - 2022/07/05 21:25:25 PT [2022/07/06 0:25:25 ET]
Table 'Vibeke III' 9-max Seat #3 is the button
Seat 2: oreniDiM ($0.49 in chips) 
Seat 3: TornadeoJim ($1.71 in chips) 
Seat 4: deileon ($2.22 in chips) 
Seat 5: CestLavie95 ($4.60 in chips) 
Seat 6: arto30 ($1.25 in chips) 
Seat 7: Dorex2007 ($5 in chips) 
Seat 9: wALEXSANDRw ($2.89 in chips) 
deileon: posts small blind $0.01
CestLavie95: posts big blind $0.02
*** HOLE CARDS ***
Dealt to Dorex2007 [Jd Qs]
arto30: folds 
Dorex2007: raises $0.02 to $0.04
wALEXSANDRw: calls $0.04
oreniDiM: calls $0.04
TornadeoJim: folds 
deileon: folds 
CestLavie95: folds 
*** FLOP *** [2h Kd Tc]
Dorex2007: bets $0.07
wALEXSANDRw: folds 
oreniDiM: raises $0.07 to $0.14
Dorex2007: calls $0.07
*** TURN *** [2h Kd Tc] [5c]
Dorex2007: checks 
oreniDiM: bets $0.31 and is all-in
Dorex2007: calls $0.31
*** RIVER *** [2h Kd Tc 5c] [Jh]
*** SHOW DOWN ***
Dorex2007: shows [Jd Qs] (a pair of Jacks)
oreniDiM: shows [As Kc] (a pair of Kings)
oreniDiM collected $1.01 from pot
*** SUMMARY ***
Total pot $1.05 | Rake $0.04 
Board [2h Kd Tc 5c Jh]
Seat 2: oreniDiM showed [As Kc] and won ($1.01) with a pair of Kings
Seat 3: TornadeoJim (button) folded before Flop (didn't bet)
Seat 4: deileon (small blind) folded before Flop
Seat 5: CestLavie95 (big blind) folded before Flop
Seat 6: arto30 folded before Flop (didn't bet)
Seat 7: Dorex2007 showed [Jd Qs] and lost with a pair of Jacks
Seat 9: wALEXSANDRw folded on the Flop



PokerStars Hand #237188895204:  Hold'em No Limit ($0.01/$0.02 USD) - 2022/07/05 21:26:34 PT [2022/07/06 0:26:34 ET]
Table 'Vibeke III' 9-max Seat #4 is the button
Seat 2: oreniDiM ($1.01 in chips) 
Seat 3: TornadeoJim ($1.71 in chips) 
Seat 4: deileon ($2.21 in chips) 
Seat 5: CestLavie95 ($4.58 in chips) 
Seat 6: arto30 ($1.25 in chips) 
Seat 7: Dorex2007 ($4.51 in chips) 
Seat 9: wALEXSANDRw ($2.85 in chips) 
CestLavie95: posts small blind $0.01
arto30: posts big blind $0.02
*** HOLE CARDS ***
Dealt to Dorex2007 [Ts 9s]
Dorex2007 has timed out
Dorex2007: folds 
wALEXSANDRw: folds 
oreniDiM: folds 
TornadeoJim: folds 
deileon: folds 
CestLavie95: folds 
Uncalled bet ($0.01) returned to arto30
arto30 collected $0.02 from pot
*** SUMMARY ***
Total pot $0.02 | Rake $0 
Seat 2: oreniDiM folded before Flop (didn't bet)
Seat 3: TornadeoJim folded before Flop (didn't bet)
Seat 4: deileon (button) folded before Flop (didn't bet)
Seat 5: CestLavie95 (small blind) folded before Flop
Seat 6: arto30 (big blind) collected ($0.02)
Seat 7: Dorex2007 folded before Flop (didn't bet)
Seat 9: wALEXSANDRw folded before Flop (didn't bet)



PokerStars Hand #237188898204:  Hold'em No Limit ($0.01/$0.02 USD) - 2022/07/05 21:26:58 PT [2022/07/06 0:26:58 ET]
Table 'Vibeke III' 9-max Seat #5 is the button
Seat 2: oreniDiM ($1.01 in chips) 
Seat 3: TornadeoJim ($1.71 in chips) 
Seat 4: deileon ($2.21 in chips) 
Seat 5: CestLavie95 ($4.57 in chips) 
Seat 6: arto30 ($1.26 in chips) 
Seat 7: Dorex2007 ($4.51 in chips) 
Seat 9: wALEXSANDRw ($2.85 in chips) 
arto30: posts small blind $0.01
Dorex2007: posts big blind $0.02
*** HOLE CARDS ***
Dealt to Dorex2007 [Ts 9h]
wALEXSANDRw: folds 
oreniDiM: folds 
TornadeoJim: folds 
deileon: folds 
CestLavie95 has timed out
CestLavie95: folds 
arto30: calls $0.01
Dorex2007: checks 
*** FLOP *** [2c Qd 6d]
Prince Mantis joins the table at seat #1 
arto30: checks 
Dorex2007: checks 
*** TURN *** [2c Qd 6d] [8s]
arto30: checks 
Dorex2007: checks 
*** RIVER *** [2c Qd 6d 8s] [Qc]
arto30: bets $0.04
Dorex2007: folds 
Uncalled bet ($0.04) returned to arto30
arto30 collected $0.04 from pot
*** SUMMARY ***
Total pot $0.04 | Rake $0 
Board [2c Qd 6d 8s Qc]
Seat 2: oreniDiM folded before Flop (didn't bet)
Seat 3: TornadeoJim folded before Flop (didn't bet)
Seat 4: deileon folded before Flop (didn't bet)
Seat 5: CestLavie95 (button) folded before Flop (didn't bet)
Seat 6: arto30 (small blind) collected ($0.04)
Seat 7: Dorex2007 (big blind) folded on the River
Seat 9: wALEXSANDRw folded before Flop (didn't bet)



PokerStars Hand #237188904064:  Hold'em No Limit ($0.01/$0.02 USD) - 2022/07/05 21:27:44 PT [2022/07/06 0:27:44 ET]
Table 'Vibeke III' 9-max Seat #6 is the button
Seat 2: oreniDiM ($1.01 in chips) 
Seat 3: TornadeoJim ($1.71 in chips) 
Seat 4: deileon ($2.21 in chips) 
Seat 5: CestLavie95 ($4.57 in chips) 
Seat 6: arto30 ($1.28 in chips) 
Seat 7: Dorex2007 ($4.49 in chips) 
Seat 9: wALEXSANDRw ($2.85 in chips) 
Dorex2007: posts small blind $0.01
wALEXSANDRw: posts big blind $0.02
Prince Mantis: sits out 
*** HOLE CARDS ***
Dealt to Dorex2007 [7d Qd]
oreniDiM: folds 
TornadeoJim: folds 
deileon: folds 
CestLavie95: folds 
arto30: calls $0.02
Dorex2007: calls $0.01
wALEXSANDRw: raises $0.06 to $0.08
arto30: calls $0.06
Dorex2007: folds 
*** FLOP *** [7h 2s Jh]
wALEXSANDRw: bets $0.08
arto30: calls $0.08
*** TURN *** [7h 2s Jh] [5d]
wALEXSANDRw: checks 
arto30: bets $0.33
wALEXSANDRw: folds 
Uncalled bet ($0.33) returned to arto30
arto30 collected $0.33 from pot
*** SUMMARY ***
Total pot $0.34 | Rake $0.01 
Board [7h 2s Jh 5d]
Seat 2: oreniDiM folded before Flop (didn't bet)
Seat 3: TornadeoJim folded before Flop (didn't bet)
Seat 4: deileon folded before Flop (didn't bet)
Seat 5: CestLavie95 folded before Flop (didn't bet)
Seat 6: arto30 (button) collected ($0.33)
Seat 7: Dorex2007 (small blind) folded before Flop
Seat 9: wALEXSANDRw (big blind) folded on the Turn



PokerStars Hand #237188909911:  Hold'em No Limit ($0.01/$0.02 USD) - 2022/07/05 21:28:31 PT [2022/07/06 0:28:31 ET]
Table 'Vibeke III' 9-max Seat #7 is the button
Seat 1: Prince Mantis ($2 in chips) 
Seat 2: oreniDiM ($1.01 in chips) 
Seat 3: TornadeoJim ($1.71 in chips) 
Seat 4: deileon ($2.21 in chips) 
Seat 5: CestLavie95 ($4.57 in chips) 
Seat 6: arto30 ($1.45 in chips) 
Seat 7: Dorex2007 ($4.47 in chips) 
Seat 9: wALEXSANDRw ($2.69 in chips) 
wALEXSANDRw: posts small blind $0.01
Prince Mantis: posts big blind $0.02
*** HOLE CARDS ***
Dealt to Dorex2007 [3s Ad]
oreniDiM: raises $0.02 to $0.04
Paty Doll726 joins the table at seat #8 
TornadeoJim: calls $0.04
deileon: folds 
CestLavie95: folds 
arto30: calls $0.04
Dorex2007: folds 
wALEXSANDRw: calls $0.03
Prince Mantis: folds 
*** FLOP *** [Ac Ts 8h]
wALEXSANDRw: checks 
oreniDiM: checks 
TornadeoJim: checks 
arto30: checks 
*** TURN *** [Ac Ts 8h] [Kd]
wALEXSANDRw: checks 
oreniDiM: checks 
TornadeoJim: checks 
arto30: checks 
*** RIVER *** [Ac Ts 8h Kd] [Tc]
wALEXSANDRw: bets $0.08
oreniDiM: folds 
TornadeoJim: folds 
arto30: folds 
Uncalled bet ($0.08) returned to wALEXSANDRw
wALEXSANDRw collected $0.17 from pot
*** SUMMARY ***
Total pot $0.18 | Rake $0.01 
Board [Ac Ts 8h Kd Tc]
Seat 1: Prince Mantis (big blind) folded before Flop
Seat 2: oreniDiM folded on the River
Seat 3: TornadeoJim folded on the River
Seat 4: deileon folded before Flop (didn't bet)
Seat 5: CestLavie95 folded before Flop (didn't bet)
Seat 6: arto30 folded on the River
Seat 7: Dorex2007 (button) folded before Flop (didn't bet)
Seat 9: wALEXSANDRw (small blind) collected ($0.17)



PokerStars Hand #237188918965:  Hold'em No Limit ($0.01/$0.02 USD) - 2022/07/05 21:29:43 PT [2022/07/06 0:29:43 ET]
Table 'Vibeke III' 9-max Seat #9 is the button
Seat 1: Prince Mantis ($2 in chips) 
Seat 2: oreniDiM ($0.97 in chips) 
Seat 3: TornadeoJim ($1.67 in chips) 
Seat 4: deileon ($2.21 in chips) 
Seat 5: CestLavie95 ($4.57 in chips) 
Seat 6: arto30 ($1.41 in chips) 
Seat 7: Dorex2007 ($4.47 in chips) 
Seat 9: wALEXSANDRw ($2.82 in chips) 
Prince Mantis: posts small blind $0.01
oreniDiM: posts big blind $0.02
Paty Doll726: sits out 
*** HOLE CARDS ***
Dealt to Dorex2007 [8s Qh]
TornadeoJim: calls $0.02
deileon: folds 
CestLavie95 has timed out
CestLavie95: folds 
arto30: folds 
Dorex2007: folds 
wALEXSANDRw: calls $0.02
Prince Mantis: folds 
oreniDiM: checks 
*** FLOP *** [Kc Jc 5h]
oreniDiM: checks 
TornadeoJim: bets $0.06
wALEXSANDRw: folds 
oreniDiM: folds 
Uncalled bet ($0.06) returned to TornadeoJim
TornadeoJim collected $0.07 from pot
*** SUMMARY ***
Total pot $0.07 | Rake $0 
Board [Kc Jc 5h]
Seat 1: Prince Mantis (small blind) folded before Flop
Seat 2: oreniDiM (big blind) folded on the Flop
Seat 3: TornadeoJim collected ($0.07)
Seat 4: deileon folded before Flop (didn't bet)
Seat 5: CestLavie95 folded before Flop (didn't bet)
Seat 6: arto30 folded before Flop (didn't bet)
Seat 7: Dorex2007 folded before Flop (didn't bet)
Seat 9: wALEXSANDRw (button) folded on the Flop



PokerStars Hand #237188942684:  Hold'em No Limit ($0.01/$0.02 USD) - 2022/07/05 21:30:21 PT [2022/07/06 0:30:21 ET]
Table 'Vibeke III' 9-max Seat #1 is the button
Seat 1: Prince Mantis ($2 in chips) 
Seat 2: oreniDiM ($0.95 in chips) 
Seat 3: TornadeoJim ($1.72 in chips) 
Seat 4: deileon ($2.21 in chips) 
Seat 5: CestLavie95 ($4.57 in chips) 
Seat 6: arto30 ($1.41 in chips) 
Seat 7: Dorex2007 ($4.47 in chips) 
Seat 8: Paty Doll726 ($0.80 in chips) 
Seat 9: wALEXSANDRw ($2.80 in chips) 
oreniDiM: posts small blind $0.01
TornadeoJim: posts big blind $0.02
Paty Doll726: posts big blind $0.02
*** HOLE CARDS ***
Dealt to Dorex2007 [Kd 6d]
deileon: folds 
CestLavie95: folds 
arto30: folds 
Dorex2007: calls $0.02
Paty Doll726: checks 
wALEXSANDRw: calls $0.02
Prince Mantis: calls $0.02
oreniDiM: calls $0.01
TornadeoJim: checks 
*** FLOP *** [4c Td 5c]
oreniDiM: checks 
TornadeoJim: checks 
Dorex2007: checks 
Paty Doll726: checks 
wALEXSANDRw: checks 
Prince Mantis: checks 
*** TURN *** [4c Td 5c] [8c]
oreniDiM: checks 
TornadeoJim: checks 
Dorex2007: checks 
Paty Doll726: checks 
wALEXSANDRw: checks 
Prince Mantis: checks 
*** RIVER *** [4c Td 5c 8c] [Th]
oreniDiM: checks 
TornadeoJim: checks 
Dorex2007: checks 
Paty Doll726: checks 
wALEXSANDRw: checks 
Prince Mantis: checks 
*** SHOW DOWN ***
oreniDiM: shows [3h Ad] (a pair of Tens)
TornadeoJim: mucks hand 
Dorex2007: mucks hand 
Paty Doll726: shows [6s 8d] (two pair, Tens and Eights)
wALEXSANDRw: mucks hand 
Prince Mantis: mucks hand 
Paty Doll726 collected $0.12 from pot
*** SUMMARY ***
Total pot $0.12 | Rake $0 
Board [4c Td 5c 8c Th]
Seat 1: Prince Mantis (button) mucked [5d 6c]
Seat 2: oreniDiM (small blind) showed [3h Ad] and lost with a pair of Tens
Seat 3: TornadeoJim (big blind) mucked [Kc 7d]
Seat 4: deileon folded before Flop (didn't bet)
Seat 5: CestLavie95 folded before Flop (didn't bet)
Seat 6: arto30 folded before Flop (didn't bet)
Seat 7: Dorex2007 mucked [Kd 6d]
Seat 8: Paty Doll726 showed [6s 8d] and won ($0.12) with two pair, Tens and Eights
Seat 9: wALEXSANDRw mucked [5s Qd]



PokerStars Hand #237188955449:  Hold'em No Limit ($0.01/$0.02 USD) - 2022/07/05 21:32:02 PT [2022/07/06 0:32:02 ET]
Table 'Vibeke III' 9-max Seat #2 is the button
Seat 1: Prince Mantis ($2 in chips) 
Seat 2: oreniDiM ($0.93 in chips) 
Seat 3: TornadeoJim ($1.70 in chips) 
Seat 4: deileon ($2.21 in chips) 
Seat 5: CestLavie95 ($4.57 in chips) 
Seat 6: arto30 ($1.41 in chips) 
Seat 7: Dorex2007 ($4.45 in chips) 
Seat 8: Paty Doll726 ($0.90 in chips) 
Seat 9: wALEXSANDRw ($2.78 in chips) 
TornadeoJim: posts small blind $0.01
deileon: posts big blind $0.02
*** HOLE CARDS ***
Dealt to Dorex2007 [7c 4c]
CestLavie95: folds 
arto30: folds 
Dorex2007: folds 
Paty Doll726: calls $0.02
wALEXSANDRw: calls $0.02
Prince Mantis: raises $0.08 to $0.10
oreniDiM: folds 
TornadeoJim: folds 
deileon: folds 
Paty Doll726: folds 
wALEXSANDRw: folds 
Uncalled bet ($0.08) returned to Prince Mantis
Prince Mantis collected $0.09 from pot
*** SUMMARY ***
Total pot $0.09 | Rake $0 
Seat 1: Prince Mantis collected ($0.09)
Seat 2: oreniDiM (button) folded before Flop (didn't bet)
Seat 3: TornadeoJim (small blind) folded before Flop
Seat 4: deileon (big blind) folded before Flop
Seat 5: CestLavie95 folded before Flop (didn't bet)
Seat 6: arto30 folded before Flop (didn't bet)
Seat 7: Dorex2007 folded before Flop (didn't bet)
Seat 8: Paty Doll726 folded before Flop
Seat 9: wALEXSANDRw folded before Flop



PokerStars Hand #237188958569:  Hold'em No Limit ($0.01/$0.02 USD) - 2022/07/05 21:32:26 PT [2022/07/06 0:32:26 ET]
Table 'Vibeke III' 9-max Seat #3 is the button
Seat 1: Prince Mantis ($2.07 in chips) 
Seat 2: oreniDiM ($0.93 in chips) 
Seat 3: TornadeoJim ($1.69 in chips) 
Seat 4: deileon ($2.19 in chips) 
Seat 5: CestLavie95 ($4.57 in chips) 
Seat 6: arto30 ($1.41 in chips) 
Seat 7: Dorex2007 ($4.45 in chips) 
Seat 8: Paty Doll726 ($0.88 in chips) 
Seat 9: wALEXSANDRw ($2.76 in chips) 
deileon: posts small blind $0.01
CestLavie95: posts big blind $0.02
*** HOLE CARDS ***
Dealt to Dorex2007 [As Qh]
arto30: folds 
Dorex2007: raises $0.02 to $0.04
Paty Doll726: folds 
wALEXSANDRw: folds 
Prince Mantis: folds 
oreniDiM: calls $0.04
TornadeoJim: folds 
deileon: folds 
CestLavie95: folds 
*** FLOP *** [Ah 4h 5s]
Dorex2007: bets $0.11
oreniDiM: folds 
Uncalled bet ($0.11) returned to Dorex2007
Dorex2007 collected $0.11 from pot
*** SUMMARY ***
Total pot $0.11 | Rake $0 
Board [Ah 4h 5s]
Seat 1: Prince Mantis folded before Flop (didn't bet)
Seat 2: oreniDiM folded on the Flop
Seat 3: TornadeoJim (button) folded before Flop (didn't bet)
Seat 4: deileon (small blind) folded before Flop
Seat 5: CestLavie95 (big blind) folded before Flop
Seat 6: arto30 folded before Flop (didn't bet)
Seat 7: Dorex2007 collected ($0.11)
Seat 8: Paty Doll726 folded before Flop (didn't bet)
Seat 9: wALEXSANDRw folded before Flop (didn't bet)



PokerStars Hand #237188963104:  Hold'em No Limit ($0.01/$0.02 USD) - 2022/07/05 21:33:02 PT [2022/07/06 0:33:02 ET]
Table 'Vibeke III' 9-max Seat #4 is the button
Seat 1: Prince Mantis ($2.07 in chips) 
Seat 2: oreniDiM ($0.89 in chips) 
Seat 3: TornadeoJim ($1.69 in chips) 
Seat 4: deileon ($2.18 in chips) 
Seat 5: CestLavie95 ($4.55 in chips) 
Seat 6: arto30 ($1.41 in chips) 
Seat 7: Dorex2007 ($4.52 in chips) 
Seat 8: Paty Doll726 ($0.88 in chips) 
Seat 9: wALEXSANDRw ($2.76 in chips) 
CestLavie95: posts small blind $0.01
arto30: posts big blind $0.02
*** HOLE CARDS ***
Dealt to Dorex2007 [5s 3s]
Dorex2007: folds 
Paty Doll726: folds 
wALEXSANDRw: folds 
Prince Mantis: folds 
oreniDiM: folds 
TornadeoJim: folds 
deileon: folds 
CestLavie95: folds 
Uncalled bet ($0.01) returned to arto30
arto30 collected $0.02 from pot
*** SUMMARY ***
Total pot $0.02 | Rake $0 
Seat 1: Prince Mantis folded before Flop (didn't bet)
Seat 2: oreniDiM folded before Flop (didn't bet)
Seat 3: TornadeoJim folded before Flop (didn't bet)
Seat 4: deileon (button) folded before Flop (didn't bet)
Seat 5: CestLavie95 (small blind) folded before Flop
Seat 6: arto30 (big blind) collected ($0.02)
Seat 7: Dorex2007 folded before Flop (didn't bet)
Seat 8: Paty Doll726 folded before Flop (didn't bet)
Seat 9: wALEXSANDRw folded before Flop (didn't bet)



PokerStars Hand #237188965486:  Hold'em No Limit ($0.01/$0.02 USD) - 2022/07/05 21:33:21 PT [2022/07/06 0:33:21 ET]
Table 'Vibeke III' 9-max Seat #5 is the button
Seat 1: Prince Mantis ($2.07 in chips) 
Seat 2: oreniDiM ($0.89 in chips) 
Seat 3: TornadeoJim ($1.69 in chips) 
Seat 4: deileon ($2.18 in chips) 
Seat 5: CestLavie95 ($4.54 in chips) 
Seat 6: arto30 ($1.42 in chips) 
Seat 7: Dorex2007 ($4.52 in chips) 
Seat 8: Paty Doll726 ($0.88 in chips) 
Seat 9: wALEXSANDRw ($2.76 in chips) 
arto30: posts small blind $0.01
Dorex2007: posts big blind $0.02
*** HOLE CARDS ***
Dealt to Dorex2007 [6c Ad]
Paty Doll726: folds 
wALEXSANDRw: raises $0.02 to $0.04
Prince Mantis: folds 
oreniDiM: folds 
TornadeoJim: folds 
deileon: folds 
CestLavie95: folds 
arto30: calls $0.03
Dorex2007: folds 
*** FLOP *** [Td Qc 8h]
arto30: checks 
wALEXSANDRw: bets $0.04
arto30: folds 
Uncalled bet ($0.04) returned to wALEXSANDRw
wALEXSANDRw collected $0.10 from pot
*** SUMMARY ***
Total pot $0.10 | Rake $0 
Board [Td Qc 8h]
Seat 1: Prince Mantis folded before Flop (didn't bet)
Seat 2: oreniDiM folded before Flop (didn't bet)
Seat 3: TornadeoJim folded before Flop (didn't bet)
Seat 4: deileon folded before Flop (didn't bet)
Seat 5: CestLavie95 (button) folded before Flop (didn't bet)
Seat 6: arto30 (small blind) folded on the Flop
Seat 7: Dorex2007 (big blind) folded before Flop
Seat 8: Paty Doll726 folded before Flop (didn't bet)
Seat 9: wALEXSANDRw collected ($0.10)



PokerStars Hand #237188970487:  Hold'em No Limit ($0.01/$0.02 USD) - 2022/07/05 21:34:01 PT [2022/07/06 0:34:01 ET]
Table 'Vibeke III' 9-max Seat #6 is the button
Seat 1: Prince Mantis ($2.07 in chips) 
Seat 2: oreniDiM ($0.89 in chips) 
Seat 3: TornadeoJim ($1.69 in chips) 
Seat 4: deileon ($2.18 in chips) 
Seat 5: CestLavie95 ($4.54 in chips) 
Seat 6: arto30 ($1.38 in chips) 
Seat 7: Dorex2007 ($4.50 in chips) 
Seat 8: Paty Doll726 ($0.88 in chips) 
Seat 9: wALEXSANDRw ($2.82 in chips) 
Dorex2007: posts small blind $0.01
Paty Doll726: posts big blind $0.02
*** HOLE CARDS ***
Dealt to Dorex2007 [Qh Ks]
wALEXSANDRw: folds 
Prince Mantis: folds 
oreniDiM: folds 
TornadeoJim: folds 
deileon: folds 
CestLavie95: folds 
arto30: folds 
Dorex2007: raises $0.04 to $0.06
Paty Doll726: folds 
Uncalled bet ($0.04) returned to Dorex2007
Dorex2007 collected $0.04 from pot
*** SUMMARY ***
Total pot $0.04 | Rake $0 
Seat 1: Prince Mantis folded before Flop (didn't bet)
Seat 2: oreniDiM folded before Flop (didn't bet)
Seat 3: TornadeoJim folded before Flop (didn't bet)
Seat 4: deileon folded before Flop (didn't bet)
Seat 5: CestLavie95 folded before Flop (didn't bet)
Seat 6: arto30 (button) folded before Flop (didn't bet)
Seat 7: Dorex2007 (small blind) collected ($0.04)
Seat 8: Paty Doll726 (big blind) folded before Flop
Seat 9: wALEXSANDRw folded before Flop (didn't bet)



PokerStars Hand #237188972570:  Hold'em No Limit ($0.01/$0.02 USD) - 2022/07/05 21:34:18 PT [2022/07/06 0:34:18 ET]
Table 'Vibeke III' 9-max Seat #7 is the button
Seat 1: Prince Mantis ($2.07 in chips) 
Seat 2: oreniDiM ($0.89 in chips) 
Seat 3: TornadeoJim ($1.69 in chips) 
Seat 4: deileon ($2.18 in chips) 
Seat 5: CestLavie95 ($4.54 in chips) 
Seat 6: arto30 ($1.38 in chips) 
Seat 7: Dorex2007 ($4.52 in chips) 
Seat 8: Paty Doll726 ($0.86 in chips) 
Seat 9: wALEXSANDRw ($2.82 in chips) 
Paty Doll726: posts small blind $0.01
wALEXSANDRw: posts big blind $0.02
*** HOLE CARDS ***
Dealt to Dorex2007 [Ks 3d]
Prince Mantis: folds 
oreniDiM: folds 
TornadeoJim: folds 
deileon: folds 
CestLavie95: folds 
arto30: calls $0.02
Dorex2007: folds 
Paty Doll726: calls $0.01
wALEXSANDRw: checks 
*** FLOP *** [Qc Kh 3c]
Paty Doll726: checks 
wALEXSANDRw: checks 
arto30: bets $0.02
Paty Doll726: calls $0.02
wALEXSANDRw: folds 
*** TURN *** [Qc Kh 3c] [2d]
Paty Doll726: checks 
arto30: bets $0.02
Paty Doll726: calls $0.02
*** RIVER *** [Qc Kh 3c 2d] [6s]
Paty Doll726: checks 
arto30: bets $0.14
Paty Doll726: folds 
Uncalled bet ($0.14) returned to arto30
arto30 collected $0.14 from pot
*** SUMMARY ***
Total pot $0.14 | Rake $0 
Board [Qc Kh 3c 2d 6s]
Seat 1: Prince Mantis folded before Flop (didn't bet)
Seat 2: oreniDiM folded before Flop (didn't bet)
Seat 3: TornadeoJim folded before Flop (didn't bet)
Seat 4: deileon folded before Flop (didn't bet)
Seat 5: CestLavie95 folded before Flop (didn't bet)
Seat 6: arto30 collected ($0.14)
Seat 7: Dorex2007 (button) folded before Flop (didn't bet)
Seat 8: Paty Doll726 (small blind) folded on the River
Seat 9: wALEXSANDRw (big blind) folded on the Flop



PokerStars Hand #237188979046:  Hold'em No Limit ($0.01/$0.02 USD) - 2022/07/05 21:35:10 PT [2022/07/06 0:35:10 ET]
Table 'Vibeke III' 9-max Seat #8 is the button
Seat 1: Prince Mantis ($2.07 in chips) 
Seat 2: oreniDiM ($0.89 in chips) 
Seat 3: TornadeoJim ($1.69 in chips) 
Seat 4: deileon ($2.18 in chips) 
Seat 5: CestLavie95 ($4.54 in chips) 
Seat 6: arto30 ($1.46 in chips) 
Seat 7: Dorex2007 ($4.52 in chips) 
Seat 8: Paty Doll726 ($0.80 in chips) 
Seat 9: wALEXSANDRw ($2.80 in chips) 
wALEXSANDRw: posts small blind $0.01
Prince Mantis: posts big blind $0.02
*** HOLE CARDS ***
Dealt to Dorex2007 [2c 7d]
oreniDiM: folds 
TornadeoJim: calls $0.02
deileon: folds 
CestLavie95: raises $3.98 to $4
arto30: folds 
Dorex2007: folds 
Paty Doll726: folds 
wALEXSANDRw: folds 
Prince Mantis: folds 
TornadeoJim: folds 
Uncalled bet ($3.98) returned to CestLavie95
CestLavie95 collected $0.07 from pot
*** SUMMARY ***
Total pot $0.07 | Rake $0 
Seat 1: Prince Mantis (big blind) folded before Flop
Seat 2: oreniDiM folded before Flop (didn't bet)
Seat 3: TornadeoJim folded before Flop
Seat 4: deileon folded before Flop (didn't bet)
Seat 5: CestLavie95 collected ($0.07)
Seat 6: arto30 folded before Flop (didn't bet)
Seat 7: Dorex2007 folded before Flop (didn't bet)
Seat 8: Paty Doll726 (button) folded before Flop (didn't bet)
Seat 9: wALEXSANDRw (small blind) folded before Flop



PokerStars Hand #237188982417:  Hold'em No Limit ($0.01/$0.02 USD) - 2022/07/05 21:35:37 PT [2022/07/06 0:35:37 ET]
Table 'Vibeke III' 9-max Seat #9 is the button
Seat 1: Prince Mantis ($2.05 in chips) 
Seat 2: oreniDiM ($0.89 in chips) 
Seat 3: TornadeoJim ($1.67 in chips) 
Seat 4: deileon ($2.18 in chips) 
Seat 5: CestLavie95 ($4.59 in chips) 
Seat 6: arto30 ($1.46 in chips) 
Seat 7: Dorex2007 ($4.52 in chips) 
Seat 8: Paty Doll726 ($0.80 in chips) 
Seat 9: wALEXSANDRw ($2.79 in chips) 
Prince Mantis: posts small blind $0.01
oreniDiM: posts big blind $0.02
*** HOLE CARDS ***
Dealt to Dorex2007 [4c 2h]
TornadeoJim: folds 
deileon: folds 
CestLavie95: calls $0.02
arto30: folds 
Dorex2007: folds 
Paty Doll726: folds 
wALEXSANDRw: folds 
Prince Mantis: folds 
oreniDiM: checks 
*** FLOP *** [7c 5d 3c]
oreniDiM: checks 
CestLavie95: bets $0.05
oreniDiM: folds 
Uncalled bet ($0.05) returned to CestLavie95
CestLavie95 collected $0.05 from pot
*** SUMMARY ***
Total pot $0.05 | Rake $0 
Board [7c 5d 3c]
Seat 1: Prince Mantis (small blind) folded before Flop
Seat 2: oreniDiM (big blind) folded on the Flop
Seat 3: TornadeoJim folded before Flop (didn't bet)
Seat 4: deileon folded before Flop (didn't bet)
Seat 5: CestLavie95 collected ($0.05)
Seat 6: arto30 folded before Flop (didn't bet)
Seat 7: Dorex2007 folded before Flop (didn't bet)
Seat 8: Paty Doll726 folded before Flop (didn't bet)
Seat 9: wALEXSANDRw (button) folded before Flop (didn't bet)



PokerStars Hand #237188986716:  Hold'em No Limit ($0.01/$0.02 USD) - 2022/07/05 21:36:11 PT [2022/07/06 0:36:11 ET]
Table 'Vibeke III' 9-max Seat #1 is the button
Seat 1: Prince Mantis ($2.04 in chips) 
Seat 2: oreniDiM ($0.87 in chips) 
Seat 3: TornadeoJim ($1.67 in chips) 
Seat 4: deileon ($2.18 in chips) 
Seat 5: CestLavie95 ($4.62 in chips) 
Seat 6: arto30 ($1.46 in chips) 
Seat 7: Dorex2007 ($4.52 in chips) 
Seat 8: Paty Doll726 ($0.80 in chips) 
Seat 9: wALEXSANDRw ($2.79 in chips) 
oreniDiM: posts small blind $0.01
TornadeoJim: posts big blind $0.02
*** HOLE CARDS ***
Dealt to Dorex2007 [9s 5h]
deileon: calls $0.02
CestLavie95: calls $0.02
arto30: folds 
Dorex2007: folds 
Paty Doll726: calls $0.02
wALEXSANDRw: calls $0.02
Prince Mantis: folds 
oreniDiM: calls $0.01
TornadeoJim: checks 
*** FLOP *** [2s 3s 9d]
oreniDiM: checks 
TornadeoJim: checks 
deileon: checks 
CestLavie95: checks 
Paty Doll726: checks 
wALEXSANDRw: bets $0.04
oreniDiM: folds 
TornadeoJim: folds 
deileon: folds 
CestLavie95: calls $0.04
Paty Doll726: folds 
*** TURN *** [2s 3s 9d] [4s]
CestLavie95: bets $0.05
wALEXSANDRw: calls $0.05
*** RIVER *** [2s 3s 9d 4s] [Jc]
CestLavie95: checks 
wALEXSANDRw: bets $0.14
CestLavie95: folds 
Uncalled bet ($0.14) returned to wALEXSANDRw
wALEXSANDRw collected $0.29 from pot
*** SUMMARY ***
Total pot $0.30 | Rake $0.01 
Board [2s 3s 9d 4s Jc]
Seat 1: Prince Mantis (button) folded before Flop (didn't bet)
Seat 2: oreniDiM (small blind) folded on the Flop
Seat 3: TornadeoJim (big blind) folded on the Flop
Seat 4: deileon folded on the Flop
Seat 5: CestLavie95 folded on the River
Seat 6: arto30 folded before Flop (didn't bet)
Seat 7: Dorex2007 folded before Flop (didn't bet)
Seat 8: Paty Doll726 folded on the Flop
Seat 9: wALEXSANDRw collected ($0.29)



PokerStars Hand #237188997714:  Hold'em No Limit ($0.01/$0.02 USD) - 2022/07/05 21:37:40 PT [2022/07/06 0:37:40 ET]
Table 'Vibeke III' 9-max Seat #2 is the button
Seat 1: Prince Mantis ($2.04 in chips) 
Seat 2: oreniDiM ($0.85 in chips) 
Seat 3: TornadeoJim ($1.65 in chips) 
Seat 4: deileon ($2.16 in chips) 
Seat 5: CestLavie95 ($4.51 in chips) 
Seat 6: arto30 ($1.46 in chips) 
Seat 7: Dorex2007 ($4.52 in chips) 
Seat 8: Paty Doll726 ($0.78 in chips) 
Seat 9: wALEXSANDRw ($2.97 in chips) 
TornadeoJim: posts small blind $0.01
deileon: posts big blind $0.02
*** HOLE CARDS ***
Dealt to Dorex2007 [8s Qc]
CestLavie95: folds 
arto30: folds 
Dorex2007: folds 
Paty Doll726: folds 
wALEXSANDRw: raises $0.04 to $0.06
Prince Mantis: folds 
oreniDiM: folds 
TornadeoJim: folds 
deileon: folds 
Uncalled bet ($0.04) returned to wALEXSANDRw
wALEXSANDRw collected $0.05 from pot
*** SUMMARY ***
Total pot $0.05 | Rake $0 
Seat 1: Prince Mantis folded before Flop (didn't bet)
Seat 2: oreniDiM (button) folded before Flop (didn't bet)
Seat 3: TornadeoJim (small blind) folded before Flop
Seat 4: deileon (big blind) folded before Flop
Seat 5: CestLavie95 folded before Flop (didn't bet)
Seat 6: arto30 folded before Flop (didn't bet)
Seat 7: Dorex2007 folded before Flop (didn't bet)
Seat 8: Paty Doll726 folded before Flop (didn't bet)
Seat 9: wALEXSANDRw collected ($0.05)



PokerStars Hand #237189000510:  Hold'em No Limit ($0.01/$0.02 USD) - 2022/07/05 21:38:03 PT [2022/07/06 0:38:03 ET]
Table 'Vibeke III' 9-max Seat #3 is the button
Seat 1: Prince Mantis ($2.04 in chips) 
Seat 2: oreniDiM ($0.85 in chips) 
Seat 3: TornadeoJim ($1.64 in chips) 
Seat 4: deileon ($2.14 in chips) 
Seat 5: CestLavie95 ($4.51 in chips) 
Seat 6: arto30 ($1.46 in chips) 
Seat 7: Dorex2007 ($4.52 in chips) 
Seat 8: Paty Doll726 ($0.78 in chips) 
Seat 9: wALEXSANDRw ($3 in chips) 
deileon: posts small blind $0.01
CestLavie95: posts big blind $0.02
*** HOLE CARDS ***
Dealt to Dorex2007 [6s 6d]
arto30: folds 
Dorex2007: calls $0.02
Paty Doll726: calls $0.02
wALEXSANDRw: folds 
Prince Mantis: folds 
oreniDiM: folds 
TornadeoJim: folds 
deileon: calls $0.01
CestLavie95: checks 
*** FLOP *** [Qh Ah 8h]
deileon: checks 
CestLavie95: checks 
Dorex2007: checks 
Paty Doll726: checks 
*** TURN *** [Qh Ah 8h] [Jc]
deileon: checks 
CestLavie95: checks 
Dorex2007: checks 
Paty Doll726: bets $0.04
deileon: folds 
CestLavie95: folds 
Dorex2007: folds 
Uncalled bet ($0.04) returned to Paty Doll726
Paty Doll726 collected $0.08 from pot
*** SUMMARY ***
Total pot $0.08 | Rake $0 
Board [Qh Ah 8h Jc]
Seat 1: Prince Mantis folded before Flop (didn't bet)
Seat 2: oreniDiM folded before Flop (didn't bet)
Seat 3: TornadeoJim (button) folded before Flop (didn't bet)
Seat 4: deileon (small blind) folded on the Turn
Seat 5: CestLavie95 (big blind) folded on the Turn
Seat 6: arto30 folded before Flop (didn't bet)
Seat 7: Dorex2007 folded on the Turn
Seat 8: Paty Doll726 collected ($0.08)
Seat 9: wALEXSANDRw folded before Flop (didn't bet)



PokerStars Hand #237189009182:  Hold'em No Limit ($0.01/$0.02 USD) - 2022/07/05 21:39:12 PT [2022/07/06 0:39:12 ET]
Table 'Vibeke III' 9-max Seat #4 is the button
Seat 1: Prince Mantis ($2.04 in chips) 
Seat 2: oreniDiM ($0.85 in chips) 
Seat 3: TornadeoJim ($1.64 in chips) 
Seat 4: deileon ($2.12 in chips) 
Seat 5: CestLavie95 ($4.49 in chips) 
Seat 6: arto30 ($1.46 in chips) 
Seat 7: Dorex2007 ($4.50 in chips) 
Seat 8: Paty Doll726 ($0.84 in chips) 
Seat 9: wALEXSANDRw ($3 in chips) 
CestLavie95: posts small blind $0.01
arto30: posts big blind $0.02
*** HOLE CARDS ***
Dealt to Dorex2007 [As 2h]
Dorex2007: folds 
Paty Doll726: calls $0.02
wALEXSANDRw: folds 
Prince Mantis: folds 
oreniDiM: raises $0.02 to $0.04
TornadeoJim: folds 
deileon: calls $0.04
CestLavie95: folds 
arto30: calls $0.02
Paty Doll726: raises $0.80 to $0.84 and is all-in
oreniDiM: folds 
deileon: folds 
arto30: folds 
Uncalled bet ($0.80) returned to Paty Doll726
Paty Doll726 collected $0.17 from pot
*** SUMMARY ***
Total pot $0.17 | Rake $0 
Seat 1: Prince Mantis folded before Flop (didn't bet)
Seat 2: oreniDiM folded before Flop
Seat 3: TornadeoJim folded before Flop (didn't bet)
Seat 4: deileon (button) folded before Flop
Seat 5: CestLavie95 (small blind) folded before Flop
Seat 6: arto30 (big blind) folded before Flop
Seat 7: Dorex2007 folded before Flop (didn't bet)
Seat 8: Paty Doll726 collected ($0.17)
Seat 9: wALEXSANDRw folded before Flop (didn't bet)



PokerStars Hand #237189014639:  Hold'em No Limit ($0.01/$0.02 USD) - 2022/07/05 21:39:56 PT [2022/07/06 0:39:56 ET]
Table 'Vibeke III' 9-max Seat #5 is the button
Seat 1: Prince Mantis ($2.04 in chips) 
Seat 2: oreniDiM ($0.81 in chips) 
Seat 3: TornadeoJim ($1.64 in chips) 
Seat 4: deileon ($2.08 in chips) 
Seat 5: CestLavie95 ($4.48 in chips) 
Seat 6: arto30 ($1.42 in chips) 
Seat 7: Dorex2007 ($4.50 in chips) 
Seat 8: Paty Doll726 ($0.97 in chips) 
Seat 9: wALEXSANDRw ($3 in chips) 
arto30: posts small blind $0.01
Dorex2007: posts big blind $0.02
*** HOLE CARDS ***
Dealt to Dorex2007 [6c 8h]
Paty Doll726: folds 
wALEXSANDRw: folds 
Prince Mantis: raises $0.04 to $0.06
oreniDiM: folds 
TornadeoJim: folds 
deileon: folds 
CestLavie95: calls $0.06
arto30: folds 
Dorex2007: folds 
*** FLOP *** [Th Qc 4s]
Prince Mantis: bets $0.08
CestLavie95: folds 
Uncalled bet ($0.08) returned to Prince Mantis
Prince Mantis collected $0.14 from pot
*** SUMMARY ***
Total pot $0.15 | Rake $0.01 
Board [Th Qc 4s]
Seat 1: Prince Mantis collected ($0.14)
Seat 2: oreniDiM folded before Flop (didn't bet)
Seat 3: TornadeoJim folded before Flop (didn't bet)
Seat 4: deileon folded before Flop (didn't bet)
Seat 5: CestLavie95 (button) folded on the Flop
Seat 6: arto30 (small blind) folded before Flop
Seat 7: Dorex2007 (big blind) folded before Flop
Seat 8: Paty Doll726 folded before Flop (didn't bet)
Seat 9: wALEXSANDRw folded before Flop (didn't bet)



PokerStars Hand #237189019403:  Hold'em No Limit ($0.01/$0.02 USD) - 2022/07/05 21:40:34 PT [2022/07/06 0:40:34 ET]
Table 'Vibeke III' 9-max Seat #6 is the button
Seat 1: Prince Mantis ($2.12 in chips) 
Seat 2: oreniDiM ($0.81 in chips) 
Seat 3: TornadeoJim ($1.64 in chips) 
Seat 4: deileon ($2.08 in chips) 
Seat 5: CestLavie95 ($4.42 in chips) 
Seat 6: arto30 ($1.41 in chips) 
Seat 7: Dorex2007 ($4.48 in chips) 
Seat 8: Paty Doll726 ($0.97 in chips) 
Seat 9: wALEXSANDRw ($3 in chips) 
Dorex2007: posts small blind $0.01
Paty Doll726: posts big blind $0.02
*** HOLE CARDS ***
Dealt to Dorex2007 [7d 6c]
wALEXSANDRw: folds 
Prince Mantis: folds 
oreniDiM: folds 
TornadeoJim: folds 
deileon: folds 
CestLavie95: folds 
arto30: folds 
Dorex2007: folds 
Uncalled bet ($0.01) returned to Paty Doll726
Paty Doll726 collected $0.02 from pot
*** SUMMARY ***
Total pot $0.02 | Rake $0 
Seat 1: Prince Mantis folded before Flop (didn't bet)
Seat 2: oreniDiM folded before Flop (didn't bet)
Seat 3: TornadeoJim folded before Flop (didn't bet)
Seat 4: deileon folded before Flop (didn't bet)
Seat 5: CestLavie95 folded before Flop (didn't bet)
Seat 6: arto30 (button) folded before Flop (didn't bet)
Seat 7: Dorex2007 (small blind) folded before Flop
Seat 8: Paty Doll726 (big blind) collected ($0.02)
Seat 9: wALEXSANDRw folded before Flop (didn't bet)



PokerStars Hand #237189021105:  Hold'em No Limit ($0.01/$0.02 USD) - 2022/07/05 21:40:48 PT [2022/07/06 0:40:48 ET]
Table 'Vibeke III' 9-max Seat #7 is the button
Seat 1: Prince Mantis ($2.12 in chips) 
Seat 2: oreniDiM ($0.81 in chips) 
Seat 3: TornadeoJim ($1.64 in chips) 
Seat 4: deileon ($2.08 in chips) 
Seat 5: CestLavie95 ($4.42 in chips) 
Seat 6: arto30 ($1.41 in chips) 
Seat 7: Dorex2007 ($4.47 in chips) 
Seat 8: Paty Doll726 ($0.98 in chips) 
Seat 9: wALEXSANDRw ($3 in chips) 
Paty Doll726: posts small blind $0.01
wALEXSANDRw: posts big blind $0.02
*** HOLE CARDS ***
Dealt to Dorex2007 [8d 4s]
Prince Mantis: folds 
oreniDiM: folds 
TornadeoJim: folds 
deileon: folds 
CestLavie95: folds 
arto30: folds 
Dorex2007: folds 
Paty Doll726: folds 
Uncalled bet ($0.01) returned to wALEXSANDRw
wALEXSANDRw collected $0.02 from pot
*** SUMMARY ***
Total pot $0.02 | Rake $0 
Seat 1: Prince Mantis folded before Flop (didn't bet)
Seat 2: oreniDiM folded before Flop (didn't bet)
Seat 3: TornadeoJim folded before Flop (didn't bet)
Seat 4: deileon folded before Flop (didn't bet)
Seat 5: CestLavie95 folded before Flop (didn't bet)
Seat 6: arto30 folded before Flop (didn't bet)
Seat 7: Dorex2007 (button) folded before Flop (didn't bet)
Seat 8: Paty Doll726 (small blind) folded before Flop
Seat 9: wALEXSANDRw (big blind) collected ($0.02)



PokerStars Hand #237189024286:  Hold'em No Limit ($0.01/$0.02 USD) - 2022/07/05 21:41:14 PT [2022/07/06 0:41:14 ET]
Table 'Vibeke III' 9-max Seat #8 is the button
Seat 1: Prince Mantis ($2.12 in chips) 
Seat 2: oreniDiM ($0.81 in chips) 
Seat 3: TornadeoJim ($1.64 in chips) 
Seat 4: deileon ($2.08 in chips) 
Seat 5: CestLavie95 ($4.42 in chips) 
Seat 6: arto30 ($1.41 in chips) 
Seat 7: Dorex2007 ($4.47 in chips) 
Seat 8: Paty Doll726 ($0.97 in chips) 
Seat 9: wALEXSANDRw ($3.01 in chips) 
wALEXSANDRw: posts small blind $0.01
Prince Mantis: posts big blind $0.02
*** HOLE CARDS ***
Dealt to Dorex2007 [3c Kd]
oreniDiM: calls $0.02
TornadeoJim: folds 
deileon: raises $0.02 to $0.04
CestLavie95: folds 
arto30: folds 
Dorex2007: folds 
Paty Doll726: folds 
wALEXSANDRw: folds 
Prince Mantis: folds 
oreniDiM: calls $0.02
*** FLOP *** [Qc 6h Ts]
oreniDiM: checks 
deileon: bets $0.05
oreniDiM: raises $0.05 to $0.10
deileon: raises $1.94 to $2.04 and is all-in
oreniDiM: calls $0.67 and is all-in
Uncalled bet ($1.27) returned to deileon
*** TURN *** [Qc 6h Ts] [5c]
*** RIVER *** [Qc 6h Ts 5c] [Ks]
*** SHOW DOWN ***
oreniDiM: shows [Qs Kh] (two pair, Kings and Queens)
deileon: shows [Tc Th] (three of a kind, Tens)
deileon cashed out the hand for $1.49 | Cash Out Fee $0.02
*** SUMMARY ***
Total pot $1.65 | Rake $0.06 
Board [Qc 6h Ts 5c Ks]
Seat 1: Prince Mantis (big blind) folded before Flop
Seat 2: oreniDiM showed [Qs Kh] and lost with two pair, Kings and Queens
Seat 3: TornadeoJim folded before Flop (didn't bet)
Seat 4: deileon showed [Tc Th] and won ($1.59) with three of a kind, Tens (pot not awarded as player cashed out)
Seat 5: CestLavie95 folded before Flop (didn't bet)
Seat 6: arto30 folded before Flop (didn't bet)
Seat 7: Dorex2007 folded before Flop (didn't bet)
Seat 8: Paty Doll726 (button) folded before Flop (didn't bet)
Seat 9: wALEXSANDRw (small blind) folded before Flop



PokerStars Hand #237189032935:  Hold'em No Limit ($0.01/$0.02 USD) - 2022/07/05 21:42:23 PT [2022/07/06 0:42:23 ET]
Table 'Vibeke III' 9-max Seat #9 is the button
Seat 1: Prince Mantis ($2.10 in chips) 
Seat 3: TornadeoJim ($1.64 in chips) 
Seat 4: deileon ($2.76 in chips) 
Seat 5: CestLavie95 ($4.42 in chips) 
Seat 6: arto30 ($1.41 in chips) 
Seat 7: Dorex2007 ($4.47 in chips) 
Seat 8: Paty Doll726 ($0.97 in chips) 
Seat 9: wALEXSANDRw ($3 in chips) 
Prince Mantis: posts small blind $0.01
TornadeoJim: posts big blind $0.02
*** HOLE CARDS ***
Dealt to Dorex2007 [Qc Ks]
oreniDiM leaves the table
deileon: folds 
CestLavie95: folds 
arto30: folds 
Dorex2007: raises $0.04 to $0.06
Paty Doll726: folds 
Player2969 joins the table at seat #2 
wALEXSANDRw: folds 
Prince Mantis: folds 
TornadeoJim: folds 
Uncalled bet ($0.04) returned to Dorex2007
Dorex2007 collected $0.05 from pot
*** SUMMARY ***
Total pot $0.05 | Rake $0 
Seat 1: Prince Mantis (small blind) folded before Flop
Seat 3: TornadeoJim (big blind) folded before Flop
Seat 4: deileon folded before Flop (didn't bet)
Seat 5: CestLavie95 folded before Flop (didn't bet)
Seat 6: arto30 folded before Flop (didn't bet)
Seat 7: Dorex2007 collected ($0.05)
Seat 8: Paty Doll726 folded before Flop (didn't bet)
Seat 9: wALEXSANDRw (button) folded before Flop (didn't bet)



PokerStars Hand #237189040240:  Hold'em No Limit ($0.01/$0.02 USD) - 2022/07/05 21:42:44 PT [2022/07/06 0:42:44 ET]
Table 'Vibeke III' 9-max Seat #1 is the button
Seat 1: Prince Mantis ($2.09 in chips) 
Seat 3: TornadeoJim ($1.62 in chips) 
Seat 5: CestLavie95 ($4.42 in chips) 
Seat 6: arto30 ($1.41 in chips) 
Seat 7: Dorex2007 ($4.50 in chips) 
Seat 8: Paty Doll726 ($0.97 in chips) 
Seat 9: wALEXSANDRw ($3 in chips) 
TornadeoJim: posts small blind $0.01
deileon: is sitting out 
CestLavie95: posts big blind $0.02
*** HOLE CARDS ***
Dealt to Dorex2007 [Ac 8h]
arto30: folds 
Dorex2007: folds 
Paty Doll726: calls $0.02
wALEXSANDRw: calls $0.02
Prince Mantis: raises $0.08 to $0.10
TornadeoJim: folds 
CestLavie95: folds 
Paty Doll726: folds 
wALEXSANDRw: folds 
Uncalled bet ($0.08) returned to Prince Mantis
Prince Mantis collected $0.09 from pot
*** SUMMARY ***
Total pot $0.09 | Rake $0 
Seat 1: Prince Mantis (button) collected ($0.09)
Seat 3: TornadeoJim (small blind) folded before Flop
Seat 5: CestLavie95 (big blind) folded before Flop
Seat 6: arto30 folded before Flop (didn't bet)
Seat 7: Dorex2007 folded before Flop (didn't bet)
Seat 8: Paty Doll726 folded before Flop
Seat 9: wALEXSANDRw folded before Flop



PokerStars Hand #237189044737:  Hold'em No Limit ($0.01/$0.02 USD) - 2022/07/05 21:43:20 PT [2022/07/06 0:43:20 ET]
Table 'Vibeke III' 9-max Seat #3 is the button
Seat 1: Prince Mantis ($2.16 in chips) 
Seat 3: TornadeoJim ($1.61 in chips) 
Seat 5: CestLavie95 ($4.40 in chips) 
Seat 6: arto30 ($1.41 in chips) 
Seat 7: Dorex2007 ($4.50 in chips) 
Seat 8: Paty Doll726 ($0.95 in chips) 
Seat 9: wALEXSANDRw ($2.98 in chips) 
CestLavie95: posts small blind $0.01
arto30: posts big blind $0.02
Player2969: sits out 
*** HOLE CARDS ***
Dealt to Dorex2007 [4d 5h]
Dorex2007: folds 
Paty Doll726: calls $0.02
wALEXSANDRw: folds 
Prince Mantis: raises $0.06 to $0.08
TornadeoJim: folds 
CestLavie95: calls $0.07
arto30: calls $0.06
Paty Doll726: calls $0.06
*** FLOP *** [7h 5s Jh]
CestLavie95: checks 
arto30: checks 
Paty Doll726: checks 
Prince Mantis: checks 
*** TURN *** [7h 5s Jh] [4s]
CestLavie95: checks 
arto30: bets $0.31
Paty Doll726: folds 
Prince Mantis: folds 
CestLavie95: folds 
Uncalled bet ($0.31) returned to arto30
arto30 collected $0.31 from pot
*** SUMMARY ***
Total pot $0.32 | Rake $0.01 
Board [7h 5s Jh 4s]
Seat 1: Prince Mantis folded on the Turn
Seat 3: TornadeoJim (button) folded before Flop (didn't bet)
Seat 5: CestLavie95 (small blind) folded on the Turn
Seat 6: arto30 (big blind) collected ($0.31)
Seat 7: Dorex2007 folded before Flop (didn't bet)
Seat 8: Paty Doll726 folded on the Turn
Seat 9: wALEXSANDRw folded before Flop (didn't bet)



PokerStars Hand #237189050770:  Hold'em No Limit ($0.01/$0.02 USD) - 2022/07/05 21:44:08 PT [2022/07/06 0:44:08 ET]
Table 'Vibeke III' 9-max Seat #5 is the button
Seat 1: Prince Mantis ($2.08 in chips) 
Seat 3: TornadeoJim ($1.61 in chips) 
Seat 5: CestLavie95 ($4.32 in chips) 
Seat 6: arto30 ($1.64 in chips) 
Seat 7: Dorex2007 ($4.50 in chips) 
Seat 8: Paty Doll726 ($0.87 in chips) 
Seat 9: wALEXSANDRw ($2.98 in chips) 
arto30: posts small blind $0.01
Dorex2007: posts big blind $0.02
Player2969: sits out 
*** HOLE CARDS ***
Dealt to Dorex2007 [9d 6d]
Paty Doll726: folds 
wALEXSANDRw: raises $0.02 to $0.04
Prince Mantis: folds 
TornadeoJim: folds 
CestLavie95: raises $0.02 to $0.06
arto30: folds 
Dorex2007: folds 
Paty Doll726 leaves the table
wALEXSANDRw: calls $0.02
*** FLOP *** [4h 5d Jd]
Kyhan N joins the table at seat #8 
wALEXSANDRw: checks 
CestLavie95: bets $0.05
wALEXSANDRw: calls $0.05
*** TURN *** [4h 5d Jd] [2h]
wALEXSANDRw: checks 
CestLavie95: bets $0.18
wALEXSANDRw: calls $0.18
*** RIVER *** [4h 5d Jd 2h] [Qs]
wALEXSANDRw: checks 
CestLavie95: bets $0.66
wALEXSANDRw: folds 
Uncalled bet ($0.66) returned to CestLavie95
CestLavie95 collected $0.59 from pot
*** SUMMARY ***
Total pot $0.61 | Rake $0.02 
Board [4h 5d Jd 2h Qs]
Seat 1: Prince Mantis folded before Flop (didn't bet)
Seat 3: TornadeoJim folded before Flop (didn't bet)
Seat 5: CestLavie95 (button) collected ($0.59)
Seat 6: arto30 (small blind) folded before Flop
Seat 7: Dorex2007 (big blind) folded before Flop
Seat 8: Paty Doll726 folded before Flop (didn't bet)
Seat 9: wALEXSANDRw folded on the River



PokerStars Hand #237189059941:  Hold'em No Limit ($0.01/$0.02 USD) - 2022/07/05 21:45:23 PT [2022/07/06 0:45:23 ET]
Table 'Vibeke III' 9-max Seat #6 is the button
Seat 1: Prince Mantis ($2.08 in chips) 
Seat 3: TornadeoJim ($1.61 in chips) 
Seat 5: CestLavie95 ($4.62 in chips) 
Seat 6: arto30 ($1.63 in chips) 
Seat 7: Dorex2007 ($4.48 in chips) 
Seat 8: Kyhan N ($1.48 in chips) 
Seat 9: wALEXSANDRw ($2.69 in chips) 
Dorex2007: posts small blind $0.01
Kyhan N: posts big blind $0.02
Player2969: sits out 
*** HOLE CARDS ***
Dealt to Dorex2007 [3d 3c]
wALEXSANDRw: folds 
Prince Mantis: folds 
TornadeoJim: folds 
CestLavie95: folds 
arto30: folds 
Dorex2007: calls $0.01
Kyhan N: raises $0.04 to $0.06
Dorex2007: folds 
Uncalled bet ($0.04) returned to Kyhan N
Kyhan N collected $0.04 from pot
*** SUMMARY ***
Total pot $0.04 | Rake $0 
Seat 1: Prince Mantis folded before Flop (didn't bet)
Seat 3: TornadeoJim folded before Flop (didn't bet)
Seat 5: CestLavie95 folded before Flop (didn't bet)
Seat 6: arto30 (button) folded before Flop (didn't bet)
Seat 7: Dorex2007 (small blind) folded before Flop
Seat 8: Kyhan N (big blind) collected ($0.04)
Seat 9: wALEXSANDRw folded before Flop (didn't bet)



PokerStars Hand #237189062369:  Hold'em No Limit ($0.01/$0.02 USD) - 2022/07/05 21:45:43 PT [2022/07/06 0:45:43 ET]
Table 'Vibeke III' 9-max Seat #7 is the button
Seat 1: Prince Mantis ($2.08 in chips) 
Seat 3: TornadeoJim ($1.61 in chips) 
Seat 5: CestLavie95 ($4.62 in chips) 
Seat 6: arto30 ($1.63 in chips) 
Seat 7: Dorex2007 ($4.46 in chips) 
Seat 8: Kyhan N ($1.50 in chips) 
Seat 9: wALEXSANDRw ($2.69 in chips) 
Kyhan N: posts small blind $0.01
wALEXSANDRw: posts big blind $0.02
Player2969: sits out 
*** HOLE CARDS ***
Dealt to Dorex2007 [8d 9s]
Prince Mantis: folds 
TornadeoJim: folds 
CestLavie95: raises $0.04 to $0.06
arto30: calls $0.06
Dorex2007: folds 
Kyhan N: folds 
wALEXSANDRw: folds 
*** FLOP *** [Jc 3c 6c]
CestLavie95: checks 
arto30: bets $0.14
CestLavie95: folds 
Uncalled bet ($0.14) returned to arto30
arto30 collected $0.14 from pot
*** SUMMARY ***
Total pot $0.15 | Rake $0.01 
Board [Jc 3c 6c]
Seat 1: Prince Mantis folded before Flop (didn't bet)
Seat 3: TornadeoJim folded before Flop (didn't bet)
Seat 5: CestLavie95 folded on the Flop
Seat 6: arto30 collected ($0.14)
Seat 7: Dorex2007 (button) folded before Flop (didn't bet)
Seat 8: Kyhan N (small blind) folded before Flop
Seat 9: wALEXSANDRw (big blind) folded before Flop



PokerStars Hand #237189066087:  Hold'em No Limit ($0.01/$0.02 USD) - 2022/07/05 21:46:14 PT [2022/07/06 0:46:14 ET]
Table 'Vibeke III' 9-max Seat #8 is the button
Seat 1: Prince Mantis ($2.08 in chips) 
Seat 3: TornadeoJim ($1.61 in chips) 
Seat 5: CestLavie95 ($4.56 in chips) 
Seat 6: arto30 ($1.71 in chips) 
Seat 7: Dorex2007 ($4.46 in chips) 
Seat 8: Kyhan N ($1.49 in chips) 
Seat 9: wALEXSANDRw ($2.67 in chips) 
wALEXSANDRw: posts small blind $0.01
Prince Mantis: posts big blind $0.02
Player2969: sits out 
*** HOLE CARDS ***
Dealt to Dorex2007 [5s 4s]
TornadeoJim: calls $0.02
CestLavie95: folds 
arto30: folds 
Dorex2007: calls $0.02
Kyhan N: folds 
wALEXSANDRw: calls $0.01
Prince Mantis: checks 
*** FLOP *** [4h Ad 4d]
wALEXSANDRw: checks 
Prince Mantis: checks 
TornadeoJim: bets $0.02
Dorex2007: raises $0.06 to $0.08
wALEXSANDRw: folds 
Prince Mantis: folds 
TornadeoJim: calls $0.06
*** TURN *** [4h Ad 4d] [Kc]
TornadeoJim: checks 
Dorex2007: bets $0.15
TornadeoJim: calls $0.15
*** RIVER *** [4h Ad 4d Kc] [7h]
TornadeoJim: checks 
Dorex2007: bets $0.52
TornadeoJim: folds [Ac]
Uncalled bet ($0.52) returned to Dorex2007
Dorex2007 collected $0.52 from pot
*** SUMMARY ***
Total pot $0.54 | Rake $0.02 
Board [4h Ad 4d Kc 7h]
Seat 1: Prince Mantis (big blind) folded on the Flop
Seat 3: TornadeoJim folded on the River
Seat 5: CestLavie95 folded before Flop (didn't bet)
Seat 6: arto30 folded before Flop (didn't bet)
Seat 7: Dorex2007 collected ($0.52)
Seat 8: Kyhan N (button) folded before Flop (didn't bet)
Seat 9: wALEXSANDRw (small blind) folded on the Flop



PokerStars Hand #237189077959:  Hold'em No Limit ($0.01/$0.02 USD) - 2022/07/05 21:47:50 PT [2022/07/06 0:47:50 ET]
Table 'Vibeke III' 9-max Seat #9 is the button
Seat 1: Prince Mantis ($2.06 in chips) 
Seat 2: Player2969 ($1.60 in chips) 
Seat 3: TornadeoJim ($1.36 in chips) 
Seat 5: CestLavie95 ($4.56 in chips) 
Seat 6: arto30 ($1.71 in chips) 
Seat 7: Dorex2007 ($4.73 in chips) 
Seat 8: Kyhan N ($1.49 in chips) 
Seat 9: wALEXSANDRw ($2.65 in chips) 
Prince Mantis: posts small blind $0.01
Player2969: posts big blind $0.02
*** HOLE CARDS ***
Dealt to Dorex2007 [2h 4c]
TornadeoJim: folds 
CestLavie95: folds 
arto30: folds 
Dorex2007: folds 
Kyhan N: folds 
wALEXSANDRw: folds 
Prince Mantis: folds 
Uncalled bet ($0.01) returned to Player2969
Player2969 collected $0.02 from pot
*** SUMMARY ***
Total pot $0.02 | Rake $0 
Seat 1: Prince Mantis (small blind) folded before Flop
Seat 2: Player2969 (big blind) collected ($0.02)
Seat 3: TornadeoJim folded before Flop (didn't bet)
Seat 5: CestLavie95 folded before Flop (didn't bet)
Seat 6: arto30 folded before Flop (didn't bet)
Seat 7: Dorex2007 folded before Flop (didn't bet)
Seat 8: Kyhan N folded before Flop (didn't bet)
Seat 9: wALEXSANDRw (button) folded before Flop (didn't bet)



PokerStars Hand #237189081121:  Hold'em No Limit ($0.01/$0.02 USD) - 2022/07/05 21:48:15 PT [2022/07/06 0:48:15 ET]
Table 'Vibeke III' 9-max Seat #1 is the button
Seat 1: Prince Mantis ($2.05 in chips) 
Seat 2: Player2969 ($1.61 in chips) 
Seat 3: TornadeoJim ($1.36 in chips) 
Seat 5: CestLavie95 ($4.56 in chips) 
Seat 6: arto30 ($1.71 in chips) 
Seat 7: Dorex2007 ($4.73 in chips) 
Seat 8: Kyhan N ($1.49 in chips) 
Seat 9: wALEXSANDRw ($2.65 in chips) 
Player2969: posts small blind $0.01
TornadeoJim: posts big blind $0.02
*** HOLE CARDS ***
Dealt to Dorex2007 [4s 3d]
CestLavie95: folds 
arto30: folds 
Dorex2007 has timed out
Dorex2007: folds 
Kyhan N: folds 
wALEXSANDRw: folds 
Prince Mantis: raises $0.04 to $0.06
Player2969: raises $1.55 to $1.61 and is all-in
TornadeoJim: folds 
Prince Mantis: folds 
Uncalled bet ($1.55) returned to Player2969
Player2969 collected $0.14 from pot
*** SUMMARY ***
Total pot $0.14 | Rake $0 
Seat 1: Prince Mantis (button) folded before Flop
Seat 2: Player2969 (small blind) collected ($0.14)
Seat 3: TornadeoJim (big blind) folded before Flop
Seat 5: CestLavie95 folded before Flop (didn't bet)
Seat 6: arto30 folded before Flop (didn't bet)
Seat 7: Dorex2007 folded before Flop (didn't bet)
Seat 8: Kyhan N folded before Flop (didn't bet)
Seat 9: wALEXSANDRw folded before Flop (didn't bet)



PokerStars Hand #237189089144:  Hold'em No Limit ($0.01/$0.02 USD) - 2022/07/05 21:49:20 PT [2022/07/06 0:49:20 ET]
Table 'Vibeke III' 9-max Seat #2 is the button
Seat 1: Prince Mantis ($2 in chips) 
Seat 2: Player2969 ($1.69 in chips) 
Seat 3: TornadeoJim ($1.34 in chips) 
Seat 5: CestLavie95 ($4.56 in chips) 
Seat 6: arto30 ($1.71 in chips) 
Seat 7: Dorex2007 ($4.73 in chips) 
Seat 8: Kyhan N ($1.49 in chips) 
Seat 9: wALEXSANDRw ($2.65 in chips) 
TornadeoJim: posts small blind $0.01
CestLavie95: posts big blind $0.02
*** HOLE CARDS ***
Dealt to Dorex2007 [Ac 3h]
arto30: calls $0.02
Dorex2007: folds 
Kyhan N: folds 
wALEXSANDRw: calls $0.02
Prince Mantis: folds 
Player2969: folds 
TornadeoJim: calls $0.01
CestLavie95: checks 
*** FLOP *** [Js 5d 7d]
TornadeoJim: checks 
CestLavie95: checks 
arto30: checks 
wALEXSANDRw: checks 
*** TURN *** [Js 5d 7d] [Td]
TornadeoJim: checks 
CestLavie95: bets $0.02
arto30: calls $0.02
wALEXSANDRw: folds 
TornadeoJim: folds 
*** RIVER *** [Js 5d 7d Td] [8c]
CestLavie95: bets $0.04
arto30: calls $0.04
*** SHOW DOWN ***
CestLavie95: shows [4h 9d] (a straight, Seven to Jack)
arto30: shows [9s Ts] (a straight, Seven to Jack)
CestLavie95 collected $0.10 from pot
arto30 collected $0.09 from pot
*** SUMMARY ***
Total pot $0.20 | Rake $0.01 
Board [Js 5d 7d Td 8c]
Seat 1: Prince Mantis folded before Flop (didn't bet)
Seat 2: Player2969 (button) folded before Flop (didn't bet)
Seat 3: TornadeoJim (small blind) folded on the Turn
Seat 5: CestLavie95 (big blind) showed [4h 9d] and won ($0.10) with a straight, Seven to Jack
Seat 6: arto30 showed [9s Ts] and won ($0.09) with a straight, Seven to Jack
Seat 7: Dorex2007 folded before Flop (didn't bet)
Seat 8: Kyhan N folded before Flop (didn't bet)
Seat 9: wALEXSANDRw folded on the Turn



PokerStars Hand #237189099445:  Hold'em No Limit ($0.01/$0.02 USD) - 2022/07/05 21:50:44 PT [2022/07/06 0:50:44 ET]
Table 'Vibeke III' 9-max Seat #3 is the button
Seat 1: Prince Mantis ($2 in chips) 
Seat 2: Player2969 ($1.69 in chips) 
Seat 3: TornadeoJim ($1.32 in chips) 
Seat 5: CestLavie95 ($4.58 in chips) 
Seat 6: arto30 ($1.72 in chips) 
Seat 7: Dorex2007 ($4.73 in chips) 
Seat 8: Kyhan N ($1.49 in chips) 
Seat 9: wALEXSANDRw ($2.63 in chips) 
CestLavie95: posts small blind $0.01
arto30: posts big blind $0.02
*** HOLE CARDS ***
Dealt to Dorex2007 [Jc 9d]
Dorex2007 has timed out
Dorex2007: folds 
Kyhan N: folds 
wALEXSANDRw: folds 
Prince Mantis: folds 
Player2969 has timed out
Player2969: folds 
TornadeoJim: folds 
CestLavie95: folds 
Uncalled bet ($0.01) returned to arto30
arto30 collected $0.02 from pot
*** SUMMARY ***
Total pot $0.02 | Rake $0 
Seat 1: Prince Mantis folded before Flop (didn't bet)
Seat 2: Player2969 folded before Flop (didn't bet)
Seat 3: TornadeoJim (button) folded before Flop (didn't bet)
Seat 5: CestLavie95 (small blind) folded before Flop
Seat 6: arto30 (big blind) collected ($0.02)
Seat 7: Dorex2007 folded before Flop (didn't bet)
Seat 8: Kyhan N folded before Flop (didn't bet)
Seat 9: wALEXSANDRw folded before Flop (didn't bet)



PokerStars Hand #237189104614:  Hold'em No Limit ($0.01/$0.02 USD) - 2022/07/05 21:51:26 PT [2022/07/06 0:51:26 ET]
Table 'Vibeke III' 9-max Seat #5 is the button
Seat 1: Prince Mantis ($2 in chips) 
Seat 2: Player2969 ($1.69 in chips) 
Seat 3: TornadeoJim ($1.32 in chips) 
Seat 4: deileon ($2.76 in chips) 
Seat 5: CestLavie95 ($4.57 in chips) 
Seat 6: arto30 ($1.73 in chips) 
Seat 7: Dorex2007 ($4.73 in chips) 
Seat 8: Kyhan N ($1.49 in chips) 
Seat 9: wALEXSANDRw ($2.63 in chips) 
arto30: posts small blind $0.01
Dorex2007: posts big blind $0.02
deileon: posts small & big blinds $0.03
*** HOLE CARDS ***
Dealt to Dorex2007 [Ts Jh]
Kyhan N: folds 
wALEXSANDRw: calls $0.02
Prince Mantis: folds 
Player2969: folds 
TornadeoJim: folds 
deileon: checks 
CestLavie95: calls $0.02
arto30: calls $0.01
Dorex2007: checks 
*** FLOP *** [Qd 4d 7s]
arto30: bets $0.11
Dorex2007: folds 
wALEXSANDRw: folds 
deileon: folds 
CestLavie95: folds 
Uncalled bet ($0.11) returned to arto30
arto30 collected $0.11 from pot
*** SUMMARY ***
Total pot $0.11 | Rake $0 
Board [Qd 4d 7s]
Seat 1: Prince Mantis folded before Flop (didn't bet)
Seat 2: Player2969 folded before Flop (didn't bet)
Seat 3: TornadeoJim folded before Flop (didn't bet)
Seat 4: deileon folded on the Flop (didn't bet)
Seat 5: CestLavie95 (button) folded on the Flop
Seat 6: arto30 (small blind) collected ($0.11)
Seat 7: Dorex2007 (big blind) folded on the Flop
Seat 8: Kyhan N folded before Flop (didn't bet)
Seat 9: wALEXSANDRw folded on the Flop



PokerStars Hand #237189110399:  Hold'em No Limit ($0.01/$0.02 USD) - 2022/07/05 21:52:15 PT [2022/07/06 0:52:15 ET]
Table 'Vibeke III' 9-max Seat #6 is the button
Seat 1: Prince Mantis ($2 in chips) 
Seat 2: Player2969 ($1.69 in chips) 
Seat 3: TornadeoJim ($1.32 in chips) 
Seat 4: deileon ($2.73 in chips) 
Seat 5: CestLavie95 ($4.55 in chips) 
Seat 6: arto30 ($1.82 in chips) 
Seat 7: Dorex2007 ($4.71 in chips) 
Seat 8: Kyhan N ($1.49 in chips) 
Seat 9: wALEXSANDRw ($2.61 in chips) 
Dorex2007: posts small blind $0.01
Kyhan N: posts big blind $0.02
*** HOLE CARDS ***
Dealt to Dorex2007 [5c Kh]
wALEXSANDRw: folds 
Prince Mantis: folds 
Player2969: folds 
TornadeoJim: folds 
deileon: folds 
CestLavie95: folds 
arto30: folds 
Dorex2007: folds 
Uncalled bet ($0.01) returned to Kyhan N
Kyhan N collected $0.02 from pot
*** SUMMARY ***
Total pot $0.02 | Rake $0 
Seat 1: Prince Mantis folded before Flop (didn't bet)
Seat 2: Player2969 folded before Flop (didn't bet)
Seat 3: TornadeoJim folded before Flop (didn't bet)
Seat 4: deileon folded before Flop (didn't bet)
Seat 5: CestLavie95 folded before Flop (didn't bet)
Seat 6: arto30 (button) folded before Flop (didn't bet)
Seat 7: Dorex2007 (small blind) folded before Flop
Seat 8: Kyhan N (big blind) collected ($0.02)
Seat 9: wALEXSANDRw folded before Flop (didn't bet)



PokerStars Hand #237189114318:  Hold'em No Limit ($0.01/$0.02 USD) - 2022/07/05 21:52:46 PT [2022/07/06 0:52:46 ET]
Table 'Vibeke III' 9-max Seat #7 is the button
Seat 1: Prince Mantis ($2 in chips) 
Seat 2: Player2969 ($1.69 in chips) 
Seat 3: TornadeoJim ($1.32 in chips) 
Seat 4: deileon ($2.73 in chips) 
Seat 5: CestLavie95 ($4.55 in chips) 
Seat 6: arto30 ($1.82 in chips) 
Seat 7: Dorex2007 ($4.70 in chips) 
Seat 8: Kyhan N ($1.50 in chips) 
Seat 9: wALEXSANDRw ($2.61 in chips) 
Kyhan N: posts small blind $0.01
wALEXSANDRw: posts big blind $0.02
*** HOLE CARDS ***
Dealt to Dorex2007 [Ah Jh]
Prince Mantis: folds 
Player2969: folds 
TornadeoJim: folds 
deileon: folds 
CestLavie95: folds 
arto30: calls $0.02
Dorex2007: raises $0.02 to $0.04
Kyhan N: folds 
wALEXSANDRw: calls $0.02
arto30: calls $0.02
*** FLOP *** [5d Kc 7d]
wALEXSANDRw: checks 
arto30: bets $0.13
Dorex2007: folds 
wALEXSANDRw: folds 
Uncalled bet ($0.13) returned to arto30
arto30 collected $0.13 from pot
*** SUMMARY ***
Total pot $0.13 | Rake $0 
Board [5d Kc 7d]
Seat 1: Prince Mantis folded before Flop (didn't bet)
Seat 2: Player2969 folded before Flop (didn't bet)
Seat 3: TornadeoJim folded before Flop (didn't bet)
Seat 4: deileon folded before Flop (didn't bet)
Seat 5: CestLavie95 folded before Flop (didn't bet)
Seat 6: arto30 collected ($0.13)
Seat 7: Dorex2007 (button) folded on the Flop
Seat 8: Kyhan N (small blind) folded before Flop
Seat 9: wALEXSANDRw (big blind) folded on the Flop



PokerStars Hand #237189119259:  Hold'em No Limit ($0.01/$0.02 USD) - 2022/07/05 21:53:27 PT [2022/07/06 0:53:27 ET]
Table 'Vibeke III' 9-max Seat #8 is the button
Seat 1: Prince Mantis ($2 in chips) 
Seat 2: Player2969 ($1.69 in chips) 
Seat 3: TornadeoJim ($1.32 in chips) 
Seat 4: deileon ($2.73 in chips) 
Seat 5: CestLavie95 ($4.55 in chips) 
Seat 6: arto30 ($1.91 in chips) 
Seat 7: Dorex2007 ($4.66 in chips) 
Seat 8: Kyhan N ($1.49 in chips) 
Seat 9: wALEXSANDRw ($2.57 in chips) 
wALEXSANDRw: posts small blind $0.01
Prince Mantis: posts big blind $0.02
*** HOLE CARDS ***
Dealt to Dorex2007 [4d 3s]
Player2969 has timed out
Player2969: folds 
TornadeoJim: folds 
deileon: calls $0.02
CestLavie95: folds 
arto30: calls $0.02
Dorex2007: folds 
Kyhan N: folds 
wALEXSANDRw: calls $0.01
Prince Mantis: checks 
*** FLOP *** [5d 3c Qh]
wALEXSANDRw: checks 
Prince Mantis: checks 
deileon: checks 
arto30: checks 
*** TURN *** [5d 3c Qh] [6d]
wALEXSANDRw: checks 
Prince Mantis: checks 
deileon: checks 
arto30: checks 
*** RIVER *** [5d 3c Qh 6d] [6h]
wALEXSANDRw: checks 
Prince Mantis: checks 
deileon: checks 
arto30: checks 
*** SHOW DOWN ***
wALEXSANDRw: shows [2s Jc] (a pair of Sixes)
Prince Mantis: shows [Jh 8c] (a pair of Sixes - Queen+Jack+Eight kicker)
deileon: shows [7d Ad] (a pair of Sixes - Ace kicker)
arto30: mucks hand 
deileon collected $0.08 from pot
*** SUMMARY ***
Total pot $0.08 | Rake $0 
Board [5d 3c Qh 6d 6h]
Seat 1: Prince Mantis (big blind) showed [Jh 8c] and lost with a pair of Sixes
Seat 2: Player2969 folded before Flop (didn't bet)
Seat 3: TornadeoJim folded before Flop (didn't bet)
Seat 4: deileon showed [7d Ad] and won ($0.08) with a pair of Sixes
Seat 5: CestLavie95 folded before Flop (didn't bet)
Seat 6: arto30 mucked [Tc 7c]
Seat 7: Dorex2007 folded before Flop (didn't bet)
Seat 8: Kyhan N (button) folded before Flop (didn't bet)
Seat 9: wALEXSANDRw (small blind) showed [2s Jc] and lost with a pair of Sixes



PokerStars Hand #237189131242:  Hold'em No Limit ($0.01/$0.02 USD) - 2022/07/05 21:55:08 PT [2022/07/06 0:55:08 ET]
Table 'Vibeke III' 9-max Seat #9 is the button
Seat 1: Prince Mantis ($2 in chips) 
Seat 2: Player2969 ($1.69 in chips) 
Seat 3: TornadeoJim ($1.32 in chips) 
Seat 4: deileon ($2.79 in chips) 
Seat 5: CestLavie95 ($4.55 in chips) 
Seat 6: arto30 ($1.89 in chips) 
Seat 7: Dorex2007 ($4.66 in chips) 
Seat 8: Kyhan N ($1.49 in chips) 
Seat 9: wALEXSANDRw ($2.55 in chips) 
Prince Mantis: posts small blind $0.01
Player2969: posts big blind $0.02
*** HOLE CARDS ***
Dealt to Dorex2007 [Kh 8c]
TornadeoJim: folds 
deileon: folds 
CestLavie95: folds 
arto30: folds 
Dorex2007: folds 
Kyhan N: folds 
wALEXSANDRw: calls $0.02
Prince Mantis: raises $0.06 to $0.08
Player2969: folds 
wALEXSANDRw: folds 
Uncalled bet ($0.06) returned to Prince Mantis
Prince Mantis collected $0.06 from pot
*** SUMMARY ***
Total pot $0.06 | Rake $0 
Seat 1: Prince Mantis (small blind) collected ($0.06)
Seat 2: Player2969 (big blind) folded before Flop
Seat 3: TornadeoJim folded before Flop (didn't bet)
Seat 4: deileon folded before Flop (didn't bet)
Seat 5: CestLavie95 folded before Flop (didn't bet)
Seat 6: arto30 folded before Flop (didn't bet)
Seat 7: Dorex2007 folded before Flop (didn't bet)
Seat 8: Kyhan N folded before Flop (didn't bet)
Seat 9: wALEXSANDRw (button) folded before Flop



PokerStars Hand #237189136565:  Hold'em No Limit ($0.01/$0.02 USD) - 2022/07/05 21:55:58 PT [2022/07/06 0:55:58 ET]
Table 'Vibeke III' 9-max Seat #1 is the button
Seat 1: Prince Mantis ($2.04 in chips) 
Seat 2: Player2969 ($1.67 in chips) 
Seat 3: TornadeoJim ($1.32 in chips) 
Seat 4: deileon ($2.79 in chips) 
Seat 5: CestLavie95 ($4.55 in chips) 
Seat 6: arto30 ($1.89 in chips) 
Seat 7: Dorex2007 ($4.66 in chips) 
Seat 8: Kyhan N ($1.49 in chips) 
Seat 9: wALEXSANDRw ($2.53 in chips) 
Player2969: posts small blind $0.01
TornadeoJim: posts big blind $0.02
*** HOLE CARDS ***
Dealt to Dorex2007 [5h 9d]
deileon: folds 
CestLavie95: folds 
arto30: folds 
Dorex2007: folds 
Kyhan N: raises $0.02 to $0.04
wALEXSANDRw: calls $0.04
Prince Mantis: folds 
Player2969: raises $1.63 to $1.67 and is all-in
TornadeoJim: folds 
Kyhan N: folds 
wALEXSANDRw: folds 
Uncalled bet ($1.63) returned to Player2969
Player2969 collected $0.14 from pot
*** SUMMARY ***
Total pot $0.14 | Rake $0 
Seat 1: Prince Mantis (button) folded before Flop (didn't bet)
Seat 2: Player2969 (small blind) collected ($0.14)
Seat 3: TornadeoJim (big blind) folded before Flop
Seat 4: deileon folded before Flop (didn't bet)
Seat 5: CestLavie95 folded before Flop (didn't bet)
Seat 6: arto30 folded before Flop (didn't bet)
Seat 7: Dorex2007 folded before Flop (didn't bet)
Seat 8: Kyhan N folded before Flop
Seat 9: wALEXSANDRw folded before Flop



PokerStars Hand #237189142316:  Hold'em No Limit ($0.01/$0.02 USD) - 2022/07/05 21:56:53 PT [2022/07/06 0:56:53 ET]
Table 'Vibeke III' 9-max Seat #2 is the button
Seat 1: Prince Mantis ($2.04 in chips) 
Seat 2: Player2969 ($1.77 in chips) 
Seat 3: TornadeoJim ($1.30 in chips) 
Seat 4: deileon ($2.79 in chips) 
Seat 5: CestLavie95 ($4.55 in chips) 
Seat 6: arto30 ($1.89 in chips) 
Seat 7: Dorex2007 ($4.66 in chips) 
Seat 8: Kyhan N ($1.45 in chips) 
Seat 9: wALEXSANDRw ($2.49 in chips) 
TornadeoJim: posts small blind $0.01
deileon: posts big blind $0.02
*** HOLE CARDS ***
Dealt to Dorex2007 [Qs 2c]
CestLavie95 has timed out
CestLavie95: folds 
arto30: calls $0.02
Dorex2007: folds 
Kyhan N: folds 
wALEXSANDRw: folds 
Prince Mantis: folds 
Player2969: folds 
TornadeoJim: folds 
deileon: checks 
*** FLOP *** [3d Ah 5d]
deileon: checks 
arto30: bets $0.05
deileon: folds 
Uncalled bet ($0.05) returned to arto30
arto30 collected $0.05 from pot
*** SUMMARY ***
Total pot $0.05 | Rake $0 
Board [3d Ah 5d]
Seat 1: Prince Mantis folded before Flop (didn't bet)
Seat 2: Player2969 (button) folded before Flop (didn't bet)
Seat 3: TornadeoJim (small blind) folded before Flop
Seat 4: deileon (big blind) folded on the Flop
Seat 5: CestLavie95 folded before Flop (didn't bet)
Seat 6: arto30 collected ($0.05)
Seat 7: Dorex2007 folded before Flop (didn't bet)
Seat 8: Kyhan N folded before Flop (didn't bet)
Seat 9: wALEXSANDRw folded before Flop (didn't bet)



PokerStars Hand #237189148169:  Hold'em No Limit ($0.01/$0.02 USD) - 2022/07/05 21:57:50 PT [2022/07/06 0:57:50 ET]
Table 'Vibeke III' 9-max Seat #3 is the button
Seat 1: Prince Mantis ($2.04 in chips) 
Seat 2: Player2969 ($1.77 in chips) 
Seat 3: TornadeoJim ($1.29 in chips) 
Seat 4: deileon ($2.77 in chips) 
Seat 5: CestLavie95 ($4.55 in chips) 
Seat 6: arto30 ($1.92 in chips) 
Seat 7: Dorex2007 ($4.66 in chips) 
Seat 8: Kyhan N ($1.45 in chips) 
Seat 9: wALEXSANDRw ($2.49 in chips) 
deileon: posts small blind $0.01
CestLavie95: posts big blind $0.02
*** HOLE CARDS ***
Dealt to Dorex2007 [7s Jd]
arto30: raises $0.05 to $0.07
Dorex2007: folds 
Kyhan N: folds 
wALEXSANDRw: folds 
Prince Mantis: folds 
Player2969: folds 
TornadeoJim: folds 
deileon: folds 
CestLavie95: folds 
Uncalled bet ($0.05) returned to arto30
arto30 collected $0.05 from pot
*** SUMMARY ***
Total pot $0.05 | Rake $0 
Seat 1: Prince Mantis folded before Flop (didn't bet)
Seat 2: Player2969 folded before Flop (didn't bet)
Seat 3: TornadeoJim (button) folded before Flop (didn't bet)
Seat 4: deileon (small blind) folded before Flop
Seat 5: CestLavie95 (big blind) folded before Flop
Seat 6: arto30 collected ($0.05)
Seat 7: Dorex2007 folded before Flop (didn't bet)
Seat 8: Kyhan N folded before Flop (didn't bet)
Seat 9: wALEXSANDRw folded before Flop (didn't bet)



PokerStars Hand #237189151477:  Hold'em No Limit ($0.01/$0.02 USD) - 2022/07/05 21:58:21 PT [2022/07/06 0:58:21 ET]
Table 'Vibeke III' 9-max Seat #4 is the button
Seat 1: Prince Mantis ($2.04 in chips) 
Seat 2: Player2969 ($1.77 in chips) 
Seat 3: TornadeoJim ($1.29 in chips) 
Seat 4: deileon ($2.76 in chips) 
Seat 5: CestLavie95 ($4.53 in chips) 
Seat 6: arto30 ($1.95 in chips) 
Seat 7: Dorex2007 ($4.66 in chips) 
Seat 8: Kyhan N ($1.45 in chips) 
Seat 9: wALEXSANDRw ($2.49 in chips) 
CestLavie95: posts small blind $0.01
arto30: posts big blind $0.02
*** HOLE CARDS ***
Dealt to Dorex2007 [As 3h]
Dorex2007: folds 
Kyhan N: folds 
wALEXSANDRw: folds 
Prince Mantis: folds 
Player2969: folds 
TornadeoJim: folds 
deileon: folds 
CestLavie95: folds 
Uncalled bet ($0.01) returned to arto30
arto30 collected $0.02 from pot
*** SUMMARY ***
Total pot $0.02 | Rake $0 
Seat 1: Prince Mantis folded before Flop (didn't bet)
Seat 2: Player2969 folded before Flop (didn't bet)
Seat 3: TornadeoJim folded before Flop (didn't bet)
Seat 4: deileon (button) folded before Flop (didn't bet)
Seat 5: CestLavie95 (small blind) folded before Flop
Seat 6: arto30 (big blind) collected ($0.02)
Seat 7: Dorex2007 folded before Flop (didn't bet)
Seat 8: Kyhan N folded before Flop (didn't bet)
Seat 9: wALEXSANDRw folded before Flop (didn't bet)



PokerStars Hand #237189154695:  Hold'em No Limit ($0.01/$0.02 USD) - 2022/07/05 21:58:51 PT [2022/07/06 0:58:51 ET]
Table 'Vibeke III' 9-max Seat #5 is the button
Seat 1: Prince Mantis ($2.04 in chips) 
Seat 2: Player2969 ($1.77 in chips) 
Seat 3: TornadeoJim ($1.29 in chips) 
Seat 4: deileon ($2.76 in chips) 
Seat 5: CestLavie95 ($4.52 in chips) 
Seat 6: arto30 ($1.96 in chips) 
Seat 7: Dorex2007 ($4.66 in chips) 
Seat 8: Kyhan N ($1.45 in chips) 
Seat 9: wALEXSANDRw ($2.49 in chips) 
arto30: posts small blind $0.01
Dorex2007: posts big blind $0.02
*** HOLE CARDS ***
Dealt to Dorex2007 [6s 7d]
Kyhan N: folds 
wALEXSANDRw: raises $0.04 to $0.06
Prince Mantis: folds 
Player2969: folds 
TornadeoJim: folds 
deileon: folds 
CestLavie95: folds 
arto30: calls $0.05
Dorex2007: folds 
*** FLOP *** [2c Jh 4c]
arto30: bets $0.14
wALEXSANDRw: folds 
Uncalled bet ($0.14) returned to arto30
arto30 collected $0.14 from pot
*** SUMMARY ***
Total pot $0.14 | Rake $0 
Board [2c Jh 4c]
Seat 1: Prince Mantis folded before Flop (didn't bet)
Seat 2: Player2969 folded before Flop (didn't bet)
Seat 3: TornadeoJim folded before Flop (didn't bet)
Seat 4: deileon folded before Flop (didn't bet)
Seat 5: CestLavie95 (button) folded before Flop (didn't bet)
Seat 6: arto30 (small blind) collected ($0.14)
Seat 7: Dorex2007 (big blind) folded before Flop
Seat 8: Kyhan N folded before Flop (didn't bet)
Seat 9: wALEXSANDRw folded on the Flop



PokerStars Hand #237189159225:  Hold'em No Limit ($0.01/$0.02 USD) - 2022/07/05 21:59:35 PT [2022/07/06 0:59:35 ET]
Table 'Vibeke III' 9-max Seat #6 is the button
Seat 1: Prince Mantis ($2.04 in chips) 
Seat 2: Player2969 ($1.77 in chips) 
Seat 3: TornadeoJim ($1.29 in chips) 
Seat 4: deileon ($2.76 in chips) 
Seat 5: CestLavie95 ($4.52 in chips) 
Seat 6: arto30 ($2.04 in chips) 
Seat 7: Dorex2007 ($4.64 in chips) 
Seat 8: Kyhan N ($1.45 in chips) 
Seat 9: wALEXSANDRw ($2.43 in chips) 
Dorex2007: posts small blind $0.01
Kyhan N: posts big blind $0.02
*** HOLE CARDS ***
Dealt to Dorex2007 [Qc 9d]
wALEXSANDRw: folds 
Prince Mantis: folds 
Player2969: folds 
TornadeoJim: folds 
deileon: folds 
CestLavie95: folds 
arto30: folds 
Dorex2007: calls $0.01
Kyhan N: checks 
*** FLOP *** [6d 2s 4h]
Dorex2007: checks 
Kyhan N: checks 
*** TURN *** [6d 2s 4h] [9c]
Dorex2007: bets $0.04
Kyhan N: folds 
Uncalled bet ($0.04) returned to Dorex2007
Dorex2007 collected $0.04 from pot
*** SUMMARY ***
Total pot $0.04 | Rake $0 
Board [6d 2s 4h 9c]
Seat 1: Prince Mantis folded before Flop (didn't bet)
Seat 2: Player2969 folded before Flop (didn't bet)
Seat 3: TornadeoJim folded before Flop (didn't bet)
Seat 4: deileon folded before Flop (didn't bet)
Seat 5: CestLavie95 folded before Flop (didn't bet)
Seat 6: arto30 (button) folded before Flop (didn't bet)
Seat 7: Dorex2007 (small blind) collected ($0.04)
Seat 8: Kyhan N (big blind) folded on the Turn
Seat 9: wALEXSANDRw folded before Flop (didn't bet)



PokerStars Hand #237189165207:  Hold'em No Limit ($0.01/$0.02 USD) - 2022/07/05 22:00:32 PT [2022/07/06 1:00:32 ET]
Table 'Vibeke III' 9-max Seat #7 is the button
Seat 1: Prince Mantis ($2.04 in chips) 
Seat 2: Player2969 ($1.77 in chips) 
Seat 3: TornadeoJim ($1.29 in chips) 
Seat 4: deileon ($2.76 in chips) 
Seat 5: CestLavie95 ($4.52 in chips) 
Seat 6: arto30 ($2.04 in chips) 
Seat 7: Dorex2007 ($4.66 in chips) 
Seat 8: Kyhan N ($1.43 in chips) 
Seat 9: wALEXSANDRw ($2.43 in chips) 
Kyhan N: posts small blind $0.01
wALEXSANDRw: posts big blind $0.02
*** HOLE CARDS ***
Dealt to Dorex2007 [7d 2h]
Prince Mantis: folds 
Player2969: folds 
TornadeoJim: folds 
deileon: folds 
CestLavie95: calls $0.02
arto30: folds 
Dorex2007: folds 
Kyhan N: raises $0.02 to $0.04
wALEXSANDRw is disconnected 
wALEXSANDRw has timed out while disconnected
wALEXSANDRw: folds 
CestLavie95: calls $0.02
*** FLOP *** [9c Kd 6h]
Kyhan N: checks 
CestLavie95: bets $0.14
Kyhan N: folds 
Uncalled bet ($0.14) returned to CestLavie95
CestLavie95 collected $0.10 from pot
*** SUMMARY ***
Total pot $0.10 | Rake $0 
Board [9c Kd 6h]
Seat 1: Prince Mantis folded before Flop (didn't bet)
Seat 2: Player2969 folded before Flop (didn't bet)
Seat 3: TornadeoJim folded before Flop (didn't bet)
Seat 4: deileon folded before Flop (didn't bet)
Seat 5: CestLavie95 collected ($0.10)
Seat 6: arto30 folded before Flop (didn't bet)
Seat 7: Dorex2007 (button) folded before Flop (didn't bet)
Seat 8: Kyhan N (small blind) folded on the Flop
Seat 9: wALEXSANDRw (big blind) folded before Flop



PokerStars Hand #237189175168:  Hold'em No Limit ($0.01/$0.02 USD) - 2022/07/05 22:01:59 PT [2022/07/06 1:01:59 ET]
Table 'Vibeke III' 9-max Seat #8 is the button
Seat 1: Prince Mantis ($2.04 in chips) 
Seat 2: Player2969 ($1.77 in chips) 
Seat 3: TornadeoJim ($1.29 in chips) 
Seat 4: deileon ($2.76 in chips) 
Seat 5: CestLavie95 ($4.58 in chips) 
Seat 6: arto30 ($2.04 in chips) 
Seat 7: Dorex2007 ($4.66 in chips) 
Seat 8: Kyhan N ($1.39 in chips) 
Prince Mantis: posts small blind $0.01
Player2969: posts big blind $0.02
*** HOLE CARDS ***
Dealt to Dorex2007 [2h 6h]
TornadeoJim: folds 
deileon: calls $0.02
CestLavie95: folds 
arto30: folds 
Dorex2007: folds 
Kyhan N: folds 
Prince Mantis: folds 
Player2969: checks 
*** FLOP *** [Qs 5h 7s]
Player2969: checks 
deileon: checks 
*** TURN *** [Qs 5h 7s] [Qh]
Player2969: checks 
deileon: checks 
*** RIVER *** [Qs 5h 7s Qh] [Ah]
Player2969: checks 
deileon: checks 
*** SHOW DOWN ***
Player2969: shows [9c 8s] (a pair of Queens)
deileon: shows [Ad 3d] (two pair, Aces and Queens)
deileon collected $0.05 from pot
*** SUMMARY ***
Total pot $0.05 | Rake $0 
Board [Qs 5h 7s Qh Ah]
Seat 1: Prince Mantis (small blind) folded before Flop
Seat 2: Player2969 (big blind) showed [9c 8s] and lost with a pair of Queens
Seat 3: TornadeoJim folded before Flop (didn't bet)
Seat 4: deileon showed [Ad 3d] and won ($0.05) with two pair, Aces and Queens
Seat 5: CestLavie95 folded before Flop (didn't bet)
Seat 6: arto30 folded before Flop (didn't bet)
Seat 7: Dorex2007 folded before Flop (didn't bet)
Seat 8: Kyhan N (button) folded before Flop (didn't bet)



PokerStars Hand #237189184371:  Hold'em No Limit ($0.01/$0.02 USD) - 2022/07/05 22:03:20 PT [2022/07/06 1:03:20 ET]
Table 'Vibeke III' 9-max Seat #1 is the button
Seat 1: Prince Mantis ($2.03 in chips) 
Seat 2: Player2969 ($1.75 in chips) 
Seat 3: TornadeoJim ($1.29 in chips) 
Seat 4: deileon ($2.79 in chips) 
Seat 5: CestLavie95 ($4.58 in chips) 
Seat 6: arto30 ($2.04 in chips) 
Seat 7: Dorex2007 ($4.66 in chips) 
Seat 8: Kyhan N ($1.39 in chips) 
Player2969: posts small blind $0.01
TornadeoJim: posts big blind $0.02
*** HOLE CARDS ***
Dealt to Dorex2007 [Jh 7d]
deileon: folds 
CestLavie95: folds 
arto30 has timed out
arto30: folds 
Dorex2007: folds 
Kyhan N: folds 
Prince Mantis: raises $0.04 to $0.06
Player2969: folds 
TornadeoJim: folds 
Uncalled bet ($0.04) returned to Prince Mantis
Prince Mantis collected $0.05 from pot
*** SUMMARY ***
Total pot $0.05 | Rake $0 
Seat 1: Prince Mantis (button) collected ($0.05)
Seat 2: Player2969 (small blind) folded before Flop
Seat 3: TornadeoJim (big blind) folded before Flop
Seat 4: deileon folded before Flop (didn't bet)
Seat 5: CestLavie95 folded before Flop (didn't bet)
Seat 6: arto30 folded before Flop (didn't bet)
Seat 7: Dorex2007 folded before Flop (didn't bet)
Seat 8: Kyhan N folded before Flop (didn't bet)



PokerStars Hand #237189189470:  Hold'em No Limit ($0.01/$0.02 USD) - 2022/07/05 22:04:03 PT [2022/07/06 1:04:03 ET]
Table 'Vibeke III' 9-max Seat #2 is the button
Seat 1: Prince Mantis ($2.06 in chips) 
Seat 2: Player2969 ($1.74 in chips) 
Seat 3: TornadeoJim ($1.27 in chips) 
Seat 4: deileon ($2.79 in chips) 
Seat 5: CestLavie95 ($4.58 in chips) 
Seat 6: arto30 ($2.04 in chips) 
Seat 7: Dorex2007 ($4.66 in chips) 
Seat 8: Kyhan N ($1.39 in chips) 
TornadeoJim: posts small blind $0.01
deileon: posts big blind $0.02
*** HOLE CARDS ***
Dealt to Dorex2007 [Ac Js]
CestLavie95: folds 
arto30: calls $0.02
Dorex2007: calls $0.02
Kyhan N: raises $0.02 to $0.04
Prince Mantis: folds 
Player2969: folds 
TornadeoJim: folds 
deileon: folds 
arto30: calls $0.02
Dorex2007: calls $0.02
*** FLOP *** [5d Ts 2d]
arto30: checks 
Dorex2007: checks 
Kyhan N: bets $0.04
arto30: folds 
Dorex2007: folds 
Uncalled bet ($0.04) returned to Kyhan N
Kyhan N collected $0.14 from pot
*** SUMMARY ***
Total pot $0.15 | Rake $0.01 
Board [5d Ts 2d]
Seat 1: Prince Mantis folded before Flop (didn't bet)
Seat 2: Player2969 (button) folded before Flop (didn't bet)
Seat 3: TornadeoJim (small blind) folded before Flop
Seat 4: deileon (big blind) folded before Flop
Seat 5: CestLavie95 folded before Flop (didn't bet)
Seat 6: arto30 folded on the Flop
Seat 7: Dorex2007 folded on the Flop
Seat 8: Kyhan N collected ($0.14)



PokerStars Hand #237189198900:  Hold'em No Limit ($0.01/$0.02 USD) - 2022/07/05 22:05:25 PT [2022/07/06 1:05:25 ET]
Table 'Vibeke III' 9-max Seat #3 is the button
Seat 1: Prince Mantis ($2.06 in chips) 
Seat 2: Player2969 ($1.74 in chips) 
Seat 3: TornadeoJim ($1.26 in chips) 
Seat 4: deileon ($2.77 in chips) 
Seat 5: CestLavie95 ($4.58 in chips) 
Seat 6: arto30 ($2 in chips) 
Seat 7: Dorex2007 ($4.62 in chips) 
Seat 8: Kyhan N ($1.49 in chips) 
deileon: posts small blind $0.01
CestLavie95: posts big blind $0.02
*** HOLE CARDS ***
Dealt to Dorex2007 [3c 3d]
arto30 has timed out
arto30: folds 
Dorex2007: calls $0.02
Kyhan N: folds 
Prince Mantis: raises $0.06 to $0.08
arto30 leaves the table
Smith1606 joins the table at seat #6 
Player2969: raises $1.66 to $1.74 and is all-in
TornadeoJim: folds 
deileon: folds 
CestLavie95: folds 
Dorex2007: folds 
Prince Mantis: folds 
Uncalled bet ($1.66) returned to Player2969
Player2969 collected $0.21 from pot
*** SUMMARY ***
Total pot $0.21 | Rake $0 
Seat 1: Prince Mantis folded before Flop
Seat 2: Player2969 collected ($0.21)
Seat 3: TornadeoJim (button) folded before Flop (didn't bet)
Seat 4: deileon (small blind) folded before Flop
Seat 5: CestLavie95 (big blind) folded before Flop
Seat 6: arto30 folded before Flop (didn't bet)
Seat 7: Dorex2007 folded before Flop
Seat 8: Kyhan N folded before Flop (didn't bet)



PokerStars Hand #237189204094:  Hold'em No Limit ($0.01/$0.02 USD) - 2022/07/05 22:06:10 PT [2022/07/06 1:06:10 ET]
Table 'Vibeke III' 9-max Seat #4 is the button
Seat 1: Prince Mantis ($2 in chips) 
Seat 2: Player2969 ($1.87 in chips) 
Seat 3: TornadeoJim ($1.26 in chips) 
Seat 4: deileon ($2.76 in chips) 
Seat 5: CestLavie95 ($4.56 in chips) 
Seat 6: Smith1606 ($2 in chips) 
Seat 7: Dorex2007 ($4.60 in chips) 
Seat 8: Kyhan N ($1.49 in chips) 
CestLavie95: posts small blind $0.01
Smith1606: posts big blind $0.02
*** HOLE CARDS ***
Dealt to Dorex2007 [9h Tc]
Dorex2007: folds 
Kyhan N: folds 
Prince Mantis: folds 
Player2969: folds 
TornadeoJim: folds 
deileon: folds 
CestLavie95: folds 
Uncalled bet ($0.01) returned to Smith1606
Smith1606 collected $0.02 from pot
*** SUMMARY ***
Total pot $0.02 | Rake $0 
Seat 1: Prince Mantis folded before Flop (didn't bet)
Seat 2: Player2969 folded before Flop (didn't bet)
Seat 3: TornadeoJim folded before Flop (didn't bet)
Seat 4: deileon (button) folded before Flop (didn't bet)
Seat 5: CestLavie95 (small blind) folded before Flop
Seat 6: Smith1606 (big blind) collected ($0.02)
Seat 7: Dorex2007 folded before Flop (didn't bet)
Seat 8: Kyhan N folded before Flop (didn't bet)



PokerStars Hand #237189207078:  Hold'em No Limit ($0.01/$0.02 USD) - 2022/07/05 22:06:36 PT [2022/07/06 1:06:36 ET]
Table 'Vibeke III' 9-max Seat #5 is the button
Seat 1: Prince Mantis ($2 in chips) 
Seat 2: Player2969 ($1.87 in chips) 
Seat 3: TornadeoJim ($1.26 in chips) 
Seat 4: deileon ($2.76 in chips) 
Seat 5: CestLavie95 ($4.55 in chips) 
Seat 6: Smith1606 ($2.01 in chips) 
Seat 7: Dorex2007 ($4.60 in chips) 
Seat 8: Kyhan N ($1.49 in chips) 
Smith1606: posts small blind $0.01
Dorex2007: posts big blind $0.02
*** HOLE CARDS ***
Dealt to Dorex2007 [8d Th]
Kyhan N: folds 
Prince Mantis: folds 
Player2969: folds 
TornadeoJim: folds 
deileon: folds 
CestLavie95: folds 
Smith1606: folds 
Uncalled bet ($0.01) returned to Dorex2007
Dorex2007 collected $0.02 from pot
*** SUMMARY ***
Total pot $0.02 | Rake $0 
Seat 1: Prince Mantis folded before Flop (didn't bet)
Seat 2: Player2969 folded before Flop (didn't bet)
Seat 3: TornadeoJim folded before Flop (didn't bet)
Seat 4: deileon folded before Flop (didn't bet)
Seat 5: CestLavie95 (button) folded before Flop (didn't bet)
Seat 6: Smith1606 (small blind) folded before Flop
Seat 7: Dorex2007 (big blind) collected ($0.02)
Seat 8: Kyhan N folded before Flop (didn't bet)



PokerStars Hand #237189209459:  Hold'em No Limit ($0.01/$0.02 USD) - 2022/07/05 22:06:57 PT [2022/07/06 1:06:57 ET]
Table 'Vibeke III' 9-max Seat #6 is the button
Seat 1: Prince Mantis ($2 in chips) 
Seat 2: Player2969 ($1.87 in chips) 
Seat 3: TornadeoJim ($1.26 in chips) 
Seat 4: deileon ($2.76 in chips) 
Seat 5: CestLavie95 ($4.55 in chips) 
Seat 6: Smith1606 ($2 in chips) 
Seat 7: Dorex2007 ($4.61 in chips) 
Seat 8: Kyhan N ($1.49 in chips) 
Dorex2007: posts small blind $0.01
Kyhan N: posts big blind $0.02
*** HOLE CARDS ***
Dealt to Dorex2007 [5d 3s]
Prince Mantis: folds 
Player2969: folds 
TornadeoJim: folds 
deileon: folds 
CestLavie95: folds 
Smith1606: folds 
Dorex2007: folds 
Uncalled bet ($0.01) returned to Kyhan N
Kyhan N collected $0.02 from pot
*** SUMMARY ***
Total pot $0.02 | Rake $0 
Seat 1: Prince Mantis folded before Flop (didn't bet)
Seat 2: Player2969 folded before Flop (didn't bet)
Seat 3: TornadeoJim folded before Flop (didn't bet)
Seat 4: deileon folded before Flop (didn't bet)
Seat 5: CestLavie95 folded before Flop (didn't bet)
Seat 6: Smith1606 (button) folded before Flop (didn't bet)
Seat 7: Dorex2007 (small blind) folded before Flop
Seat 8: Kyhan N (big blind) collected ($0.02)



PokerStars Hand #237189212233:  Hold'em No Limit ($0.01/$0.02 USD) - 2022/07/05 22:07:21 PT [2022/07/06 1:07:21 ET]
Table 'Vibeke III' 9-max Seat #7 is the button
Seat 1: Prince Mantis ($2 in chips) 
Seat 2: Player2969 ($1.87 in chips) 
Seat 3: TornadeoJim ($1.26 in chips) 
Seat 4: deileon ($2.76 in chips) 
Seat 5: CestLavie95 ($4.55 in chips) 
Seat 6: Smith1606 ($2 in chips) 
Seat 7: Dorex2007 ($4.60 in chips) 
Seat 8: Kyhan N ($1.50 in chips) 
Kyhan N: posts small blind $0.01
Prince Mantis: posts big blind $0.02
*** HOLE CARDS ***
Dealt to Dorex2007 [Jh 8c]
Player2969: folds 
TornadeoJim: folds 
deileon: folds 
CestLavie95: folds 
Smith1606: folds 
Dorex2007: folds 
Kyhan N: calls $0.01
Prince Mantis: checks 
*** FLOP *** [7c Jc Td]
Kyhan N: checks 
Prince Mantis: checks 
*** TURN *** [7c Jc Td] [Ts]
Kyhan N: checks 
Prince Mantis: checks 
*** RIVER *** [7c Jc Td Ts] [Kc]
Kyhan N: checks 
Prince Mantis: checks 
*** SHOW DOWN ***
Kyhan N: shows [5d 6h] (a pair of Tens)
Prince Mantis: shows [7s 2c] (two pair, Tens and Sevens)
Prince Mantis collected $0.04 from pot
*** SUMMARY ***
Total pot $0.04 | Rake $0 
Board [7c Jc Td Ts Kc]
Seat 1: Prince Mantis (big blind) showed [7s 2c] and won ($0.04) with two pair, Tens and Sevens
Seat 2: Player2969 folded before Flop (didn't bet)
Seat 3: TornadeoJim folded before Flop (didn't bet)
Seat 4: deileon folded before Flop (didn't bet)
Seat 5: CestLavie95 folded before Flop (didn't bet)
Seat 6: Smith1606 folded before Flop (didn't bet)
Seat 7: Dorex2007 (button) folded before Flop (didn't bet)
Seat 8: Kyhan N (small blind) showed [5d 6h] and lost with a pair of Tens



PokerStars Hand #237189217850:  Hold'em No Limit ($0.01/$0.02 USD) - 2022/07/05 22:08:09 PT [2022/07/06 1:08:09 ET]
Table 'Vibeke III' 9-max Seat #8 is the button
Seat 1: Prince Mantis ($2.02 in chips) 
Seat 2: Player2969 ($1.87 in chips) 
Seat 3: TornadeoJim ($1.26 in chips) 
Seat 4: deileon ($2.76 in chips) 
Seat 5: CestLavie95 ($4.55 in chips) 
Seat 6: Smith1606 ($2 in chips) 
Seat 7: Dorex2007 ($4.60 in chips) 
Seat 8: Kyhan N ($1.48 in chips) 
Prince Mantis: posts small blind $0.01
Player2969: posts big blind $0.02
*** HOLE CARDS ***
Dealt to Dorex2007 [2c Jd]
TornadeoJim: folds 
deileon: folds 
CestLavie95: folds 
Smith1606: raises $0.04 to $0.06
Dorex2007: folds 
Kyhan N: folds 
Prince Mantis: folds 
Player2969: folds 
Uncalled bet ($0.04) returned to Smith1606
Smith1606 collected $0.05 from pot
*** SUMMARY ***
Total pot $0.05 | Rake $0 
Seat 1: Prince Mantis (small blind) folded before Flop
Seat 2: Player2969 (big blind) folded before Flop
Seat 3: TornadeoJim folded before Flop (didn't bet)
Seat 4: deileon folded before Flop (didn't bet)
Seat 5: CestLavie95 folded before Flop (didn't bet)
Seat 6: Smith1606 collected ($0.05)
Seat 7: Dorex2007 folded before Flop (didn't bet)
Seat 8: Kyhan N (button) folded before Flop (didn't bet)



PokerStars Hand #237189221451:  Hold'em No Limit ($0.01/$0.02 USD) - 2022/07/05 22:08:40 PT [2022/07/06 1:08:40 ET]
Table 'Vibeke III' 9-max Seat #1 is the button
Seat 1: Prince Mantis ($2.01 in chips) 
Seat 2: Player2969 ($1.85 in chips) 
Seat 3: TornadeoJim ($1.26 in chips) 
Seat 4: deileon ($2.76 in chips) 
Seat 5: CestLavie95 ($4.55 in chips) 
Seat 6: Smith1606 ($2.03 in chips) 
Seat 7: Dorex2007 ($4.60 in chips) 
Seat 8: Kyhan N ($1.48 in chips) 
Player2969: posts small blind $0.01
TornadeoJim: posts big blind $0.02
*** HOLE CARDS ***
Dealt to Dorex2007 [Qs 4d]
deileon: calls $0.02
CestLavie95: folds 
Smith1606: folds 
Dorex2007: folds 
Kyhan N: raises $0.04 to $0.06
Prince Mantis: folds 
Player2969: folds 
TornadeoJim: folds 
deileon: calls $0.04
*** FLOP *** [5s 3c Kh]
deileon: checks 
Kyhan N: checks 
*** TURN *** [5s 3c Kh] [Qc]
deileon: bets $0.07
Kyhan N: folds 
Uncalled bet ($0.07) returned to deileon
deileon collected $0.14 from pot
*** SUMMARY ***
Total pot $0.15 | Rake $0.01 
Board [5s 3c Kh Qc]
Seat 1: Prince Mantis (button) folded before Flop (didn't bet)
Seat 2: Player2969 (small blind) folded before Flop
Seat 3: TornadeoJim (big blind) folded before Flop
Seat 4: deileon collected ($0.14)
Seat 5: CestLavie95 folded before Flop (didn't bet)
Seat 6: Smith1606 folded before Flop (didn't bet)
Seat 7: Dorex2007 folded before Flop (didn't bet)
Seat 8: Kyhan N folded on the Turn



PokerStars Hand #237189229423:  Hold'em No Limit ($0.01/$0.02 USD) - 2022/07/05 22:09:50 PT [2022/07/06 1:09:50 ET]
Table 'Vibeke III' 9-max Seat #2 is the button
Seat 1: Prince Mantis ($2.01 in chips) 
Seat 2: Player2969 ($1.84 in chips) 
Seat 3: TornadeoJim ($1.24 in chips) 
Seat 4: deileon ($2.84 in chips) 
Seat 5: CestLavie95 ($4.55 in chips) 
Seat 6: Smith1606 ($2.03 in chips) 
Seat 7: Dorex2007 ($4.60 in chips) 
Seat 8: Kyhan N ($1.42 in chips) 
TornadeoJim: posts small blind $0.01
deileon: posts big blind $0.02
*** HOLE CARDS ***
Dealt to Dorex2007 [Jd Jh]
CestLavie95: folds 
Smith1606: folds 
Dorex2007: raises $0.08 to $0.10
Kyhan N: folds 
Prince Mantis: folds 
Player2969: raises $1.74 to $1.84 and is all-in
TornadeoJim: folds 
deileon: folds 
Dorex2007: calls $1.74
Player2969 has timed out
*** FLOP *** [3s 6s 7s]
*** TURN *** [3s 6s 7s] [2d]
*** RIVER *** [3s 6s 7s 2d] [4d]
*** SHOW DOWN ***
Dorex2007: shows [Jd Jh] (a pair of Jacks)
Player2969: shows [8c 8d] (a pair of Eights)
Dorex2007 cashed out the hand for $2.88 | Cash Out Fee $0.03
*** SUMMARY ***
Total pot $3.71 | Rake $0.13 
Board [3s 6s 7s 2d 4d]
Seat 1: Prince Mantis folded before Flop (didn't bet)
Seat 2: Player2969 (button) showed [8c 8d] and lost with a pair of Eights
Seat 3: TornadeoJim (small blind) folded before Flop
Seat 4: deileon (big blind) folded before Flop
Seat 5: CestLavie95 folded before Flop (didn't bet)
Seat 6: Smith1606 folded before Flop (didn't bet)
Seat 7: Dorex2007 showed [Jd Jh] and won ($3.58) with a pair of Jacks (pot not awarded as player cashed out)
Seat 8: Kyhan N folded before Flop (didn't bet)



PokerStars Hand #237189239482:  Hold'em No Limit ($0.01/$0.02 USD) - 2022/07/05 22:11:18 PT [2022/07/06 1:11:18 ET]
Table 'Vibeke III' 9-max Seat #3 is the button
Seat 1: Prince Mantis ($2.01 in chips) 
Seat 3: TornadeoJim ($1.23 in chips) 
Seat 4: deileon ($2.82 in chips) 
Seat 5: CestLavie95 ($4.55 in chips) 
Seat 6: Smith1606 ($2.03 in chips) 
Seat 7: Dorex2007 ($5.64 in chips) 
Seat 8: Kyhan N ($1.42 in chips) 
deileon: posts small blind $0.01
CestLavie95: posts big blind $0.02
*** HOLE CARDS ***
Dealt to Dorex2007 [8s 5c]
Smith1606: folds 
Dorex2007: folds 
Kyhan N: folds 
Prince Mantis: folds 
wALEXSANDRw leaves the table
TornadeoJim: calls $0.02
deileon: calls $0.01
CestLavie95: raises $0.04 to $0.06
TornadeoJim: calls $0.04
deileon: folds 
*** FLOP *** [Kc Td Ks]
CestLavie95: bets $0.05
TornadeoJim: folds 
Uncalled bet ($0.05) returned to CestLavie95
CestLavie95 collected $0.14 from pot
*** SUMMARY ***
Total pot $0.14 | Rake $0 
Board [Kc Td Ks]
Seat 1: Prince Mantis folded before Flop (didn't bet)
Seat 3: TornadeoJim (button) folded on the Flop
Seat 4: deileon (small blind) folded before Flop
Seat 5: CestLavie95 (big blind) collected ($0.14)
Seat 6: Smith1606 folded before Flop (didn't bet)
Seat 7: Dorex2007 folded before Flop (didn't bet)
Seat 8: Kyhan N folded before Flop (didn't bet)



PokerStars Hand #237189248512:  Hold'em No Limit ($0.01/$0.02 USD) - 2022/07/05 22:12:39 PT [2022/07/06 1:12:39 ET]
Table 'Vibeke III' 9-max Seat #4 is the button
Seat 1: Prince Mantis ($2.01 in chips) 
Seat 3: TornadeoJim ($1.17 in chips) 
Seat 4: deileon ($2.80 in chips) 
Seat 5: CestLavie95 ($4.63 in chips) 
Seat 6: Smith1606 ($2.03 in chips) 
Seat 7: Dorex2007 ($5.64 in chips) 
Seat 8: Kyhan N ($1.42 in chips) 
CestLavie95: posts small blind $0.01
Smith1606: posts big blind $0.02
*** HOLE CARDS ***
Dealt to Dorex2007 [3h Ad]
Dorex2007: folds 
Kyhan N: raises $0.04 to $0.06
Prince Mantis: folds 
TornadeoJim: folds 
deileon: folds 
CestLavie95: folds 
Smith1606: folds 
Uncalled bet ($0.04) returned to Kyhan N
Kyhan N collected $0.05 from pot
*** SUMMARY ***
Total pot $0.05 | Rake $0 
Seat 1: Prince Mantis folded before Flop (didn't bet)
Seat 3: TornadeoJim folded before Flop (didn't bet)
Seat 4: deileon (button) folded before Flop (didn't bet)
Seat 5: CestLavie95 (small blind) folded before Flop
Seat 6: Smith1606 (big blind) folded before Flop
Seat 7: Dorex2007 folded before Flop (didn't bet)
Seat 8: Kyhan N collected ($0.05)



PokerStars Hand #237189250338:  Hold'em No Limit ($0.01/$0.02 USD) - 2022/07/05 22:12:55 PT [2022/07/06 1:12:55 ET]
Table 'Vibeke III' 9-max Seat #5 is the button
Seat 1: Prince Mantis ($2.01 in chips) 
Seat 3: TornadeoJim ($1.17 in chips) 
Seat 4: deileon ($2.80 in chips) 
Seat 5: CestLavie95 ($4.62 in chips) 
Seat 6: Smith1606 ($2.01 in chips) 
Seat 7: Dorex2007 ($5.64 in chips) 
Seat 8: Kyhan N ($1.45 in chips) 
Smith1606: posts small blind $0.01
Dorex2007: posts big blind $0.02
*** HOLE CARDS ***
Dealt to Dorex2007 [Jd 9d]
Kyhan N: folds 
Prince Mantis: folds 
TornadeoJim: folds 
deileon: folds 
CestLavie95: folds 
Smith1606: folds 
Uncalled bet ($0.01) returned to Dorex2007
Dorex2007 collected $0.02 from pot
*** SUMMARY ***
Total pot $0.02 | Rake $0 
Seat 1: Prince Mantis folded before Flop (didn't bet)
Seat 3: TornadeoJim folded before Flop (didn't bet)
Seat 4: deileon folded before Flop (didn't bet)
Seat 5: CestLavie95 (button) folded before Flop (didn't bet)
Seat 6: Smith1606 (small blind) folded before Flop
Seat 7: Dorex2007 (big blind) collected ($0.02)
Seat 8: Kyhan N folded before Flop (didn't bet)



PokerStars Hand #237189251967:  Hold'em No Limit ($0.01/$0.02 USD) - 2022/07/05 22:13:10 PT [2022/07/06 1:13:10 ET]
Table 'Vibeke III' 9-max Seat #6 is the button
Seat 1: Prince Mantis ($2.01 in chips) 
Seat 3: TornadeoJim ($1.17 in chips) 
Seat 4: deileon ($2.80 in chips) 
Seat 5: CestLavie95 ($4.62 in chips) 
Seat 6: Smith1606 ($2 in chips) 
Seat 7: Dorex2007 ($5.65 in chips) 
Seat 8: Kyhan N ($1.45 in chips) 
Dorex2007: posts small blind $0.01
Kyhan N: posts big blind $0.02
*** HOLE CARDS ***
Dealt to Dorex2007 [Qc 4d]
Prince Mantis: folds 
TornadeoJim: calls $0.02
deileon: folds 
CestLavie95: folds 
Smith1606: folds 
Dorex2007: folds 
Kyhan N: checks 
*** FLOP *** [7h 3c 2c]
Kyhan N: checks 
TornadeoJim: checks 
*** TURN *** [7h 3c 2c] [8d]
Kyhan N: checks 
TornadeoJim: checks 
*** RIVER *** [7h 3c 2c 8d] [6c]
Kyhan N: checks 
TornadeoJim: bets $0.10
Kyhan N: folds 
Uncalled bet ($0.10) returned to TornadeoJim
TornadeoJim collected $0.05 from pot
*** SUMMARY ***
Total pot $0.05 | Rake $0 
Board [7h 3c 2c 8d 6c]
Seat 1: Prince Mantis folded before Flop (didn't bet)
Seat 3: TornadeoJim collected ($0.05)
Seat 4: deileon folded before Flop (didn't bet)
Seat 5: CestLavie95 folded before Flop (didn't bet)
Seat 6: Smith1606 (button) folded before Flop (didn't bet)
Seat 7: Dorex2007 (small blind) folded before Flop
Seat 8: Kyhan N (big blind) folded on the River



PokerStars Hand #237189259800:  Hold'em No Limit ($0.01/$0.02 USD) - 2022/07/05 22:14:18 PT [2022/07/06 1:14:18 ET]
Table 'Vibeke III' 9-max Seat #7 is the button
Seat 1: Prince Mantis ($2.01 in chips) 
Seat 3: TornadeoJim ($1.20 in chips) 
Seat 4: deileon ($2.80 in chips) 
Seat 5: CestLavie95 ($4.62 in chips) 
Seat 6: Smith1606 ($2 in chips) 
Seat 7: Dorex2007 ($5.64 in chips) 
Seat 8: Kyhan N ($1.43 in chips) 
Kyhan N: posts small blind $0.01
Prince Mantis: posts big blind $0.02
*** HOLE CARDS ***
Dealt to Dorex2007 [2h Kd]
TornadeoJim: folds 
deileon: folds 
CestLavie95: folds 
Smith1606: folds 
Dorex2007: folds 
Kyhan N: folds 
Uncalled bet ($0.01) returned to Prince Mantis
Prince Mantis collected $0.02 from pot
*** SUMMARY ***
Total pot $0.02 | Rake $0 
Seat 1: Prince Mantis (big blind) collected ($0.02)
Seat 3: TornadeoJim folded before Flop (didn't bet)
Seat 4: deileon folded before Flop (didn't bet)
Seat 5: CestLavie95 folded before Flop (didn't bet)
Seat 6: Smith1606 folded before Flop (didn't bet)
Seat 7: Dorex2007 (button) folded before Flop (didn't bet)
Seat 8: Kyhan N (small blind) folded before Flop



PokerStars Hand #237189261810:  Hold'em No Limit ($0.01/$0.02 USD) - 2022/07/05 22:14:35 PT [2022/07/06 1:14:35 ET]
Table 'Vibeke III' 9-max Seat #8 is the button
Seat 1: Prince Mantis ($2.02 in chips) 
Seat 3: TornadeoJim ($1.20 in chips) 
Seat 4: deileon ($2.80 in chips) 
Seat 5: CestLavie95 ($4.62 in chips) 
Seat 6: Smith1606 ($2 in chips) 
Seat 7: Dorex2007 ($5.64 in chips) 
Seat 8: Kyhan N ($1.42 in chips) 
Prince Mantis: posts small blind $0.01
TornadeoJim: posts big blind $0.02
*** HOLE CARDS ***
Dealt to Dorex2007 [Ac 8d]
deileon: folds 
CestLavie95: folds 
Smith1606: folds 
Dorex2007: calls $0.02
Kyhan N: folds 
Prince Mantis: folds 
TornadeoJim: checks 
*** FLOP *** [Qc As 5h]
TornadeoJim: checks 
Dorex2007: bets $0.05
TornadeoJim: folds 
Uncalled bet ($0.05) returned to Dorex2007
Dorex2007 collected $0.05 from pot
*** SUMMARY ***
Total pot $0.05 | Rake $0 
Board [Qc As 5h]
Seat 1: Prince Mantis (small blind) folded before Flop
Seat 3: TornadeoJim (big blind) folded on the Flop
Seat 4: deileon folded before Flop (didn't bet)
Seat 5: CestLavie95 folded before Flop (didn't bet)
Seat 6: Smith1606 folded before Flop (didn't bet)
Seat 7: Dorex2007 collected ($0.05)
Seat 8: Kyhan N (button) folded before Flop (didn't bet)



PokerStars Hand #237189265308:  Hold'em No Limit ($0.01/$0.02 USD) - 2022/07/05 22:15:06 PT [2022/07/06 1:15:06 ET]
Table 'Vibeke III' 9-max Seat #1 is the button
Seat 1: Prince Mantis ($2.01 in chips) 
Seat 3: TornadeoJim ($1.18 in chips) 
Seat 4: deileon ($2.80 in chips) 
Seat 5: CestLavie95 ($4.62 in chips) 
Seat 6: Smith1606 ($2 in chips) 
Seat 7: Dorex2007 ($5.67 in chips) 
Seat 8: Kyhan N ($1.42 in chips) 
TornadeoJim: posts small blind $0.01
deileon: posts big blind $0.02
*** HOLE CARDS ***
Dealt to Dorex2007 [Td 4d]
CestLavie95: folds 
Smith1606: folds 
Dorex2007: folds 
Kyhan N: folds 
Prince Mantis: raises $0.04 to $0.06
TornadeoJim: folds 
FrancisCrozier1 joins the table at seat #9 
deileon: folds 
Uncalled bet ($0.04) returned to Prince Mantis
Prince Mantis collected $0.05 from pot
*** SUMMARY ***
Total pot $0.05 | Rake $0 
Seat 1: Prince Mantis (button) collected ($0.05)
Seat 3: TornadeoJim (small blind) folded before Flop
Seat 4: deileon (big blind) folded before Flop
Seat 5: CestLavie95 folded before Flop (didn't bet)
Seat 6: Smith1606 folded before Flop (didn't bet)
Seat 7: Dorex2007 folded before Flop (didn't bet)
Seat 8: Kyhan N folded before Flop (didn't bet)



PokerStars Hand #237189267771:  Hold'em No Limit ($0.01/$0.02 USD) - 2022/07/05 22:15:28 PT [2022/07/06 1:15:28 ET]
Table 'Vibeke III' 9-max Seat #3 is the button
Seat 1: Prince Mantis ($2.04 in chips) 
Seat 3: TornadeoJim ($1.17 in chips) 
Seat 4: deileon ($2.78 in chips) 
Seat 5: CestLavie95 ($4.62 in chips) 
Seat 6: Smith1606 ($2 in chips) 
Seat 7: Dorex2007 ($5.67 in chips) 
Seat 8: Kyhan N ($1.42 in chips) 
deileon: posts small blind $0.01
CestLavie95: posts big blind $0.02
FrancisCrozier1: sits out 
*** HOLE CARDS ***
Dealt to Dorex2007 [7h Ks]
Smith1606: folds 
Dorex2007: folds 
Kyhan N: raises $0.02 to $0.04
FrancisCrozier1 leaves the table
Prince Mantis: folds 
TornadeoJim: calls $0.04
deileon: folds 
CestLavie95: folds 
*** FLOP *** [6c 3s 5s]
KnoBro joins the table at seat #2 
Kyhan N: checks 
FrancisCrozier1 joins the table at seat #9 
TornadeoJim: bets $0.11
Kyhan N: folds 
Uncalled bet ($0.11) returned to TornadeoJim
TornadeoJim collected $0.11 from pot
*** SUMMARY ***
Total pot $0.11 | Rake $0 
Board [6c 3s 5s]
Seat 1: Prince Mantis folded before Flop (didn't bet)
Seat 3: TornadeoJim (button) collected ($0.11)
Seat 4: deileon (small blind) folded before Flop
Seat 5: CestLavie95 (big blind) folded before Flop
Seat 6: Smith1606 folded before Flop (didn't bet)
Seat 7: Dorex2007 folded before Flop (didn't bet)
Seat 8: Kyhan N folded on the Flop



PokerStars Hand #237189271802:  Hold'em No Limit ($0.01/$0.02 USD) - 2022/07/05 22:16:03 PT [2022/07/06 1:16:03 ET]
Table 'Vibeke III' 9-max Seat #4 is the button
Seat 1: Prince Mantis ($2.04 in chips) 
Seat 3: TornadeoJim ($1.24 in chips) 
Seat 4: deileon ($2.77 in chips) 
Seat 5: CestLavie95 ($4.60 in chips) 
Seat 6: Smith1606 ($2 in chips) 
Seat 7: Dorex2007 ($5.67 in chips) 
Seat 8: Kyhan N ($1.38 in chips) 
CestLavie95: posts small blind $0.01
Smith1606: posts big blind $0.02
FrancisCrozier1: sits out 
KnoBro: sits out 
*** HOLE CARDS ***
Dealt to Dorex2007 [6d 6h]
Dorex2007: calls $0.02
Kyhan N: raises $0.04 to $0.06
Prince Mantis: folds 
TornadeoJim: raises $1.18 to $1.24 and is all-in
deileon: folds 
CestLavie95: folds 
Smith1606: folds 
Dorex2007: folds 
Kyhan N: folds 
Uncalled bet ($1.18) returned to TornadeoJim
TornadeoJim collected $0.17 from pot
*** SUMMARY ***
Total pot $0.17 | Rake $0 
Seat 1: Prince Mantis folded before Flop (didn't bet)
Seat 3: TornadeoJim collected ($0.17)
Seat 4: deileon (button) folded before Flop (didn't bet)
Seat 5: CestLavie95 (small blind) folded before Flop
Seat 6: Smith1606 (big blind) folded before Flop
Seat 7: Dorex2007 folded before Flop
Seat 8: Kyhan N folded before Flop



PokerStars Hand #237189275995:  Hold'em No Limit ($0.01/$0.02 USD) - 2022/07/05 22:16:41 PT [2022/07/06 1:16:41 ET]
Table 'Vibeke III' 9-max Seat #5 is the button
Seat 1: Prince Mantis ($2.04 in chips) 
Seat 3: TornadeoJim ($1.35 in chips) 
Seat 4: deileon ($2.77 in chips) 
Seat 5: CestLavie95 ($4.59 in chips) 
Seat 6: Smith1606 ($1.98 in chips) 
Seat 7: Dorex2007 ($5.65 in chips) 
Seat 8: Kyhan N ($1.32 in chips) 
Smith1606: posts small blind $0.01
Dorex2007: posts big blind $0.02
FrancisCrozier1: sits out 
KnoBro: sits out 
*** HOLE CARDS ***
Dealt to Dorex2007 [6h Qd]
Kyhan N: folds 
Prince Mantis: folds 
TornadeoJim: folds 
deileon: raises $0.02 to $0.04
CestLavie95: folds 
Smith1606: folds 
Dorex2007: folds 
Uncalled bet ($0.02) returned to deileon
deileon collected $0.05 from pot
*** SUMMARY ***
Total pot $0.05 | Rake $0 
Seat 1: Prince Mantis folded before Flop (didn't bet)
Seat 3: TornadeoJim folded before Flop (didn't bet)
Seat 4: deileon collected ($0.05)
Seat 5: CestLavie95 (button) folded before Flop (didn't bet)
Seat 6: Smith1606 (small blind) folded before Flop
Seat 7: Dorex2007 (big blind) folded before Flop
Seat 8: Kyhan N folded before Flop (didn't bet)



PokerStars Hand #237189277764:  Hold'em No Limit ($0.01/$0.02 USD) - 2022/07/05 22:16:56 PT [2022/07/06 1:16:56 ET]
Table 'Vibeke III' 9-max Seat #6 is the button
Seat 1: Prince Mantis ($2.04 in chips) 
Seat 3: TornadeoJim ($1.35 in chips) 
Seat 4: deileon ($2.80 in chips) 
Seat 5: CestLavie95 ($4.59 in chips) 
Seat 6: Smith1606 ($1.97 in chips) 
Seat 7: Dorex2007 ($5.63 in chips) 
Seat 8: Kyhan N ($1.32 in chips) 
Dorex2007: posts small blind $0.01
Kyhan N: posts big blind $0.02
FrancisCrozier1: sits out 
KnoBro: sits out 
*** HOLE CARDS ***
Dealt to Dorex2007 [Kh 2c]
Prince Mantis: folds 
TornadeoJim: folds 
deileon: folds 
CestLavie95: raises $0.02 to $0.04
Smith1606: folds 
Dorex2007: folds 
Kyhan N: folds 
Uncalled bet ($0.02) returned to CestLavie95
CestLavie95 collected $0.05 from pot
*** SUMMARY ***
Total pot $0.05 | Rake $0 
Seat 1: Prince Mantis folded before Flop (didn't bet)
Seat 3: TornadeoJim folded before Flop (didn't bet)
Seat 4: deileon folded before Flop (didn't bet)
Seat 5: CestLavie95 collected ($0.05)
Seat 6: Smith1606 (button) folded before Flop (didn't bet)
Seat 7: Dorex2007 (small blind) folded before Flop
Seat 8: Kyhan N (big blind) folded before Flop



PokerStars Hand #237189279664:  Hold'em No Limit ($0.01/$0.02 USD) - 2022/07/05 22:17:14 PT [2022/07/06 1:17:14 ET]
Table 'Vibeke III' 9-max Seat #7 is the button
Seat 1: Prince Mantis ($2.04 in chips) 
Seat 3: TornadeoJim ($1.35 in chips) 
Seat 4: deileon ($2.80 in chips) 
Seat 5: CestLavie95 ($4.62 in chips) 
Seat 6: Smith1606 ($1.97 in chips) 
Seat 7: Dorex2007 ($5.62 in chips) 
Seat 8: Kyhan N ($1.30 in chips) 
Seat 9: FrancisCrozier1 ($2 in chips) 
Kyhan N: posts small blind $0.01
FrancisCrozier1: posts big blind $0.02
KnoBro: sits out 
*** HOLE CARDS ***
Dealt to Dorex2007 [Kh 4c]
Prince Mantis: folds 
TornadeoJim: calls $0.02
deileon: calls $0.02
CestLavie95: folds 
Smith1606: folds 
Dorex2007: folds 
Kyhan N: calls $0.01
FrancisCrozier1: checks 
*** FLOP *** [Th 6c 2d]
Kyhan N: checks 
FrancisCrozier1: checks 
TornadeoJim: bets $0.08
deileon: folds 
Kyhan N: folds 
FrancisCrozier1: folds 
Uncalled bet ($0.08) returned to TornadeoJim
TornadeoJim collected $0.08 from pot
*** SUMMARY ***
Total pot $0.08 | Rake $0 
Board [Th 6c 2d]
Seat 1: Prince Mantis folded before Flop (didn't bet)
Seat 3: TornadeoJim collected ($0.08)
Seat 4: deileon folded on the Flop
Seat 5: CestLavie95 folded before Flop (didn't bet)
Seat 6: Smith1606 folded before Flop (didn't bet)
Seat 7: Dorex2007 (button) folded before Flop (didn't bet)
Seat 8: Kyhan N (small blind) folded on the Flop
Seat 9: FrancisCrozier1 (big blind) folded on the Flop



PokerStars Hand #237189284569:  Hold'em No Limit ($0.01/$0.02 USD) - 2022/07/05 22:17:58 PT [2022/07/06 1:17:58 ET]
Table 'Vibeke III' 9-max Seat #8 is the button
Seat 1: Prince Mantis ($2.04 in chips) 
Seat 3: TornadeoJim ($1.41 in chips) 
Seat 4: deileon ($2.78 in chips) 
Seat 5: CestLavie95 ($4.62 in chips) 
Seat 6: Smith1606 ($1.97 in chips) 
Seat 7: Dorex2007 ($5.62 in chips) 
Seat 8: Kyhan N ($1.28 in chips) 
Seat 9: FrancisCrozier1 ($1.98 in chips) 
FrancisCrozier1: posts small blind $0.01
Prince Mantis: posts big blind $0.02
KnoBro: sits out 
*** HOLE CARDS ***
Dealt to Dorex2007 [3d Js]
TornadeoJim: folds 
deileon: folds 
CestLavie95: folds 
Smith1606: folds 
Dorex2007: folds 
Kyhan N: raises $0.04 to $0.06
FrancisCrozier1: folds 
Prince Mantis: folds 
Uncalled bet ($0.04) returned to Kyhan N
Kyhan N collected $0.05 from pot
*** SUMMARY ***
Total pot $0.05 | Rake $0 
Seat 1: Prince Mantis (big blind) folded before Flop
Seat 3: TornadeoJim folded before Flop (didn't bet)
Seat 4: deileon folded before Flop (didn't bet)
Seat 5: CestLavie95 folded before Flop (didn't bet)
Seat 6: Smith1606 folded before Flop (didn't bet)
Seat 7: Dorex2007 folded before Flop (didn't bet)
Seat 8: Kyhan N (button) collected ($0.05)
Seat 9: FrancisCrozier1 (small blind) folded before Flop



PokerStars Hand #237189287299:  Hold'em No Limit ($0.01/$0.02 USD) - 2022/07/05 22:18:22 PT [2022/07/06 1:18:22 ET]
Table 'Vibeke III' 9-max Seat #9 is the button
Seat 1: Prince Mantis ($2.02 in chips) 
Seat 2: KnoBro ($2 in chips) 
Seat 3: TornadeoJim ($1.41 in chips) 
Seat 4: deileon ($2.78 in chips) 
Seat 5: CestLavie95 ($4.62 in chips) 
Seat 6: Smith1606 ($1.97 in chips) 
Seat 7: Dorex2007 ($5.62 in chips) 
Seat 8: Kyhan N ($1.31 in chips) 
Seat 9: FrancisCrozier1 ($1.97 in chips) 
Prince Mantis: posts small blind $0.01
KnoBro: posts big blind $0.02
*** HOLE CARDS ***
Dealt to Dorex2007 [9d Ks]
TornadeoJim: folds 
deileon: folds 
CestLavie95: folds 
Smith1606: folds 
Dorex2007: folds 
Kyhan N has timed out
Kyhan N: folds 
FrancisCrozier1: raises $0.05 to $0.07
Prince Mantis: folds 
KnoBro: folds 
Uncalled bet ($0.05) returned to FrancisCrozier1
FrancisCrozier1 collected $0.05 from pot
*** SUMMARY ***
Total pot $0.05 | Rake $0 
Seat 1: Prince Mantis (small blind) folded before Flop
Seat 2: KnoBro (big blind) folded before Flop
Seat 3: TornadeoJim folded before Flop (didn't bet)
Seat 4: deileon folded before Flop (didn't bet)
Seat 5: CestLavie95 folded before Flop (didn't bet)
Seat 6: Smith1606 folded before Flop (didn't bet)
Seat 7: Dorex2007 folded before Flop (didn't bet)
Seat 8: Kyhan N folded before Flop (didn't bet)
Seat 9: FrancisCrozier1 (button) collected ($0.05)



PokerStars Hand #237189290790:  Hold'em No Limit ($0.01/$0.02 USD) - 2022/07/05 22:18:53 PT [2022/07/06 1:18:53 ET]
Table 'Vibeke III' 9-max Seat #1 is the button
Seat 1: Prince Mantis ($2.01 in chips) 
Seat 2: KnoBro ($1.98 in chips) 
Seat 3: TornadeoJim ($1.41 in chips) 
Seat 4: deileon ($2.78 in chips) 
Seat 5: CestLavie95 ($4.62 in chips) 
Seat 6: Smith1606 ($1.97 in chips) 
Seat 7: Dorex2007 ($5.62 in chips) 
Seat 8: Kyhan N ($1.31 in chips) 
Seat 9: FrancisCrozier1 ($2 in chips) 
KnoBro: posts small blind $0.01
TornadeoJim: posts big blind $0.02
*** HOLE CARDS ***
Dealt to Dorex2007 [Td 4d]
deileon: folds 
CestLavie95: folds 
Smith1606: folds 
Dorex2007: folds 
Kyhan N: folds 
FrancisCrozier1: raises $0.05 to $0.07
Prince Mantis: folds 
KnoBro: folds 
TornadeoJim: folds 
Uncalled bet ($0.05) returned to FrancisCrozier1
FrancisCrozier1 collected $0.05 from pot
*** SUMMARY ***
Total pot $0.05 | Rake $0 
Seat 1: Prince Mantis (button) folded before Flop (didn't bet)
Seat 2: KnoBro (small blind) folded before Flop
Seat 3: TornadeoJim (big blind) folded before Flop
Seat 4: deileon folded before Flop (didn't bet)
Seat 5: CestLavie95 folded before Flop (didn't bet)
Seat 6: Smith1606 folded before Flop (didn't bet)
Seat 7: Dorex2007 folded before Flop (didn't bet)
Seat 8: Kyhan N folded before Flop (didn't bet)
Seat 9: FrancisCrozier1 collected ($0.05)



PokerStars Hand #237189295963:  Hold'em No Limit ($0.01/$0.02 USD) - 2022/07/05 22:19:38 PT [2022/07/06 1:19:38 ET]
Table 'Vibeke III' 9-max Seat #2 is the button
Seat 1: Prince Mantis ($2.01 in chips) 
Seat 2: KnoBro ($1.97 in chips) 
Seat 3: TornadeoJim ($1.39 in chips) 
Seat 4: deileon ($2.78 in chips) 
Seat 5: CestLavie95 ($4.62 in chips) 
Seat 6: Smith1606 ($1.97 in chips) 
Seat 7: Dorex2007 ($5.62 in chips) 
Seat 8: Kyhan N ($1.31 in chips) 
Seat 9: FrancisCrozier1 ($2.03 in chips) 
TornadeoJim: posts small blind $0.01
deileon: posts big blind $0.02
*** HOLE CARDS ***
Dealt to Dorex2007 [7c 9d]
CestLavie95: folds 
Smith1606: folds 
Dorex2007: folds 
Kyhan N: folds 
FrancisCrozier1: folds 
Prince Mantis: raises $0.04 to $0.06
KnoBro: folds 
TornadeoJim: raises $1.33 to $1.39 and is all-in
deileon: folds 
Prince Mantis: folds 
Uncalled bet ($1.33) returned to TornadeoJim
TornadeoJim collected $0.14 from pot
*** SUMMARY ***
Total pot $0.14 | Rake $0 
Seat 1: Prince Mantis folded before Flop
Seat 2: KnoBro (button) folded before Flop (didn't bet)
Seat 3: TornadeoJim (small blind) collected ($0.14)
Seat 4: deileon (big blind) folded before Flop
Seat 5: CestLavie95 folded before Flop (didn't bet)
Seat 6: Smith1606 folded before Flop (didn't bet)
Seat 7: Dorex2007 folded before Flop (didn't bet)
Seat 8: Kyhan N folded before Flop (didn't bet)
Seat 9: FrancisCrozier1 folded before Flop (didn't bet)



PokerStars Hand #237189301619:  Hold'em No Limit ($0.01/$0.02 USD) - 2022/07/05 22:20:28 PT [2022/07/06 1:20:28 ET]
Table 'Vibeke III' 9-max Seat #3 is the button
Seat 1: Prince Mantis ($2 in chips) 
Seat 2: KnoBro ($1.97 in chips) 
Seat 3: TornadeoJim ($1.47 in chips) 
Seat 4: deileon ($2.76 in chips) 
Seat 5: CestLavie95 ($4.62 in chips) 
Seat 6: Smith1606 ($1.97 in chips) 
Seat 7: Dorex2007 ($5.62 in chips) 
Seat 8: Kyhan N ($1.31 in chips) 
Seat 9: FrancisCrozier1 ($2.03 in chips) 
deileon: posts small blind $0.01
CestLavie95: posts big blind $0.02
*** HOLE CARDS ***
Dealt to Dorex2007 [9d 5h]
Smith1606: folds 
Dorex2007: folds 
Kyhan N: folds 
FrancisCrozier1: folds 
Prince Mantis: folds 
KnoBro: folds 
TornadeoJim: folds 
deileon: folds 
Uncalled bet ($0.01) returned to CestLavie95
CestLavie95 collected $0.02 from pot
*** SUMMARY ***
Total pot $0.02 | Rake $0 
Seat 1: Prince Mantis folded before Flop (didn't bet)
Seat 2: KnoBro folded before Flop (didn't bet)
Seat 3: TornadeoJim (button) folded before Flop (didn't bet)
Seat 4: deileon (small blind) folded before Flop
Seat 5: CestLavie95 (big blind) collected ($0.02)
Seat 6: Smith1606 folded before Flop (didn't bet)
Seat 7: Dorex2007 folded before Flop (didn't bet)
Seat 8: Kyhan N folded before Flop (didn't bet)
Seat 9: FrancisCrozier1 folded before Flop (didn't bet)



PokerStars Hand #237189303766:  Hold'em No Limit ($0.01/$0.02 USD) - 2022/07/05 22:20:47 PT [2022/07/06 1:20:47 ET]
Table 'Vibeke III' 9-max Seat #4 is the button
Seat 1: Prince Mantis ($2 in chips) 
Seat 2: KnoBro ($1.97 in chips) 
Seat 3: TornadeoJim ($1.47 in chips) 
Seat 4: deileon ($2.75 in chips) 
Seat 5: CestLavie95 ($4.63 in chips) 
Seat 6: Smith1606 ($1.97 in chips) 
Seat 7: Dorex2007 ($5.62 in chips) 
Seat 8: Kyhan N ($1.31 in chips) 
Seat 9: FrancisCrozier1 ($2.03 in chips) 
CestLavie95: posts small blind $0.01
Smith1606: posts big blind $0.02
*** HOLE CARDS ***
Dealt to Dorex2007 [3s 6c]
Dorex2007: folds 
Kyhan N: folds 
FrancisCrozier1: folds 
Prince Mantis: raises $0.04 to $0.06
KnoBro: folds 
TornadeoJim: folds 
deileon: folds 
CestLavie95: folds 
Smith1606: folds 
Uncalled bet ($0.04) returned to Prince Mantis
Prince Mantis collected $0.05 from pot
*** SUMMARY ***
Total pot $0.05 | Rake $0 
Seat 1: Prince Mantis collected ($0.05)
Seat 2: KnoBro folded before Flop (didn't bet)
Seat 3: TornadeoJim folded before Flop (didn't bet)
Seat 4: deileon (button) folded before Flop (didn't bet)
Seat 5: CestLavie95 (small blind) folded before Flop
Seat 6: Smith1606 (big blind) folded before Flop
Seat 7: Dorex2007 folded before Flop (didn't bet)
Seat 8: Kyhan N folded before Flop (didn't bet)
Seat 9: FrancisCrozier1 folded before Flop (didn't bet)



PokerStars Hand #237189307270:  Hold'em No Limit ($0.01/$0.02 USD) - 2022/07/05 22:21:18 PT [2022/07/06 1:21:18 ET]
Table 'Vibeke III' 9-max Seat #5 is the button
Seat 1: Prince Mantis ($2.03 in chips) 
Seat 2: KnoBro ($1.97 in chips) 
Seat 3: TornadeoJim ($1.47 in chips) 
Seat 4: deileon ($2.75 in chips) 
Seat 5: CestLavie95 ($4.62 in chips) 
Seat 6: Smith1606 ($1.95 in chips) 
Seat 7: Dorex2007 ($5.62 in chips) 
Seat 8: Kyhan N ($1.31 in chips) 
Seat 9: FrancisCrozier1 ($2.03 in chips) 
Smith1606: posts small blind $0.01
Dorex2007: posts big blind $0.02
*** HOLE CARDS ***
Dealt to Dorex2007 [2h 3h]
Kyhan N: folds 
FrancisCrozier1: folds 
Prince Mantis: folds 
KnoBro: folds 
TornadeoJim: folds 
deileon: folds 
CestLavie95: folds 
Smith1606: folds 
Uncalled bet ($0.01) returned to Dorex2007
Dorex2007 collected $0.02 from pot
*** SUMMARY ***
Total pot $0.02 | Rake $0 
Seat 1: Prince Mantis folded before Flop (didn't bet)
Seat 2: KnoBro folded before Flop (didn't bet)
Seat 3: TornadeoJim folded before Flop (didn't bet)
Seat 4: deileon folded before Flop (didn't bet)
Seat 5: CestLavie95 (button) folded before Flop (didn't bet)
Seat 6: Smith1606 (small blind) folded before Flop
Seat 7: Dorex2007 (big blind) collected ($0.02)
Seat 8: Kyhan N folded before Flop (didn't bet)
Seat 9: FrancisCrozier1 folded before Flop (didn't bet)



PokerStars Hand #237189309907:  Hold'em No Limit ($0.01/$0.02 USD) - 2022/07/05 22:21:42 PT [2022/07/06 1:21:42 ET]
Table 'Vibeke III' 9-max Seat #6 is the button
Seat 1: Prince Mantis ($2.03 in chips) 
Seat 2: KnoBro ($1.97 in chips) 
Seat 3: TornadeoJim ($1.47 in chips) 
Seat 4: deileon ($2.75 in chips) 
Seat 5: CestLavie95 ($4.62 in chips) 
Seat 6: Smith1606 ($1.94 in chips) 
Seat 7: Dorex2007 ($5.63 in chips) 
Seat 8: Kyhan N ($1.31 in chips) 
Seat 9: FrancisCrozier1 ($2.03 in chips) 
Dorex2007: posts small blind $0.01
Kyhan N: posts big blind $0.02
*** HOLE CARDS ***
Dealt to Dorex2007 [As Jd]
FrancisCrozier1: raises $0.02 to $0.04
Prince Mantis: folds 
KnoBro: folds 
TornadeoJim: folds 
deileon: folds 
CestLavie95: folds 
Smith1606: folds 
Dorex2007: calls $0.03
Kyhan N: calls $0.02
*** FLOP *** [4h 7d 9c]
Dorex2007: checks 
Kyhan N: bets $0.04
FrancisCrozier1: calls $0.04
Dorex2007: folds 
*** TURN *** [4h 7d 9c] [8h]
Kyhan N: checks 
FrancisCrozier1: bets $0.13
Kyhan N: folds 
Uncalled bet ($0.13) returned to FrancisCrozier1
FrancisCrozier1 collected $0.19 from pot
*** SUMMARY ***
Total pot $0.20 | Rake $0.01 
Board [4h 7d 9c 8h]
Seat 1: Prince Mantis folded before Flop (didn't bet)
Seat 2: KnoBro folded before Flop (didn't bet)
Seat 3: TornadeoJim folded before Flop (didn't bet)
Seat 4: deileon folded before Flop (didn't bet)
Seat 5: CestLavie95 folded before Flop (didn't bet)
Seat 6: Smith1606 (button) folded before Flop (didn't bet)
Seat 7: Dorex2007 (small blind) folded on the Flop
Seat 8: Kyhan N (big blind) folded on the Turn
Seat 9: FrancisCrozier1 collected ($0.19)



PokerStars Hand #237189321107:  Hold'em No Limit ($0.01/$0.02 USD) - 2022/07/05 22:22:22 PT [2022/07/06 1:22:22 ET]
Table 'Vibeke III' 9-max Seat #7 is the button
Seat 1: Prince Mantis ($2.03 in chips) 
Seat 2: KnoBro ($1.97 in chips) 
Seat 3: TornadeoJim ($1.47 in chips) 
Seat 4: deileon ($2.75 in chips) 
Seat 5: CestLavie95 ($4.62 in chips) 
Seat 6: Smith1606 ($1.94 in chips) 
Seat 7: Dorex2007 ($5.59 in chips) 
Seat 8: Kyhan N ($1.23 in chips) 
Seat 9: FrancisCrozier1 ($2.14 in chips) 
Kyhan N: posts small blind $0.01
FrancisCrozier1: posts big blind $0.02
*** HOLE CARDS ***
Dealt to Dorex2007 [8d 4c]
Prince Mantis: folds 
KnoBro: folds 
TornadeoJim: folds 
deileon: folds 
CestLavie95: folds 
Smith1606: folds 
Dorex2007: folds 
Kyhan N: folds 
Uncalled bet ($0.01) returned to FrancisCrozier1
FrancisCrozier1 collected $0.02 from pot
*** SUMMARY ***
Total pot $0.02 | Rake $0 
Seat 1: Prince Mantis folded before Flop (didn't bet)
Seat 2: KnoBro folded before Flop (didn't bet)
Seat 3: TornadeoJim folded before Flop (didn't bet)
Seat 4: deileon folded before Flop (didn't bet)
Seat 5: CestLavie95 folded before Flop (didn't bet)
Seat 6: Smith1606 folded before Flop (didn't bet)
Seat 7: Dorex2007 (button) folded before Flop (didn't bet)
Seat 8: Kyhan N (small blind) folded before Flop
Seat 9: FrancisCrozier1 (big blind) collected ($0.02)



PokerStars Hand #237189322888:  Hold'em No Limit ($0.01/$0.02 USD) - 2022/07/05 22:22:38 PT [2022/07/06 1:22:38 ET]
Table 'Vibeke III' 9-max Seat #8 is the button
Seat 1: Prince Mantis ($2.03 in chips) 
Seat 2: KnoBro ($1.97 in chips) 
Seat 3: TornadeoJim ($1.47 in chips) 
Seat 4: deileon ($2.75 in chips) 
Seat 5: CestLavie95 ($4.62 in chips) 
Seat 6: Smith1606 ($1.94 in chips) 
Seat 7: Dorex2007 ($5.59 in chips) 
Seat 8: Kyhan N ($1.22 in chips) 
Seat 9: FrancisCrozier1 ($2.15 in chips) 
FrancisCrozier1: posts small blind $0.01
Prince Mantis: posts big blind $0.02
*** HOLE CARDS ***
Dealt to Dorex2007 [9s As]
KnoBro: folds 
TornadeoJim: folds 
deileon: folds 
CestLavie95: folds 
Smith1606: folds 
Dorex2007: calls $0.02
Kyhan N: folds 
FrancisCrozier1: calls $0.01
Prince Mantis: raises $0.12 to $0.14
Dorex2007: folds 
FrancisCrozier1: folds 
Uncalled bet ($0.12) returned to Prince Mantis
Prince Mantis collected $0.06 from pot
*** SUMMARY ***
Total pot $0.06 | Rake $0 
Seat 1: Prince Mantis (big blind) collected ($0.06)
Seat 2: KnoBro folded before Flop (didn't bet)
Seat 3: TornadeoJim folded before Flop (didn't bet)
Seat 4: deileon folded before Flop (didn't bet)
Seat 5: CestLavie95 folded before Flop (didn't bet)
Seat 6: Smith1606 folded before Flop (didn't bet)
Seat 7: Dorex2007 folded before Flop
Seat 8: Kyhan N (button) folded before Flop (didn't bet)
Seat 9: FrancisCrozier1 (small blind) folded before Flop



PokerStars Hand #237189326585:  Hold'em No Limit ($0.01/$0.02 USD) - 2022/07/05 22:23:11 PT [2022/07/06 1:23:11 ET]
Table 'Vibeke III' 9-max Seat #9 is the button
Seat 1: Prince Mantis ($2.07 in chips) 
Seat 2: KnoBro ($1.97 in chips) 
Seat 3: TornadeoJim ($1.47 in chips) 
Seat 4: deileon ($2.75 in chips) 
Seat 5: CestLavie95 ($4.62 in chips) 
Seat 6: Smith1606 ($1.94 in chips) 
Seat 7: Dorex2007 ($5.57 in chips) 
Seat 8: Kyhan N ($1.22 in chips) 
Seat 9: FrancisCrozier1 ($2.13 in chips) 
Prince Mantis: posts small blind $0.01
KnoBro: posts big blind $0.02
*** HOLE CARDS ***
Dealt to Dorex2007 [4d 9c]
TornadeoJim: folds 
deileon: folds 
CestLavie95: folds 
Smith1606: folds 
Dorex2007: folds 
Kyhan N: folds 
FrancisCrozier1: calls $0.02
Prince Mantis: folds 
KnoBro: checks 
*** FLOP *** [4s Jh Kc]
KnoBro: checks 
FrancisCrozier1: bets $0.03
KnoBro: folds 
Uncalled bet ($0.03) returned to FrancisCrozier1
FrancisCrozier1 collected $0.05 from pot
*** SUMMARY ***
Total pot $0.05 | Rake $0 
Board [4s Jh Kc]
Seat 1: Prince Mantis (small blind) folded before Flop
Seat 2: KnoBro (big blind) folded on the Flop
Seat 3: TornadeoJim folded before Flop (didn't bet)
Seat 4: deileon folded before Flop (didn't bet)
Seat 5: CestLavie95 folded before Flop (didn't bet)
Seat 6: Smith1606 folded before Flop (didn't bet)
Seat 7: Dorex2007 folded before Flop (didn't bet)
Seat 8: Kyhan N folded before Flop (didn't bet)
Seat 9: FrancisCrozier1 (button) collected ($0.05)



PokerStars Hand #237189329743:  Hold'em No Limit ($0.01/$0.02 USD) - 2022/07/05 22:23:39 PT [2022/07/06 1:23:39 ET]
Table 'Vibeke III' 9-max Seat #1 is the button
Seat 1: Prince Mantis ($2.06 in chips) 
Seat 2: KnoBro ($1.95 in chips) 
Seat 3: TornadeoJim ($1.47 in chips) 
Seat 4: deileon ($2.75 in chips) 
Seat 5: CestLavie95 ($4.62 in chips) 
Seat 6: Smith1606 ($1.94 in chips) 
Seat 7: Dorex2007 ($5.57 in chips) 
Seat 8: Kyhan N ($1.22 in chips) 
Seat 9: FrancisCrozier1 ($2.16 in chips) 
KnoBro: posts small blind $0.01
TornadeoJim: posts big blind $0.02
*** HOLE CARDS ***
Dealt to Dorex2007 [9c Ts]
deileon: folds 
CestLavie95: calls $0.02
Smith1606: folds 
Dorex2007: folds 
Kyhan N: raises $0.04 to $0.06
FrancisCrozier1: raises $0.11 to $0.17
Prince Mantis: folds 
KnoBro: folds 
TornadeoJim: folds 
CestLavie95: folds 
Kyhan N: folds 
Uncalled bet ($0.11) returned to FrancisCrozier1
FrancisCrozier1 collected $0.17 from pot
*** SUMMARY ***
Total pot $0.17 | Rake $0 
Seat 1: Prince Mantis (button) folded before Flop (didn't bet)
Seat 2: KnoBro (small blind) folded before Flop
Seat 3: TornadeoJim (big blind) folded before Flop
Seat 4: deileon folded before Flop (didn't bet)
Seat 5: CestLavie95 folded before Flop
Seat 6: Smith1606 folded before Flop (didn't bet)
Seat 7: Dorex2007 folded before Flop (didn't bet)
Seat 8: Kyhan N folded before Flop
Seat 9: FrancisCrozier1 collected ($0.17)



PokerStars Hand #237189333408:  Hold'em No Limit ($0.01/$0.02 USD) - 2022/07/05 22:24:13 PT [2022/07/06 1:24:13 ET]
Table 'Vibeke III' 9-max Seat #2 is the button
Seat 1: Prince Mantis ($2.06 in chips) 
Seat 2: KnoBro ($1.94 in chips) 
Seat 3: TornadeoJim ($1.45 in chips) 
Seat 4: deileon ($2.75 in chips) 
Seat 5: CestLavie95 ($4.60 in chips) 
Seat 6: Smith1606 ($1.94 in chips) 
Seat 7: Dorex2007 ($5.57 in chips) 
Seat 8: Kyhan N ($1.16 in chips) 
Seat 9: FrancisCrozier1 ($2.27 in chips) 
TornadeoJim: posts small blind $0.01
deileon: posts big blind $0.02
*** HOLE CARDS ***
Dealt to Dorex2007 [Qs 5d]
CestLavie95: folds 
Smith1606: folds 
Dorex2007: folds 
Kyhan N: folds 
FrancisCrozier1: folds 
Prince Mantis: raises $0.04 to $0.06
KnoBro: folds 
TornadeoJim: folds 
deileon: folds 
Uncalled bet ($0.04) returned to Prince Mantis
Prince Mantis collected $0.05 from pot
*** SUMMARY ***
Total pot $0.05 | Rake $0 
Seat 1: Prince Mantis collected ($0.05)
Seat 2: KnoBro (button) folded before Flop (didn't bet)
Seat 3: TornadeoJim (small blind) folded before Flop
Seat 4: deileon (big blind) folded before Flop
Seat 5: CestLavie95 folded before Flop (didn't bet)
Seat 6: Smith1606 folded before Flop (didn't bet)
Seat 7: Dorex2007 folded before Flop (didn't bet)
Seat 8: Kyhan N folded before Flop (didn't bet)
Seat 9: FrancisCrozier1 folded before Flop (didn't bet)



PokerStars Hand #237189336136:  Hold'em No Limit ($0.01/$0.02 USD) - 2022/07/05 22:24:37 PT [2022/07/06 1:24:37 ET]
Table 'Vibeke III' 9-max Seat #3 is the button
Seat 1: Prince Mantis ($2.09 in chips) 
Seat 2: KnoBro ($1.94 in chips) 
Seat 3: TornadeoJim ($1.44 in chips) 
Seat 4: deileon ($2.73 in chips) 
Seat 5: CestLavie95 ($4.60 in chips) 
Seat 6: Smith1606 ($1.94 in chips) 
Seat 7: Dorex2007 ($5.57 in chips) 
Seat 8: Kyhan N ($1.16 in chips) 
Seat 9: FrancisCrozier1 ($2.27 in chips) 
deileon: posts small blind $0.01
CestLavie95: posts big blind $0.02
*** HOLE CARDS ***
Dealt to Dorex2007 [9d Qd]
Smith1606: folds 
Dorex2007: folds 
Kyhan N: folds 
FrancisCrozier1: folds 
Prince Mantis: folds 
KnoBro: folds 
TornadeoJim: folds 
deileon: folds 
Uncalled bet ($0.01) returned to CestLavie95
CestLavie95 collected $0.02 from pot
*** SUMMARY ***
Total pot $0.02 | Rake $0 
Seat 1: Prince Mantis folded before Flop (didn't bet)
Seat 2: KnoBro folded before Flop (didn't bet)
Seat 3: TornadeoJim (button) folded before Flop (didn't bet)
Seat 4: deileon (small blind) folded before Flop
Seat 5: CestLavie95 (big blind) collected ($0.02)
Seat 6: Smith1606 folded before Flop (didn't bet)
Seat 7: Dorex2007 folded before Flop (didn't bet)
Seat 8: Kyhan N folded before Flop (didn't bet)
Seat 9: FrancisCrozier1 folded before Flop (didn't bet)



PokerStars Hand #237189338731:  Hold'em No Limit ($0.01/$0.02 USD) - 2022/07/05 22:25:00 PT [2022/07/06 1:25:00 ET]
Table 'Vibeke III' 9-max Seat #4 is the button
Seat 1: Prince Mantis ($2.09 in chips) 
Seat 2: KnoBro ($1.94 in chips) 
Seat 3: TornadeoJim ($1.44 in chips) 
Seat 4: deileon ($2.72 in chips) 
Seat 5: CestLavie95 ($4.61 in chips) 
Seat 6: Smith1606 ($1.94 in chips) 
Seat 7: Dorex2007 ($5.57 in chips) 
Seat 8: Kyhan N ($1.16 in chips) 
Seat 9: FrancisCrozier1 ($2.27 in chips) 
CestLavie95: posts small blind $0.01
Smith1606: posts big blind $0.02
*** HOLE CARDS ***
Dealt to Dorex2007 [4c Qd]
Dorex2007: folds 
Kyhan N: raises $0.04 to $0.06
FrancisCrozier1: folds 
Prince Mantis: folds 
KnoBro: folds 
TornadeoJim: folds 
deileon: folds 
CestLavie95: folds 
Smith1606: folds 
Uncalled bet ($0.04) returned to Kyhan N
Kyhan N collected $0.05 from pot
*** SUMMARY ***
Total pot $0.05 | Rake $0 
Seat 1: Prince Mantis folded before Flop (didn't bet)
Seat 2: KnoBro folded before Flop (didn't bet)
Seat 3: TornadeoJim folded before Flop (didn't bet)
Seat 4: deileon (button) folded before Flop (didn't bet)
Seat 5: CestLavie95 (small blind) folded before Flop
Seat 6: Smith1606 (big blind) folded before Flop
Seat 7: Dorex2007 folded before Flop (didn't bet)
Seat 8: Kyhan N collected ($0.05)
Seat 9: FrancisCrozier1 folded before Flop (didn't bet)



PokerStars Hand #237189340972:  Hold'em No Limit ($0.01/$0.02 USD) - 2022/07/05 22:25:20 PT [2022/07/06 1:25:20 ET]
Table 'Vibeke III' 9-max Seat #5 is the button
Seat 1: Prince Mantis ($2.09 in chips) 
Seat 2: KnoBro ($1.94 in chips) 
Seat 3: TornadeoJim ($1.44 in chips) 
Seat 4: deileon ($2.72 in chips) 
Seat 5: CestLavie95 ($4.60 in chips) 
Seat 6: Smith1606 ($1.92 in chips) 
Seat 7: Dorex2007 ($5.57 in chips) 
Seat 8: Kyhan N ($1.19 in chips) 
Seat 9: FrancisCrozier1 ($2.27 in chips) 
Smith1606: posts small blind $0.01
Dorex2007: posts big blind $0.02
*** HOLE CARDS ***
Dealt to Dorex2007 [7h 9h]
Kyhan N: folds 
FrancisCrozier1: folds 
Prince Mantis: folds 
KnoBro: folds 
TornadeoJim: folds 
deileon: folds 
CestLavie95: calls $0.02
Smith1606: folds 
Dorex2007: checks 
*** FLOP *** [2s 5d 2h]
Dorex2007: checks 
CestLavie95: checks 
*** TURN *** [2s 5d 2h] [As]
Dorex2007: checks 
CestLavie95: bets $0.03
Dorex2007: folds 
Uncalled bet ($0.03) returned to CestLavie95
CestLavie95 collected $0.05 from pot
*** SUMMARY ***
Total pot $0.05 | Rake $0 
Board [2s 5d 2h As]
Seat 1: Prince Mantis folded before Flop (didn't bet)
Seat 2: KnoBro folded before Flop (didn't bet)
Seat 3: TornadeoJim folded before Flop (didn't bet)
Seat 4: deileon folded before Flop (didn't bet)
Seat 5: CestLavie95 (button) collected ($0.05)
Seat 6: Smith1606 (small blind) folded before Flop
Seat 7: Dorex2007 (big blind) folded on the Turn
Seat 8: Kyhan N folded before Flop (didn't bet)
Seat 9: FrancisCrozier1 folded before Flop (didn't bet)



PokerStars Hand #237189346327:  Hold'em No Limit ($0.01/$0.02 USD) - 2022/07/05 22:26:08 PT [2022/07/06 1:26:08 ET]
Table 'Vibeke III' 9-max Seat #6 is the button
Seat 1: Prince Mantis ($2.09 in chips) 
Seat 2: KnoBro ($1.94 in chips) 
Seat 3: TornadeoJim ($1.44 in chips) 
Seat 4: deileon ($2.72 in chips) 
Seat 5: CestLavie95 ($4.63 in chips) 
Seat 6: Smith1606 ($1.91 in chips) 
Seat 7: Dorex2007 ($5.55 in chips) 
Seat 8: Kyhan N ($1.19 in chips) 
Seat 9: FrancisCrozier1 ($2.27 in chips) 
Dorex2007: posts small blind $0.01
Kyhan N: posts big blind $0.02
*** HOLE CARDS ***
Dealt to Dorex2007 [Tc 4d]
FrancisCrozier1: folds 
Prince Mantis: folds 
KnoBro: folds 
TornadeoJim: folds 
deileon: folds 
CestLavie95: raises $0.02 to $0.04
Smith1606: folds 
Dorex2007: folds 
Kyhan N: calls $0.02
*** FLOP *** [9c 7h Qd]
Kyhan N: bets $0.02
CestLavie95: calls $0.02
*** TURN *** [9c 7h Qd] [Jh]
Kyhan N: bets $0.04
CestLavie95: calls $0.04
*** RIVER *** [9c 7h Qd Jh] [Jc]
Kyhan N: checks 
CestLavie95: bets $0.15
Kyhan N: folds 
Uncalled bet ($0.15) returned to CestLavie95
CestLavie95 collected $0.20 from pot
*** SUMMARY ***
Total pot $0.21 | Rake $0.01 
Board [9c 7h Qd Jh Jc]
Seat 1: Prince Mantis folded before Flop (didn't bet)
Seat 2: KnoBro folded before Flop (didn't bet)
Seat 3: TornadeoJim folded before Flop (didn't bet)
Seat 4: deileon folded before Flop (didn't bet)
Seat 5: CestLavie95 collected ($0.20)
Seat 6: Smith1606 (button) folded before Flop (didn't bet)
Seat 7: Dorex2007 (small blind) folded before Flop
Seat 8: Kyhan N (big blind) folded on the River
Seat 9: FrancisCrozier1 folded before Flop (didn't bet)



PokerStars Hand #237189359413:  Hold'em No Limit ($0.01/$0.02 USD) - 2022/07/05 22:28:03 PT [2022/07/06 1:28:03 ET]
Table 'Vibeke III' 9-max Seat #7 is the button
Seat 1: Prince Mantis ($2.09 in chips) 
Seat 2: KnoBro ($1.94 in chips) 
Seat 3: TornadeoJim ($1.44 in chips) 
Seat 4: deileon ($2.72 in chips) 
Seat 5: CestLavie95 ($4.73 in chips) 
Seat 6: Smith1606 ($1.91 in chips) 
Seat 7: Dorex2007 ($5.54 in chips) 
Seat 8: Kyhan N ($1.09 in chips) 
Seat 9: FrancisCrozier1 ($2.27 in chips) 
Kyhan N: posts small blind $0.01
FrancisCrozier1: posts big blind $0.02
*** HOLE CARDS ***
Dealt to Dorex2007 [4c 2s]
Prince Mantis: folds 
KnoBro: folds 
TornadeoJim: folds 
deileon: calls $0.02
CestLavie95: folds 
Smith1606: folds 
Dorex2007: folds 
Kyhan N: folds 
FrancisCrozier1: checks 
*** FLOP *** [8h 9h 6c]
FrancisCrozier1: checks 
deileon: bets $0.02
FrancisCrozier1: folds 
Uncalled bet ($0.02) returned to deileon
deileon collected $0.05 from pot
*** SUMMARY ***
Total pot $0.05 | Rake $0 
Board [8h 9h 6c]
Seat 1: Prince Mantis folded before Flop (didn't bet)
Seat 2: KnoBro folded before Flop (didn't bet)
Seat 3: TornadeoJim folded before Flop (didn't bet)
Seat 4: deileon collected ($0.05)
Seat 5: CestLavie95 folded before Flop (didn't bet)
Seat 6: Smith1606 folded before Flop (didn't bet)
Seat 7: Dorex2007 (button) folded before Flop (didn't bet)
Seat 8: Kyhan N (small blind) folded before Flop
Seat 9: FrancisCrozier1 (big blind) folded on the Flop



PokerStars Hand #237189362515:  Hold'em No Limit ($0.01/$0.02 USD) - 2022/07/05 22:28:31 PT [2022/07/06 1:28:31 ET]
Table 'Vibeke III' 9-max Seat #8 is the button
Seat 1: Prince Mantis ($2.09 in chips) 
Seat 2: KnoBro ($1.94 in chips) 
Seat 4: deileon ($2.75 in chips) 
Seat 5: CestLavie95 ($4.73 in chips) 
Seat 6: Smith1606 ($1.91 in chips) 
Seat 7: Dorex2007 ($5.54 in chips) 
Seat 8: Kyhan N ($1.08 in chips) 
Seat 9: FrancisCrozier1 ($2.25 in chips) 
FrancisCrozier1: posts small blind $0.01
Prince Mantis: posts big blind $0.02
*** HOLE CARDS ***
Dealt to Dorex2007 [Ks As]
KnoBro: folds 
deileon: folds 
CestLavie95: folds 
Smith1606: folds 
Dorex2007: raises $0.02 to $0.04
Kyhan N: folds 
FrancisCrozier1: raises $0.10 to $0.14
Prince Mantis: folds 
Dorex2007: calls $0.10
*** FLOP *** [5d 8h 4d]
FrancisCrozier1: bets $0.21
Dorex2007: folds 
Uncalled bet ($0.21) returned to FrancisCrozier1
FrancisCrozier1 collected $0.29 from pot
*** SUMMARY ***
Total pot $0.30 | Rake $0.01 
Board [5d 8h 4d]
Seat 1: Prince Mantis (big blind) folded before Flop
Seat 2: KnoBro folded before Flop (didn't bet)
Seat 4: deileon folded before Flop (didn't bet)
Seat 5: CestLavie95 folded before Flop (didn't bet)
Seat 6: Smith1606 folded before Flop (didn't bet)
Seat 7: Dorex2007 folded on the Flop
Seat 8: Kyhan N (button) folded before Flop (didn't bet)
Seat 9: FrancisCrozier1 (small blind) collected ($0.29)



PokerStars Hand #237189367508:  Hold'em No Limit ($0.01/$0.02 USD) - 2022/07/05 22:29:16 PT [2022/07/06 1:29:16 ET]
Table 'Vibeke III' 9-max Seat #9 is the button
Seat 1: Prince Mantis ($2.07 in chips) 
Seat 2: KnoBro ($1.94 in chips) 
Seat 4: deileon ($2.75 in chips) 
Seat 5: CestLavie95 ($4.73 in chips) 
Seat 6: Smith1606 ($1.91 in chips) 
Seat 7: Dorex2007 ($5.40 in chips) 
Seat 8: Kyhan N ($1.08 in chips) 
Seat 9: FrancisCrozier1 ($2.40 in chips) 
Prince Mantis: posts small blind $0.01
KnoBro: posts big blind $0.02
*** HOLE CARDS ***
Dealt to Dorex2007 [Kc 8d]
deileon: folds 
CestLavie95 has timed out
CestLavie95: folds 
Smith1606: folds 
Dorex2007: folds 
Kyhan N: folds 
FrancisCrozier1: folds 
Prince Mantis: folds 
Uncalled bet ($0.01) returned to KnoBro
KnoBro collected $0.02 from pot
*** SUMMARY ***
Total pot $0.02 | Rake $0 
Seat 1: Prince Mantis (small blind) folded before Flop
Seat 2: KnoBro (big blind) collected ($0.02)
Seat 4: deileon folded before Flop (didn't bet)
Seat 5: CestLavie95 folded before Flop (didn't bet)
Seat 6: Smith1606 folded before Flop (didn't bet)
Seat 7: Dorex2007 folded before Flop (didn't bet)
Seat 8: Kyhan N folded before Flop (didn't bet)
Seat 9: FrancisCrozier1 (button) folded before Flop (didn't bet)



PokerStars Hand #237189370158:  Hold'em No Limit ($0.01/$0.02 USD) - 2022/07/05 22:29:39 PT [2022/07/06 1:29:39 ET]
Table 'Vibeke III' 9-max Seat #1 is the button
Seat 1: Prince Mantis ($2.06 in chips) 
Seat 2: KnoBro ($1.95 in chips) 
Seat 5: CestLavie95 ($4.73 in chips) 
Seat 6: Smith1606 ($1.91 in chips) 
Seat 7: Dorex2007 ($5.40 in chips) 
Seat 8: Kyhan N ($1.08 in chips) 
Seat 9: FrancisCrozier1 ($2.40 in chips) 
KnoBro: posts small blind $0.01
deileon: is sitting out 
CestLavie95: posts big blind $0.02
*** HOLE CARDS ***
Dealt to Dorex2007 [9s 7s]
Smith1606: folds 
Dorex2007: folds 
Kyhan N: raises $0.02 to $0.04
FrancisCrozier1: calls $0.04
Prince Mantis: folds 
KnoBro: calls $0.03
CestLavie95: folds 
*** FLOP *** [Ac 5h 5c]
KnoBro: checks 
Kyhan N: checks 
FrancisCrozier1: bets $0.10
KnoBro: calls $0.10
Kyhan N: folds 
*** TURN *** [Ac 5h 5c] [3h]
KnoBro: checks 
Kyhan N leaves the table
FrancisCrozier1: bets $0.20
KnoBro: folds 
Uncalled bet ($0.20) returned to FrancisCrozier1
FrancisCrozier1 collected $0.33 from pot
*** SUMMARY ***
Total pot $0.34 | Rake $0.01 
Board [Ac 5h 5c 3h]
Seat 1: Prince Mantis (button) folded before Flop (didn't bet)
Seat 2: KnoBro (small blind) folded on the Turn
Seat 5: CestLavie95 (big blind) folded before Flop
Seat 6: Smith1606 folded before Flop (didn't bet)
Seat 7: Dorex2007 folded before Flop (didn't bet)
Seat 8: Kyhan N folded on the Flop
Seat 9: FrancisCrozier1 collected ($0.33)



PokerStars Hand #237189374694:  Hold'em No Limit ($0.01/$0.02 USD) - 2022/07/05 22:30:19 PT [2022/07/06 1:30:19 ET]
Table 'Vibeke III' 9-max Seat #2 is the button
Seat 1: Prince Mantis ($2.06 in chips) 
Seat 2: KnoBro ($1.81 in chips) 
Seat 5: CestLavie95 ($4.71 in chips) 
Seat 6: Smith1606 ($1.91 in chips) 
Seat 7: Dorex2007 ($5.40 in chips) 
Seat 9: FrancisCrozier1 ($2.59 in chips) 
CestLavie95: posts small blind $0.01
Smith1606: posts big blind $0.02
*** HOLE CARDS ***
Dealt to Dorex2007 [2c 4h]
Dorex2007: folds 
FrancisCrozier1: folds 
Prince Mantis: folds 
KnoBro: raises $0.02 to $0.04
CestLavie95: calls $0.03
Smith1606: folds 
*** FLOP *** [Jd Js 3s]
CestLavie95: checks 
KnoBro: checks 
*** TURN *** [Jd Js 3s] [8c]
CestLavie95: checks 
KnoBro: checks 
*** RIVER *** [Jd Js 3s 8c] [Th]
CestLavie95: checks 
KnoBro: checks 
*** SHOW DOWN ***
CestLavie95: shows [Ts Qh] (two pair, Jacks and Tens)
KnoBro: mucks hand 
CestLavie95 collected $0.10 from pot
*** SUMMARY ***
Total pot $0.10 | Rake $0 
Board [Jd Js 3s 8c Th]
Seat 1: Prince Mantis folded before Flop (didn't bet)
Seat 2: KnoBro (button) mucked [Qs As]
Seat 5: CestLavie95 (small blind) showed [Ts Qh] and won ($0.10) with two pair, Jacks and Tens
Seat 6: Smith1606 (big blind) folded before Flop
Seat 7: Dorex2007 folded before Flop (didn't bet)
Seat 9: FrancisCrozier1 folded before Flop (didn't bet)



PokerStars Hand #237189378068:  Hold'em No Limit ($0.01/$0.02 USD) - 2022/07/05 22:30:49 PT [2022/07/06 1:30:49 ET]
Table 'Vibeke III' 9-max Seat #5 is the button
Seat 1: Prince Mantis ($2.06 in chips) 
Seat 2: KnoBro ($1.77 in chips) 
Seat 5: CestLavie95 ($4.77 in chips) 
Seat 6: Smith1606 ($1.89 in chips) 
Seat 7: Dorex2007 ($5.40 in chips) 
Seat 9: FrancisCrozier1 ($2.59 in chips) 
Smith1606: posts small blind $0.01
Dorex2007: posts big blind $0.02
*** HOLE CARDS ***
Dealt to Dorex2007 [Td Qd]
FrancisCrozier1: folds 
Prince Mantis: folds 
KnoBro: folds 
CestLavie95: folds 
Smith1606: folds 
Uncalled bet ($0.01) returned to Dorex2007
Dorex2007 collected $0.02 from pot
*** SUMMARY ***
Total pot $0.02 | Rake $0 
Seat 1: Prince Mantis folded before Flop (didn't bet)
Seat 2: KnoBro folded before Flop (didn't bet)
Seat 5: CestLavie95 (button) folded before Flop (didn't bet)
Seat 6: Smith1606 (small blind) folded before Flop
Seat 7: Dorex2007 (big blind) collected ($0.02)
Seat 9: FrancisCrozier1 folded before Flop (didn't bet)



PokerStars Hand #237189379262:  Hold'em No Limit ($0.01/$0.02 USD) - 2022/07/05 22:30:59 PT [2022/07/06 1:30:59 ET]
Table 'Vibeke III' 9-max Seat #6 is the button
Seat 1: Prince Mantis ($2.06 in chips) 
Seat 2: KnoBro ($1.77 in chips) 
Seat 5: CestLavie95 ($4.77 in chips) 
Seat 6: Smith1606 ($1.88 in chips) 
Seat 7: Dorex2007 ($5.41 in chips) 
Seat 9: FrancisCrozier1 ($2.59 in chips) 
Dorex2007: posts small blind $0.01
FrancisCrozier1: posts big blind $0.02
*** HOLE CARDS ***
Dealt to Dorex2007 [Kh Ah]
Prince Mantis: folds 
KnoBro: folds 
CestLavie95: folds 
Smith1606: folds 
Dorex2007: raises $0.04 to $0.06
deileon leaves the table
FrancisCrozier1: folds 
Uncalled bet ($0.04) returned to Dorex2007
Dorex2007 collected $0.04 from pot
*** SUMMARY ***
Total pot $0.04 | Rake $0 
Seat 1: Prince Mantis folded before Flop (didn't bet)
Seat 2: KnoBro folded before Flop (didn't bet)
Seat 5: CestLavie95 folded before Flop (didn't bet)
Seat 6: Smith1606 (button) folded before Flop (didn't bet)
Seat 7: Dorex2007 (small blind) collected ($0.04)
Seat 9: FrancisCrozier1 (big blind) folded before Flop



PokerStars Hand #237189381212:  Hold'em No Limit ($0.01/$0.02 USD) - 2022/07/05 22:31:17 PT [2022/07/06 1:31:17 ET]
Table 'Vibeke III' 9-max Seat #7 is the button
Seat 1: Prince Mantis ($2.06 in chips) 
Seat 2: KnoBro ($1.77 in chips) 
Seat 5: CestLavie95 ($4.77 in chips) 
Seat 6: Smith1606 ($1.88 in chips) 
Seat 7: Dorex2007 ($5.43 in chips) 
Seat 9: FrancisCrozier1 ($2.57 in chips) 
FrancisCrozier1: posts small blind $0.01
Prince Mantis: posts big blind $0.02
*** HOLE CARDS ***
Dealt to Dorex2007 [Ad Kc]
KnoBro: folds 
CestLavie95: folds 
Smith1606: folds 
Dorex2007: raises $0.04 to $0.06
FrancisCrozier1: folds 
Prince Mantis: folds 
Uncalled bet ($0.04) returned to Dorex2007
Dorex2007 collected $0.05 from pot
*** SUMMARY ***
Total pot $0.05 | Rake $0 
Seat 1: Prince Mantis (big blind) folded before Flop
Seat 2: KnoBro folded before Flop (didn't bet)
Seat 5: CestLavie95 folded before Flop (didn't bet)
Seat 6: Smith1606 folded before Flop (didn't bet)
Seat 7: Dorex2007 (button) collected ($0.05)
Seat 9: FrancisCrozier1 (small blind) folded before Flop



