PokerStars Hand #236591726856:  Hold'em No Limit ($0.01/$0.02 USD) - 2022/06/05 15:29:33 PT [2022/06/05 18:29:33 ET]
Table 'Alioth IV' 9-max Seat #8 is the button
Seat 1: kaspars191 ($2.91 in chips) 
Seat 2: Ab3Lo^^ ($0.43 in chips) 
Seat 3: simantiras ($2.78 in chips) 
Seat 4: ERB600 ($0.96 in chips) 
Seat 5: Tessaro_3 ($1.60 in chips) 
Seat 6: hafe ($1.84 in chips) 
Seat 7: Dorex2007 ($2 in chips) 
Seat 8: (A)Don Pedro(A) ($1.96 in chips) 
Seat 9: ondawarpaf ($2.98 in chips) 
ondawarpaf: posts small blind $0.01
kaspars191: posts big blind $0.02
Tessaro_3: posts big blind $0.02
Dorex2007: posts big blind $0.02
*** HOLE CARDS ***
Dealt to Dorex2007 [8d Qc]
Ab3Lo^^: calls $0.02
simantiras: calls $0.02
ERB600: folds 
Tessaro_3: checks 
hafe: raises $0.18 to $0.20
Dorex2007: folds 
(A)Don Pedro(A): folds 
ondawarpaf: folds 
kaspars191: folds 
Ab3Lo^^: folds 
simantiras: folds 
Tessaro_3: folds [9s]
Uncalled bet ($0.18) returned to hafe
hafe collected $0.13 from pot
hafe: doesn't show hand 
*** SUMMARY ***
Total pot $0.13 | Rake $0 
Seat 1: kaspars191 (big blind) folded before Flop
Seat 2: Ab3Lo^^ folded before Flop
Seat 3: simantiras folded before Flop
Seat 4: ERB600 folded before Flop (didn't bet)
Seat 5: Tessaro_3 folded before Flop (didn't bet)
Seat 6: hafe collected ($0.13)
Seat 7: Dorex2007 folded before Flop (didn't bet)
Seat 8: (A)Don Pedro(A) (button) folded before Flop (didn't bet)
Seat 9: ondawarpaf (small blind) folded before Flop



PokerStars Hand #236591753545:  Hold'em No Limit ($0.01/$0.02 USD) - 2022/06/05 15:30:21 PT [2022/06/05 18:30:21 ET]
Table 'Alioth IV' 9-max Seat #9 is the button
Seat 1: kaspars191 ($2.89 in chips) 
Seat 2: Ab3Lo^^ ($0.41 in chips) 
Seat 3: simantiras ($2.76 in chips) 
Seat 4: ERB600 ($0.96 in chips) 
Seat 5: Tessaro_3 ($1.58 in chips) 
Seat 6: hafe ($1.95 in chips) 
Seat 7: Dorex2007 ($2 in chips) 
Seat 8: (A)Don Pedro(A) ($1.96 in chips) 
Seat 9: ondawarpaf ($2.97 in chips) 
kaspars191: posts small blind $0.01
Ab3Lo^^: posts big blind $0.02
*** HOLE CARDS ***
Dealt to Dorex2007 [4s Kd]
simantiras: folds 
ERB600: folds 
Tessaro_3: folds 
hafe: folds 
Dorex2007: folds 
(A)Don Pedro(A): folds 
ondawarpaf: folds 
kaspars191: raises $0.06 to $0.08
Ab3Lo^^: folds 
Uncalled bet ($0.06) returned to kaspars191
kaspars191 collected $0.04 from pot
kaspars191: doesn't show hand 
*** SUMMARY ***
Total pot $0.04 | Rake $0 
Seat 1: kaspars191 (small blind) collected ($0.04)
Seat 2: Ab3Lo^^ (big blind) folded before Flop
Seat 3: simantiras folded before Flop (didn't bet)
Seat 4: ERB600 folded before Flop (didn't bet)
Seat 5: Tessaro_3 folded before Flop (didn't bet)
Seat 6: hafe folded before Flop (didn't bet)
Seat 7: Dorex2007 folded before Flop (didn't bet)
Seat 8: (A)Don Pedro(A) folded before Flop (didn't bet)
Seat 9: ondawarpaf (button) folded before Flop (didn't bet)



PokerStars Hand #236591760136:  Hold'em No Limit ($0.01/$0.02 USD) - 2022/06/05 15:30:39 PT [2022/06/05 18:30:39 ET]
Table 'Alioth IV' 9-max Seat #1 is the button
Seat 1: kaspars191 ($2.91 in chips) 
Seat 2: Ab3Lo^^ ($0.39 in chips) 
Seat 3: simantiras ($2.76 in chips) 
Seat 4: ERB600 ($0.96 in chips) 
Seat 5: Tessaro_3 ($1.58 in chips) 
Seat 6: hafe ($1.95 in chips) 
Seat 7: Dorex2007 ($2 in chips) 
Seat 8: (A)Don Pedro(A) ($1.96 in chips) 
Seat 9: ondawarpaf ($2.97 in chips) 
Ab3Lo^^: posts small blind $0.01
simantiras: posts big blind $0.02
*** HOLE CARDS ***
Dealt to Dorex2007 [Jd Ts]
ERB600: calls $0.02
Tessaro_3: folds 
hafe: folds 
Dorex2007: folds 
(A)Don Pedro(A): folds 
ondawarpaf: folds 
kaspars191: folds 
Ab3Lo^^: calls $0.01
simantiras: raises $0.06 to $0.08
ERB600: calls $0.06
Ab3Lo^^: folds 
*** FLOP *** [Kc 2s 6s]
simantiras: bets $0.17
ERB600: folds 
Uncalled bet ($0.17) returned to simantiras
simantiras collected $0.17 from pot
simantiras: doesn't show hand 
*** SUMMARY ***
Total pot $0.18 | Rake $0.01 
Board [Kc 2s 6s]
Seat 1: kaspars191 (button) folded before Flop (didn't bet)
Seat 2: Ab3Lo^^ (small blind) folded before Flop
Seat 3: simantiras (big blind) collected ($0.17)
Seat 4: ERB600 folded on the Flop
Seat 5: Tessaro_3 folded before Flop (didn't bet)
Seat 6: hafe folded before Flop (didn't bet)
Seat 7: Dorex2007 folded before Flop (didn't bet)
Seat 8: (A)Don Pedro(A) folded before Flop (didn't bet)
Seat 9: ondawarpaf folded before Flop (didn't bet)



PokerStars Hand #236591773062:  Hold'em No Limit ($0.01/$0.02 USD) - 2022/06/05 15:31:14 PT [2022/06/05 18:31:14 ET]
Table 'Alioth IV' 9-max Seat #2 is the button
Seat 1: kaspars191 ($2.91 in chips) 
Seat 2: Ab3Lo^^ ($0.37 in chips) 
Seat 3: simantiras ($2.85 in chips) 
Seat 4: ERB600 ($0.88 in chips) 
Seat 5: Tessaro_3 ($1.58 in chips) 
Seat 6: hafe ($1.95 in chips) 
Seat 7: Dorex2007 ($2 in chips) 
Seat 8: (A)Don Pedro(A) ($1.96 in chips) 
Seat 9: ondawarpaf ($2.97 in chips) 
simantiras: posts small blind $0.01
ERB600: posts big blind $0.02
*** HOLE CARDS ***
Dealt to Dorex2007 [Th Kc]
Tessaro_3: folds 
hafe: folds 
Dorex2007: folds 
(A)Don Pedro(A): raises $0.02 to $0.04
ondawarpaf: folds 
kaspars191: calls $0.04
Ab3Lo^^: folds 
simantiras: raises $0.14 to $0.18
ERB600: folds 
(A)Don Pedro(A): folds 
kaspars191: folds 
Uncalled bet ($0.14) returned to simantiras
simantiras collected $0.14 from pot
simantiras: doesn't show hand 
*** SUMMARY ***
Total pot $0.14 | Rake $0 
Seat 1: kaspars191 folded before Flop
Seat 2: Ab3Lo^^ (button) folded before Flop (didn't bet)
Seat 3: simantiras (small blind) collected ($0.14)
Seat 4: ERB600 (big blind) folded before Flop
Seat 5: Tessaro_3 folded before Flop (didn't bet)
Seat 6: hafe folded before Flop (didn't bet)
Seat 7: Dorex2007 folded before Flop (didn't bet)
Seat 8: (A)Don Pedro(A) folded before Flop
Seat 9: ondawarpaf folded before Flop (didn't bet)



PokerStars Hand #236591788032:  Hold'em No Limit ($0.01/$0.02 USD) - 2022/06/05 15:31:54 PT [2022/06/05 18:31:54 ET]
Table 'Alioth IV' 9-max Seat #3 is the button
Seat 1: kaspars191 ($2.87 in chips) 
Seat 2: Ab3Lo^^ ($0.37 in chips) 
Seat 3: simantiras ($2.95 in chips) 
Seat 4: ERB600 ($0.86 in chips) 
Seat 5: Tessaro_3 ($1.58 in chips) 
Seat 6: hafe ($1.95 in chips) 
Seat 7: Dorex2007 ($2 in chips) 
Seat 8: (A)Don Pedro(A) ($1.92 in chips) 
Seat 9: ondawarpaf ($2.97 in chips) 
ERB600: posts small blind $0.01
Tessaro_3: posts big blind $0.02
*** HOLE CARDS ***
Dealt to Dorex2007 [2s Kh]
hafe: folds 
Dorex2007: folds 
(A)Don Pedro(A): folds 
ondawarpaf: folds 
kaspars191: folds 
Ab3Lo^^: folds 
simantiras: folds 
ERB600: folds 
Uncalled bet ($0.01) returned to Tessaro_3
Tessaro_3 collected $0.02 from pot
Tessaro_3: doesn't show hand 
*** SUMMARY ***
Total pot $0.02 | Rake $0 
Seat 1: kaspars191 folded before Flop (didn't bet)
Seat 2: Ab3Lo^^ folded before Flop (didn't bet)
Seat 3: simantiras (button) folded before Flop (didn't bet)
Seat 4: ERB600 (small blind) folded before Flop
Seat 5: Tessaro_3 (big blind) collected ($0.02)
Seat 6: hafe folded before Flop (didn't bet)
Seat 7: Dorex2007 folded before Flop (didn't bet)
Seat 8: (A)Don Pedro(A) folded before Flop (didn't bet)
Seat 9: ondawarpaf folded before Flop (didn't bet)



PokerStars Hand #236591794722:  Hold'em No Limit ($0.01/$0.02 USD) - 2022/06/05 15:32:12 PT [2022/06/05 18:32:12 ET]
Table 'Alioth IV' 9-max Seat #4 is the button
Seat 1: kaspars191 ($2.87 in chips) 
Seat 2: Ab3Lo^^ ($0.37 in chips) 
Seat 3: simantiras ($2.95 in chips) 
Seat 4: ERB600 ($0.85 in chips) 
Seat 5: Tessaro_3 ($1.59 in chips) 
Seat 6: hafe ($1.95 in chips) 
Seat 7: Dorex2007 ($2 in chips) 
Seat 8: (A)Don Pedro(A) ($1.92 in chips) 
Seat 9: ondawarpaf ($2.97 in chips) 
Tessaro_3: posts small blind $0.01
hafe: posts big blind $0.02
*** HOLE CARDS ***
Dealt to Dorex2007 [2s 7s]
Dorex2007: folds 
(A)Don Pedro(A): raises $0.02 to $0.04
ondawarpaf: folds 
kaspars191: folds 
Ab3Lo^^: calls $0.04
simantiras: folds 
ERB600: folds 
Tessaro_3: folds 
hafe: folds 
*** FLOP *** [3h 8c 9c]
(A)Don Pedro(A): checks 
Ab3Lo^^: bets $0.10
(A)Don Pedro(A): folds 
Uncalled bet ($0.10) returned to Ab3Lo^^
Ab3Lo^^ collected $0.11 from pot
Ab3Lo^^: doesn't show hand 
*** SUMMARY ***
Total pot $0.11 | Rake $0 
Board [3h 8c 9c]
Seat 1: kaspars191 folded before Flop (didn't bet)
Seat 2: Ab3Lo^^ collected ($0.11)
Seat 3: simantiras folded before Flop (didn't bet)
Seat 4: ERB600 (button) folded before Flop (didn't bet)
Seat 5: Tessaro_3 (small blind) folded before Flop
Seat 6: hafe (big blind) folded before Flop
Seat 7: Dorex2007 folded before Flop (didn't bet)
Seat 8: (A)Don Pedro(A) folded on the Flop
Seat 9: ondawarpaf folded before Flop (didn't bet)



PokerStars Hand #236591805391:  Hold'em No Limit ($0.01/$0.02 USD) - 2022/06/05 15:32:41 PT [2022/06/05 18:32:41 ET]
Table 'Alioth IV' 9-max Seat #5 is the button
Seat 1: kaspars191 ($2.87 in chips) 
Seat 2: Ab3Lo^^ ($0.44 in chips) 
Seat 3: simantiras ($2.95 in chips) 
Seat 4: ERB600 ($0.85 in chips) 
Seat 5: Tessaro_3 ($1.58 in chips) 
Seat 6: hafe ($1.93 in chips) 
Seat 7: Dorex2007 ($2 in chips) 
Seat 8: (A)Don Pedro(A) ($1.88 in chips) 
Seat 9: ondawarpaf ($2.97 in chips) 
hafe: posts small blind $0.01
Dorex2007: posts big blind $0.02
*** HOLE CARDS ***
Dealt to Dorex2007 [6c Kh]
(A)Don Pedro(A): folds 
ondawarpaf: folds 
kaspars191: folds 
Ab3Lo^^: folds 
simantiras: folds 
ERB600: folds 
Tessaro_3: calls $0.02
hafe: folds 
Dorex2007: checks 
*** FLOP *** [7h 9h Qh]
Dorex2007: checks 
Tessaro_3: bets $0.04
Dorex2007: calls $0.04
*** TURN *** [7h 9h Qh] [Td]
Dorex2007: checks 
Tessaro_3: bets $0.06
Dorex2007: calls $0.06
*** RIVER *** [7h 9h Qh Td] [Ad]
Dorex2007: bets $0.16
Tessaro_3: calls $0.16
*** SHOW DOWN ***
Dorex2007: shows [6c Kh] (high card Ace)
Tessaro_3: shows [Th Tc] (three of a kind, Tens)
Tessaro_3 collected $0.55 from pot
*** SUMMARY ***
Total pot $0.57 | Rake $0.02 
Board [7h 9h Qh Td Ad]
Seat 1: kaspars191 folded before Flop (didn't bet)
Seat 2: Ab3Lo^^ folded before Flop (didn't bet)
Seat 3: simantiras folded before Flop (didn't bet)
Seat 4: ERB600 folded before Flop (didn't bet)
Seat 5: Tessaro_3 (button) showed [Th Tc] and won ($0.55) with three of a kind, Tens
Seat 6: hafe (small blind) folded before Flop
Seat 7: Dorex2007 (big blind) showed [6c Kh] and lost with high card Ace
Seat 8: (A)Don Pedro(A) folded before Flop (didn't bet)
Seat 9: ondawarpaf folded before Flop (didn't bet)



PokerStars Hand #236591828868:  Hold'em No Limit ($0.01/$0.02 USD) - 2022/06/05 15:33:45 PT [2022/06/05 18:33:45 ET]
Table 'Alioth IV' 9-max Seat #6 is the button
Seat 1: kaspars191 ($2.87 in chips) 
Seat 2: Ab3Lo^^ ($0.44 in chips) 
Seat 3: simantiras ($2.95 in chips) 
Seat 4: ERB600 ($0.85 in chips) 
Seat 5: Tessaro_3 ($1.85 in chips) 
Seat 6: hafe ($1.92 in chips) 
Seat 7: Dorex2007 ($2 in chips) 
Seat 8: (A)Don Pedro(A) ($1.88 in chips) 
Seat 9: ondawarpaf ($2.97 in chips) 
Dorex2007: posts small blind $0.01
(A)Don Pedro(A): posts big blind $0.02
*** HOLE CARDS ***
Dealt to Dorex2007 [6s 6d]
ondawarpaf: folds 
kaspars191: folds 
Ab3Lo^^: calls $0.02
simantiras: folds 
ERB600: folds 
Tessaro_3: calls $0.02
hafe: folds 
Dorex2007: calls $0.01
(A)Don Pedro(A): checks 
*** FLOP *** [9c 3s 8s]
Dorex2007: checks 
(A)Don Pedro(A): checks 
Ab3Lo^^: bets $0.04
Tessaro_3: calls $0.04
Dorex2007: folds 
(A)Don Pedro(A): folds 
*** TURN *** [9c 3s 8s] [8h]
Ab3Lo^^: bets $0.02
Tessaro_3: calls $0.02
*** RIVER *** [9c 3s 8s 8h] [4h]
Ab3Lo^^: checks 
Tessaro_3: checks 
*** SHOW DOWN ***
Ab3Lo^^: shows [Td Ad] (a pair of Eights)
Tessaro_3: mucks hand 
Ab3Lo^^ collected $0.19 from pot
*** SUMMARY ***
Total pot $0.20 | Rake $0.01 
Board [9c 3s 8s 8h 4h]
Seat 1: kaspars191 folded before Flop (didn't bet)
Seat 2: Ab3Lo^^ showed [Td Ad] and won ($0.19) with a pair of Eights
Seat 3: simantiras folded before Flop (didn't bet)
Seat 4: ERB600 folded before Flop (didn't bet)
Seat 5: Tessaro_3 mucked [6c Tc]
Seat 6: hafe (button) folded before Flop (didn't bet)
Seat 7: Dorex2007 (small blind) folded on the Flop
Seat 8: (A)Don Pedro(A) (big blind) folded on the Flop
Seat 9: ondawarpaf folded before Flop (didn't bet)



PokerStars Hand #236591850860:  Hold'em No Limit ($0.01/$0.02 USD) - 2022/06/05 15:34:45 PT [2022/06/05 18:34:45 ET]
Table 'Alioth IV' 9-max Seat #7 is the button
Seat 1: kaspars191 ($2.87 in chips) 
Seat 2: Ab3Lo^^ ($0.55 in chips) 
Seat 3: simantiras ($2.95 in chips) 
Seat 4: ERB600 ($0.85 in chips) 
Seat 5: Tessaro_3 ($1.77 in chips) 
Seat 6: hafe ($1.92 in chips) 
Seat 7: Dorex2007 ($2 in chips) 
Seat 8: (A)Don Pedro(A) ($1.86 in chips) 
Seat 9: ondawarpaf ($2.97 in chips) 
(A)Don Pedro(A): posts small blind $0.01
ondawarpaf: posts big blind $0.02
*** HOLE CARDS ***
Dealt to Dorex2007 [9h 6s]
kaspars191: folds 
Ab3Lo^^: calls $0.02
simantiras: calls $0.02
ERB600: calls $0.02
Tessaro_3: calls $0.02
hafe: folds 
Dorex2007: folds 
(A)Don Pedro(A): calls $0.01
ondawarpaf: checks 
*** FLOP *** [2s 5d 6c]
(A)Don Pedro(A): checks 
ondawarpaf: checks 
Ab3Lo^^: checks 
simantiras: bets $0.06
ERB600: folds 
Tessaro_3: calls $0.06
(A)Don Pedro(A): folds 
ondawarpaf: calls $0.06
Ab3Lo^^: folds 
*** TURN *** [2s 5d 6c] [Qh]
ondawarpaf: checks 
simantiras: checks 
Tessaro_3: checks 
*** RIVER *** [2s 5d 6c Qh] [As]
ondawarpaf: checks 
simantiras: checks 
Tessaro_3: bets $0.10
ondawarpaf: folds 
simantiras: folds 
Uncalled bet ($0.10) returned to Tessaro_3
Tessaro_3 collected $0.29 from pot
Tessaro_3: doesn't show hand 
*** SUMMARY ***
Total pot $0.30 | Rake $0.01 
Board [2s 5d 6c Qh As]
Seat 1: kaspars191 folded before Flop (didn't bet)
Seat 2: Ab3Lo^^ folded on the Flop
Seat 3: simantiras folded on the River
Seat 4: ERB600 folded on the Flop
Seat 5: Tessaro_3 collected ($0.29)
Seat 6: hafe folded before Flop (didn't bet)
Seat 7: Dorex2007 (button) folded before Flop (didn't bet)
Seat 8: (A)Don Pedro(A) (small blind) folded on the Flop
Seat 9: ondawarpaf (big blind) folded on the River



PokerStars Hand #236591870797:  Hold'em No Limit ($0.01/$0.02 USD) - 2022/06/05 15:35:39 PT [2022/06/05 18:35:39 ET]
Table 'Alioth IV' 9-max Seat #8 is the button
Seat 1: kaspars191 ($2.87 in chips) 
Seat 2: Ab3Lo^^ ($0.53 in chips) 
Seat 3: simantiras ($2.87 in chips) 
Seat 4: ERB600 ($0.83 in chips) 
Seat 5: Tessaro_3 ($1.98 in chips) 
Seat 6: hafe ($1.92 in chips) 
Seat 7: Dorex2007 ($2 in chips) 
Seat 8: (A)Don Pedro(A) ($1.84 in chips) 
Seat 9: ondawarpaf ($2.89 in chips) 
ondawarpaf: posts small blind $0.01
kaspars191: posts big blind $0.02
*** HOLE CARDS ***
Dealt to Dorex2007 [Ts 4c]
Ab3Lo^^: calls $0.02
simantiras: folds 
ERB600: folds 
Tessaro_3: folds 
hafe: folds 
Dorex2007: folds 
(A)Don Pedro(A): folds 
ondawarpaf: folds 
kaspars191: raises $0.06 to $0.08
Ab3Lo^^: folds 
Uncalled bet ($0.06) returned to kaspars191
kaspars191 collected $0.05 from pot
kaspars191: doesn't show hand 
*** SUMMARY ***
Total pot $0.05 | Rake $0 
Seat 1: kaspars191 (big blind) collected ($0.05)
Seat 2: Ab3Lo^^ folded before Flop
Seat 3: simantiras folded before Flop (didn't bet)
Seat 4: ERB600 folded before Flop (didn't bet)
Seat 5: Tessaro_3 folded before Flop (didn't bet)
Seat 6: hafe folded before Flop (didn't bet)
Seat 7: Dorex2007 folded before Flop (didn't bet)
Seat 8: (A)Don Pedro(A) (button) folded before Flop (didn't bet)
Seat 9: ondawarpaf (small blind) folded before Flop



PokerStars Hand #236591880271:  Hold'em No Limit ($0.01/$0.02 USD) - 2022/06/05 15:36:05 PT [2022/06/05 18:36:05 ET]
Table 'Alioth IV' 9-max Seat #9 is the button
Seat 1: kaspars191 ($2.90 in chips) 
Seat 2: Ab3Lo^^ ($0.51 in chips) 
Seat 3: simantiras ($2.87 in chips) 
Seat 4: ERB600 ($0.83 in chips) 
Seat 5: Tessaro_3 ($1.98 in chips) 
Seat 6: hafe ($1.92 in chips) 
Seat 7: Dorex2007 ($2 in chips) 
Seat 8: (A)Don Pedro(A) ($1.84 in chips) 
Seat 9: ondawarpaf ($2.88 in chips) 
kaspars191: posts small blind $0.01
Ab3Lo^^: posts big blind $0.02
*** HOLE CARDS ***
Dealt to Dorex2007 [5d Ac]
simantiras: raises $0.02 to $0.04
ERB600: calls $0.04
Tessaro_3: calls $0.04
hafe: calls $0.04
Dorex2007: folds 
(A)Don Pedro(A): calls $0.04
ondawarpaf: folds 
kaspars191: calls $0.03
Ab3Lo^^: calls $0.02
*** FLOP *** [4h 2d 3d]
kaspars191: checks 
Ab3Lo^^: bets $0.10
simantiras: folds 
ERB600: calls $0.10
Tessaro_3: folds 
hafe: folds 
(A)Don Pedro(A): folds 
(A)Don Pedro(A) leaves the table
kaspars191: folds 
*** TURN *** [4h 2d 3d] [9h]
Ab3Lo^^: bets $0.37 and is all-in
ERB600: calls $0.37
*** RIVER *** [4h 2d 3d 9h] [3s]
*** SHOW DOWN ***
Ab3Lo^^: shows [3h 2s] (a full house, Threes full of Deuces)
ERB600: shows [Jd Jc] (two pair, Jacks and Threes)
Ab3Lo^^ collected $1.18 from pot
*** SUMMARY ***
Total pot $1.22 | Rake $0.04 
Board [4h 2d 3d 9h 3s]
Seat 1: kaspars191 (small blind) folded on the Flop
Seat 2: Ab3Lo^^ (big blind) showed [3h 2s] and won ($1.18) with a full house, Threes full of Deuces
Seat 3: simantiras folded on the Flop
Seat 4: ERB600 showed [Jd Jc] and lost with two pair, Jacks and Threes
Seat 5: Tessaro_3 folded on the Flop
Seat 6: hafe folded on the Flop
Seat 7: Dorex2007 folded before Flop (didn't bet)
Seat 8: (A)Don Pedro(A) folded on the Flop
Seat 9: ondawarpaf (button) folded before Flop (didn't bet)



PokerStars Hand #236591900005:  Hold'em No Limit ($0.01/$0.02 USD) - 2022/06/05 15:36:59 PT [2022/06/05 18:36:59 ET]
Table 'Alioth IV' 9-max Seat #1 is the button
Seat 1: kaspars191 ($2.86 in chips) 
Seat 2: Ab3Lo^^ ($1.18 in chips) 
Seat 3: simantiras ($2.83 in chips) 
Seat 4: ERB600 ($0.32 in chips) 
Seat 5: Tessaro_3 ($1.94 in chips) 
Seat 6: hafe ($1.88 in chips) 
Seat 7: Dorex2007 ($2 in chips) 
Seat 9: ondawarpaf ($2.88 in chips) 
Ab3Lo^^: posts small blind $0.01
simantiras: posts big blind $0.02
*** HOLE CARDS ***
Dealt to Dorex2007 [6c 4c]
ERB600: folds 
Tessaro_3: calls $0.02
hafe: folds 
Dorex2007: folds 
ondawarpaf: folds 
kaspars191: folds 
Ab3Lo^^: calls $0.01
simantiras: checks 
*** FLOP *** [5h Jc 4d]
Ab3Lo^^: checks 
simantiras: checks 
Tessaro_3: checks 
*** TURN *** [5h Jc 4d] [8c]
Ab3Lo^^: checks 
simantiras: bets $0.02
Tessaro_3: folds 
Ab3Lo^^: calls $0.02
*** RIVER *** [5h Jc 4d 8c] [9c]
Tessaro_3 leaves the table
Ab3Lo^^: checks 
simantiras: checks 
*** SHOW DOWN ***
Ab3Lo^^: shows [Kh As] (high card Ace)
simantiras: shows [8s 2h] (a pair of Eights)
simantiras collected $0.10 from pot
*** SUMMARY ***
Total pot $0.10 | Rake $0 
Board [5h Jc 4d 8c 9c]
Seat 1: kaspars191 (button) folded before Flop (didn't bet)
Seat 2: Ab3Lo^^ (small blind) showed [Kh As] and lost with high card Ace
Seat 3: simantiras (big blind) showed [8s 2h] and won ($0.10) with a pair of Eights
Seat 4: ERB600 folded before Flop (didn't bet)
Seat 5: Tessaro_3 folded on the Turn
Seat 6: hafe folded before Flop (didn't bet)
Seat 7: Dorex2007 folded before Flop (didn't bet)
Seat 9: ondawarpaf folded before Flop (didn't bet)



PokerStars Hand #236591917479:  Hold'em No Limit ($0.01/$0.02 USD) - 2022/06/05 15:37:47 PT [2022/06/05 18:37:47 ET]
Table 'Alioth IV' 9-max Seat #2 is the button
Seat 1: kaspars191 ($2.86 in chips) 
Seat 2: Ab3Lo^^ ($1.14 in chips) 
Seat 3: simantiras ($2.89 in chips) 
Seat 4: ERB600 ($0.32 in chips) 
Seat 6: hafe ($1.88 in chips) 
Seat 7: Dorex2007 ($2 in chips) 
Seat 9: ondawarpaf ($2.88 in chips) 
simantiras: posts small blind $0.01
ERB600: posts big blind $0.02
*** HOLE CARDS ***
Dealt to Dorex2007 [8d Ts]
hafe: folds 
Dorex2007: folds 
ondawarpaf: folds 
kaspars191: folds 
Ab3Lo^^: calls $0.02
simantiras: folds 
ERB600: checks 
*** FLOP *** [9s 5d Kd]
ERB600: checks 
Ab3Lo^^: checks 
*** TURN *** [9s 5d Kd] [2h]
ERB600: checks 
Ab3Lo^^: checks 
*** RIVER *** [9s 5d Kd 2h] [5h]
ERB600: checks 
Ab3Lo^^: checks 
*** SHOW DOWN ***
ERB600: shows [Js 3d] (a pair of Fives)
Ab3Lo^^: shows [8c 8s] (two pair, Eights and Fives)
Ab3Lo^^ collected $0.05 from pot
*** SUMMARY ***
Total pot $0.05 | Rake $0 
Board [9s 5d Kd 2h 5h]
Seat 1: kaspars191 folded before Flop (didn't bet)
Seat 2: Ab3Lo^^ (button) showed [8c 8s] and won ($0.05) with two pair, Eights and Fives
Seat 3: simantiras (small blind) folded before Flop
Seat 4: ERB600 (big blind) showed [Js 3d] and lost with a pair of Fives
Seat 6: hafe folded before Flop (didn't bet)
Seat 7: Dorex2007 folded before Flop (didn't bet)
Seat 9: ondawarpaf folded before Flop (didn't bet)



PokerStars Hand #236591927522:  Hold'em No Limit ($0.01/$0.02 USD) - 2022/06/05 15:38:15 PT [2022/06/05 18:38:15 ET]
Table 'Alioth IV' 9-max Seat #3 is the button
Seat 1: kaspars191 ($2.86 in chips) 
Seat 2: Ab3Lo^^ ($1.17 in chips) 
Seat 3: simantiras ($2.88 in chips) 
Seat 4: ERB600 ($0.30 in chips) 
Seat 6: hafe ($1.88 in chips) 
Seat 7: Dorex2007 ($2 in chips) 
Seat 9: ondawarpaf ($2.88 in chips) 
ERB600: posts small blind $0.01
hafe: posts big blind $0.02
*** HOLE CARDS ***
Dealt to Dorex2007 [2s 7d]
Dorex2007: folds 
ondawarpaf: folds 
kaspars191: folds 
Ab3Lo^^: folds 
simantiras: folds 
ERB600: calls $0.01
hafe: raises $0.04 to $0.06
ERB600: calls $0.04
*** FLOP *** [Ks 8s 4c]
ERB600: checks 
hafe: bets $0.08
ERB600: calls $0.08
*** TURN *** [Ks 8s 4c] [7c]
ERB600: checks 
hafe: bets $0.20
ERB600: calls $0.16 and is all-in
Uncalled bet ($0.04) returned to hafe
*** RIVER *** [Ks 8s 4c 7c] [5s]
*** SHOW DOWN ***
ERB600: shows [9h Kh] (a pair of Kings)
hafe: shows [6h Ad] (a straight, Four to Eight)
hafe collected $0.58 from pot
*** SUMMARY ***
Total pot $0.60 | Rake $0.02 
Board [Ks 8s 4c 7c 5s]
Seat 1: kaspars191 folded before Flop (didn't bet)
Seat 2: Ab3Lo^^ folded before Flop (didn't bet)
Seat 3: simantiras (button) folded before Flop (didn't bet)
Seat 4: ERB600 (small blind) showed [9h Kh] and lost with a pair of Kings
Seat 6: hafe (big blind) showed [6h Ad] and won ($0.58) with a straight, Four to Eight
Seat 7: Dorex2007 folded before Flop (didn't bet)
Seat 9: ondawarpaf folded before Flop (didn't bet)



PokerStars Hand #236591945404:  Hold'em No Limit ($0.01/$0.02 USD) - 2022/06/05 15:39:04 PT [2022/06/05 18:39:04 ET]
Table 'Alioth IV' 9-max Seat #6 is the button
Seat 1: kaspars191 ($2.86 in chips) 
Seat 2: Ab3Lo^^ ($1.17 in chips) 
Seat 3: simantiras ($2.88 in chips) 
Seat 6: hafe ($2.16 in chips) 
Seat 7: Dorex2007 ($2 in chips) 
Seat 9: ondawarpaf ($2.88 in chips) 
Dorex2007: posts small blind $0.01
ondawarpaf: posts big blind $0.02
*** HOLE CARDS ***
Dealt to Dorex2007 [3s 7h]
kaspars191: folds 
Ab3Lo^^: folds 
simantiras: raises $0.04 to $0.06
hafe: folds 
Dorex2007: folds 
ERB600 leaves the table
perffect16 joins the table at seat #5 
ondawarpaf: folds 
Uncalled bet ($0.04) returned to simantiras
simantiras collected $0.05 from pot
simantiras: doesn't show hand 
*** SUMMARY ***
Total pot $0.05 | Rake $0 
Seat 1: kaspars191 folded before Flop (didn't bet)
Seat 2: Ab3Lo^^ folded before Flop (didn't bet)
Seat 3: simantiras collected ($0.05)
Seat 6: hafe (button) folded before Flop (didn't bet)
Seat 7: Dorex2007 (small blind) folded before Flop
Seat 9: ondawarpaf (big blind) folded before Flop



PokerStars Hand #236591951156:  Hold'em No Limit ($0.01/$0.02 USD) - 2022/06/05 15:39:19 PT [2022/06/05 18:39:19 ET]
Table 'Alioth IV' 9-max Seat #7 is the button
Seat 1: kaspars191 ($2.86 in chips) 
Seat 2: Ab3Lo^^ ($1.17 in chips) 
Seat 3: simantiras ($2.91 in chips) 
Seat 6: hafe ($2.16 in chips) 
Seat 7: Dorex2007 ($2 in chips) 
Seat 9: ondawarpaf ($2.86 in chips) 
ondawarpaf: posts small blind $0.01
kaspars191: posts big blind $0.02
perffect16: sits out 
*** HOLE CARDS ***
Dealt to Dorex2007 [Jd 8d]
Ab3Lo^^: calls $0.02
simantiras: calls $0.02
hafe: raises $0.04 to $0.06
Dorex2007: folds 
ondawarpaf: calls $0.05
kaspars191: folds 
Ab3Lo^^: calls $0.04
simantiras: calls $0.04
*** FLOP *** [Kd 4s 9d]
ondawarpaf: checks 
Ab3Lo^^: checks 
simantiras: checks 
hafe: bets $0.16
ondawarpaf: folds 
Ab3Lo^^: folds 
simantiras: folds 
Uncalled bet ($0.16) returned to hafe
hafe collected $0.25 from pot
hafe: doesn't show hand 
*** SUMMARY ***
Total pot $0.26 | Rake $0.01 
Board [Kd 4s 9d]
Seat 1: kaspars191 (big blind) folded before Flop
Seat 2: Ab3Lo^^ folded on the Flop
Seat 3: simantiras folded on the Flop
Seat 6: hafe collected ($0.25)
Seat 7: Dorex2007 (button) folded before Flop (didn't bet)
Seat 9: ondawarpaf (small blind) folded on the Flop



PokerStars Hand #236591970458:  Hold'em No Limit ($0.01/$0.02 USD) - 2022/06/05 15:40:12 PT [2022/06/05 18:40:12 ET]
Table 'Alioth IV' 9-max Seat #1 is the button
Seat 1: kaspars191 ($2.84 in chips) 
Seat 2: Ab3Lo^^ ($1.11 in chips) 
Seat 5: perffect16 ($2 in chips) 
Seat 6: hafe ($2.35 in chips) 
Seat 7: Dorex2007 ($2 in chips) 
Ab3Lo^^: posts small blind $0.01
perffect16: posts big blind $0.02
*** HOLE CARDS ***
Dealt to Dorex2007 [As 8h]
hafe: raises $0.04 to $0.06
Dorex2007: folds 
kaspars191: calls $0.06
Ab3Lo^^: folds 
perffect16: raises $0.04 to $0.10
hafe: calls $0.04
kaspars191: calls $0.04
*** FLOP *** [4c 2s Th]
perffect16: checks 
hafe: bets $0.22
kaspars191: folds 
simantiras leaves the table
perffect16: folds 
Uncalled bet ($0.22) returned to hafe
hafe collected $0.30 from pot
hafe: doesn't show hand 
*** SUMMARY ***
Total pot $0.31 | Rake $0.01 
Board [4c 2s Th]
Seat 1: kaspars191 (button) folded on the Flop
Seat 2: Ab3Lo^^ (small blind) folded before Flop
Seat 5: perffect16 (big blind) folded on the Flop
Seat 6: hafe collected ($0.30)
Seat 7: Dorex2007 folded before Flop (didn't bet)



PokerStars Hand #236591987231:  Hold'em No Limit ($0.01/$0.02 USD) - 2022/06/05 15:40:59 PT [2022/06/05 18:40:59 ET]
Table 'Alioth IV' 9-max Seat #2 is the button
Seat 1: kaspars191 ($2.74 in chips) 
Seat 2: Ab3Lo^^ ($1.10 in chips) 
Seat 5: perffect16 ($1.90 in chips) 
Seat 6: hafe ($2.55 in chips) 
Seat 7: Dorex2007 ($2 in chips) 
perffect16: posts small blind $0.01
hafe: posts big blind $0.02
*** HOLE CARDS ***
Dealt to Dorex2007 [6s 4d]
Dorex2007: folds 
kaspars191: folds 
Ab3Lo^^: calls $0.02
perffect16: calls $0.01
hafe: checks 
*** FLOP *** [3d 4s Td]
perffect16: checks 
hafe: checks 
Ab3Lo^^: checks 
*** TURN *** [3d 4s Td] [Js]
perffect16: checks 
hafe: checks 
Ab3Lo^^: checks 
*** RIVER *** [3d 4s Td Js] [6d]
perffect16: bets $0.06
hafe: folds 
Ab3Lo^^: folds 
Uncalled bet ($0.06) returned to perffect16
perffect16 collected $0.06 from pot
perffect16: doesn't show hand 
*** SUMMARY ***
Total pot $0.06 | Rake $0 
Board [3d 4s Td Js 6d]
Seat 1: kaspars191 folded before Flop (didn't bet)
Seat 2: Ab3Lo^^ (button) folded on the River
Seat 5: perffect16 (small blind) collected ($0.06)
Seat 6: hafe (big blind) folded on the River
Seat 7: Dorex2007 folded before Flop (didn't bet)



PokerStars Hand #236592006271:  Hold'em No Limit ($0.01/$0.02 USD) - 2022/06/05 15:41:52 PT [2022/06/05 18:41:52 ET]
Table 'Alioth IV' 9-max Seat #5 is the button
Seat 1: kaspars191 ($2.74 in chips) 
Seat 2: Ab3Lo^^ ($1.08 in chips) 
Seat 5: perffect16 ($1.94 in chips) 
Seat 6: hafe ($2.53 in chips) 
Seat 7: Dorex2007 ($2 in chips) 
Seat 9: ondawarpaf ($2.80 in chips) 
hafe: posts small blind $0.01
Dorex2007: posts big blind $0.02
*** HOLE CARDS ***
Dealt to Dorex2007 [7h 5d]
ondawarpaf: folds 
kaspars191: folds 
Ab3Lo^^: raises $0.02 to $0.04
perffect16: folds 
hafe: folds 
Dorex2007: folds 
Uncalled bet ($0.02) returned to Ab3Lo^^
Ab3Lo^^ collected $0.05 from pot
Ab3Lo^^: doesn't show hand 
*** SUMMARY ***
Total pot $0.05 | Rake $0 
Seat 1: kaspars191 folded before Flop (didn't bet)
Seat 2: Ab3Lo^^ collected ($0.05)
Seat 5: perffect16 (button) folded before Flop (didn't bet)
Seat 6: hafe (small blind) folded before Flop
Seat 7: Dorex2007 (big blind) folded before Flop
Seat 9: ondawarpaf folded before Flop (didn't bet)



PokerStars Hand #236592011198:  Hold'em No Limit ($0.01/$0.02 USD) - 2022/06/05 15:42:05 PT [2022/06/05 18:42:05 ET]
Table 'Alioth IV' 9-max Seat #6 is the button
Seat 1: kaspars191 ($2.74 in chips) 
Seat 2: Ab3Lo^^ ($1.11 in chips) 
Seat 5: perffect16 ($1.94 in chips) 
Seat 6: hafe ($2.52 in chips) 
Seat 7: Dorex2007 ($2 in chips) 
Seat 9: ondawarpaf ($2.80 in chips) 
Dorex2007: posts small blind $0.01
ondawarpaf: posts big blind $0.02
*** HOLE CARDS ***
Dealt to Dorex2007 [Jd 8c]
kaspars191: folds 
Ab3Lo^^: calls $0.02
perffect16: folds 
hafe: raises $0.04 to $0.06
Dorex2007: folds 
ondawarpaf: folds 
Ab3Lo^^: calls $0.04
*** FLOP *** [5s 2h 5c]
Ab3Lo^^: checks 
hafe: bets $0.10
Ab3Lo^^: folds 
Uncalled bet ($0.10) returned to hafe
hafe collected $0.14 from pot
hafe: doesn't show hand 
*** SUMMARY ***
Total pot $0.15 | Rake $0.01 
Board [5s 2h 5c]
Seat 1: kaspars191 folded before Flop (didn't bet)
Seat 2: Ab3Lo^^ folded on the Flop
Seat 5: perffect16 folded before Flop (didn't bet)
Seat 6: hafe (button) collected ($0.14)
Seat 7: Dorex2007 (small blind) folded before Flop
Seat 9: ondawarpaf (big blind) folded before Flop



PokerStars Hand #236592019978:  Hold'em No Limit ($0.01/$0.02 USD) - 2022/06/05 15:42:30 PT [2022/06/05 18:42:30 ET]
Table 'Alioth IV' 9-max Seat #7 is the button
Seat 1: kaspars191 ($2.74 in chips) 
Seat 2: Ab3Lo^^ ($1.05 in chips) 
Seat 5: perffect16 ($1.94 in chips) 
Seat 6: hafe ($2.60 in chips) 
Seat 7: Dorex2007 ($2 in chips) 
Seat 9: ondawarpaf ($2.78 in chips) 
ondawarpaf: posts small blind $0.01
kaspars191: posts big blind $0.02
*** HOLE CARDS ***
Dealt to Dorex2007 [Ah 5s]
Ab3Lo^^: folds 
perffect16: calls $0.02
hafe: folds 
Dorex2007: folds 
ondawarpaf: calls $0.01
kaspars191: checks 
*** FLOP *** [4d As 9h]
ondawarpaf: checks 
kaspars191: checks 
perffect16: bets $0.02
ondawarpaf: folds 
t6666860 joins the table at seat #8 
kaspars191: folds 
Uncalled bet ($0.02) returned to perffect16
perffect16 collected $0.06 from pot
perffect16: doesn't show hand 
*** SUMMARY ***
Total pot $0.06 | Rake $0 
Board [4d As 9h]
Seat 1: kaspars191 (big blind) folded on the Flop
Seat 2: Ab3Lo^^ folded before Flop (didn't bet)
Seat 5: perffect16 collected ($0.06)
Seat 6: hafe folded before Flop (didn't bet)
Seat 7: Dorex2007 (button) folded before Flop (didn't bet)
Seat 9: ondawarpaf (small blind) folded on the Flop



PokerStars Hand #236592033960:  Hold'em No Limit ($0.01/$0.02 USD) - 2022/06/05 15:43:09 PT [2022/06/05 18:43:09 ET]
Table 'Alioth IV' 9-max Seat #9 is the button
Seat 1: kaspars191 ($2.72 in chips) 
Seat 2: Ab3Lo^^ ($1.05 in chips) 
Seat 5: perffect16 ($1.98 in chips) 
Seat 6: hafe ($2.60 in chips) 
Seat 7: Dorex2007 ($2 in chips) 
Seat 9: ondawarpaf ($2.76 in chips) 
kaspars191: posts small blind $0.01
Ab3Lo^^: posts big blind $0.02
t6666860: sits out 
*** HOLE CARDS ***
Dealt to Dorex2007 [2s 5d]
perffect16: folds 
hafe: folds 
Dorex2007: folds 
perffect16 leaves the table
ondawarpaf: folds 
LedeniCar joins the table at seat #3 
kaspars191: folds 
Uncalled bet ($0.01) returned to Ab3Lo^^
Ab3Lo^^ collected $0.02 from pot
Ab3Lo^^: doesn't show hand 
*** SUMMARY ***
Total pot $0.02 | Rake $0 
Seat 1: kaspars191 (small blind) folded before Flop
Seat 2: Ab3Lo^^ (big blind) collected ($0.02)
Seat 5: perffect16 folded before Flop (didn't bet)
Seat 6: hafe folded before Flop (didn't bet)
Seat 7: Dorex2007 folded before Flop (didn't bet)
Seat 9: ondawarpaf (button) folded before Flop (didn't bet)



PokerStars Hand #236592037645:  Hold'em No Limit ($0.01/$0.02 USD) - 2022/06/05 15:43:19 PT [2022/06/05 18:43:19 ET]
Table 'Alioth IV' 9-max Seat #1 is the button
Seat 1: kaspars191 ($2.71 in chips) 
Seat 2: Ab3Lo^^ ($1.06 in chips) 
Seat 3: LedeniCar ($1.60 in chips) 
Seat 6: hafe ($2.60 in chips) 
Seat 7: Dorex2007 ($2 in chips) 
Seat 9: ondawarpaf ($2.76 in chips) 
Ab3Lo^^: posts small blind $0.01
LedeniCar: posts big blind $0.02
t6666860: sits out 
*** HOLE CARDS ***
Dealt to Dorex2007 [7h 3d]
hafe: folds 
Dorex2007: folds 
ondawarpaf: folds 
perffect16 joins the table at seat #5 
kaspars191: folds 
Ab3Lo^^: calls $0.01
LedeniCar: checks 
*** FLOP *** [3s Qs Kd]
Ab3Lo^^: checks 
brian bb10 joins the table at seat #4 
LedeniCar: checks 
*** TURN *** [3s Qs Kd] [7d]
Ab3Lo^^: checks 
LedeniCar: bets $0.02
Ab3Lo^^: folds 
Uncalled bet ($0.02) returned to LedeniCar
LedeniCar collected $0.04 from pot
LedeniCar: doesn't show hand 
*** SUMMARY ***
Total pot $0.04 | Rake $0 
Board [3s Qs Kd 7d]
Seat 1: kaspars191 (button) folded before Flop (didn't bet)
Seat 2: Ab3Lo^^ (small blind) folded on the Turn
Seat 3: LedeniCar (big blind) collected ($0.04)
Seat 6: hafe folded before Flop (didn't bet)
Seat 7: Dorex2007 folded before Flop (didn't bet)
Seat 9: ondawarpaf folded before Flop (didn't bet)



PokerStars Hand #236592045932:  Hold'em No Limit ($0.01/$0.02 USD) - 2022/06/05 15:43:43 PT [2022/06/05 18:43:43 ET]
Table 'Alioth IV' 9-max Seat #2 is the button
Seat 1: kaspars191 ($2.71 in chips) 
Seat 2: Ab3Lo^^ ($1.04 in chips) 
Seat 3: LedeniCar ($1.62 in chips) 
Seat 4: brian bb10 ($1.60 in chips) 
Seat 6: hafe ($2.60 in chips) 
Seat 7: Dorex2007 ($2 in chips) 
Seat 8: t6666860 ($2 in chips) 
Seat 9: ondawarpaf ($2.76 in chips) 
LedeniCar: posts small blind $0.01
brian bb10: posts big blind $0.02
perffect16: sits out 
t6666860: posts big blind $0.02
*** HOLE CARDS ***
Dealt to Dorex2007 [2s 3s]
hafe: folds 
Dorex2007: folds 
t6666860: raises $0.08 to $0.10
ondawarpaf: folds 
kaspars191: folds 
Ab3Lo^^: calls $0.10
LedeniCar: folds 
brian bb10: folds 
*** FLOP *** [Ts Qd Qc]
t6666860: bets $0.08
Ab3Lo^^: folds 
Uncalled bet ($0.08) returned to t6666860
t6666860 collected $0.22 from pot
*** SUMMARY ***
Total pot $0.23 | Rake $0.01 
Board [Ts Qd Qc]
Seat 1: kaspars191 folded before Flop (didn't bet)
Seat 2: Ab3Lo^^ (button) folded on the Flop
Seat 3: LedeniCar (small blind) folded before Flop
Seat 4: brian bb10 (big blind) folded before Flop
Seat 6: hafe folded before Flop (didn't bet)
Seat 7: Dorex2007 folded before Flop (didn't bet)
Seat 8: t6666860 collected ($0.22)
Seat 9: ondawarpaf folded before Flop (didn't bet)



PokerStars Hand #236592055519:  Hold'em No Limit ($0.01/$0.02 USD) - 2022/06/05 15:44:10 PT [2022/06/05 18:44:10 ET]
Table 'Alioth IV' 9-max Seat #3 is the button
Seat 1: kaspars191 ($2.71 in chips) 
Seat 2: Ab3Lo^^ ($0.94 in chips) 
Seat 3: LedeniCar ($1.61 in chips) 
Seat 4: brian bb10 ($1.58 in chips) 
Seat 5: perffect16 ($1.98 in chips) 
Seat 6: hafe ($2.60 in chips) 
Seat 7: Dorex2007 ($2 in chips) 
Seat 8: t6666860 ($2.12 in chips) 
Seat 9: ondawarpaf ($2.76 in chips) 
brian bb10: posts small blind $0.01
perffect16: posts big blind $0.02
*** HOLE CARDS ***
Dealt to Dorex2007 [3s 4s]
hafe: folds 
Dorex2007: folds 
t6666860: folds 
ondawarpaf: folds 
kaspars191: folds 
Ab3Lo^^: calls $0.02
LedeniCar: folds 
brian bb10: calls $0.01
perffect16: checks 
*** FLOP *** [Ac 5h 6s]
brian bb10: checks 
perffect16: checks 
Ab3Lo^^: bets $0.04
brian bb10: calls $0.04
perffect16: folds 
*** TURN *** [Ac 5h 6s] [9c]
brian bb10: checks 
Ab3Lo^^: bets $0.04
brian bb10: calls $0.04
*** RIVER *** [Ac 5h 6s 9c] [8c]
brian bb10: checks 
Ab3Lo^^: bets $0.08
brian bb10: folds 
Uncalled bet ($0.08) returned to Ab3Lo^^
Ab3Lo^^ collected $0.21 from pot
Ab3Lo^^: doesn't show hand 
*** SUMMARY ***
Total pot $0.22 | Rake $0.01 
Board [Ac 5h 6s 9c 8c]
Seat 1: kaspars191 folded before Flop (didn't bet)
Seat 2: Ab3Lo^^ collected ($0.21)
Seat 3: LedeniCar (button) folded before Flop (didn't bet)
Seat 4: brian bb10 (small blind) folded on the River
Seat 5: perffect16 (big blind) folded on the Flop
Seat 6: hafe folded before Flop (didn't bet)
Seat 7: Dorex2007 folded before Flop (didn't bet)
Seat 8: t6666860 folded before Flop (didn't bet)
Seat 9: ondawarpaf folded before Flop (didn't bet)



PokerStars Hand #236592077217:  Hold'em No Limit ($0.01/$0.02 USD) - 2022/06/05 15:45:12 PT [2022/06/05 18:45:12 ET]
Table 'Alioth IV' 9-max Seat #4 is the button
Seat 1: kaspars191 ($2.71 in chips) 
Seat 2: Ab3Lo^^ ($1.05 in chips) 
Seat 3: LedeniCar ($1.61 in chips) 
Seat 4: brian bb10 ($1.48 in chips) 
Seat 5: perffect16 ($1.96 in chips) 
Seat 6: hafe ($2.60 in chips) 
Seat 7: Dorex2007 ($2 in chips) 
Seat 8: t6666860 ($2.12 in chips) 
Seat 9: ondawarpaf ($2.76 in chips) 
perffect16: posts small blind $0.01
hafe: posts big blind $0.02
*** HOLE CARDS ***
Dealt to Dorex2007 [Ac Jh]
Dorex2007: folds 
t6666860: raises $0.08 to $0.10
ondawarpaf: folds 
kaspars191: folds 
Ab3Lo^^: folds 
LedeniCar: folds 
brian bb10: folds 
perffect16: folds 
hafe: folds 
Uncalled bet ($0.08) returned to t6666860
t6666860 collected $0.05 from pot
*** SUMMARY ***
Total pot $0.05 | Rake $0 
Seat 1: kaspars191 folded before Flop (didn't bet)
Seat 2: Ab3Lo^^ folded before Flop (didn't bet)
Seat 3: LedeniCar folded before Flop (didn't bet)
Seat 4: brian bb10 (button) folded before Flop (didn't bet)
Seat 5: perffect16 (small blind) folded before Flop
Seat 6: hafe (big blind) folded before Flop
Seat 7: Dorex2007 folded before Flop (didn't bet)
Seat 8: t6666860 collected ($0.05)
Seat 9: ondawarpaf folded before Flop (didn't bet)



PokerStars Hand #236592085146:  Hold'em No Limit ($0.01/$0.02 USD) - 2022/06/05 15:45:35 PT [2022/06/05 18:45:35 ET]
Table 'Alioth IV' 9-max Seat #5 is the button
Seat 1: kaspars191 ($2.71 in chips) 
Seat 2: Ab3Lo^^ ($1.05 in chips) 
Seat 3: LedeniCar ($1.61 in chips) 
Seat 4: brian bb10 ($1.48 in chips) 
Seat 5: perffect16 ($1.95 in chips) 
Seat 6: hafe ($2.58 in chips) 
Seat 7: Dorex2007 ($2 in chips) 
Seat 8: t6666860 ($2.15 in chips) 
Seat 9: ondawarpaf ($2.76 in chips) 
hafe: posts small blind $0.01
Dorex2007: posts big blind $0.02
*** HOLE CARDS ***
Dealt to Dorex2007 [3h Kd]
t6666860: folds 
ondawarpaf: folds 
kaspars191: folds 
Ab3Lo^^: calls $0.02
LedeniCar: folds 
brian bb10: folds 
perffect16: folds 
hafe: folds 
Dorex2007: checks 
*** FLOP *** [7s Td 8d]
Dorex2007: checks 
Ab3Lo^^: bets $0.04
Dorex2007: folds 
Uncalled bet ($0.04) returned to Ab3Lo^^
Ab3Lo^^ collected $0.05 from pot
Ab3Lo^^: doesn't show hand 
*** SUMMARY ***
Total pot $0.05 | Rake $0 
Board [7s Td 8d]
Seat 1: kaspars191 folded before Flop (didn't bet)
Seat 2: Ab3Lo^^ collected ($0.05)
Seat 3: LedeniCar folded before Flop (didn't bet)
Seat 4: brian bb10 folded before Flop (didn't bet)
Seat 5: perffect16 (button) folded before Flop (didn't bet)
Seat 6: hafe (small blind) folded before Flop
Seat 7: Dorex2007 (big blind) folded on the Flop
Seat 8: t6666860 folded before Flop (didn't bet)
Seat 9: ondawarpaf folded before Flop (didn't bet)



PokerStars Hand #236592094543:  Hold'em No Limit ($0.01/$0.02 USD) - 2022/06/05 15:46:01 PT [2022/06/05 18:46:01 ET]
Table 'Alioth IV' 9-max Seat #6 is the button
Seat 1: kaspars191 ($2.71 in chips) 
Seat 2: Ab3Lo^^ ($1.08 in chips) 
Seat 3: LedeniCar ($1.61 in chips) 
Seat 4: brian bb10 ($1.48 in chips) 
Seat 5: perffect16 ($1.95 in chips) 
Seat 6: hafe ($2.57 in chips) 
Seat 7: Dorex2007 ($2 in chips) 
Seat 8: t6666860 ($2.15 in chips) 
Seat 9: ondawarpaf ($2.76 in chips) 
Dorex2007: posts small blind $0.01
t6666860: posts big blind $0.02
*** HOLE CARDS ***
Dealt to Dorex2007 [Js Ks]
ondawarpaf: folds 
kaspars191: folds 
Ab3Lo^^: folds 
LedeniCar: raises $0.03 to $0.05
brian bb10: raises $0.03 to $0.08
perffect16: calls $0.08
hafe: folds 
Dorex2007: folds 
t6666860: calls $0.06
LedeniCar: calls $0.03
*** FLOP *** [9c 4d Tc]
t6666860: bets $0.06
LedeniCar: calls $0.06
brian bb10: raises $0.50 to $0.56
perffect16: folds 
t6666860: folds 
LedeniCar: raises $0.97 to $1.53 and is all-in
brian bb10: calls $0.84 and is all-in
Uncalled bet ($0.13) returned to LedeniCar
*** TURN *** [9c 4d Tc] [4h]
*** RIVER *** [9c 4d Tc 4h] [5s]
*** SHOW DOWN ***
LedeniCar: shows [Td 6d] (two pair, Tens and Fours)
brian bb10: shows [Jc Qh] (a pair of Fours)
LedeniCar cashed out the hand for $1.55 | Cash Out Fee $0.02
brian bb10 cashed out the hand for $1.49 | Cash Out Fee $0.02
*** SUMMARY ***
Total pot $3.19 | Rake $0.11 
Board [9c 4d Tc 4h 5s]
Seat 1: kaspars191 folded before Flop (didn't bet)
Seat 2: Ab3Lo^^ folded before Flop (didn't bet)
Seat 3: LedeniCar showed [Td 6d] and won ($3.08) with two pair, Tens and Fours (pot not awarded as player cashed out)
Seat 4: brian bb10 showed [Jc Qh] and lost with a pair of Fours (cashed out).
Seat 5: perffect16 folded on the Flop
Seat 6: hafe (button) folded before Flop (didn't bet)
Seat 7: Dorex2007 (small blind) folded before Flop
Seat 8: t6666860 (big blind) folded on the Flop
Seat 9: ondawarpaf folded before Flop (didn't bet)



PokerStars Hand #236592112738:  Hold'em No Limit ($0.01/$0.02 USD) - 2022/06/05 15:46:53 PT [2022/06/05 18:46:53 ET]
Table 'Alioth IV' 9-max Seat #7 is the button
Seat 1: kaspars191 ($2.71 in chips) 
Seat 2: Ab3Lo^^ ($1.08 in chips) 
Seat 3: LedeniCar ($1.68 in chips) 
Seat 4: brian bb10 ($1.49 in chips) 
Seat 5: perffect16 ($1.87 in chips) 
Seat 6: hafe ($2.57 in chips) 
Seat 7: Dorex2007 ($2 in chips) 
Seat 8: t6666860 ($2.01 in chips) 
Seat 9: ondawarpaf ($2.76 in chips) 
t6666860: posts small blind $0.01
ondawarpaf: posts big blind $0.02
*** HOLE CARDS ***
Dealt to Dorex2007 [8d 4s]
kaspars191: folds 
Ab3Lo^^: calls $0.02
LedeniCar: folds 
brian bb10: calls $0.02
perffect16: folds 
kaspars191 leaves the table
hafe: raises $0.10 to $0.12
Dorex2007: folds 
t6666860: folds 
ondawarpaf: folds 
Ab3Lo^^: calls $0.10
brian bb10: calls $0.10
*** FLOP *** [Jc 8s Kh]
geyza15 joins the table at seat #1 
Ab3Lo^^: checks 
brian bb10: checks 
hafe: bets $0.30
Ab3Lo^^: raises $0.66 to $0.96 and is all-in
brian bb10: folds 
hafe: folds 
Uncalled bet ($0.66) returned to Ab3Lo^^
Ab3Lo^^ collected $0.96 from pot
Ab3Lo^^: doesn't show hand 
*** SUMMARY ***
Total pot $0.99 | Rake $0.03 
Board [Jc 8s Kh]
Seat 1: kaspars191 folded before Flop (didn't bet)
Seat 2: Ab3Lo^^ collected ($0.96)
Seat 3: LedeniCar folded before Flop (didn't bet)
Seat 4: brian bb10 folded on the Flop
Seat 5: perffect16 folded before Flop (didn't bet)
Seat 6: hafe folded on the Flop
Seat 7: Dorex2007 (button) folded before Flop (didn't bet)
Seat 8: t6666860 (small blind) folded before Flop
Seat 9: ondawarpaf (big blind) folded before Flop



PokerStars Hand #236592130304:  Hold'em No Limit ($0.01/$0.02 USD) - 2022/06/05 15:47:44 PT [2022/06/05 18:47:44 ET]
Table 'Alioth IV' 9-max Seat #8 is the button
Seat 1: geyza15 ($2 in chips) 
Seat 2: Ab3Lo^^ ($1.62 in chips) 
Seat 3: LedeniCar ($1.68 in chips) 
Seat 4: brian bb10 ($1.37 in chips) 
Seat 5: perffect16 ($1.87 in chips) 
Seat 6: hafe ($2.15 in chips) 
Seat 7: Dorex2007 ($2 in chips) 
Seat 8: t6666860 ($2 in chips) 
Seat 9: ondawarpaf ($2.74 in chips) 
ondawarpaf: posts small blind $0.01
geyza15: posts big blind $0.02
*** HOLE CARDS ***
Dealt to Dorex2007 [7h Jc]
Ab3Lo^^: calls $0.02
LedeniCar: calls $0.02
brian bb10: calls $0.02
perffect16: folds 
hafe: raises $0.10 to $0.12
Dorex2007: folds 
t6666860: calls $0.12
ondawarpaf: folds 
geyza15: folds 
Ab3Lo^^: calls $0.10
LedeniCar: calls $0.10
brian bb10: calls $0.10
*** FLOP *** [6h Ts 7c]
Ab3Lo^^: checks 
LedeniCar: checks 
brian bb10: checks 
hafe: checks 
t6666860: bets $0.61
Ab3Lo^^: folds 
LedeniCar: folds 
brian bb10: folds 
hafe: folds 
Uncalled bet ($0.61) returned to t6666860
t6666860 collected $0.61 from pot
*** SUMMARY ***
Total pot $0.63 | Rake $0.02 
Board [6h Ts 7c]
Seat 1: geyza15 (big blind) folded before Flop
Seat 2: Ab3Lo^^ folded on the Flop
Seat 3: LedeniCar folded on the Flop
Seat 4: brian bb10 folded on the Flop
Seat 5: perffect16 folded before Flop (didn't bet)
Seat 6: hafe folded on the Flop
Seat 7: Dorex2007 folded before Flop (didn't bet)
Seat 8: t6666860 (button) collected ($0.61)
Seat 9: ondawarpaf (small blind) folded before Flop



PokerStars Hand #236592147268:  Hold'em No Limit ($0.01/$0.02 USD) - 2022/06/05 15:48:33 PT [2022/06/05 18:48:33 ET]
Table 'Alioth IV' 9-max Seat #9 is the button
Seat 1: geyza15 ($2 in chips) 
Seat 2: Ab3Lo^^ ($1.50 in chips) 
Seat 3: LedeniCar ($1.56 in chips) 
Seat 4: brian bb10 ($1.25 in chips) 
Seat 5: perffect16 ($1.87 in chips) 
Seat 6: hafe ($2.03 in chips) 
Seat 7: Dorex2007 ($2 in chips) 
Seat 8: t6666860 ($2.49 in chips) 
Seat 9: ondawarpaf ($2.73 in chips) 
geyza15: posts small blind $0.01
Ab3Lo^^: posts big blind $0.02
*** HOLE CARDS ***
Dealt to Dorex2007 [3s Td]
LedeniCar: folds 
brian bb10: calls $0.02
perffect16: folds 
hafe: folds 
Dorex2007: folds 
t6666860: raises $2.47 to $2.49 and is all-in
ondawarpaf: folds 
geyza15: folds 
Ab3Lo^^: folds 
brian bb10: folds 
Uncalled bet ($2.47) returned to t6666860
Ab3Lo^^ leaves the table
t6666860 collected $0.07 from pot
*** SUMMARY ***
Total pot $0.07 | Rake $0 
Seat 1: geyza15 (small blind) folded before Flop
Seat 2: Ab3Lo^^ (big blind) folded before Flop
Seat 3: LedeniCar folded before Flop (didn't bet)
Seat 4: brian bb10 folded before Flop
Seat 5: perffect16 folded before Flop (didn't bet)
Seat 6: hafe folded before Flop (didn't bet)
Seat 7: Dorex2007 folded before Flop (didn't bet)
Seat 8: t6666860 collected ($0.07)
Seat 9: ondawarpaf (button) folded before Flop (didn't bet)



PokerStars Hand #236592154561:  Hold'em No Limit ($0.01/$0.02 USD) - 2022/06/05 15:48:54 PT [2022/06/05 18:48:54 ET]
Table 'Alioth IV' 9-max Seat #1 is the button
Seat 1: geyza15 ($2 in chips) 
Seat 3: LedeniCar ($1.56 in chips) 
Seat 4: brian bb10 ($1.23 in chips) 
Seat 5: perffect16 ($2 in chips) 
Seat 6: hafe ($2.03 in chips) 
Seat 7: Dorex2007 ($2 in chips) 
Seat 8: t6666860 ($2.54 in chips) 
Seat 9: ondawarpaf ($2.73 in chips) 
LedeniCar: posts small blind $0.01
brian bb10: posts big blind $0.02
*** HOLE CARDS ***
Dealt to Dorex2007 [4d 3c]
perffect16: calls $0.02
hafe: raises $0.04 to $0.06
Dorex2007: folds 
t6666860: folds 
ondawarpaf: folds 
geyza15: calls $0.06
LedeniCar: folds 
brian bb10: calls $0.04
perffect16: folds 
*** FLOP *** [2d Jd 7d]
brian bb10: checks 
hafe: bets $0.14
geyza15: folds 
brian bb10: calls $0.14
*** TURN *** [2d Jd 7d] [5d]
mangacha11 joins the table at seat #2 
brian bb10: checks 
hafe: checks 
*** RIVER *** [2d Jd 7d 5d] [Js]
brian bb10: bets $0.47
hafe: folds 
Uncalled bet ($0.47) returned to brian bb10
brian bb10 collected $0.47 from pot
brian bb10: doesn't show hand 
*** SUMMARY ***
Total pot $0.49 | Rake $0.02 
Board [2d Jd 7d 5d Js]
Seat 1: geyza15 (button) folded on the Flop
Seat 3: LedeniCar (small blind) folded before Flop
Seat 4: brian bb10 (big blind) collected ($0.47)
Seat 5: perffect16 folded before Flop
Seat 6: hafe folded on the River
Seat 7: Dorex2007 folded before Flop (didn't bet)
Seat 8: t6666860 folded before Flop (didn't bet)
Seat 9: ondawarpaf folded before Flop (didn't bet)



PokerStars Hand #236592172509:  Hold'em No Limit ($0.01/$0.02 USD) - 2022/06/05 15:49:46 PT [2022/06/05 18:49:46 ET]
Table 'Alioth IV' 9-max Seat #3 is the button
Seat 1: geyza15 ($2 in chips) 
Seat 3: LedeniCar ($1.55 in chips) 
Seat 4: brian bb10 ($1.50 in chips) 
Seat 5: perffect16 ($1.98 in chips) 
Seat 6: hafe ($1.83 in chips) 
Seat 7: Dorex2007 ($2 in chips) 
Seat 8: t6666860 ($2.54 in chips) 
Seat 9: ondawarpaf ($2.73 in chips) 
brian bb10: posts small blind $0.01
perffect16: posts big blind $0.02
mangacha11: sits out 
*** HOLE CARDS ***
Dealt to Dorex2007 [5d 2c]
hafe: folds 
Dorex2007: folds 
t6666860: folds 
ondawarpaf: folds 
geyza15: folds 
LedeniCar: raises $0.02 to $0.04
brian bb10: calls $0.03
perffect16: calls $0.02
*** FLOP *** [8s Kh Ts]
brian bb10: checks 
perffect16: bets $0.06
LedeniCar: calls $0.06
brian bb10: calls $0.06
*** TURN *** [8s Kh Ts] [7h]
brian bb10: checks 
perffect16: checks 
LedeniCar: checks 
*** RIVER *** [8s Kh Ts 7h] [As]
brian bb10: checks 
perffect16: bets $0.29
LedeniCar: folds 
brian bb10: folds 
Uncalled bet ($0.29) returned to perffect16
perffect16 collected $0.29 from pot
perffect16: doesn't show hand 
*** SUMMARY ***
Total pot $0.30 | Rake $0.01 
Board [8s Kh Ts 7h As]
Seat 1: geyza15 folded before Flop (didn't bet)
Seat 3: LedeniCar (button) folded on the River
Seat 4: brian bb10 (small blind) folded on the River
Seat 5: perffect16 (big blind) collected ($0.29)
Seat 6: hafe folded before Flop (didn't bet)
Seat 7: Dorex2007 folded before Flop (didn't bet)
Seat 8: t6666860 folded before Flop (didn't bet)
Seat 9: ondawarpaf folded before Flop (didn't bet)



PokerStars Hand #236592193581:  Hold'em No Limit ($0.01/$0.02 USD) - 2022/06/05 15:50:48 PT [2022/06/05 18:50:48 ET]
Table 'Alioth IV' 9-max Seat #4 is the button
Seat 1: geyza15 ($2 in chips) 
Seat 3: LedeniCar ($1.45 in chips) 
Seat 4: brian bb10 ($1.40 in chips) 
Seat 5: perffect16 ($2.17 in chips) 
Seat 6: hafe ($1.83 in chips) 
Seat 7: Dorex2007 ($2 in chips) 
Seat 8: t6666860 ($2.54 in chips) 
Seat 9: ondawarpaf ($2.73 in chips) 
perffect16: posts small blind $0.01
hafe: posts big blind $0.02
mangacha11: sits out 
*** HOLE CARDS ***
Dealt to Dorex2007 [Th 6s]
Dorex2007: folds 
t6666860: calls $0.02
ondawarpaf: folds 
geyza15: folds 
LedeniCar: folds 
brian bb10: calls $0.02
perffect16: calls $0.01
hafe: checks 
*** FLOP *** [6d 9c 4d]
perffect16: checks 
hafe: checks 
t6666860: bets $0.04
brian bb10: calls $0.04
perffect16: folds 
hafe: folds 
*** TURN *** [6d 9c 4d] [Kh]
t6666860: checks 
brian bb10: checks 
*** RIVER *** [6d 9c 4d Kh] [7d]
t6666860: checks 
brian bb10: checks 
*** SHOW DOWN ***
t6666860: shows [Ac 9d] (a pair of Nines)
brian bb10: mucks hand 
t6666860 collected $0.15 from pot
*** SUMMARY ***
Total pot $0.16 | Rake $0.01 
Board [6d 9c 4d Kh 7d]
Seat 1: geyza15 folded before Flop (didn't bet)
Seat 3: LedeniCar folded before Flop (didn't bet)
Seat 4: brian bb10 (button) mucked [4h 2h]
Seat 5: perffect16 (small blind) folded on the Flop
Seat 6: hafe (big blind) folded on the Flop
Seat 7: Dorex2007 folded before Flop (didn't bet)
Seat 8: t6666860 showed [Ac 9d] and won ($0.15) with a pair of Nines
Seat 9: ondawarpaf folded before Flop (didn't bet)



PokerStars Hand #236592208888:  Hold'em No Limit ($0.01/$0.02 USD) - 2022/06/05 15:51:33 PT [2022/06/05 18:51:33 ET]
Table 'Alioth IV' 9-max Seat #5 is the button
Seat 1: geyza15 ($2 in chips) 
Seat 3: LedeniCar ($1.45 in chips) 
Seat 4: brian bb10 ($1.34 in chips) 
Seat 5: perffect16 ($2.15 in chips) 
Seat 6: hafe ($1.81 in chips) 
Seat 7: Dorex2007 ($2 in chips) 
Seat 8: t6666860 ($2.63 in chips) 
Seat 9: ondawarpaf ($2.73 in chips) 
hafe: posts small blind $0.01
Dorex2007: posts big blind $0.02
mangacha11: sits out 
*** HOLE CARDS ***
Dealt to Dorex2007 [Js Ad]
t6666860: folds 
ondawarpaf: calls $0.02
geyza15: folds 
LedeniCar: folds 
brian bb10: raises $0.02 to $0.04
perffect16: raises $0.02 to $0.06
hafe: folds 
Dorex2007: calls $0.04
ondawarpaf: calls $0.04
brian bb10: calls $0.02
*** FLOP *** [2d 4h 7h]
Dorex2007: checks 
ondawarpaf: checks 
brian bb10: bets $0.24
perffect16: folds 
Dorex2007: folds 
ondawarpaf: folds 
Uncalled bet ($0.24) returned to brian bb10
brian bb10 collected $0.24 from pot
brian bb10: doesn't show hand 
*** SUMMARY ***
Total pot $0.25 | Rake $0.01 
Board [2d 4h 7h]
Seat 1: geyza15 folded before Flop (didn't bet)
Seat 3: LedeniCar folded before Flop (didn't bet)
Seat 4: brian bb10 collected ($0.24)
Seat 5: perffect16 (button) folded on the Flop
Seat 6: hafe (small blind) folded before Flop
Seat 7: Dorex2007 (big blind) folded on the Flop
Seat 8: t6666860 folded before Flop (didn't bet)
Seat 9: ondawarpaf folded on the Flop



PokerStars Hand #236592223385:  Hold'em No Limit ($0.01/$0.02 USD) - 2022/06/05 15:52:16 PT [2022/06/05 18:52:16 ET]
Table 'Alioth IV' 9-max Seat #6 is the button
Seat 1: geyza15 ($2 in chips) 
Seat 3: LedeniCar ($1.45 in chips) 
Seat 4: brian bb10 ($1.52 in chips) 
Seat 5: perffect16 ($2.09 in chips) 
Seat 6: hafe ($1.80 in chips) 
Seat 7: Dorex2007 ($2 in chips) 
Seat 8: t6666860 ($2.63 in chips) 
Seat 9: ondawarpaf ($2.67 in chips) 
Dorex2007: posts small blind $0.01
t6666860: posts big blind $0.02
mangacha11: sits out 
*** HOLE CARDS ***
Dealt to Dorex2007 [3s Tc]
ondawarpaf: folds 
geyza15: folds 
LedeniCar: calls $0.02
brian bb10: calls $0.02
perffect16: folds 
hafe: folds 
Dorex2007: folds 
t6666860: checks 
*** FLOP *** [3c 9h 5h]
t6666860: bets $0.02
LedeniCar: calls $0.02
brian bb10: calls $0.02
*** TURN *** [3c 9h 5h] [6c]
t6666860: bets $0.06
LedeniCar: calls $0.06
brian bb10: calls $0.06
*** RIVER *** [3c 9h 5h 6c] [Kc]
t6666860: checks 
LedeniCar: bets $0.20
brian bb10: folds 
t6666860: folds 
Uncalled bet ($0.20) returned to LedeniCar
LedeniCar collected $0.30 from pot
LedeniCar: doesn't show hand 
*** SUMMARY ***
Total pot $0.31 | Rake $0.01 
Board [3c 9h 5h 6c Kc]
Seat 1: geyza15 folded before Flop (didn't bet)
Seat 3: LedeniCar collected ($0.30)
Seat 4: brian bb10 folded on the River
Seat 5: perffect16 folded before Flop (didn't bet)
Seat 6: hafe (button) folded before Flop (didn't bet)
Seat 7: Dorex2007 (small blind) folded before Flop
Seat 8: t6666860 (big blind) folded on the River
Seat 9: ondawarpaf folded before Flop (didn't bet)



PokerStars Hand #236592243524:  Hold'em No Limit ($0.01/$0.02 USD) - 2022/06/05 15:53:17 PT [2022/06/05 18:53:17 ET]
Table 'Alioth IV' 9-max Seat #7 is the button
Seat 1: geyza15 ($2 in chips) 
Seat 3: LedeniCar ($1.65 in chips) 
Seat 4: brian bb10 ($1.42 in chips) 
Seat 5: perffect16 ($2.09 in chips) 
Seat 6: hafe ($1.80 in chips) 
Seat 7: Dorex2007 ($2 in chips) 
Seat 8: t6666860 ($2.53 in chips) 
Seat 9: ondawarpaf ($2.67 in chips) 
t6666860: posts small blind $0.01
ondawarpaf: posts big blind $0.02
mangacha11: sits out 
*** HOLE CARDS ***
Dealt to Dorex2007 [Qs 2d]
geyza15: folds 
LedeniCar: folds 
brian bb10: calls $0.02
perffect16: folds 
hafe: folds 
Dorex2007: folds 
t6666860: folds 
ondawarpaf: checks 
*** FLOP *** [8c 5h Ts]
ondawarpaf: checks 
brian bb10: checks 
*** TURN *** [8c 5h Ts] [8h]
ondawarpaf: checks 
brian bb10: bets $0.02
ondawarpaf: folds 
Uncalled bet ($0.02) returned to brian bb10
brian bb10 collected $0.05 from pot
brian bb10: doesn't show hand 
*** SUMMARY ***
Total pot $0.05 | Rake $0 
Board [8c 5h Ts 8h]
Seat 1: geyza15 folded before Flop (didn't bet)
Seat 3: LedeniCar folded before Flop (didn't bet)
Seat 4: brian bb10 collected ($0.05)
Seat 5: perffect16 folded before Flop (didn't bet)
Seat 6: hafe folded before Flop (didn't bet)
Seat 7: Dorex2007 (button) folded before Flop (didn't bet)
Seat 8: t6666860 (small blind) folded before Flop
Seat 9: ondawarpaf (big blind) folded on the Turn



PokerStars Hand #236592250085:  Hold'em No Limit ($0.01/$0.02 USD) - 2022/06/05 15:53:36 PT [2022/06/05 18:53:36 ET]
Table 'Alioth IV' 9-max Seat #8 is the button
Seat 1: geyza15 ($2 in chips) 
Seat 3: LedeniCar ($1.65 in chips) 
Seat 4: brian bb10 ($1.45 in chips) 
Seat 5: perffect16 ($2.09 in chips) 
Seat 6: hafe ($1.80 in chips) 
Seat 7: Dorex2007 ($2 in chips) 
Seat 8: t6666860 ($2.52 in chips) 
Seat 9: ondawarpaf ($2.65 in chips) 
ondawarpaf: posts small blind $0.01
geyza15: posts big blind $0.02
mangacha11: sits out 
*** HOLE CARDS ***
Dealt to Dorex2007 [6d 4h]
LedeniCar: calls $0.02
brian bb10: calls $0.02
perffect16: folds 
hafe: folds 
Dorex2007: folds 
t6666860: calls $0.02
ondawarpaf: calls $0.01
geyza15: checks 
*** FLOP *** [Ts 3h Kc]
ondawarpaf: checks 
geyza15: checks 
LedeniCar: checks 
brian bb10: checks 
t6666860: checks 
*** TURN *** [Ts 3h Kc] [5h]
ondawarpaf: bets $0.04
geyza15: folds 
LedeniCar: calls $0.04
brian bb10: calls $0.04
t6666860: calls $0.04
*** RIVER *** [Ts 3h Kc 5h] [5d]
ondawarpaf: bets $0.08
LedeniCar: calls $0.08
brian bb10: folds 
t6666860: raises $2.38 to $2.46 and is all-in
ondawarpaf: folds 
LedeniCar: folds 
Uncalled bet ($2.38) returned to t6666860
t6666860 collected $0.48 from pot
*** SUMMARY ***
Total pot $0.50 | Rake $0.02 
Board [Ts 3h Kc 5h 5d]
Seat 1: geyza15 (big blind) folded on the Turn
Seat 3: LedeniCar folded on the River
Seat 4: brian bb10 folded on the River
Seat 5: perffect16 folded before Flop (didn't bet)
Seat 6: hafe folded before Flop (didn't bet)
Seat 7: Dorex2007 folded before Flop (didn't bet)
Seat 8: t6666860 (button) collected ($0.48)
Seat 9: ondawarpaf (small blind) folded on the River



PokerStars Hand #236592268051:  Hold'em No Limit ($0.01/$0.02 USD) - 2022/06/05 15:54:30 PT [2022/06/05 18:54:30 ET]
Table 'Alioth IV' 9-max Seat #9 is the button
Seat 1: geyza15 ($2 in chips) 
Seat 2: mangacha11 ($0.80 in chips) 
Seat 3: LedeniCar ($1.51 in chips) 
Seat 4: brian bb10 ($1.39 in chips) 
Seat 5: perffect16 ($2.09 in chips) 
Seat 6: hafe ($1.80 in chips) 
Seat 7: Dorex2007 ($2 in chips) 
Seat 8: t6666860 ($2.86 in chips) 
Seat 9: ondawarpaf ($2.51 in chips) 
geyza15: posts small blind $0.01
mangacha11: posts big blind $0.02
*** HOLE CARDS ***
Dealt to Dorex2007 [Jh 7s]
LedeniCar: calls $0.02
brian bb10: calls $0.02
perffect16: calls $0.02
hafe: folds 
Dorex2007: folds 
t6666860: folds 
ondawarpaf: folds 
geyza15: calls $0.01
mangacha11: checks 
*** FLOP *** [7d Qh Td]
geyza15: checks 
mangacha11: checks 
LedeniCar: checks 
brian bb10: bets $0.10
perffect16: folds 
geyza15: folds 
mangacha11: folds 
LedeniCar: folds 
Uncalled bet ($0.10) returned to brian bb10
brian bb10 collected $0.10 from pot
brian bb10: doesn't show hand 
*** SUMMARY ***
Total pot $0.10 | Rake $0 
Board [7d Qh Td]
Seat 1: geyza15 (small blind) folded on the Flop
Seat 2: mangacha11 (big blind) folded on the Flop
Seat 3: LedeniCar folded on the Flop
Seat 4: brian bb10 collected ($0.10)
Seat 5: perffect16 folded on the Flop
Seat 6: hafe folded before Flop (didn't bet)
Seat 7: Dorex2007 folded before Flop (didn't bet)
Seat 8: t6666860 folded before Flop (didn't bet)
Seat 9: ondawarpaf (button) folded before Flop (didn't bet)



PokerStars Hand #236592283431:  Hold'em No Limit ($0.01/$0.02 USD) - 2022/06/05 15:55:06 PT [2022/06/05 18:55:06 ET]
Table 'Alioth IV' 9-max Seat #1 is the button
Seat 1: geyza15 ($2 in chips) 
Seat 2: mangacha11 ($0.78 in chips) 
Seat 3: LedeniCar ($1.49 in chips) 
Seat 4: brian bb10 ($1.47 in chips) 
Seat 5: perffect16 ($2.07 in chips) 
Seat 6: hafe ($1.80 in chips) 
Seat 7: Dorex2007 ($2 in chips) 
Seat 8: t6666860 ($2.86 in chips) 
Seat 9: ondawarpaf ($2.51 in chips) 
mangacha11: posts small blind $0.01
LedeniCar: posts big blind $0.02
*** HOLE CARDS ***
Dealt to Dorex2007 [2c 8h]
brian bb10: calls $0.02
perffect16: raises $0.04 to $0.06
hafe: folds 
Dorex2007: folds 
t6666860: raises $0.10 to $0.16
ondawarpaf: folds 
geyza15: folds 
mangacha11: folds 
LedeniCar: calls $0.14
brian bb10: calls $0.14
perffect16: calls $0.10
*** FLOP *** [Jh As 2s]
LedeniCar: checks 
brian bb10: bets $0.02
perffect16: calls $0.02
t6666860: calls $0.02
LedeniCar: calls $0.02
*** TURN *** [Jh As 2s] [6d]
LedeniCar: checks 
brian bb10: bets $0.02
perffect16: calls $0.02
t6666860: calls $0.02
LedeniCar: raises $1.29 to $1.31 and is all-in
brian bb10: folds 
perffect16: folds 
t6666860: folds 
Uncalled bet ($1.29) returned to LedeniCar
LedeniCar collected $0.78 from pot
LedeniCar: doesn't show hand 
*** SUMMARY ***
Total pot $0.81 | Rake $0.03 
Board [Jh As 2s 6d]
Seat 1: geyza15 (button) folded before Flop (didn't bet)
Seat 2: mangacha11 (small blind) folded before Flop
Seat 3: LedeniCar (big blind) collected ($0.78)
Seat 4: brian bb10 folded on the Turn
Seat 5: perffect16 folded on the Turn
Seat 6: hafe folded before Flop (didn't bet)
Seat 7: Dorex2007 folded before Flop (didn't bet)
Seat 8: t6666860 folded on the Turn
Seat 9: ondawarpaf folded before Flop (didn't bet)



PokerStars Hand #236592294775:  Hold'em No Limit ($0.01/$0.02 USD) - 2022/06/05 15:55:54 PT [2022/06/05 18:55:54 ET]
Table 'Alioth IV' 9-max Seat #2 is the button
Seat 1: geyza15 ($2 in chips) 
Seat 2: mangacha11 ($0.77 in chips) 
Seat 3: LedeniCar ($2.07 in chips) 
Seat 5: perffect16 ($1.87 in chips) 
Seat 6: hafe ($1.80 in chips) 
Seat 7: Dorex2007 ($2 in chips) 
Seat 8: t6666860 ($2.66 in chips) 
Seat 9: ondawarpaf ($2.51 in chips) 
LedeniCar: posts small blind $0.01
brian bb10: is sitting out 
perffect16: posts big blind $0.02
*** HOLE CARDS ***
Dealt to Dorex2007 [Ah 2c]
hafe: folds 
Dorex2007: folds 
t6666860: folds 
ondawarpaf: folds 
brian bb10 leaves the table
geyza15: folds 
mangacha11: calls $0.02
LedeniCar: calls $0.01
perffect16: checks 
*** FLOP *** [8c 3h Kh]
LedeniCar: checks 
perffect16: checks 
mangacha11: bets $0.04
LedeniCar: folds 
perffect16: folds 
Uncalled bet ($0.04) returned to mangacha11
mangacha11 collected $0.06 from pot
mangacha11: doesn't show hand 
*** SUMMARY ***
Total pot $0.06 | Rake $0 
Board [8c 3h Kh]
Seat 1: geyza15 folded before Flop (didn't bet)
Seat 2: mangacha11 (button) collected ($0.06)
Seat 3: LedeniCar (small blind) folded on the Flop
Seat 5: perffect16 (big blind) folded on the Flop
Seat 6: hafe folded before Flop (didn't bet)
Seat 7: Dorex2007 folded before Flop (didn't bet)
Seat 8: t6666860 folded before Flop (didn't bet)
Seat 9: ondawarpaf folded before Flop (didn't bet)



PokerStars Hand #236592302774:  Hold'em No Limit ($0.01/$0.02 USD) - 2022/06/05 15:56:27 PT [2022/06/05 18:56:27 ET]
Table 'Alioth IV' 9-max Seat #3 is the button
Seat 1: geyza15 ($2 in chips) 
Seat 2: mangacha11 ($0.81 in chips) 
Seat 3: LedeniCar ($2.05 in chips) 
Seat 5: perffect16 ($1.85 in chips) 
Seat 6: hafe ($1.80 in chips) 
Seat 7: Dorex2007 ($2 in chips) 
Seat 8: t6666860 ($2.66 in chips) 
Seat 9: ondawarpaf ($2.51 in chips) 
perffect16: posts small blind $0.01
hafe: posts big blind $0.02
*** HOLE CARDS ***
Dealt to Dorex2007 [7h 4c]
Dorex2007: folds 
t6666860: folds 
ondawarpaf: folds 
geyza15: raises $0.03 to $0.05
mangacha11: folds 
LedeniCar: folds 
perffect16: folds 
hafe: folds 
Uncalled bet ($0.03) returned to geyza15
geyza15 collected $0.05 from pot
geyza15: doesn't show hand 
*** SUMMARY ***
Total pot $0.05 | Rake $0 
Seat 1: geyza15 collected ($0.05)
Seat 2: mangacha11 folded before Flop (didn't bet)
Seat 3: LedeniCar (button) folded before Flop (didn't bet)
Seat 5: perffect16 (small blind) folded before Flop
Seat 6: hafe (big blind) folded before Flop
Seat 7: Dorex2007 folded before Flop (didn't bet)
Seat 8: t6666860 folded before Flop (didn't bet)
Seat 9: ondawarpaf folded before Flop (didn't bet)



PokerStars Hand #236592307987:  Hold'em No Limit ($0.01/$0.02 USD) - 2022/06/05 15:56:49 PT [2022/06/05 18:56:49 ET]
Table 'Alioth IV' 9-max Seat #5 is the button
Seat 1: geyza15 ($2.03 in chips) 
Seat 2: mangacha11 ($0.81 in chips) 
Seat 3: LedeniCar ($2.05 in chips) 
Seat 5: perffect16 ($1.84 in chips) 
Seat 6: hafe ($1.78 in chips) 
Seat 7: Dorex2007 ($2 in chips) 
Seat 8: t6666860 ($2.66 in chips) 
Seat 9: ondawarpaf ($2.51 in chips) 
hafe: posts small blind $0.01
Dorex2007: posts big blind $0.02
*** HOLE CARDS ***
Dealt to Dorex2007 [Th 3c]
t6666860: folds 
ondawarpaf: folds 
geyza15: calls $0.02
mangacha11: folds 
LedeniCar: calls $0.02
perffect16: folds 
hafe: folds 
Dorex2007: checks 
*** FLOP *** [4d Ks 9h]
Dorex2007: checks 
mrHemp420 joins the table at seat #4 
geyza15: bets $0.06
LedeniCar: folds 
Dorex2007: folds 
Uncalled bet ($0.06) returned to geyza15
geyza15 collected $0.07 from pot
geyza15: doesn't show hand 
*** SUMMARY ***
Total pot $0.07 | Rake $0 
Board [4d Ks 9h]
Seat 1: geyza15 collected ($0.07)
Seat 2: mangacha11 folded before Flop (didn't bet)
Seat 3: LedeniCar folded on the Flop
Seat 5: perffect16 (button) folded before Flop (didn't bet)
Seat 6: hafe (small blind) folded before Flop
Seat 7: Dorex2007 (big blind) folded on the Flop
Seat 8: t6666860 folded before Flop (didn't bet)
Seat 9: ondawarpaf folded before Flop (didn't bet)



PokerStars Hand #236592317615:  Hold'em No Limit ($0.01/$0.02 USD) - 2022/06/05 15:57:30 PT [2022/06/05 18:57:30 ET]
Table 'Alioth IV' 9-max Seat #6 is the button
Seat 1: geyza15 ($2.08 in chips) 
Seat 2: mangacha11 ($0.81 in chips) 
Seat 3: LedeniCar ($2.03 in chips) 
Seat 5: perffect16 ($1.84 in chips) 
Seat 6: hafe ($1.77 in chips) 
Seat 7: Dorex2007 ($2 in chips) 
Seat 8: t6666860 ($2.66 in chips) 
Seat 9: ondawarpaf ($2.51 in chips) 
Dorex2007: posts small blind $0.01
t6666860: posts big blind $0.02
mrHemp420: sits out 
*** HOLE CARDS ***
Dealt to Dorex2007 [9s Jc]
ondawarpaf: folds 
geyza15: folds 
mangacha11: folds 
LedeniCar: calls $0.02
perffect16: raises $0.04 to $0.06
hafe: folds 
Dorex2007: calls $0.05
t6666860: folds 
LedeniCar: calls $0.04
*** FLOP *** [3c 6d 7s]
Dorex2007: checks 
LedeniCar: checks 
perffect16: checks 
*** TURN *** [3c 6d 7s] [4d]
Dorex2007: checks 
LedeniCar: checks 
perffect16: bets $0.10
Dorex2007: folds 
LedeniCar: folds 
Uncalled bet ($0.10) returned to perffect16
perffect16 collected $0.19 from pot
perffect16: doesn't show hand 
*** SUMMARY ***
Total pot $0.20 | Rake $0.01 
Board [3c 6d 7s 4d]
Seat 1: geyza15 folded before Flop (didn't bet)
Seat 2: mangacha11 folded before Flop (didn't bet)
Seat 3: LedeniCar folded on the Turn
Seat 5: perffect16 collected ($0.19)
Seat 6: hafe (button) folded before Flop (didn't bet)
Seat 7: Dorex2007 (small blind) folded on the Turn
Seat 8: t6666860 (big blind) folded before Flop
Seat 9: ondawarpaf folded before Flop (didn't bet)



PokerStars Hand #236592327448:  Hold'em No Limit ($0.01/$0.02 USD) - 2022/06/05 15:58:11 PT [2022/06/05 18:58:11 ET]
Table 'Alioth IV' 9-max Seat #7 is the button
Seat 1: geyza15 ($2.08 in chips) 
Seat 2: mangacha11 ($0.81 in chips) 
Seat 3: LedeniCar ($1.97 in chips) 
Seat 4: mrHemp420 ($1 in chips) 
Seat 5: perffect16 ($1.97 in chips) 
Seat 6: hafe ($1.77 in chips) 
Seat 7: Dorex2007 ($2 in chips) 
Seat 8: t6666860 ($2.64 in chips) 
Seat 9: ondawarpaf ($2.51 in chips) 
t6666860: posts small blind $0.01
ondawarpaf: posts big blind $0.02
mrHemp420: posts big blind $0.02
*** HOLE CARDS ***
Dealt to Dorex2007 [9d 8c]
geyza15: folds 
mangacha11: folds 
LedeniCar: calls $0.02
mrHemp420: checks 
perffect16: folds 
hafe: folds 
Dorex2007: folds 
t6666860: calls $0.01
ondawarpaf: checks 
*** FLOP *** [6s 7h 6h]
t6666860: checks 
ondawarpaf: checks 
LedeniCar: checks 
mrHemp420: checks 
*** TURN *** [6s 7h 6h] [5h]
t6666860: checks 
ondawarpaf: checks 
LedeniCar: bets $0.02
mrHemp420: calls $0.02
t6666860: calls $0.02
ondawarpaf: folds 
*** RIVER *** [6s 7h 6h 5h] [Jc]
t6666860: checks 
LedeniCar: bets $0.02
mrHemp420: calls $0.02
t6666860: folds 
*** SHOW DOWN ***
LedeniCar: shows [Ah Ks] (a pair of Sixes)
mrHemp420: shows [8h 8d] (two pair, Eights and Sixes)
mrHemp420 collected $0.17 from pot
*** SUMMARY ***
Total pot $0.18 | Rake $0.01 
Board [6s 7h 6h 5h Jc]
Seat 1: geyza15 folded before Flop (didn't bet)
Seat 2: mangacha11 folded before Flop (didn't bet)
Seat 3: LedeniCar showed [Ah Ks] and lost with a pair of Sixes
Seat 4: mrHemp420 showed [8h 8d] and won ($0.17) with two pair, Eights and Sixes
Seat 5: perffect16 folded before Flop (didn't bet)
Seat 6: hafe folded before Flop (didn't bet)
Seat 7: Dorex2007 (button) folded before Flop (didn't bet)
Seat 8: t6666860 (small blind) folded on the River
Seat 9: ondawarpaf (big blind) folded on the Turn



PokerStars Hand #236592343303:  Hold'em No Limit ($0.01/$0.02 USD) - 2022/06/05 15:59:18 PT [2022/06/05 18:59:18 ET]
Table 'Alioth IV' 9-max Seat #8 is the button
Seat 1: geyza15 ($2.08 in chips) 
Seat 2: mangacha11 ($0.81 in chips) 
Seat 3: LedeniCar ($1.91 in chips) 
Seat 4: mrHemp420 ($1.11 in chips) 
Seat 5: perffect16 ($1.97 in chips) 
Seat 6: hafe ($1.77 in chips) 
Seat 7: Dorex2007 ($2 in chips) 
Seat 8: t6666860 ($2.60 in chips) 
Seat 9: ondawarpaf ($2.49 in chips) 
ondawarpaf: posts small blind $0.01
geyza15: posts big blind $0.02
*** HOLE CARDS ***
Dealt to Dorex2007 [Js 2s]
mangacha11: calls $0.02
LedeniCar: folds 
mrHemp420: calls $0.02
perffect16: folds 
hafe: folds 
Dorex2007: folds 
t6666860: folds 
ondawarpaf: folds 
geyza15: checks 
*** FLOP *** [9h 5d Ac]
geyza15: checks 
mangacha11: checks 
mrHemp420: checks 
*** TURN *** [9h 5d Ac] [7d]
geyza15: checks 
mangacha11: checks 
mrHemp420: checks 
*** RIVER *** [9h 5d Ac 7d] [3d]
geyza15: checks 
mangacha11: checks 
mrHemp420: checks 
*** SHOW DOWN ***
geyza15: shows [Kc 7h] (a pair of Sevens)
mangacha11: mucks hand 
mrHemp420: shows [9c Qc] (a pair of Nines)
mrHemp420 collected $0.07 from pot
*** SUMMARY ***
Total pot $0.07 | Rake $0 
Board [9h 5d Ac 7d 3d]
Seat 1: geyza15 (big blind) showed [Kc 7h] and lost with a pair of Sevens
Seat 2: mangacha11 mucked [Qh Ks]
Seat 3: LedeniCar folded before Flop (didn't bet)
Seat 4: mrHemp420 showed [9c Qc] and won ($0.07) with a pair of Nines
Seat 5: perffect16 folded before Flop (didn't bet)
Seat 6: hafe folded before Flop (didn't bet)
Seat 7: Dorex2007 folded before Flop (didn't bet)
Seat 8: t6666860 (button) folded before Flop (didn't bet)
Seat 9: ondawarpaf (small blind) folded before Flop



PokerStars Hand #236592354940:  Hold'em No Limit ($0.01/$0.02 USD) - 2022/06/05 16:00:07 PT [2022/06/05 19:00:07 ET]
Table 'Alioth IV' 9-max Seat #9 is the button
Seat 1: geyza15 ($2.06 in chips) 
Seat 2: mangacha11 ($0.79 in chips) 
Seat 3: LedeniCar ($1.91 in chips) 
Seat 4: mrHemp420 ($1.16 in chips) 
Seat 5: perffect16 ($1.97 in chips) 
Seat 6: hafe ($1.77 in chips) 
Seat 7: Dorex2007 ($2 in chips) 
Seat 8: t6666860 ($2.60 in chips) 
Seat 9: ondawarpaf ($2.48 in chips) 
geyza15: posts small blind $0.01
mangacha11: posts big blind $0.02
*** HOLE CARDS ***
Dealt to Dorex2007 [Tc Ks]
LedeniCar: folds 
mrHemp420: folds 
perffect16: calls $0.02
hafe: folds 
Dorex2007: calls $0.02
t6666860: folds 
ondawarpaf: folds 
geyza15: calls $0.01
mangacha11: checks 
*** FLOP *** [5s 2d 9s]
geyza15: checks 
mangacha11: checks 
perffect16: checks 
Dorex2007: checks 
*** TURN *** [5s 2d 9s] [Js]
geyza15: checks 
mangacha11: checks 
perffect16: checks 
Dorex2007: checks 
*** RIVER *** [5s 2d 9s Js] [2s]
geyza15: checks 
mangacha11: checks 
perffect16: checks 
Dorex2007: bets $0.08
geyza15: folds 
mangacha11: folds 
perffect16: folds 
Uncalled bet ($0.08) returned to Dorex2007
Dorex2007 collected $0.08 from pot
Dorex2007: doesn't show hand 
*** SUMMARY ***
Total pot $0.08 | Rake $0 
Board [5s 2d 9s Js 2s]
Seat 1: geyza15 (small blind) folded on the River
Seat 2: mangacha11 (big blind) folded on the River
Seat 3: LedeniCar folded before Flop (didn't bet)
Seat 4: mrHemp420 folded before Flop (didn't bet)
Seat 5: perffect16 folded on the River
Seat 6: hafe folded before Flop (didn't bet)
Seat 7: Dorex2007 collected ($0.08)
Seat 8: t6666860 folded before Flop (didn't bet)
Seat 9: ondawarpaf (button) folded before Flop (didn't bet)



PokerStars Hand #236592372454:  Hold'em No Limit ($0.01/$0.02 USD) - 2022/06/05 16:01:12 PT [2022/06/05 19:01:12 ET]
Table 'Alioth IV' 9-max Seat #1 is the button
Seat 1: geyza15 ($2.04 in chips) 
Seat 2: mangacha11 ($0.77 in chips) 
Seat 3: LedeniCar ($1.91 in chips) 
Seat 4: mrHemp420 ($1.16 in chips) 
Seat 5: perffect16 ($1.95 in chips) 
Seat 6: hafe ($1.77 in chips) 
Seat 7: Dorex2007 ($2.06 in chips) 
Seat 8: t6666860 ($2.60 in chips) 
Seat 9: ondawarpaf ($2.48 in chips) 
mangacha11: posts small blind $0.01
LedeniCar: posts big blind $0.02
*** HOLE CARDS ***
Dealt to Dorex2007 [2d 4c]
mrHemp420: folds 
perffect16: folds 
hafe: folds 
Dorex2007: folds 
t6666860: folds 
ondawarpaf: folds 
geyza15: folds 
mangacha11: folds 
Uncalled bet ($0.01) returned to LedeniCar
LedeniCar collected $0.02 from pot
LedeniCar: doesn't show hand 
*** SUMMARY ***
Total pot $0.02 | Rake $0 
Seat 1: geyza15 (button) folded before Flop (didn't bet)
Seat 2: mangacha11 (small blind) folded before Flop
Seat 3: LedeniCar (big blind) collected ($0.02)
Seat 4: mrHemp420 folded before Flop (didn't bet)
Seat 5: perffect16 folded before Flop (didn't bet)
Seat 6: hafe folded before Flop (didn't bet)
Seat 7: Dorex2007 folded before Flop (didn't bet)
Seat 8: t6666860 folded before Flop (didn't bet)
Seat 9: ondawarpaf folded before Flop (didn't bet)



PokerStars Hand #236592377592:  Hold'em No Limit ($0.01/$0.02 USD) - 2022/06/05 16:01:29 PT [2022/06/05 19:01:29 ET]
Table 'Alioth IV' 9-max Seat #2 is the button
Seat 1: geyza15 ($2.04 in chips) 
Seat 2: mangacha11 ($0.76 in chips) 
Seat 3: LedeniCar ($1.92 in chips) 
Seat 4: mrHemp420 ($1.16 in chips) 
Seat 5: perffect16 ($1.95 in chips) 
Seat 6: hafe ($1.77 in chips) 
Seat 7: Dorex2007 ($2.06 in chips) 
Seat 8: t6666860 ($2.60 in chips) 
Seat 9: ondawarpaf ($2.48 in chips) 
LedeniCar: posts small blind $0.01
mrHemp420: posts big blind $0.02
*** HOLE CARDS ***
Dealt to Dorex2007 [9c 6c]
perffect16: folds 
hafe: folds 
Dorex2007: folds 
t6666860: raises $0.04 to $0.06
ondawarpaf: folds 
geyza15: calls $0.06
mangacha11: folds 
LedeniCar: folds 
mrHemp420: folds 
*** FLOP *** [4s Js Ac]
t6666860: bets $0.06
geyza15: folds 
Uncalled bet ($0.06) returned to t6666860
t6666860 collected $0.14 from pot
*** SUMMARY ***
Total pot $0.15 | Rake $0.01 
Board [4s Js Ac]
Seat 1: geyza15 folded on the Flop
Seat 2: mangacha11 (button) folded before Flop (didn't bet)
Seat 3: LedeniCar (small blind) folded before Flop
Seat 4: mrHemp420 (big blind) folded before Flop
Seat 5: perffect16 folded before Flop (didn't bet)
Seat 6: hafe folded before Flop (didn't bet)
Seat 7: Dorex2007 folded before Flop (didn't bet)
Seat 8: t6666860 collected ($0.14)
Seat 9: ondawarpaf folded before Flop (didn't bet)



PokerStars Hand #236592386892:  Hold'em No Limit ($0.01/$0.02 USD) - 2022/06/05 16:01:59 PT [2022/06/05 19:01:59 ET]
Table 'Alioth IV' 9-max Seat #3 is the button
Seat 1: geyza15 ($2 in chips) 
Seat 2: mangacha11 ($0.76 in chips) 
Seat 3: LedeniCar ($1.91 in chips) 
Seat 4: mrHemp420 ($1.14 in chips) 
Seat 5: perffect16 ($1.95 in chips) 
Seat 6: hafe ($1.77 in chips) 
Seat 7: Dorex2007 ($2.06 in chips) 
Seat 8: t6666860 ($2.68 in chips) 
Seat 9: ondawarpaf ($2.48 in chips) 
mrHemp420: posts small blind $0.01
perffect16: posts big blind $0.02
*** HOLE CARDS ***
Dealt to Dorex2007 [7d 5c]
hafe: folds 
hafe leaves the table
Dorex2007: folds 
t6666860: folds 
ondawarpaf: folds 
geyza15: folds 
mangacha11: raises $0.04 to $0.06
LedeniCar: calls $0.06
mrHemp420: calls $0.05
perffect16: raises $0.04 to $0.10
veritasmori joins the table at seat #6 
mangacha11: calls $0.04
LedeniCar: calls $0.04
mrHemp420: calls $0.04
*** FLOP *** [3s Js Kd]
mrHemp420: checks 
perffect16: checks 
mangacha11: bets $0.12
LedeniCar: calls $0.12
mrHemp420: calls $0.12
perffect16: calls $0.12
*** TURN *** [3s Js Kd] [Jc]
mrHemp420: bets $0.02
perffect16: calls $0.02
mangacha11: raises $0.10 to $0.12
LedeniCar: calls $0.12
mrHemp420: calls $0.10
perffect16: calls $0.10
*** RIVER *** [3s Js Kd Jc] [Qd]
mrHemp420: checks 
perffect16: checks 
mangacha11: checks 
LedeniCar: bets $0.87
mrHemp420: calls $0.80 and is all-in
perffect16: folds 
mangacha11: calls $0.42 and is all-in
Uncalled bet ($0.07) returned to LedeniCar
*** SHOW DOWN ***
LedeniCar: shows [3d 3h] (a full house, Threes full of Jacks)
mrHemp420: shows [Ad Ah] (two pair, Aces and Jacks)
LedeniCar collected $0.73 from side pot
mangacha11: shows [Kh Qs] (two pair, Kings and Queens)
LedeniCar collected $2.53 from main pot
*** SUMMARY ***
Total pot $3.38 Main pot $2.53. Side pot $0.73. | Rake $0.12 
Board [3s Js Kd Jc Qd]
Seat 1: geyza15 folded before Flop (didn't bet)
Seat 2: mangacha11 showed [Kh Qs] and lost with two pair, Kings and Queens
Seat 3: LedeniCar (button) showed [3d 3h] and won ($3.26) with a full house, Threes full of Jacks
Seat 4: mrHemp420 (small blind) showed [Ad Ah] and lost with two pair, Aces and Jacks
Seat 5: perffect16 (big blind) folded on the River
Seat 6: hafe folded before Flop (didn't bet)
Seat 7: Dorex2007 folded before Flop (didn't bet)
Seat 8: t6666860 folded before Flop (didn't bet)
Seat 9: ondawarpaf folded before Flop (didn't bet)



PokerStars Hand #236592428203:  Hold'em No Limit ($0.01/$0.02 USD) - 2022/06/05 16:04:08 PT [2022/06/05 19:04:08 ET]
Table 'Alioth IV' 9-max Seat #5 is the button
Seat 1: geyza15 ($2 in chips) 
Seat 3: LedeniCar ($4.03 in chips) 
Seat 5: perffect16 ($2 in chips) 
Seat 7: Dorex2007 ($2.06 in chips) 
Seat 8: t6666860 ($2.68 in chips) 
Seat 9: ondawarpaf ($2.48 in chips) 
Dorex2007: posts small blind $0.01
t6666860: posts big blind $0.02
*** HOLE CARDS ***
Dealt to Dorex2007 [3s 3h]
ondawarpaf: folds 
geyza15: folds 
LedeniCar: folds 
perffect16: folds 
perffect16 leaves the table
Dorex2007: calls $0.01
t6666860: checks 
*** FLOP *** [5d 5s 4d]
Dorex2007: checks 
t6666860: bets $0.08
Dorex2007: calls $0.08
*** TURN *** [5d 5s 4d] [Ac]
mrHemp420 is disconnected 
Dorex2007: bets $0.13
t6666860: raises $0.13 to $0.26
Dorex2007: folds 
Uncalled bet ($0.13) returned to t6666860
t6666860 collected $0.44 from pot
*** SUMMARY ***
Total pot $0.46 | Rake $0.02 
Board [5d 5s 4d Ac]
Seat 1: geyza15 folded before Flop (didn't bet)
Seat 3: LedeniCar folded before Flop (didn't bet)
Seat 5: perffect16 (button) folded before Flop (didn't bet)
Seat 7: Dorex2007 (small blind) folded on the Turn
Seat 8: t6666860 (big blind) collected ($0.44)
Seat 9: ondawarpaf folded before Flop (didn't bet)



PokerStars Hand #236592442704:  Hold'em No Limit ($0.01/$0.02 USD) - 2022/06/05 16:04:54 PT [2022/06/05 19:04:54 ET]
Table 'Alioth IV' 9-max Seat #7 is the button
Seat 1: geyza15 ($2 in chips) 
Seat 2: mangacha11 ($2 in chips) 
Seat 3: LedeniCar ($4.03 in chips) 
Seat 7: Dorex2007 ($2 in chips) 
Seat 8: t6666860 ($2.89 in chips) 
Seat 9: ondawarpaf ($2.48 in chips) 
t6666860: posts small blind $0.01
ondawarpaf: posts big blind $0.02
veritasmori: sits out 
*** HOLE CARDS ***
Dealt to Dorex2007 [Ks 3d]
geyza15: folds 
mangacha11: folds 
LedeniCar: folds 
Dorex2007: folds 
t6666860: folds 
Uncalled bet ($0.01) returned to ondawarpaf
ondawarpaf collected $0.02 from pot
ondawarpaf: doesn't show hand 
*** SUMMARY ***
Total pot $0.02 | Rake $0 
Seat 1: geyza15 folded before Flop (didn't bet)
Seat 2: mangacha11 folded before Flop (didn't bet)
Seat 3: LedeniCar folded before Flop (didn't bet)
Seat 7: Dorex2007 (button) folded before Flop (didn't bet)
Seat 8: t6666860 (small blind) folded before Flop
Seat 9: ondawarpaf (big blind) collected ($0.02)



PokerStars Hand #236592446063:  Hold'em No Limit ($0.01/$0.02 USD) - 2022/06/05 16:05:04 PT [2022/06/05 19:05:04 ET]
Table 'Alioth IV' 9-max Seat #8 is the button
Seat 1: geyza15 ($2 in chips) 
Seat 2: mangacha11 ($2 in chips) 
Seat 3: LedeniCar ($4.03 in chips) 
Seat 7: Dorex2007 ($2 in chips) 
Seat 8: t6666860 ($2.88 in chips) 
Seat 9: ondawarpaf ($2.49 in chips) 
ondawarpaf: posts small blind $0.01
geyza15: posts big blind $0.02
veritasmori: sits out 
*** HOLE CARDS ***
Dealt to Dorex2007 [9d 6s]
mangacha11: calls $0.02
LedeniCar: folds 
Dorex2007: folds 
t6666860: folds 
ondawarpaf: folds 
geyza15: checks 
*** FLOP *** [9c Ah 5h]
geyza15: checks 
mangacha11: checks 
*** TURN *** [9c Ah 5h] [Ts]
SANTOSFILHO2 joins the table at seat #5 
geyza15: checks 
mangacha11: bets $0.04
geyza15: folds 
Uncalled bet ($0.04) returned to mangacha11
mangacha11 collected $0.05 from pot
mangacha11: doesn't show hand 
*** SUMMARY ***
Total pot $0.05 | Rake $0 
Board [9c Ah 5h Ts]
Seat 1: geyza15 (big blind) folded on the Turn
Seat 2: mangacha11 collected ($0.05)
Seat 3: LedeniCar folded before Flop (didn't bet)
Seat 7: Dorex2007 folded before Flop (didn't bet)
Seat 8: t6666860 (button) folded before Flop (didn't bet)
Seat 9: ondawarpaf (small blind) folded before Flop



PokerStars Hand #236592457197:  Hold'em No Limit ($0.01/$0.02 USD) - 2022/06/05 16:05:38 PT [2022/06/05 19:05:38 ET]
Table 'Alioth IV' 9-max Seat #9 is the button
Seat 1: geyza15 ($2 in chips) 
Seat 2: mangacha11 ($2.03 in chips) 
Seat 3: LedeniCar ($4.03 in chips) 
Seat 5: SANTOSFILHO2 ($1.60 in chips) 
Seat 7: Dorex2007 ($2 in chips) 
Seat 8: t6666860 ($2.88 in chips) 
Seat 9: ondawarpaf ($2.48 in chips) 
geyza15: posts small blind $0.01
mangacha11: posts big blind $0.02
SANTOSFILHO2: posts big blind $0.02
veritasmori: sits out 
*** HOLE CARDS ***
Dealt to Dorex2007 [7h 2c]
LedeniCar: folds 
SANTOSFILHO2: checks 
Dorex2007: folds 
t6666860: folds 
ondawarpaf: folds 
geyza15: calls $0.01
mangacha11: checks 
*** FLOP *** [2s Ts Ad]
geyza15: checks 
mangacha11: bets $0.02
SANTOSFILHO2: folds 
geyza15: calls $0.02
*** TURN *** [2s Ts Ad] [Ah]
geyza15: checks 
mangacha11: bets $0.06
geyza15: calls $0.06
*** RIVER *** [2s Ts Ad Ah] [3c]
geyza15: checks 
mangacha11: checks 
*** SHOW DOWN ***
geyza15: shows [As 4s] (three of a kind, Aces)
mangacha11: mucks hand 
geyza15 collected $0.21 from pot
*** SUMMARY ***
Total pot $0.22 | Rake $0.01 
Board [2s Ts Ad Ah 3c]
Seat 1: geyza15 (small blind) showed [As 4s] and won ($0.21) with three of a kind, Aces
Seat 2: mangacha11 (big blind) mucked [9d Th]
Seat 3: LedeniCar folded before Flop (didn't bet)
Seat 5: SANTOSFILHO2 folded on the Flop (didn't bet)
Seat 7: Dorex2007 folded before Flop (didn't bet)
Seat 8: t6666860 folded before Flop (didn't bet)
Seat 9: ondawarpaf (button) folded before Flop (didn't bet)



PokerStars Hand #236592484690:  Hold'em No Limit ($0.01/$0.02 USD) - 2022/06/05 16:06:35 PT [2022/06/05 19:06:35 ET]
Table 'Alioth IV' 9-max Seat #1 is the button
Seat 1: geyza15 ($2.11 in chips) 
Seat 2: mangacha11 ($1.93 in chips) 
Seat 3: LedeniCar ($4.03 in chips) 
Seat 5: SANTOSFILHO2 ($1.58 in chips) 
Seat 7: Dorex2007 ($2 in chips) 
Seat 8: t6666860 ($2.88 in chips) 
Seat 9: ondawarpaf ($2.48 in chips) 
mangacha11: posts small blind $0.01
LedeniCar: posts big blind $0.02
veritasmori: sits out 
*** HOLE CARDS ***
Dealt to Dorex2007 [4h 2h]
SANTOSFILHO2: folds 
Dorex2007: folds 
t6666860: calls $0.02
ondawarpaf: folds 
geyza15: calls $0.02
mangacha11: calls $0.01
LedeniCar: checks 
*** FLOP *** [2c Kh Jd]
mangacha11: checks 
LedeniCar: checks 
t6666860: checks 
geyza15: checks 
*** TURN *** [2c Kh Jd] [4c]
mangacha11: checks 
LedeniCar: bets $0.02
t6666860: folds 
geyza15: folds 
mangacha11: folds 
Uncalled bet ($0.02) returned to LedeniCar
LedeniCar collected $0.08 from pot
LedeniCar: doesn't show hand 
*** SUMMARY ***
Total pot $0.08 | Rake $0 
Board [2c Kh Jd 4c]
Seat 1: geyza15 (button) folded on the Turn
Seat 2: mangacha11 (small blind) folded on the Turn
Seat 3: LedeniCar (big blind) collected ($0.08)
Seat 5: SANTOSFILHO2 folded before Flop (didn't bet)
Seat 7: Dorex2007 folded before Flop (didn't bet)
Seat 8: t6666860 folded on the Turn
Seat 9: ondawarpaf folded before Flop (didn't bet)



PokerStars Hand #236592514682:  Hold'em No Limit ($0.01/$0.02 USD) - 2022/06/05 16:07:47 PT [2022/06/05 19:07:47 ET]
Table 'Alioth IV' 9-max Seat #2 is the button
Seat 1: geyza15 ($2.09 in chips) 
Seat 2: mangacha11 ($1.91 in chips) 
Seat 3: LedeniCar ($4.09 in chips) 
Seat 5: SANTOSFILHO2 ($1.58 in chips) 
Seat 7: Dorex2007 ($2 in chips) 
Seat 8: t6666860 ($2.86 in chips) 
Seat 9: ondawarpaf ($2.48 in chips) 
LedeniCar: posts small blind $0.01
SANTOSFILHO2: posts big blind $0.02
veritasmori: sits out 
*** HOLE CARDS ***
Dealt to Dorex2007 [5h Qc]
Dorex2007: folds 
t6666860: calls $0.02
ondawarpaf: folds 
geyza15: folds 
mangacha11: calls $0.02
LedeniCar: calls $0.01
SANTOSFILHO2: checks 
*** FLOP *** [Th Jh 2d]
LedeniCar: checks 
SANTOSFILHO2: checks 
t6666860: bets $0.08
mangacha11: folds 
LedeniCar: folds 
SANTOSFILHO2: calls $0.08
*** TURN *** [Th Jh 2d] [7d]
SANTOSFILHO2: checks 
t6666860: bets $0.08
SANTOSFILHO2: calls $0.08
*** RIVER *** [Th Jh 2d 7d] [8d]
SANTOSFILHO2: checks 
t6666860: bets $2.66
SANTOSFILHO2: calls $1.40 and is all-in
Uncalled bet ($1.26) returned to t6666860
*** SHOW DOWN ***
t6666860: shows [9h Qh] (a straight, Eight to Queen)
SANTOSFILHO2: shows [9s Qd] (a straight, Eight to Queen)
SANTOSFILHO2 collected $1.55 from pot
t6666860 collected $1.54 from pot
*** SUMMARY ***
Total pot $3.20 | Rake $0.11 
Board [Th Jh 2d 7d 8d]
Seat 1: geyza15 folded before Flop (didn't bet)
Seat 2: mangacha11 (button) folded on the Flop
Seat 3: LedeniCar (small blind) folded on the Flop
Seat 5: SANTOSFILHO2 (big blind) showed [9s Qd] and won ($1.55) with a straight, Eight to Queen
Seat 7: Dorex2007 folded before Flop (didn't bet)
Seat 8: t6666860 showed [9h Qh] and won ($1.54) with a straight, Eight to Queen
Seat 9: ondawarpaf folded before Flop (didn't bet)



PokerStars Hand #236592538717:  Hold'em No Limit ($0.01/$0.02 USD) - 2022/06/05 16:09:03 PT [2022/06/05 19:09:03 ET]
Table 'Alioth IV' 9-max Seat #3 is the button
Seat 1: geyza15 ($2.09 in chips) 
Seat 2: mangacha11 ($1.89 in chips) 
Seat 3: LedeniCar ($4.07 in chips) 
Seat 5: SANTOSFILHO2 ($1.55 in chips) 
Seat 6: veritasmori ($1.60 in chips) 
Seat 7: Dorex2007 ($2 in chips) 
Seat 8: t6666860 ($2.82 in chips) 
Seat 9: ondawarpaf ($2.48 in chips) 
SANTOSFILHO2: posts small blind $0.01
veritasmori: posts big blind $0.02
*** HOLE CARDS ***
Dealt to Dorex2007 [Ts 5c]
Dorex2007: folds 
t6666860: folds 
ondawarpaf: folds 
geyza15: folds 
mangacha11: raises $0.04 to $0.06
LedeniCar: folds 
SANTOSFILHO2: folds 
veritasmori: folds 
Uncalled bet ($0.04) returned to mangacha11
mangacha11 collected $0.05 from pot
mangacha11: doesn't show hand 
*** SUMMARY ***
Total pot $0.05 | Rake $0 
Seat 1: geyza15 folded before Flop (didn't bet)
Seat 2: mangacha11 collected ($0.05)
Seat 3: LedeniCar (button) folded before Flop (didn't bet)
Seat 5: SANTOSFILHO2 (small blind) folded before Flop
Seat 6: veritasmori (big blind) folded before Flop
Seat 7: Dorex2007 folded before Flop (didn't bet)
Seat 8: t6666860 folded before Flop (didn't bet)
Seat 9: ondawarpaf folded before Flop (didn't bet)



PokerStars Hand #236592547235:  Hold'em No Limit ($0.01/$0.02 USD) - 2022/06/05 16:09:30 PT [2022/06/05 19:09:30 ET]
Table 'Alioth IV' 9-max Seat #5 is the button
Seat 1: geyza15 ($2.09 in chips) 
Seat 2: mangacha11 ($1.92 in chips) 
Seat 3: LedeniCar ($4.07 in chips) 
Seat 5: SANTOSFILHO2 ($1.54 in chips) 
Seat 6: veritasmori ($1.58 in chips) 
Seat 7: Dorex2007 ($2 in chips) 
Seat 8: t6666860 ($2.82 in chips) 
Seat 9: ondawarpaf ($2.48 in chips) 
veritasmori: posts small blind $0.01
Dorex2007: posts big blind $0.02
*** HOLE CARDS ***
Dealt to Dorex2007 [Ad 6c]
t6666860 has timed out
t6666860: folds 
ondawarpaf: folds 
geyza15: folds 
mangacha11: folds 
LedeniCar: folds 
SANTOSFILHO2: folds 
veritasmori: folds 
Uncalled bet ($0.01) returned to Dorex2007
Dorex2007 collected $0.02 from pot
Dorex2007: doesn't show hand 
*** SUMMARY ***
Total pot $0.02 | Rake $0 
Seat 1: geyza15 folded before Flop (didn't bet)
Seat 2: mangacha11 folded before Flop (didn't bet)
Seat 3: LedeniCar folded before Flop (didn't bet)
Seat 5: SANTOSFILHO2 (button) folded before Flop (didn't bet)
Seat 6: veritasmori (small blind) folded before Flop
Seat 7: Dorex2007 (big blind) collected ($0.02)
Seat 8: t6666860 folded before Flop (didn't bet)
Seat 9: ondawarpaf folded before Flop (didn't bet)



PokerStars Hand #236592554164:  Hold'em No Limit ($0.01/$0.02 USD) - 2022/06/05 16:09:51 PT [2022/06/05 19:09:51 ET]
Table 'Alioth IV' 9-max Seat #6 is the button
Seat 1: geyza15 ($2.09 in chips) 
Seat 2: mangacha11 ($1.92 in chips) 
Seat 3: LedeniCar ($4.07 in chips) 
Seat 5: SANTOSFILHO2 ($1.54 in chips) 
Seat 6: veritasmori ($1.57 in chips) 
Seat 7: Dorex2007 ($2.01 in chips) 
Seat 9: ondawarpaf ($2.48 in chips) 
Dorex2007: posts small blind $0.01
ondawarpaf: posts big blind $0.02
*** HOLE CARDS ***
Dealt to Dorex2007 [4h Qh]
geyza15: raises $0.06 to $0.08
mangacha11: folds 
LedeniCar: folds 
SANTOSFILHO2: folds 
veritasmori: folds 
Dorex2007: folds 
ondawarpaf: folds 
Uncalled bet ($0.06) returned to geyza15
geyza15 collected $0.05 from pot
geyza15: doesn't show hand 
*** SUMMARY ***
Total pot $0.05 | Rake $0 
Seat 1: geyza15 collected ($0.05)
Seat 2: mangacha11 folded before Flop (didn't bet)
Seat 3: LedeniCar folded before Flop (didn't bet)
Seat 5: SANTOSFILHO2 folded before Flop (didn't bet)
Seat 6: veritasmori (button) folded before Flop (didn't bet)
Seat 7: Dorex2007 (small blind) folded before Flop
Seat 9: ondawarpaf (big blind) folded before Flop



PokerStars Hand #236592565637:  Hold'em No Limit ($0.01/$0.02 USD) - 2022/06/05 16:10:15 PT [2022/06/05 19:10:15 ET]
Table 'Alioth IV' 9-max Seat #7 is the button
Seat 1: geyza15 ($2.12 in chips) 
Seat 2: mangacha11 ($1.92 in chips) 
Seat 3: LedeniCar ($4.07 in chips) 
Seat 5: SANTOSFILHO2 ($1.54 in chips) 
Seat 6: veritasmori ($1.57 in chips) 
Seat 7: Dorex2007 ($2 in chips) 
Seat 9: ondawarpaf ($2.46 in chips) 
ondawarpaf: posts small blind $0.01
geyza15: posts big blind $0.02
*** HOLE CARDS ***
Dealt to Dorex2007 [8d 7s]
mangacha11: folds 
LedeniCar: raises $0.02 to $0.04
SANTOSFILHO2: folds 
veritasmori: folds 
Dorex2007: folds 
ondawarpaf: folds 
geyza15: folds 
Uncalled bet ($0.02) returned to LedeniCar
LedeniCar collected $0.05 from pot
LedeniCar: doesn't show hand 
*** SUMMARY ***
Total pot $0.05 | Rake $0 
Seat 1: geyza15 (big blind) folded before Flop
Seat 2: mangacha11 folded before Flop (didn't bet)
Seat 3: LedeniCar collected ($0.05)
Seat 5: SANTOSFILHO2 folded before Flop (didn't bet)
Seat 6: veritasmori folded before Flop (didn't bet)
Seat 7: Dorex2007 (button) folded before Flop (didn't bet)
Seat 9: ondawarpaf (small blind) folded before Flop



PokerStars Hand #236592571877:  Hold'em No Limit ($0.01/$0.02 USD) - 2022/06/05 16:10:35 PT [2022/06/05 19:10:35 ET]
Table 'Alioth IV' 9-max Seat #9 is the button
Seat 1: geyza15 ($2.10 in chips) 
Seat 2: mangacha11 ($1.92 in chips) 
Seat 3: LedeniCar ($4.10 in chips) 
Seat 5: SANTOSFILHO2 ($1.54 in chips) 
Seat 6: veritasmori ($1.57 in chips) 
Seat 7: Dorex2007 ($2 in chips) 
Seat 8: t6666860 ($2.82 in chips) 
Seat 9: ondawarpaf ($2.45 in chips) 
geyza15: posts small blind $0.01
mangacha11: posts big blind $0.02
t6666860: posts small & big blinds $0.03
*** HOLE CARDS ***
Dealt to Dorex2007 [3s 6c]
LedeniCar: folds 
SANTOSFILHO2: raises $0.05 to $0.07
veritasmori: raises $0.25 to $0.32
Dorex2007: folds 
t6666860: folds 
ondawarpaf: folds 
geyza15: folds 
mangacha11: folds 
SANTOSFILHO2: raises $1.22 to $1.54 and is all-in
veritasmori: calls $1.22
*** FLOP *** [4c 4s 5d]
*** TURN *** [4c 4s 5d] [6s]
*** RIVER *** [4c 4s 5d 6s] [4d]
*** SHOW DOWN ***
SANTOSFILHO2: shows [Ad Kc] (three of a kind, Fours)
veritasmori: shows [Ks Kh] (a full house, Fours full of Kings)
veritasmori cashed out the hand for $2.10 | Cash Out Fee $0.02
*** SUMMARY ***
Total pot $3.14 | Rake $0.11 
Board [4c 4s 5d 6s 4d]
Seat 1: geyza15 (small blind) folded before Flop
Seat 2: mangacha11 (big blind) folded before Flop
Seat 3: LedeniCar folded before Flop (didn't bet)
Seat 5: SANTOSFILHO2 showed [Ad Kc] and lost with three of a kind, Fours
Seat 6: veritasmori showed [Ks Kh] and won ($3.03) with a full house, Fours full of Kings (pot not awarded as player cashed out)
Seat 7: Dorex2007 folded before Flop (didn't bet)
Seat 8: t6666860 folded before Flop (didn't bet)
Seat 9: ondawarpaf (button) folded before Flop (didn't bet)



PokerStars Hand #236592586154:  Hold'em No Limit ($0.01/$0.02 USD) - 2022/06/05 16:11:20 PT [2022/06/05 19:11:20 ET]
Table 'Alioth IV' 9-max Seat #1 is the button
Seat 1: geyza15 ($2.09 in chips) 
Seat 2: mangacha11 ($1.90 in chips) 
Seat 3: LedeniCar ($4.10 in chips) 
Seat 6: veritasmori ($2.13 in chips) 
Seat 7: Dorex2007 ($2 in chips) 
Seat 8: t6666860 ($2.79 in chips) 
Seat 9: ondawarpaf ($2.45 in chips) 
mangacha11: posts small blind $0.01
LedeniCar: posts big blind $0.02
*** HOLE CARDS ***
Dealt to Dorex2007 [4d 8c]
SANTOSFILHO2 leaves the table
veritasmori: folds 
Dorex2007: folds 
t6666860: calls $0.02
ondawarpaf: folds 
geyza15: calls $0.02
mangacha11: calls $0.01
LedeniCar: checks 
*** FLOP *** [Jh 3s Ad]
mangacha11: checks 
LedeniCar: checks 
t6666860: bets $0.06
geyza15: folds 
mangacha11: folds 
luckydoesan joins the table at seat #5 
LedeniCar: folds 
Uncalled bet ($0.06) returned to t6666860
t6666860 collected $0.08 from pot
*** SUMMARY ***
Total pot $0.08 | Rake $0 
Board [Jh 3s Ad]
Seat 1: geyza15 (button) folded on the Flop
Seat 2: mangacha11 (small blind) folded on the Flop
Seat 3: LedeniCar (big blind) folded on the Flop
Seat 6: veritasmori folded before Flop (didn't bet)
Seat 7: Dorex2007 folded before Flop (didn't bet)
Seat 8: t6666860 collected ($0.08)
Seat 9: ondawarpaf folded before Flop (didn't bet)



PokerStars Hand #236592601743:  Hold'em No Limit ($0.01/$0.02 USD) - 2022/06/05 16:12:09 PT [2022/06/05 19:12:09 ET]
Table 'Alioth IV' 9-max Seat #2 is the button
Seat 1: geyza15 ($2.07 in chips) 
Seat 2: mangacha11 ($1.88 in chips) 
Seat 3: LedeniCar ($4.08 in chips) 
Seat 5: luckydoesan ($1.04 in chips) 
Seat 6: veritasmori ($2.13 in chips) 
Seat 7: Dorex2007 ($2 in chips) 
Seat 8: t6666860 ($2.85 in chips) 
Seat 9: ondawarpaf ($2.45 in chips) 
LedeniCar: posts small blind $0.01
luckydoesan: posts big blind $0.02
*** HOLE CARDS ***
Dealt to Dorex2007 [8c 5h]
veritasmori: folds 
Dorex2007: folds 
t6666860: raises $0.04 to $0.06
ondawarpaf: folds 
geyza15: folds 
mangacha11: folds 
LedeniCar: calls $0.05
luckydoesan: calls $0.04
*** FLOP *** [4s Qd Qh]
LedeniCar: checks 
luckydoesan: bets $0.02
t6666860: calls $0.02
LedeniCar: folds 
*** TURN *** [4s Qd Qh] [Qs]
luckydoesan: bets $0.04
t6666860: calls $0.04
*** RIVER *** [4s Qd Qh Qs] [4c]
luckydoesan: bets $0.06
t6666860: calls $0.06
*** SHOW DOWN ***
luckydoesan: shows [6s Kd] (a full house, Queens full of Fours)
t6666860: shows [Ts Ac] (a full house, Queens full of Fours)
luckydoesan collected $0.21 from pot
t6666860 collected $0.20 from pot
*** SUMMARY ***
Total pot $0.42 | Rake $0.01 
Board [4s Qd Qh Qs 4c]
Seat 1: geyza15 folded before Flop (didn't bet)
Seat 2: mangacha11 (button) folded before Flop (didn't bet)
Seat 3: LedeniCar (small blind) folded on the Flop
Seat 5: luckydoesan (big blind) showed [6s Kd] and won ($0.21) with a full house, Queens full of Fours
Seat 6: veritasmori folded before Flop (didn't bet)
Seat 7: Dorex2007 folded before Flop (didn't bet)
Seat 8: t6666860 showed [Ts Ac] and won ($0.20) with a full house, Queens full of Fours
Seat 9: ondawarpaf folded before Flop (didn't bet)



PokerStars Hand #236592615526:  Hold'em No Limit ($0.01/$0.02 USD) - 2022/06/05 16:12:53 PT [2022/06/05 19:12:53 ET]
Table 'Alioth IV' 9-max Seat #3 is the button
Seat 1: geyza15 ($2.07 in chips) 
Seat 2: mangacha11 ($1.88 in chips) 
Seat 3: LedeniCar ($4.02 in chips) 
Seat 5: luckydoesan ($1.07 in chips) 
Seat 6: veritasmori ($2.13 in chips) 
Seat 7: Dorex2007 ($2 in chips) 
Seat 8: t6666860 ($2.87 in chips) 
Seat 9: ondawarpaf ($2.45 in chips) 
luckydoesan: posts small blind $0.01
veritasmori: posts big blind $0.02
*** HOLE CARDS ***
Dealt to Dorex2007 [8h Qc]
Dorex2007: folds 
t6666860: folds 
ondawarpaf: folds 
geyza15: folds 
mangacha11: folds 
LedeniCar: raises $0.02 to $0.04
luckydoesan: calls $0.03
veritasmori: folds 
*** FLOP *** [Kh 2c Ad]
luckydoesan: checks 
LedeniCar: bets $0.03
luckydoesan: folds 
Uncalled bet ($0.03) returned to LedeniCar
LedeniCar collected $0.10 from pot
LedeniCar: doesn't show hand 
*** SUMMARY ***
Total pot $0.10 | Rake $0 
Board [Kh 2c Ad]
Seat 1: geyza15 folded before Flop (didn't bet)
Seat 2: mangacha11 folded before Flop (didn't bet)
Seat 3: LedeniCar (button) collected ($0.10)
Seat 5: luckydoesan (small blind) folded on the Flop
Seat 6: veritasmori (big blind) folded before Flop
Seat 7: Dorex2007 folded before Flop (didn't bet)
Seat 8: t6666860 folded before Flop (didn't bet)
Seat 9: ondawarpaf folded before Flop (didn't bet)



PokerStars Hand #236592623897:  Hold'em No Limit ($0.01/$0.02 USD) - 2022/06/05 16:13:19 PT [2022/06/05 19:13:19 ET]
Table 'Alioth IV' 9-max Seat #5 is the button
Seat 1: geyza15 ($2.07 in chips) 
Seat 2: mangacha11 ($1.88 in chips) 
Seat 3: LedeniCar ($4.08 in chips) 
Seat 5: luckydoesan ($1.03 in chips) 
Seat 6: veritasmori ($2.11 in chips) 
Seat 7: Dorex2007 ($2 in chips) 
Seat 8: t6666860 ($2.87 in chips) 
Seat 9: ondawarpaf ($2.45 in chips) 
veritasmori: posts small blind $0.01
Dorex2007: posts big blind $0.02
*** HOLE CARDS ***
Dealt to Dorex2007 [2s Ks]
t6666860: raises $0.06 to $0.08
ondawarpaf: folds 
geyza15: folds 
mangacha11: folds 
LedeniCar: folds 
luckydoesan: folds 
veritasmori: folds 
Dorex2007: folds 
Uncalled bet ($0.06) returned to t6666860
t6666860 collected $0.05 from pot
*** SUMMARY ***
Total pot $0.05 | Rake $0 
Seat 1: geyza15 folded before Flop (didn't bet)
Seat 2: mangacha11 folded before Flop (didn't bet)
Seat 3: LedeniCar folded before Flop (didn't bet)
Seat 5: luckydoesan (button) folded before Flop (didn't bet)
Seat 6: veritasmori (small blind) folded before Flop
Seat 7: Dorex2007 (big blind) folded before Flop
Seat 8: t6666860 collected ($0.05)
Seat 9: ondawarpaf folded before Flop (didn't bet)



PokerStars Hand #236592634255:  Hold'em No Limit ($0.01/$0.02 USD) - 2022/06/05 16:13:53 PT [2022/06/05 19:13:53 ET]
Table 'Alioth IV' 9-max Seat #6 is the button
Seat 1: geyza15 ($2.07 in chips) 
Seat 2: mangacha11 ($1.88 in chips) 
Seat 3: LedeniCar ($4.08 in chips) 
Seat 5: luckydoesan ($1.03 in chips) 
Seat 6: veritasmori ($2.10 in chips) 
Seat 7: Dorex2007 ($2 in chips) 
Seat 8: t6666860 ($2.90 in chips) 
Seat 9: ondawarpaf ($2.45 in chips) 
Dorex2007: posts small blind $0.01
t6666860: posts big blind $0.02
*** HOLE CARDS ***
Dealt to Dorex2007 [3c 9d]
ondawarpaf has timed out
ondawarpaf: folds 
geyza15: folds 
mangacha11: calls $0.02
LedeniCar: folds 
luckydoesan: folds 
veritasmori: folds 
Dorex2007: calls $0.01
t6666860: raises $0.02 to $0.04
mangacha11: calls $0.02
Dorex2007: calls $0.02
*** FLOP *** [8d Qd Qs]
Dorex2007: checks 
t6666860: bets $0.06
mangacha11: calls $0.06
Dorex2007: folds 
*** TURN *** [8d Qd Qs] [Ad]
t6666860: checks 
mangacha11: checks 
*** RIVER *** [8d Qd Qs Ad] [5d]
mrHemp420 leaves the table
t6666860: bets $2.80 and is all-in
mangacha11: folds 
Uncalled bet ($2.80) returned to t6666860
t6666860 collected $0.23 from pot
*** SUMMARY ***
Total pot $0.24 | Rake $0.01 
Board [8d Qd Qs Ad 5d]
Seat 1: geyza15 folded before Flop (didn't bet)
Seat 2: mangacha11 folded on the River
Seat 3: LedeniCar folded before Flop (didn't bet)
Seat 5: luckydoesan folded before Flop (didn't bet)
Seat 6: veritasmori (button) folded before Flop (didn't bet)
Seat 7: Dorex2007 (small blind) folded on the Flop
Seat 8: t6666860 (big blind) collected ($0.23)
Seat 9: ondawarpaf folded before Flop (didn't bet)



PokerStars Hand #236592660783:  Hold'em No Limit ($0.01/$0.02 USD) - 2022/06/05 16:15:19 PT [2022/06/05 19:15:19 ET]
Table 'Alioth IV' 9-max Seat #7 is the button
Seat 1: geyza15 ($2.07 in chips) 
Seat 2: mangacha11 ($1.78 in chips) 
Seat 3: LedeniCar ($4.08 in chips) 
Seat 5: luckydoesan ($1.03 in chips) 
Seat 6: veritasmori ($2.10 in chips) 
Seat 7: Dorex2007 ($2 in chips) 
Seat 8: t6666860 ($3.03 in chips) 
Seat 9: ondawarpaf ($2.45 in chips) 
t6666860: posts small blind $0.01
ondawarpaf: posts big blind $0.02
*** HOLE CARDS ***
Dealt to Dorex2007 [Td As]
geyza15: folds 
mangacha11: folds 
LedeniCar: folds 
luckydoesan: folds 
veritasmori: folds 
Dorex2007: raises $0.04 to $0.06
t6666860: folds 
ondawarpaf: folds 
Uncalled bet ($0.04) returned to Dorex2007
Dorex2007 collected $0.05 from pot
Dorex2007: doesn't show hand 
*** SUMMARY ***
Total pot $0.05 | Rake $0 
Seat 1: geyza15 folded before Flop (didn't bet)
Seat 2: mangacha11 folded before Flop (didn't bet)
Seat 3: LedeniCar folded before Flop (didn't bet)
Seat 5: luckydoesan folded before Flop (didn't bet)
Seat 6: veritasmori folded before Flop (didn't bet)
Seat 7: Dorex2007 (button) collected ($0.05)
Seat 8: t6666860 (small blind) folded before Flop
Seat 9: ondawarpaf (big blind) folded before Flop



PokerStars Hand #236592665423:  Hold'em No Limit ($0.01/$0.02 USD) - 2022/06/05 16:15:34 PT [2022/06/05 19:15:34 ET]
Table 'Alioth IV' 9-max Seat #8 is the button
Seat 1: geyza15 ($2.07 in chips) 
Seat 2: mangacha11 ($1.78 in chips) 
Seat 3: LedeniCar ($4.08 in chips) 
Seat 5: luckydoesan ($1.03 in chips) 
Seat 6: veritasmori ($2.10 in chips) 
Seat 7: Dorex2007 ($2.03 in chips) 
Seat 8: t6666860 ($3.02 in chips) 
Seat 9: ondawarpaf ($2.43 in chips) 
ondawarpaf: posts small blind $0.01
geyza15: posts big blind $0.02
*** HOLE CARDS ***
Dealt to Dorex2007 [2c 6d]
mangacha11: folds 
LedeniCar: calls $0.02
luckydoesan: calls $0.02
veritasmori: folds 
Dorex2007: folds 
t6666860: calls $0.02
ondawarpaf: calls $0.01
geyza15: checks 
*** FLOP *** [6s 8h 5h]
ondawarpaf: checks 
geyza15: checks 
LedeniCar: checks 
luckydoesan: bets $0.02
t6666860: calls $0.02
ondawarpaf: calls $0.02
geyza15: calls $0.02
LedeniCar: calls $0.02
*** TURN *** [6s 8h 5h] [Tc]
Walkel joins the table at seat #4 
ondawarpaf: checks 
geyza15: checks 
LedeniCar: checks 
luckydoesan: checks 
t6666860: bets $0.02
ondawarpaf: calls $0.02
geyza15: folds 
LedeniCar: calls $0.02
luckydoesan: folds 
*** RIVER *** [6s 8h 5h Tc] [6h]
ondawarpaf: checks 
LedeniCar: checks 
t6666860: checks 
*** SHOW DOWN ***
ondawarpaf: shows [Kh Kc] (two pair, Kings and Sixes)
LedeniCar: shows [5d 5c] (a full house, Fives full of Sixes)
t6666860: mucks hand 
LedeniCar collected $0.25 from pot
*** SUMMARY ***
Total pot $0.26 | Rake $0.01 
Board [6s 8h 5h Tc 6h]
Seat 1: geyza15 (big blind) folded on the Turn
Seat 2: mangacha11 folded before Flop (didn't bet)
Seat 3: LedeniCar showed [5d 5c] and won ($0.25) with a full house, Fives full of Sixes
Seat 5: luckydoesan folded on the Turn
Seat 6: veritasmori folded before Flop (didn't bet)
Seat 7: Dorex2007 folded before Flop (didn't bet)
Seat 8: t6666860 (button) mucked [As 9d]
Seat 9: ondawarpaf (small blind) showed [Kh Kc] and lost with two pair, Kings and Sixes



PokerStars Hand #236592684862:  Hold'em No Limit ($0.01/$0.02 USD) - 2022/06/05 16:16:37 PT [2022/06/05 19:16:37 ET]
Table 'Alioth IV' 9-max Seat #9 is the button
Seat 1: geyza15 ($2.03 in chips) 
Seat 2: mangacha11 ($2 in chips) 
Seat 3: LedeniCar ($4.27 in chips) 
Seat 5: luckydoesan ($0.99 in chips) 
Seat 6: veritasmori ($2.10 in chips) 
Seat 7: Dorex2007 ($2.03 in chips) 
Seat 8: t6666860 ($2.96 in chips) 
Seat 9: ondawarpaf ($2.37 in chips) 
geyza15: posts small blind $0.01
mangacha11: posts big blind $0.02
Walkel: sits out 
*** HOLE CARDS ***
Dealt to Dorex2007 [Td 9s]
LedeniCar: folds 
luckydoesan: raises $0.05 to $0.07
veritasmori: folds 
Dorex2007: folds 
t6666860: folds 
ondawarpaf: folds 
geyza15: folds 
mangacha11: folds 
Uncalled bet ($0.05) returned to luckydoesan
luckydoesan collected $0.05 from pot
luckydoesan: doesn't show hand 
*** SUMMARY ***
Total pot $0.05 | Rake $0 
Seat 1: geyza15 (small blind) folded before Flop
Seat 2: mangacha11 (big blind) folded before Flop
Seat 3: LedeniCar folded before Flop (didn't bet)
Seat 5: luckydoesan collected ($0.05)
Seat 6: veritasmori folded before Flop (didn't bet)
Seat 7: Dorex2007 folded before Flop (didn't bet)
Seat 8: t6666860 folded before Flop (didn't bet)
Seat 9: ondawarpaf (button) folded before Flop (didn't bet)



PokerStars Hand #236592689849:  Hold'em No Limit ($0.01/$0.02 USD) - 2022/06/05 16:16:53 PT [2022/06/05 19:16:53 ET]
Table 'Alioth IV' 9-max Seat #1 is the button
Seat 1: geyza15 ($2.02 in chips) 
Seat 2: mangacha11 ($1.98 in chips) 
Seat 3: LedeniCar ($4.27 in chips) 
Seat 5: luckydoesan ($1.02 in chips) 
Seat 6: veritasmori ($2.10 in chips) 
Seat 7: Dorex2007 ($2.03 in chips) 
Seat 8: t6666860 ($2.96 in chips) 
Seat 9: ondawarpaf ($2.37 in chips) 
mangacha11: posts small blind $0.01
LedeniCar: posts big blind $0.02
Walkel: sits out 
*** HOLE CARDS ***
Dealt to Dorex2007 [7c 7d]
luckydoesan: calls $0.02
veritasmori: folds 
Dorex2007: calls $0.02
t6666860: folds 
ondawarpaf: calls $0.02
geyza15: calls $0.02
mangacha11: folds 
LedeniCar: checks 
*** FLOP *** [Ad 2c 2d]
LedeniCar: checks 
luckydoesan: checks 
Dorex2007: checks 
ondawarpaf: checks 
geyza15: checks 
*** TURN *** [Ad 2c 2d] [9h]
LedeniCar: checks 
luckydoesan: checks 
Dorex2007: checks 
ondawarpaf: checks 
geyza15: bets $0.06
LedeniCar: folds 
luckydoesan: folds 
Dorex2007: folds 
ondawarpaf: folds 
Uncalled bet ($0.06) returned to geyza15
geyza15 collected $0.11 from pot
geyza15: doesn't show hand 
*** SUMMARY ***
Total pot $0.11 | Rake $0 
Board [Ad 2c 2d 9h]
Seat 1: geyza15 (button) collected ($0.11)
Seat 2: mangacha11 (small blind) folded before Flop
Seat 3: LedeniCar (big blind) folded on the Turn
Seat 5: luckydoesan folded on the Turn
Seat 6: veritasmori folded before Flop (didn't bet)
Seat 7: Dorex2007 folded on the Turn
Seat 8: t6666860 folded before Flop (didn't bet)
Seat 9: ondawarpaf folded on the Turn



PokerStars Hand #236592709732:  Hold'em No Limit ($0.01/$0.02 USD) - 2022/06/05 16:17:59 PT [2022/06/05 19:17:59 ET]
Table 'Alioth IV' 9-max Seat #2 is the button
Seat 1: geyza15 ($2.11 in chips) 
Seat 2: mangacha11 ($1.97 in chips) 
Seat 3: LedeniCar ($4.25 in chips) 
Seat 4: Walkel ($2 in chips) 
Seat 5: luckydoesan ($1 in chips) 
Seat 6: veritasmori ($2.10 in chips) 
Seat 7: Dorex2007 ($2.01 in chips) 
Seat 8: t6666860 ($2.96 in chips) 
Seat 9: ondawarpaf ($2.35 in chips) 
LedeniCar: posts small blind $0.01
Walkel: posts big blind $0.02
*** HOLE CARDS ***
Dealt to Dorex2007 [8d Qh]
luckydoesan: raises $0.05 to $0.07
veritasmori: folds 
Dorex2007: folds 
t6666860: folds 
ondawarpaf: folds 
geyza15: folds 
mangacha11: folds 
LedeniCar: folds 
Walkel: folds 
Uncalled bet ($0.05) returned to luckydoesan
luckydoesan collected $0.05 from pot
luckydoesan: doesn't show hand 
*** SUMMARY ***
Total pot $0.05 | Rake $0 
Seat 1: geyza15 folded before Flop (didn't bet)
Seat 2: mangacha11 (button) folded before Flop (didn't bet)
Seat 3: LedeniCar (small blind) folded before Flop
Seat 4: Walkel (big blind) folded before Flop
Seat 5: luckydoesan collected ($0.05)
Seat 6: veritasmori folded before Flop (didn't bet)
Seat 7: Dorex2007 folded before Flop (didn't bet)
Seat 8: t6666860 folded before Flop (didn't bet)
Seat 9: ondawarpaf folded before Flop (didn't bet)



PokerStars Hand #236592717705:  Hold'em No Limit ($0.01/$0.02 USD) - 2022/06/05 16:18:26 PT [2022/06/05 19:18:26 ET]
Table 'Alioth IV' 9-max Seat #3 is the button
Seat 1: geyza15 ($2.11 in chips) 
Seat 2: mangacha11 ($1.97 in chips) 
Seat 3: LedeniCar ($4.24 in chips) 
Seat 4: Walkel ($1.98 in chips) 
Seat 5: luckydoesan ($1.03 in chips) 
Seat 6: veritasmori ($2.10 in chips) 
Seat 7: Dorex2007 ($2.01 in chips) 
Seat 8: t6666860 ($2.96 in chips) 
Seat 9: ondawarpaf ($2.35 in chips) 
Walkel: posts small blind $0.01
luckydoesan: posts big blind $0.02
*** HOLE CARDS ***
Dealt to Dorex2007 [4s 8h]
veritasmori: folds 
Dorex2007: folds 
t6666860: folds 
ondawarpaf: folds 
geyza15: folds 
mangacha11: calls $0.02
LedeniCar: folds 
Walkel: folds 
luckydoesan: checks 
*** FLOP *** [Js 3c 6d]
luckydoesan: checks 
mangacha11: checks 
*** TURN *** [Js 3c 6d] [Kh]
luckydoesan: bets $0.02
mangacha11: raises $0.05 to $0.07
luckydoesan: folds 
Uncalled bet ($0.05) returned to mangacha11
mangacha11 collected $0.09 from pot
mangacha11: doesn't show hand 
*** SUMMARY ***
Total pot $0.09 | Rake $0 
Board [Js 3c 6d Kh]
Seat 1: geyza15 folded before Flop (didn't bet)
Seat 2: mangacha11 collected ($0.09)
Seat 3: LedeniCar (button) folded before Flop (didn't bet)
Seat 4: Walkel (small blind) folded before Flop
Seat 5: luckydoesan (big blind) folded on the Turn
Seat 6: veritasmori folded before Flop (didn't bet)
Seat 7: Dorex2007 folded before Flop (didn't bet)
Seat 8: t6666860 folded before Flop (didn't bet)
Seat 9: ondawarpaf folded before Flop (didn't bet)



PokerStars Hand #236592731385:  Hold'em No Limit ($0.01/$0.02 USD) - 2022/06/05 16:19:11 PT [2022/06/05 19:19:11 ET]
Table 'Alioth IV' 9-max Seat #4 is the button
Seat 1: geyza15 ($2.11 in chips) 
Seat 2: mangacha11 ($2.02 in chips) 
Seat 3: LedeniCar ($4.24 in chips) 
Seat 4: Walkel ($1.97 in chips) 
Seat 5: luckydoesan ($0.99 in chips) 
Seat 6: veritasmori ($2.10 in chips) 
Seat 7: Dorex2007 ($2.01 in chips) 
Seat 8: t6666860 ($2.96 in chips) 
Seat 9: ondawarpaf ($2.35 in chips) 
luckydoesan: posts small blind $0.01
veritasmori: posts big blind $0.02
*** HOLE CARDS ***
Dealt to Dorex2007 [As 7h]
Dorex2007: folds 
t6666860: folds 
ondawarpaf: folds 
geyza15: folds 
mangacha11: folds 
LedeniCar: folds 
Walkel: folds 
luckydoesan: raises $0.04 to $0.06
veritasmori: folds 
Uncalled bet ($0.04) returned to luckydoesan
luckydoesan collected $0.04 from pot
luckydoesan: doesn't show hand 
*** SUMMARY ***
Total pot $0.04 | Rake $0 
Seat 1: geyza15 folded before Flop (didn't bet)
Seat 2: mangacha11 folded before Flop (didn't bet)
Seat 3: LedeniCar folded before Flop (didn't bet)
Seat 4: Walkel (button) folded before Flop (didn't bet)
Seat 5: luckydoesan (small blind) collected ($0.04)
Seat 6: veritasmori (big blind) folded before Flop
Seat 7: Dorex2007 folded before Flop (didn't bet)
Seat 8: t6666860 folded before Flop (didn't bet)
Seat 9: ondawarpaf folded before Flop (didn't bet)



PokerStars Hand #236592738484:  Hold'em No Limit ($0.01/$0.02 USD) - 2022/06/05 16:19:34 PT [2022/06/05 19:19:34 ET]
Table 'Alioth IV' 9-max Seat #5 is the button
Seat 1: geyza15 ($2.11 in chips) 
Seat 2: mangacha11 ($2.02 in chips) 
Seat 3: LedeniCar ($4.24 in chips) 
Seat 4: Walkel ($1.97 in chips) 
Seat 5: luckydoesan ($1.01 in chips) 
Seat 6: veritasmori ($2.08 in chips) 
Seat 7: Dorex2007 ($2.01 in chips) 
Seat 8: t6666860 ($2.96 in chips) 
Seat 9: ondawarpaf ($2.35 in chips) 
veritasmori: posts small blind $0.01
Dorex2007: posts big blind $0.02
*** HOLE CARDS ***
Dealt to Dorex2007 [6h Js]
t6666860: folds 
ondawarpaf: calls $0.02
geyza15: folds 
mangacha11: folds 
LedeniCar: calls $0.02
Walkel: folds 
luckydoesan: raises $0.09 to $0.11
veritasmori: folds 
Dorex2007: folds 
ondawarpaf: raises $2.24 to $2.35 and is all-in
LedeniCar: folds 
luckydoesan: calls $0.90 and is all-in
Uncalled bet ($1.34) returned to ondawarpaf
*** FLOP *** [Qs 6s 4d]
*** TURN *** [Qs 6s 4d] [5d]
*** RIVER *** [Qs 6s 4d 5d] [9d]
*** SHOW DOWN ***
ondawarpaf: shows [Qd Qc] (three of a kind, Queens)
luckydoesan: shows [3h Ah] (high card Ace)
ondawarpaf collected $2 from pot
*** SUMMARY ***
Total pot $2.07 | Rake $0.07 
Board [Qs 6s 4d 5d 9d]
Seat 1: geyza15 folded before Flop (didn't bet)
Seat 2: mangacha11 folded before Flop (didn't bet)
Seat 3: LedeniCar folded before Flop
Seat 4: Walkel folded before Flop (didn't bet)
Seat 5: luckydoesan (button) showed [3h Ah] and lost with high card Ace
Seat 6: veritasmori (small blind) folded before Flop
Seat 7: Dorex2007 (big blind) folded before Flop
Seat 8: t6666860 folded before Flop (didn't bet)
Seat 9: ondawarpaf showed [Qd Qc] and won ($2) with three of a kind, Queens



PokerStars Hand #236592750055:  Hold'em No Limit ($0.01/$0.02 USD) - 2022/06/05 16:20:12 PT [2022/06/05 19:20:12 ET]
Table 'Alioth IV' 9-max Seat #6 is the button
Seat 1: geyza15 ($2.11 in chips) 
Seat 2: mangacha11 ($2.02 in chips) 
Seat 3: LedeniCar ($4.22 in chips) 
Seat 4: Walkel ($1.97 in chips) 
Seat 6: veritasmori ($2.07 in chips) 
Seat 7: Dorex2007 ($2 in chips) 
Seat 8: t6666860 ($2.96 in chips) 
Seat 9: ondawarpaf ($3.34 in chips) 
Dorex2007: posts small blind $0.01
t6666860: posts big blind $0.02
*** HOLE CARDS ***
Dealt to Dorex2007 [Th 7c]
ondawarpaf: folds 
geyza15: folds 
mangacha11: calls $0.02
luckydoesan said, "N1"
LedeniCar: folds 
Walkel: calls $0.02
veritasmori: folds 
Dorex2007: calls $0.01
t6666860: checks 
*** FLOP *** [9d Js Qc]
Dorex2007: checks 
t6666860: checks 
mangacha11: checks 
Walkel: checks 
*** TURN *** [9d Js Qc] [8h]
Dorex2007: bets $0.08
t6666860: folds 
mangacha11: folds 
Walkel: folds 
Uncalled bet ($0.08) returned to Dorex2007
Dorex2007 collected $0.08 from pot
Dorex2007: doesn't show hand 
*** SUMMARY ***
Total pot $0.08 | Rake $0 
Board [9d Js Qc 8h]
Seat 1: geyza15 folded before Flop (didn't bet)
Seat 2: mangacha11 folded on the Turn
Seat 3: LedeniCar folded before Flop (didn't bet)
Seat 4: Walkel folded on the Turn
Seat 6: veritasmori (button) folded before Flop (didn't bet)
Seat 7: Dorex2007 (small blind) collected ($0.08)
Seat 8: t6666860 (big blind) folded on the Turn
Seat 9: ondawarpaf folded before Flop (didn't bet)



PokerStars Hand #236592767370:  Hold'em No Limit ($0.01/$0.02 USD) - 2022/06/05 16:21:09 PT [2022/06/05 19:21:09 ET]
Table 'Alioth IV' 9-max Seat #7 is the button
Seat 1: geyza15 ($2.11 in chips) 
Seat 2: mangacha11 ($2 in chips) 
Seat 3: LedeniCar ($4.22 in chips) 
Seat 4: Walkel ($1.95 in chips) 
Seat 5: luckydoesan ($1.11 in chips) 
Seat 6: veritasmori ($2.07 in chips) 
Seat 7: Dorex2007 ($2.06 in chips) 
Seat 8: t6666860 ($2.94 in chips) 
Seat 9: ondawarpaf ($3.34 in chips) 
t6666860: posts small blind $0.01
ondawarpaf: posts big blind $0.02
*** HOLE CARDS ***
Dealt to Dorex2007 [Kd 4s]
geyza15: folds 
mangacha11: folds 
LedeniCar: folds 
Walkel: raises $0.04 to $0.06
luckydoesan: folds 
veritasmori: folds 
Dorex2007: folds 
t6666860: folds 
ondawarpaf: folds 
Uncalled bet ($0.04) returned to Walkel
Walkel collected $0.05 from pot
Walkel: doesn't show hand 
*** SUMMARY ***
Total pot $0.05 | Rake $0 
Seat 1: geyza15 folded before Flop (didn't bet)
Seat 2: mangacha11 folded before Flop (didn't bet)
Seat 3: LedeniCar folded before Flop (didn't bet)
Seat 4: Walkel collected ($0.05)
Seat 5: luckydoesan folded before Flop (didn't bet)
Seat 6: veritasmori folded before Flop (didn't bet)
Seat 7: Dorex2007 (button) folded before Flop (didn't bet)
Seat 8: t6666860 (small blind) folded before Flop
Seat 9: ondawarpaf (big blind) folded before Flop



PokerStars Hand #236592772559:  Hold'em No Limit ($0.01/$0.02 USD) - 2022/06/05 16:21:26 PT [2022/06/05 19:21:26 ET]
Table 'Alioth IV' 9-max Seat #8 is the button
Seat 1: geyza15 ($2.11 in chips) 
Seat 2: mangacha11 ($2 in chips) 
Seat 3: LedeniCar ($4.22 in chips) 
Seat 4: Walkel ($1.98 in chips) 
Seat 5: luckydoesan ($1.11 in chips) 
Seat 6: veritasmori ($2.07 in chips) 
Seat 7: Dorex2007 ($2.06 in chips) 
Seat 8: t6666860 ($2.93 in chips) 
Seat 9: ondawarpaf ($3.32 in chips) 
ondawarpaf: posts small blind $0.01
geyza15: posts big blind $0.02
*** HOLE CARDS ***
Dealt to Dorex2007 [Kh Qh]
mangacha11: folds 
LedeniCar: folds 
Walkel: folds 
luckydoesan: raises $0.02 to $0.04
veritasmori: folds 
Dorex2007: calls $0.04
t6666860: raises $0.06 to $0.10
ondawarpaf: folds 
geyza15: folds 
luckydoesan: calls $0.06
Dorex2007: calls $0.06
*** FLOP *** [6h Kd 5d]
luckydoesan: checks 
Dorex2007: bets $0.21
t6666860: calls $0.21
luckydoesan: calls $0.21
*** TURN *** [6h Kd 5d] [4s]
luckydoesan: bets $0.02
Dorex2007: raises $0.97 to $0.99
t6666860: calls $0.99
luckydoesan: calls $0.78 and is all-in
*** RIVER *** [6h Kd 5d 4s] [2c]
Dorex2007: bets $0.76 and is all-in
t6666860: folds 
Uncalled bet ($0.76) returned to Dorex2007
*** SHOW DOWN ***
Dorex2007: shows [Kh Qh] (a pair of Kings)
Dorex2007 collected $0.37 from side pot
luckydoesan: shows [9d 2d] (a pair of Deuces)
Dorex2007 collected $3.24 from main pot
*** SUMMARY ***
Total pot $3.74 Main pot $3.24. Side pot $0.37. | Rake $0.13 
Board [6h Kd 5d 4s 2c]
Seat 1: geyza15 (big blind) folded before Flop
Seat 2: mangacha11 folded before Flop (didn't bet)
Seat 3: LedeniCar folded before Flop (didn't bet)
Seat 4: Walkel folded before Flop (didn't bet)
Seat 5: luckydoesan showed [9d 2d] and lost with a pair of Deuces
Seat 6: veritasmori folded before Flop (didn't bet)
Seat 7: Dorex2007 showed [Kh Qh] and won ($3.61) with a pair of Kings
Seat 8: t6666860 (button) folded on the River
Seat 9: ondawarpaf (small blind) folded before Flop



PokerStars Hand #236592788246:  Hold'em No Limit ($0.01/$0.02 USD) - 2022/06/05 16:22:19 PT [2022/06/05 19:22:19 ET]
Table 'Alioth IV' 9-max Seat #9 is the button
Seat 1: geyza15 ($2.09 in chips) 
Seat 2: mangacha11 ($2 in chips) 
Seat 3: LedeniCar ($4.22 in chips) 
Seat 4: Walkel ($1.98 in chips) 
Seat 6: veritasmori ($2.07 in chips) 
Seat 7: Dorex2007 ($4.37 in chips) 
Seat 8: t6666860 ($1.63 in chips) 
Seat 9: ondawarpaf ($3.31 in chips) 
geyza15: posts small blind $0.01
mangacha11: posts big blind $0.02
*** HOLE CARDS ***
Dealt to Dorex2007 [Js Jh]
LedeniCar: folds 
Walkel: folds 
veritasmori: folds 
Dorex2007: raises $0.04 to $0.06
t6666860: folds 
ondawarpaf: folds 
geyza15: folds 
mangacha11: calls $0.04
*** FLOP *** [3s 6h 3h]
mangacha11: checks 
Dorex2007: bets $0.13
mangacha11: calls $0.13
*** TURN *** [3s 6h 3h] [2c]
mangacha11: checks 
Dorex2007: bets $0.38
mangacha11: folds 
Uncalled bet ($0.38) returned to Dorex2007
Dorex2007 collected $0.38 from pot
Dorex2007: doesn't show hand 
*** SUMMARY ***
Total pot $0.39 | Rake $0.01 
Board [3s 6h 3h 2c]
Seat 1: geyza15 (small blind) folded before Flop
Seat 2: mangacha11 (big blind) folded on the Turn
Seat 3: LedeniCar folded before Flop (didn't bet)
Seat 4: Walkel folded before Flop (didn't bet)
Seat 6: veritasmori folded before Flop (didn't bet)
Seat 7: Dorex2007 collected ($0.38)
Seat 8: t6666860 folded before Flop (didn't bet)
Seat 9: ondawarpaf (button) folded before Flop (didn't bet)



PokerStars Hand #236592802878:  Hold'em No Limit ($0.01/$0.02 USD) - 2022/06/05 16:23:08 PT [2022/06/05 19:23:08 ET]
Table 'Alioth IV' 9-max Seat #1 is the button
Seat 1: geyza15 ($2.08 in chips) 
Seat 2: mangacha11 ($1.81 in chips) 
Seat 3: LedeniCar ($4.22 in chips) 
Seat 4: Walkel ($1.98 in chips) 
Seat 6: veritasmori ($2.07 in chips) 
Seat 7: Dorex2007 ($4.56 in chips) 
Seat 8: t6666860 ($1.63 in chips) 
Seat 9: ondawarpaf ($3.31 in chips) 
mangacha11: posts small blind $0.01
LedeniCar: posts big blind $0.02
*** HOLE CARDS ***
Dealt to Dorex2007 [Jd 8d]
Walkel: folds 
veritasmori: folds 
Dorex2007: folds 
t6666860: raises $1.61 to $1.63 and is all-in
ondawarpaf: folds 
geyza15: folds 
mangacha11: folds 
LedeniCar: folds 
Uncalled bet ($1.61) returned to t6666860
t6666860 collected $0.05 from pot
*** SUMMARY ***
Total pot $0.05 | Rake $0 
Seat 1: geyza15 (button) folded before Flop (didn't bet)
Seat 2: mangacha11 (small blind) folded before Flop
Seat 3: LedeniCar (big blind) folded before Flop
Seat 4: Walkel folded before Flop (didn't bet)
Seat 6: veritasmori folded before Flop (didn't bet)
Seat 7: Dorex2007 folded before Flop (didn't bet)
Seat 8: t6666860 collected ($0.05)
Seat 9: ondawarpaf folded before Flop (didn't bet)



PokerStars Hand #236592812684:  Hold'em No Limit ($0.01/$0.02 USD) - 2022/06/05 16:23:41 PT [2022/06/05 19:23:41 ET]
Table 'Alioth IV' 9-max Seat #2 is the button
Seat 1: geyza15 ($2.08 in chips) 
Seat 2: mangacha11 ($1.80 in chips) 
Seat 3: LedeniCar ($4.20 in chips) 
Seat 4: Walkel ($1.98 in chips) 
Seat 6: veritasmori ($2.07 in chips) 
Seat 7: Dorex2007 ($4.56 in chips) 
Seat 8: t6666860 ($1.66 in chips) 
Seat 9: ondawarpaf ($3.31 in chips) 
LedeniCar: posts small blind $0.01
Walkel: posts big blind $0.02
*** HOLE CARDS ***
Dealt to Dorex2007 [6c 4c]
veritasmori: folds 
Dorex2007: folds 
t6666860: folds 
ondawarpaf: folds 
geyza15: folds 
mangacha11 has timed out
mangacha11: folds 
LedeniCar: raises $0.02 to $0.04
Walkel: calls $0.02
*** FLOP *** [5s 4s Ac]
LedeniCar: bets $0.02
t6666860 leaves the table
Walkel: calls $0.02
*** TURN *** [5s 4s Ac] [3c]
LedeniCar: checks 
Walkel: bets $0.06
LedeniCar: folds 
Uncalled bet ($0.06) returned to Walkel
Walkel collected $0.12 from pot
Walkel: doesn't show hand 
*** SUMMARY ***
Total pot $0.12 | Rake $0 
Board [5s 4s Ac 3c]
Seat 1: geyza15 folded before Flop (didn't bet)
Seat 2: mangacha11 (button) folded before Flop (didn't bet)
Seat 3: LedeniCar (small blind) folded on the Turn
Seat 4: Walkel (big blind) collected ($0.12)
Seat 6: veritasmori folded before Flop (didn't bet)
Seat 7: Dorex2007 folded before Flop (didn't bet)
Seat 8: t6666860 folded before Flop (didn't bet)
Seat 9: ondawarpaf folded before Flop (didn't bet)



PokerStars Hand #236592825571:  Hold'em No Limit ($0.01/$0.02 USD) - 2022/06/05 16:24:24 PT [2022/06/05 19:24:24 ET]
Table 'Alioth IV' 9-max Seat #3 is the button
Seat 1: geyza15 ($2.08 in chips) 
Seat 2: mangacha11 ($1.80 in chips) 
Seat 3: LedeniCar ($4.14 in chips) 
Seat 4: Walkel ($2.04 in chips) 
Seat 6: veritasmori ($2.07 in chips) 
Seat 7: Dorex2007 ($4.56 in chips) 
Seat 9: ondawarpaf ($3.31 in chips) 
Walkel: posts small blind $0.01
veritasmori: posts big blind $0.02
*** HOLE CARDS ***
Dealt to Dorex2007 [Kc 7c]
Dorex2007: folds 
ondawarpaf: folds 
geyza15: raises $0.03 to $0.05
mangacha11: folds 
LedeniCar: folds 
Walkel: folds 
veritasmori: folds 
Uncalled bet ($0.03) returned to geyza15
geyza15 collected $0.05 from pot
geyza15: doesn't show hand 
*** SUMMARY ***
Total pot $0.05 | Rake $0 
Seat 1: geyza15 collected ($0.05)
Seat 2: mangacha11 folded before Flop (didn't bet)
Seat 3: LedeniCar (button) folded before Flop (didn't bet)
Seat 4: Walkel (small blind) folded before Flop
Seat 6: veritasmori (big blind) folded before Flop
Seat 7: Dorex2007 folded before Flop (didn't bet)
Seat 9: ondawarpaf folded before Flop (didn't bet)



PokerStars Hand #236592833580:  Hold'em No Limit ($0.01/$0.02 USD) - 2022/06/05 16:24:51 PT [2022/06/05 19:24:51 ET]
Table 'Alioth IV' 9-max Seat #4 is the button
Seat 1: geyza15 ($2.11 in chips) 
Seat 2: mangacha11 ($1.80 in chips) 
Seat 3: LedeniCar ($4.14 in chips) 
Seat 4: Walkel ($2.03 in chips) 
Seat 6: veritasmori ($2.05 in chips) 
Seat 7: Dorex2007 ($4.56 in chips) 
Seat 9: ondawarpaf ($3.31 in chips) 
veritasmori: posts small blind $0.01
Dorex2007: posts big blind $0.02
*** HOLE CARDS ***
Dealt to Dorex2007 [6d Js]
ondawarpaf: folds 
geyza15: folds 
mangacha11: folds 
LedeniCar: raises $0.03 to $0.05
Walkel: folds 
veritasmori: folds 
Dorex2007: folds 
Uncalled bet ($0.03) returned to LedeniCar
LedeniCar collected $0.05 from pot
LedeniCar: doesn't show hand 
*** SUMMARY ***
Total pot $0.05 | Rake $0 
Seat 1: geyza15 folded before Flop (didn't bet)
Seat 2: mangacha11 folded before Flop (didn't bet)
Seat 3: LedeniCar collected ($0.05)
Seat 4: Walkel (button) folded before Flop (didn't bet)
Seat 6: veritasmori (small blind) folded before Flop
Seat 7: Dorex2007 (big blind) folded before Flop
Seat 9: ondawarpaf folded before Flop (didn't bet)



PokerStars Hand #236592840057:  Hold'em No Limit ($0.01/$0.02 USD) - 2022/06/05 16:25:13 PT [2022/06/05 19:25:13 ET]
Table 'Alioth IV' 9-max Seat #6 is the button
Seat 1: geyza15 ($2.11 in chips) 
Seat 2: mangacha11 ($1.80 in chips) 
Seat 3: LedeniCar ($4.17 in chips) 
Seat 4: Walkel ($2.03 in chips) 
Seat 6: veritasmori ($2.04 in chips) 
Seat 7: Dorex2007 ($4.54 in chips) 
Seat 9: ondawarpaf ($3.31 in chips) 
Dorex2007: posts small blind $0.01
ondawarpaf: posts big blind $0.02
*** HOLE CARDS ***
Dealt to Dorex2007 [Tc Qd]
geyza15: folds 
mangacha11: folds 
LedeniCar: folds 
Walkel: folds 
veritasmori: folds 
Dorex2007: raises $0.02 to $0.04
ondawarpaf: folds 
Uncalled bet ($0.02) returned to Dorex2007
Dorex2007 collected $0.04 from pot
Dorex2007: doesn't show hand 
*** SUMMARY ***
Total pot $0.04 | Rake $0 
Seat 1: geyza15 folded before Flop (didn't bet)
Seat 2: mangacha11 folded before Flop (didn't bet)
Seat 3: LedeniCar folded before Flop (didn't bet)
Seat 4: Walkel folded before Flop (didn't bet)
Seat 6: veritasmori (button) folded before Flop (didn't bet)
Seat 7: Dorex2007 (small blind) collected ($0.04)
Seat 9: ondawarpaf (big blind) folded before Flop



PokerStars Hand #236592844711:  Hold'em No Limit ($0.01/$0.02 USD) - 2022/06/05 16:25:29 PT [2022/06/05 19:25:29 ET]
Table 'Alioth IV' 9-max Seat #7 is the button
Seat 1: geyza15 ($2.11 in chips) 
Seat 2: mangacha11 ($1.80 in chips) 
Seat 3: LedeniCar ($4.17 in chips) 
Seat 4: Walkel ($2.03 in chips) 
Seat 6: veritasmori ($2.04 in chips) 
Seat 7: Dorex2007 ($4.56 in chips) 
Seat 9: ondawarpaf ($3.29 in chips) 
ondawarpaf: posts small blind $0.01
geyza15: posts big blind $0.02
*** HOLE CARDS ***
Dealt to Dorex2007 [Ah Qd]
mangacha11 has timed out
mangacha11: folds 
LedeniCar: folds 
Walkel: folds 
veritasmori: folds 
Dorex2007: raises $0.04 to $0.06
ondawarpaf: folds 
geyza15: folds 
Uncalled bet ($0.04) returned to Dorex2007
Dorex2007 collected $0.05 from pot
Dorex2007: doesn't show hand 
*** SUMMARY ***
Total pot $0.05 | Rake $0 
Seat 1: geyza15 (big blind) folded before Flop
Seat 2: mangacha11 folded before Flop (didn't bet)
Seat 3: LedeniCar folded before Flop (didn't bet)
Seat 4: Walkel folded before Flop (didn't bet)
Seat 6: veritasmori folded before Flop (didn't bet)
Seat 7: Dorex2007 (button) collected ($0.05)
Seat 9: ondawarpaf (small blind) folded before Flop



PokerStars Hand #236592852369:  Hold'em No Limit ($0.01/$0.02 USD) - 2022/06/05 16:25:55 PT [2022/06/05 19:25:55 ET]
Table 'Alioth IV' 9-max Seat #9 is the button
Seat 1: geyza15 ($2.09 in chips) 
Seat 2: mangacha11 ($1.80 in chips) 
Seat 3: LedeniCar ($4.17 in chips) 
Seat 4: Walkel ($2.03 in chips) 
Seat 6: veritasmori ($2.04 in chips) 
Seat 7: Dorex2007 ($4.59 in chips) 
Seat 9: ondawarpaf ($3.28 in chips) 
geyza15: posts small blind $0.01
mangacha11: posts big blind $0.02
*** HOLE CARDS ***
Dealt to Dorex2007 [6c Th]
LedeniCar: folds 
Walkel: folds 
veritasmori: folds 
Dorex2007: folds 
ondawarpaf: calls $0.02
geyza15: folds 
mangacha11: checks 
*** FLOP *** [Ks 8h Ah]
mangacha11: checks 
ondawarpaf: checks 
*** TURN *** [Ks 8h Ah] [Jc]
mangacha11: bets $0.06
ondawarpaf: calls $0.06
*** RIVER *** [Ks 8h Ah Jc] [8d]
mangacha11: checks 
ondawarpaf: bets $0.06
mangacha11: calls $0.06
*** SHOW DOWN ***
ondawarpaf: shows [Ad Kc] (two pair, Aces and Kings)
mangacha11: mucks hand 
ondawarpaf collected $0.28 from pot
*** SUMMARY ***
Total pot $0.29 | Rake $0.01 
Board [Ks 8h Ah Jc 8d]
Seat 1: geyza15 (small blind) folded before Flop
Seat 2: mangacha11 (big blind) mucked [Kh 9h]
Seat 3: LedeniCar folded before Flop (didn't bet)
Seat 4: Walkel folded before Flop (didn't bet)
Seat 6: veritasmori folded before Flop (didn't bet)
Seat 7: Dorex2007 folded before Flop (didn't bet)
Seat 9: ondawarpaf (button) showed [Ad Kc] and won ($0.28) with two pair, Aces and Kings



PokerStars Hand #236592868007:  Hold'em No Limit ($0.01/$0.02 USD) - 2022/06/05 16:26:48 PT [2022/06/05 19:26:48 ET]
Table 'Alioth IV' 9-max Seat #1 is the button
Seat 1: geyza15 ($2.08 in chips) 
Seat 2: mangacha11 ($1.66 in chips) 
Seat 3: LedeniCar ($4.17 in chips) 
Seat 4: Walkel ($2.03 in chips) 
Seat 6: veritasmori ($2.04 in chips) 
Seat 7: Dorex2007 ($4.59 in chips) 
Seat 9: ondawarpaf ($3.42 in chips) 
mangacha11: posts small blind $0.01
LedeniCar: posts big blind $0.02
*** HOLE CARDS ***
Dealt to Dorex2007 [7s 2h]
Walkel: folds 
veritasmori: folds 
Dorex2007: folds 
ondawarpaf: folds 
geyza15: raises $0.02 to $0.04
mangacha11: folds 
LedeniCar: folds 
Uncalled bet ($0.02) returned to geyza15
geyza15 collected $0.05 from pot
geyza15: doesn't show hand 
*** SUMMARY ***
Total pot $0.05 | Rake $0 
Seat 1: geyza15 (button) collected ($0.05)
Seat 2: mangacha11 (small blind) folded before Flop
Seat 3: LedeniCar (big blind) folded before Flop
Seat 4: Walkel folded before Flop (didn't bet)
Seat 6: veritasmori folded before Flop (didn't bet)
Seat 7: Dorex2007 folded before Flop (didn't bet)
Seat 9: ondawarpaf folded before Flop (didn't bet)



PokerStars Hand #236592873946:  Hold'em No Limit ($0.01/$0.02 USD) - 2022/06/05 16:27:08 PT [2022/06/05 19:27:08 ET]
Table 'Alioth IV' 9-max Seat #2 is the button
Seat 1: geyza15 ($2.11 in chips) 
Seat 2: mangacha11 ($1.65 in chips) 
Seat 3: LedeniCar ($4.15 in chips) 
Seat 4: Walkel ($2.03 in chips) 
Seat 6: veritasmori ($2.04 in chips) 
Seat 7: Dorex2007 ($4.59 in chips) 
Seat 9: ondawarpaf ($3.42 in chips) 
LedeniCar: posts small blind $0.01
Walkel: posts big blind $0.02
*** HOLE CARDS ***
Dealt to Dorex2007 [Kh Kd]
veritasmori: folds 
Dorex2007: raises $0.04 to $0.06
ondawarpaf: folds 
geyza15: folds 
mangacha11: folds 
LedeniCar: folds 
osoangel98 joins the table at seat #8 
Walkel: folds 
Uncalled bet ($0.04) returned to Dorex2007
Dorex2007 collected $0.05 from pot
Dorex2007: doesn't show hand 
*** SUMMARY ***
Total pot $0.05 | Rake $0 
Seat 1: geyza15 folded before Flop (didn't bet)
Seat 2: mangacha11 (button) folded before Flop (didn't bet)
Seat 3: LedeniCar (small blind) folded before Flop
Seat 4: Walkel (big blind) folded before Flop
Seat 6: veritasmori folded before Flop (didn't bet)
Seat 7: Dorex2007 collected ($0.05)
Seat 9: ondawarpaf folded before Flop (didn't bet)



PokerStars Hand #236592879088:  Hold'em No Limit ($0.01/$0.02 USD) - 2022/06/05 16:27:26 PT [2022/06/05 19:27:26 ET]
Table 'Alioth IV' 9-max Seat #3 is the button
Seat 1: geyza15 ($2.11 in chips) 
Seat 2: mangacha11 ($1.65 in chips) 
Seat 3: LedeniCar ($4.14 in chips) 
Seat 4: Walkel ($2.01 in chips) 
Seat 7: Dorex2007 ($4.62 in chips) 
Seat 9: ondawarpaf ($3.42 in chips) 
Walkel: posts small blind $0.01
veritasmori: is sitting out 
Dorex2007: posts big blind $0.02
osoangel98: sits out 
*** HOLE CARDS ***
Dealt to Dorex2007 [2d Td]
ondawarpaf: folds 
geyza15: folds 
mangacha11: calls $0.02
LedeniCar: folds 
Walkel: raises $0.10 to $0.12
Dorex2007: folds 
mangacha11: calls $0.10
*** FLOP *** [2c 9c Ad]
Walkel: bets $0.08
mangacha11: calls $0.08
*** TURN *** [2c 9c Ad] [Jd]
Walkel: bets $0.12
osoangel98 leaves the table
mangacha11: raises $0.54 to $0.66
Walkel: calls $0.54
*** RIVER *** [2c 9c Ad Jd] [7h]
Walkel: checks 
mangacha11: bets $0.79 and is all-in
Walkel: folds 
Uncalled bet ($0.79) returned to mangacha11
mangacha11 collected $1.68 from pot
mangacha11: doesn't show hand 
*** SUMMARY ***
Total pot $1.74 | Rake $0.06 
Board [2c 9c Ad Jd 7h]
Seat 1: geyza15 folded before Flop (didn't bet)
Seat 2: mangacha11 collected ($1.68)
Seat 3: LedeniCar (button) folded before Flop (didn't bet)
Seat 4: Walkel (small blind) folded on the River
Seat 7: Dorex2007 (big blind) folded before Flop
Seat 9: ondawarpaf folded before Flop (didn't bet)



PokerStars Hand #236592900126:  Hold'em No Limit ($0.01/$0.02 USD) - 2022/06/05 16:28:38 PT [2022/06/05 19:28:38 ET]
Table 'Alioth IV' 9-max Seat #4 is the button
Seat 1: geyza15 ($2.11 in chips) 
Seat 2: mangacha11 ($2.47 in chips) 
Seat 3: LedeniCar ($4.14 in chips) 
Seat 4: Walkel ($2 in chips) 
Seat 7: Dorex2007 ($4.60 in chips) 
Seat 9: ondawarpaf ($3.42 in chips) 
Dorex2007: posts small blind $0.01
ondawarpaf: posts big blind $0.02
*** HOLE CARDS ***
Dealt to Dorex2007 [Td 8c]
geyza15: raises $0.03 to $0.05
mangacha11: calls $0.05
LedeniCar: folds 
Walkel: folds 
ljrose40 joins the table at seat #8 
Dorex2007: folds 
ondawarpaf: folds 
*** FLOP *** [Tc 7c Ah]
geyza15: checks 
mangacha11: checks 
*** TURN *** [Tc 7c Ah] [5h]
geyza15: checks 
mangacha11: checks 
*** RIVER *** [Tc 7c Ah 5h] [Jh]
geyza15: bets $0.06
mangacha11: calls $0.06
*** SHOW DOWN ***
geyza15: shows [4h 3h] (a flush, Ace high)
mangacha11: mucks hand 
geyza15 collected $0.24 from pot
*** SUMMARY ***
Total pot $0.25 | Rake $0.01 
Board [Tc 7c Ah 5h Jh]
Seat 1: geyza15 showed [4h 3h] and won ($0.24) with a flush, Ace high
Seat 2: mangacha11 mucked [9d 9s]
Seat 3: LedeniCar folded before Flop (didn't bet)
Seat 4: Walkel (button) folded before Flop (didn't bet)
Seat 7: Dorex2007 (small blind) folded before Flop
Seat 9: ondawarpaf (big blind) folded before Flop



PokerStars Hand #236592912584:  Hold'em No Limit ($0.01/$0.02 USD) - 2022/06/05 16:29:21 PT [2022/06/05 19:29:21 ET]
Table 'Alioth IV' 9-max Seat #7 is the button
Seat 1: geyza15 ($2.24 in chips) 
Seat 2: mangacha11 ($2.36 in chips) 
Seat 3: LedeniCar ($4.14 in chips) 
Seat 4: Walkel ($2 in chips) 
Seat 7: Dorex2007 ($4.59 in chips) 
Seat 9: ondawarpaf ($3.40 in chips) 
ondawarpaf: posts small blind $0.01
geyza15: posts big blind $0.02
*** HOLE CARDS ***
Dealt to Dorex2007 [Ah 9s]
mangacha11: calls $0.02
LedeniCar: raises $0.07 to $0.09
Walkel: folds 
Dorex2007: folds 
ondawarpaf: folds 
geyza15: calls $0.07
mangacha11: calls $0.07
*** FLOP *** [4d 2h 7c]
geyza15: checks 
mangacha11: checks 
LedeniCar: checks 
*** TURN *** [4d 2h 7c] [7s]
geyza15: bets $0.14
mangacha11: calls $0.14
LedeniCar: folds 
*** RIVER *** [4d 2h 7c 7s] [4h]
geyza15: checks 
mangacha11: checks 
*** SHOW DOWN ***
geyza15: shows [Tc Jc] (two pair, Sevens and Fours)
mangacha11: mucks hand 
geyza15 collected $0.54 from pot
*** SUMMARY ***
Total pot $0.56 | Rake $0.02 
Board [4d 2h 7c 7s 4h]
Seat 1: geyza15 (big blind) showed [Tc Jc] and won ($0.54) with two pair, Sevens and Fours
Seat 2: mangacha11 mucked [3h 3c]
Seat 3: LedeniCar folded on the Turn
Seat 4: Walkel folded before Flop (didn't bet)
Seat 7: Dorex2007 (button) folded before Flop (didn't bet)
Seat 9: ondawarpaf (small blind) folded before Flop



PokerStars Hand #236592933002:  Hold'em No Limit ($0.01/$0.02 USD) - 2022/06/05 16:30:11 PT [2022/06/05 19:30:11 ET]
Table 'Alioth IV' 9-max Seat #9 is the button
Seat 1: geyza15 ($2.55 in chips) 
Seat 2: mangacha11 ($2.13 in chips) 
Seat 3: LedeniCar ($4.05 in chips) 
Seat 4: Walkel ($2 in chips) 
Seat 7: Dorex2007 ($4.59 in chips) 
Seat 8: ljrose40 ($1.60 in chips) 
Seat 9: ondawarpaf ($3.39 in chips) 
geyza15: posts small blind $0.01
mangacha11: posts big blind $0.02
ljrose40: posts big blind $0.02
*** HOLE CARDS ***
Dealt to Dorex2007 [7d 3c]
LedeniCar: folds 
Walkel: raises $0.04 to $0.06
Dorex2007: folds 
ljrose40: folds 
ondawarpaf: folds 
geyza15: folds 
mangacha11: calls $0.04
*** FLOP *** [Js 6h 5s]
mangacha11: checks 
Walkel: checks 
*** TURN *** [Js 6h 5s] [Kd]
mangacha11: bets $0.04
Walkel: raises $0.06 to $0.10
mangacha11: calls $0.06
*** RIVER *** [Js 6h 5s Kd] [6c]
mangacha11: checks 
Walkel: checks 
*** SHOW DOWN ***
mangacha11: shows [Th Td] (two pair, Tens and Sixes)
Walkel: shows [Ad Ks] (two pair, Kings and Sixes)
Walkel collected $0.34 from pot
*** SUMMARY ***
Total pot $0.35 | Rake $0.01 
Board [Js 6h 5s Kd 6c]
Seat 1: geyza15 (small blind) folded before Flop
Seat 2: mangacha11 (big blind) showed [Th Td] and lost with two pair, Tens and Sixes
Seat 3: LedeniCar folded before Flop (didn't bet)
Seat 4: Walkel showed [Ad Ks] and won ($0.34) with two pair, Kings and Sixes
Seat 7: Dorex2007 folded before Flop (didn't bet)
Seat 8: ljrose40 folded before Flop (didn't bet)
Seat 9: ondawarpaf (button) folded before Flop (didn't bet)



PokerStars Hand #236592946919:  Hold'em No Limit ($0.01/$0.02 USD) - 2022/06/05 16:30:59 PT [2022/06/05 19:30:59 ET]
Table 'Alioth IV' 9-max Seat #1 is the button
Seat 1: geyza15 ($2.54 in chips) 
Seat 2: mangacha11 ($1.97 in chips) 
Seat 3: LedeniCar ($4.05 in chips) 
Seat 4: Walkel ($2.18 in chips) 
Seat 7: Dorex2007 ($4.59 in chips) 
Seat 8: ljrose40 ($1.58 in chips) 
Seat 9: ondawarpaf ($3.39 in chips) 
mangacha11: posts small blind $0.01
LedeniCar: posts big blind $0.02
*** HOLE CARDS ***
Dealt to Dorex2007 [Th 4d]
Walkel: folds 
Dorex2007: folds 
ljrose40: raises $0.02 to $0.04
ondawarpaf: folds 
geyza15: calls $0.04
mangacha11: folds 
LedeniCar: calls $0.02
*** FLOP *** [Ad 6c 7s]
LedeniCar: checks 
ljrose40: bets $0.08
geyza15: calls $0.08
LedeniCar: folds 
*** TURN *** [Ad 6c 7s] [8c]
ljrose40: bets $0.10
veritasmori leaves the table
geyza15: calls $0.10
*** RIVER *** [Ad 6c 7s 8c] [Ah]
ljrose40: bets $0.10
geyza15: folds 
Uncalled bet ($0.10) returned to ljrose40
ljrose40 collected $0.47 from pot
ljrose40: doesn't show hand 
*** SUMMARY ***
Total pot $0.49 | Rake $0.02 
Board [Ad 6c 7s 8c Ah]
Seat 1: geyza15 (button) folded on the River
Seat 2: mangacha11 (small blind) folded before Flop
Seat 3: LedeniCar (big blind) folded on the Flop
Seat 4: Walkel folded before Flop (didn't bet)
Seat 7: Dorex2007 folded before Flop (didn't bet)
Seat 8: ljrose40 collected ($0.47)
Seat 9: ondawarpaf folded before Flop (didn't bet)



