PokerStars Hand #238688547364:  Hold'em No Limit ($0.02/$0.05 USD) - 2022/09/17 11:31:04 PT [2022/09/17 14:31:04 ET]
Table 'Stroobantia III' 9-max Seat #7 is the button
Seat 1: SZEDLACSEK19 ($3.53 in chips) 
Seat 2: Kev929292 ($4.43 in chips) 
Seat 4: LipeNA ($4.16 in chips) 
Seat 5: xArthouroSx ($5.33 in chips) 
Seat 6: Dorex2007 ($5 in chips) 
Seat 7: Kroki66 ($4.53 in chips) 
Seat 8: Lonko01 ($4.93 in chips) 
Seat 9: KOCETO_1992 ($3.95 in chips) 
Lonko01: posts small blind $0.02
KOCETO_1992: posts big blind $0.05
TrzymamKolo: sits out 
Dorex2007: posts big blind $0.05
*** HOLE CARDS ***
Dealt to Dorex2007 [8d 5s]
SZEDLACSEK19: calls $0.05
Kev929292: calls $0.05
LipeNA: folds 
xArthouroSx: folds 
Dorex2007 has timed out
Dorex2007: checks 
Kroki66: folds 
Lonko01: folds 
KOCETO_1992: checks 
*** FLOP *** [6d 7d 5d]
KOCETO_1992: checks 
SZEDLACSEK19: checks 
Kev929292: bets $0.10
Dorex2007: calls $0.10
KOCETO_1992: folds 
SZEDLACSEK19: calls $0.10
*** TURN *** [6d 7d 5d] [2h]
SZEDLACSEK19: checks 
Kev929292: bets $0.15
Dorex2007: calls $0.15
SZEDLACSEK19: calls $0.15
*** RIVER *** [6d 7d 5d 2h] [5c]
SZEDLACSEK19: checks 
Kev929292: bets $0.93
Dorex2007: calls $0.93
SZEDLACSEK19: raises $2.30 to $3.23 and is all-in
Kev929292: raises $0.90 to $4.13 and is all-in
Dorex2007: folds 
Uncalled bet ($0.90) returned to Kev929292
*** SHOW DOWN ***
Kev929292: shows [7c 5h] (a full house, Fives full of Sevens)
SZEDLACSEK19: shows [Ad Td] (a flush, Ace high)
Kev929292 collected $8.01 from pot
*** SUMMARY ***
Total pot $8.36 | Rake $0.35 
Board [6d 7d 5d 2h 5c]
Seat 1: SZEDLACSEK19 showed [Ad Td] and lost with a flush, Ace high
Seat 2: Kev929292 showed [7c 5h] and won ($8.01) with a full house, Fives full of Sevens
Seat 4: LipeNA folded before Flop (didn't bet)
Seat 5: xArthouroSx folded before Flop (didn't bet)
Seat 6: Dorex2007 folded on the River
Seat 7: Kroki66 (button) folded before Flop (didn't bet)
Seat 8: Lonko01 (small blind) folded before Flop
Seat 9: KOCETO_1992 (big blind) folded on the Flop



PokerStars Hand #238688584829:  Hold'em No Limit ($0.02/$0.05 USD) - 2022/09/17 11:32:41 PT [2022/09/17 14:32:41 ET]
Table 'Stroobantia III' 9-max Seat #8 is the button
Seat 2: Kev929292 ($8.91 in chips) 
Seat 4: LipeNA ($4.16 in chips) 
Seat 5: xArthouroSx ($5.33 in chips) 
Seat 6: Dorex2007 ($5 in chips) 
Seat 7: Kroki66 ($4.53 in chips) 
Seat 8: Lonko01 ($4.91 in chips) 
Seat 9: KOCETO_1992 ($3.90 in chips) 
KOCETO_1992: posts small blind $0.02
Kev929292: posts big blind $0.05
TrzymamKolo: sits out 
*** HOLE CARDS ***
Dealt to Dorex2007 [3d 9d]
LipeNA: raises $0.05 to $0.10
xArthouroSx: folds 
Dorex2007: folds 
Kroki66: folds 
Lonko01: folds 
KOCETO_1992: folds 
Kev929292: folds 
Uncalled bet ($0.05) returned to LipeNA
LipeNA collected $0.12 from pot
LipeNA: doesn't show hand 
*** SUMMARY ***
Total pot $0.12 | Rake $0 
Seat 2: Kev929292 (big blind) folded before Flop
Seat 4: LipeNA collected ($0.12)
Seat 5: xArthouroSx folded before Flop (didn't bet)
Seat 6: Dorex2007 folded before Flop (didn't bet)
Seat 7: Kroki66 folded before Flop (didn't bet)
Seat 8: Lonko01 (button) folded before Flop (didn't bet)
Seat 9: KOCETO_1992 (small blind) folded before Flop



PokerStars Hand #238688592807:  Hold'em No Limit ($0.02/$0.05 USD) - 2022/09/17 11:33:01 PT [2022/09/17 14:33:01 ET]
Table 'Stroobantia III' 9-max Seat #9 is the button
Seat 2: Kev929292 ($8.86 in chips) 
Seat 3: TrzymamKolo ($5 in chips) 
Seat 4: LipeNA ($4.23 in chips) 
Seat 5: xArthouroSx ($5.33 in chips) 
Seat 6: Dorex2007 ($5 in chips) 
Seat 7: Kroki66 ($4.53 in chips) 
Seat 8: Lonko01 ($4.91 in chips) 
Seat 9: KOCETO_1992 ($3.88 in chips) 
Kev929292: posts small blind $0.02
TrzymamKolo: posts big blind $0.05
*** HOLE CARDS ***
Dealt to Dorex2007 [9h 5s]
LipeNA: folds 
xArthouroSx: folds 
Dorex2007: folds 
Kroki66: folds 
Lonko01: folds 
KOCETO_1992: folds 
Kev929292: calls $0.03
TrzymamKolo: checks 
*** FLOP *** [7s 3s 3h]
Kev929292: checks 
TrzymamKolo: checks 
*** TURN *** [7s 3s 3h] [3c]
Kev929292: checks 
TrzymamKolo: checks 
*** RIVER *** [7s 3s 3h 3c] [Tc]
Kev929292: bets $0.10
TrzymamKolo: folds 
Uncalled bet ($0.10) returned to Kev929292
Kev929292 collected $0.10 from pot
*** SUMMARY ***
Total pot $0.10 | Rake $0 
Board [7s 3s 3h 3c Tc]
Seat 2: Kev929292 (small blind) collected ($0.10)
Seat 3: TrzymamKolo (big blind) folded on the River
Seat 4: LipeNA folded before Flop (didn't bet)
Seat 5: xArthouroSx folded before Flop (didn't bet)
Seat 6: Dorex2007 folded before Flop (didn't bet)
Seat 7: Kroki66 folded before Flop (didn't bet)
Seat 8: Lonko01 folded before Flop (didn't bet)
Seat 9: KOCETO_1992 (button) folded before Flop (didn't bet)



PokerStars Hand #238688614502:  Hold'em No Limit ($0.02/$0.05 USD) - 2022/09/17 11:33:57 PT [2022/09/17 14:33:57 ET]
Table 'Stroobantia III' 9-max Seat #2 is the button
Seat 1: SZEDLACSEK19 ($2 in chips) 
Seat 2: Kev929292 ($8.91 in chips) 
Seat 3: TrzymamKolo ($5 in chips) 
Seat 4: LipeNA ($4.23 in chips) 
Seat 5: xArthouroSx ($5.33 in chips) 
Seat 6: Dorex2007 ($5 in chips) 
Seat 7: Kroki66 ($4.53 in chips) 
Seat 8: Lonko01 ($4.91 in chips) 
Seat 9: KOCETO_1992 ($3.88 in chips) 
TrzymamKolo: posts small blind $0.02
LipeNA: posts big blind $0.05
SZEDLACSEK19: posts small & big blinds $0.07
*** HOLE CARDS ***
Dealt to Dorex2007 [Th 9s]
xArthouroSx: folds 
Dorex2007: folds 
Kroki66: folds 
Lonko01: calls $0.05
KOCETO_1992: calls $0.05
SZEDLACSEK19: checks 
Kev929292: raises $0.05 to $0.10
TrzymamKolo: folds 
LipeNA: folds 
Lonko01: calls $0.05
KOCETO_1992: calls $0.05
SZEDLACSEK19: calls $0.05
*** FLOP *** [6s Ac 6d]
Lonko01: checks 
KOCETO_1992: checks 
SZEDLACSEK19: checks 
Kev929292: checks 
*** TURN *** [6s Ac 6d] [7d]
Lonko01: checks 
KOCETO_1992: bets $0.12
SZEDLACSEK19: folds 
Kev929292: calls $0.12
Lonko01: folds 
*** RIVER *** [6s Ac 6d 7d] [3c]
KOCETO_1992: checks 
Kev929292: bets $0.35
KOCETO_1992: calls $0.35
*** SHOW DOWN ***
Kev929292: shows [2s 2c] (two pair, Sixes and Deuces)
KOCETO_1992: shows [8d 8c] (two pair, Eights and Sixes)
KOCETO_1992 collected $1.37 from pot
*** SUMMARY ***
Total pot $1.43 | Rake $0.06 
Board [6s Ac 6d 7d 3c]
Seat 1: SZEDLACSEK19 folded on the Turn
Seat 2: Kev929292 (button) showed [2s 2c] and lost with two pair, Sixes and Deuces
Seat 3: TrzymamKolo (small blind) folded before Flop
Seat 4: LipeNA (big blind) folded before Flop
Seat 5: xArthouroSx folded before Flop (didn't bet)
Seat 6: Dorex2007 folded before Flop (didn't bet)
Seat 7: Kroki66 folded before Flop (didn't bet)
Seat 8: Lonko01 folded on the Turn
Seat 9: KOCETO_1992 showed [8d 8c] and won ($1.37) with two pair, Eights and Sixes



PokerStars Hand #238688657501:  Hold'em No Limit ($0.02/$0.05 USD) - 2022/09/17 11:35:48 PT [2022/09/17 14:35:48 ET]
Table 'Stroobantia III' 9-max Seat #3 is the button
Seat 1: SZEDLACSEK19 ($1.88 in chips) 
Seat 2: Kev929292 ($8.34 in chips) 
Seat 3: TrzymamKolo ($5 in chips) 
Seat 4: LipeNA ($4.18 in chips) 
Seat 5: xArthouroSx ($5.33 in chips) 
Seat 6: Dorex2007 ($5 in chips) 
Seat 7: Kroki66 ($4.53 in chips) 
Seat 8: Lonko01 ($4.81 in chips) 
Seat 9: KOCETO_1992 ($4.68 in chips) 
LipeNA: posts small blind $0.02
xArthouroSx: posts big blind $0.05
*** HOLE CARDS ***
Dealt to Dorex2007 [2h 2d]
Dorex2007: calls $0.05
Kroki66: folds 
Lonko01: calls $0.05
KOCETO_1992: calls $0.05
SZEDLACSEK19: folds 
Kev929292: calls $0.05
TrzymamKolo: folds 
LipeNA: calls $0.03
xArthouroSx: checks 
*** FLOP *** [8c 5s 4h]
LipeNA: checks 
xArthouroSx: checks 
Dorex2007: checks 
Lonko01: checks 
KOCETO_1992: bets $0.06
Kev929292: calls $0.06
LipeNA: calls $0.06
xArthouroSx: calls $0.06
Dorex2007: folds 
Lonko01: calls $0.06
*** TURN *** [8c 5s 4h] [Ah]
LipeNA: checks 
xArthouroSx: checks 
Lonko01: checks 
KOCETO_1992: checks 
Kev929292: bets $0.10
LipeNA: folds 
xArthouroSx: folds 
Lonko01: calls $0.10
KOCETO_1992: calls $0.10
*** RIVER *** [8c 5s 4h Ah] [Jc]
Lonko01: checks 
KOCETO_1992: checks 
Kev929292: bets $0.20
Lonko01: folds 
KOCETO_1992: folds 
Uncalled bet ($0.20) returned to Kev929292
Kev929292 collected $0.86 from pot
*** SUMMARY ***
Total pot $0.90 | Rake $0.04 
Board [8c 5s 4h Ah Jc]
Seat 1: SZEDLACSEK19 folded before Flop (didn't bet)
Seat 2: Kev929292 collected ($0.86)
Seat 3: TrzymamKolo (button) folded before Flop (didn't bet)
Seat 4: LipeNA (small blind) folded on the Turn
Seat 5: xArthouroSx (big blind) folded on the Turn
Seat 6: Dorex2007 folded on the Flop
Seat 7: Kroki66 folded before Flop (didn't bet)
Seat 8: Lonko01 folded on the River
Seat 9: KOCETO_1992 folded on the River



PokerStars Hand #238688710538:  Hold'em No Limit ($0.02/$0.05 USD) - 2022/09/17 11:38:03 PT [2022/09/17 14:38:03 ET]
Table 'Stroobantia III' 9-max Seat #4 is the button
Seat 1: SZEDLACSEK19 ($1.88 in chips) 
Seat 2: Kev929292 ($8.99 in chips) 
Seat 3: TrzymamKolo ($5 in chips) 
Seat 4: LipeNA ($4.07 in chips) 
Seat 5: xArthouroSx ($5.22 in chips) 
Seat 6: Dorex2007 ($5 in chips) 
Seat 7: Kroki66 ($4.53 in chips) 
Seat 8: Lonko01 ($4.60 in chips) 
Seat 9: KOCETO_1992 ($4.47 in chips) 
xArthouroSx: posts small blind $0.02
Dorex2007: posts big blind $0.05
*** HOLE CARDS ***
Dealt to Dorex2007 [Js 8d]
Kroki66: folds 
Lonko01: folds 
KOCETO_1992: folds 
SZEDLACSEK19: folds 
Kev929292: folds 
TrzymamKolo: raises $0.10 to $0.15
LipeNA: calls $0.15
xArthouroSx: folds 
Dorex2007: folds 
*** FLOP *** [8c 3c 5s]
TrzymamKolo: checks 
LipeNA: checks 
*** TURN *** [8c 3c 5s] [Qd]
TrzymamKolo: bets $0.18
LipeNA: calls $0.18
*** RIVER *** [8c 3c 5s Qd] [9c]
TrzymamKolo: checks 
LipeNA: bets $0.70
TrzymamKolo: calls $0.70
*** SHOW DOWN ***
LipeNA: shows [7c Jc] (a flush, Jack high)
TrzymamKolo: mucks hand 
LipeNA collected $2.04 from pot
*** SUMMARY ***
Total pot $2.13 | Rake $0.09 
Board [8c 3c 5s Qd 9c]
Seat 1: SZEDLACSEK19 folded before Flop (didn't bet)
Seat 2: Kev929292 folded before Flop (didn't bet)
Seat 3: TrzymamKolo mucked [Kc Qh]
Seat 4: LipeNA (button) showed [7c Jc] and won ($2.04) with a flush, Jack high
Seat 5: xArthouroSx (small blind) folded before Flop
Seat 6: Dorex2007 (big blind) folded before Flop
Seat 7: Kroki66 folded before Flop (didn't bet)
Seat 8: Lonko01 folded before Flop (didn't bet)
Seat 9: KOCETO_1992 folded before Flop (didn't bet)



PokerStars Hand #238688731675:  Hold'em No Limit ($0.02/$0.05 USD) - 2022/09/17 11:38:56 PT [2022/09/17 14:38:56 ET]
Table 'Stroobantia III' 9-max Seat #5 is the button
Seat 1: SZEDLACSEK19 ($1.88 in chips) 
Seat 2: Kev929292 ($8.99 in chips) 
Seat 3: TrzymamKolo ($5 in chips) 
Seat 4: LipeNA ($5.08 in chips) 
Seat 5: xArthouroSx ($5.20 in chips) 
Seat 6: Dorex2007 ($5 in chips) 
Seat 7: Kroki66 ($4.53 in chips) 
Seat 8: Lonko01 ($4.60 in chips) 
Seat 9: KOCETO_1992 ($4.47 in chips) 
Dorex2007: posts small blind $0.02
Kroki66: posts big blind $0.05
*** HOLE CARDS ***
Dealt to Dorex2007 [7s Ac]
Lonko01: folds 
Lonko01 leaves the table
KOCETO_1992: folds 
SZEDLACSEK19: folds 
Kev929292: folds 
TrzymamKolo: folds 
LipeNA: folds 
H!TM@N1989 joins the table at seat #8 
xArthouroSx: raises $0.07 to $0.12
Dorex2007: folds 
LipeNA leaves the table
Kroki66: folds 
Uncalled bet ($0.07) returned to xArthouroSx
xArthouroSx collected $0.12 from pot
xArthouroSx: doesn't show hand 
*** SUMMARY ***
Total pot $0.12 | Rake $0 
Seat 1: SZEDLACSEK19 folded before Flop (didn't bet)
Seat 2: Kev929292 folded before Flop (didn't bet)
Seat 3: TrzymamKolo folded before Flop (didn't bet)
Seat 4: LipeNA folded before Flop (didn't bet)
Seat 5: xArthouroSx (button) collected ($0.12)
Seat 6: Dorex2007 (small blind) folded before Flop
Seat 7: Kroki66 (big blind) folded before Flop
Seat 8: Lonko01 folded before Flop (didn't bet)
Seat 9: KOCETO_1992 folded before Flop (didn't bet)



PokerStars Hand #238688741906:  Hold'em No Limit ($0.02/$0.05 USD) - 2022/09/17 11:39:22 PT [2022/09/17 14:39:22 ET]
Table 'Stroobantia III' 9-max Seat #6 is the button
Seat 1: SZEDLACSEK19 ($1.88 in chips) 
Seat 2: Kev929292 ($8.99 in chips) 
Seat 3: TrzymamKolo ($5 in chips) 
Seat 5: xArthouroSx ($5.27 in chips) 
Seat 6: Dorex2007 ($5 in chips) 
Seat 7: Kroki66 ($4.48 in chips) 
Seat 8: H!TM@N1989 ($5 in chips) 
Seat 9: KOCETO_1992 ($4.47 in chips) 
Kroki66: posts small blind $0.02
H!TM@N1989: posts big blind $0.05
*** HOLE CARDS ***
Dealt to Dorex2007 [9s 7s]
KOCETO_1992: folds 
SZEDLACSEK19: calls $0.05
Kev929292: raises $0.05 to $0.10
henriquefjc joins the table at seat #4 
TrzymamKolo has timed out
TrzymamKolo: folds 
xArthouroSx: folds 
Dorex2007: folds 
Kroki66: raises $4.38 to $4.48 and is all-in
H!TM@N1989: folds 
SZEDLACSEK19: folds 
Kev929292: calls $4.38
*** FLOP *** [2h 8d 6h]
*** TURN *** [2h 8d 6h] [Qs]
*** RIVER *** [2h 8d 6h Qs] [4d]
*** SHOW DOWN ***
Kroki66: shows [Ac As] (a pair of Aces)
Kev929292: shows [Qh Kh] (a pair of Queens)
Kroki66 collected $8.68 from pot
*** SUMMARY ***
Total pot $9.06 | Rake $0.38 
Board [2h 8d 6h Qs 4d]
Seat 1: SZEDLACSEK19 folded before Flop
Seat 2: Kev929292 showed [Qh Kh] and lost with a pair of Queens
Seat 3: TrzymamKolo folded before Flop (didn't bet)
Seat 5: xArthouroSx folded before Flop (didn't bet)
Seat 6: Dorex2007 (button) folded before Flop (didn't bet)
Seat 7: Kroki66 (small blind) showed [Ac As] and won ($8.68) with a pair of Aces
Seat 8: H!TM@N1989 (big blind) folded before Flop
Seat 9: KOCETO_1992 folded before Flop (didn't bet)



PokerStars Hand #238688765278:  Hold'em No Limit ($0.02/$0.05 USD) - 2022/09/17 11:40:21 PT [2022/09/17 14:40:21 ET]
Table 'Stroobantia III' 9-max Seat #7 is the button
Seat 1: SZEDLACSEK19 ($1.83 in chips) 
Seat 2: Kev929292 ($4.51 in chips) 
Seat 5: xArthouroSx ($5.27 in chips) 
Seat 6: Dorex2007 ($5 in chips) 
Seat 7: Kroki66 ($8.68 in chips) 
Seat 8: H!TM@N1989 ($5 in chips) 
Seat 9: KOCETO_1992 ($4.47 in chips) 
H!TM@N1989: posts small blind $0.02
KOCETO_1992: posts big blind $0.05
henriquefjc: sits out 
*** HOLE CARDS ***
Dealt to Dorex2007 [As Ah]
SZEDLACSEK19: folds 
Kev929292: folds 
xArthouroSx: folds 
Dorex2007: raises $0.10 to $0.15
Kroki66: folds 
H!TM@N1989: folds 
KOCETO_1992: folds 
Uncalled bet ($0.10) returned to Dorex2007
Dorex2007 collected $0.12 from pot
Dorex2007: doesn't show hand 
*** SUMMARY ***
Total pot $0.12 | Rake $0 
Seat 1: SZEDLACSEK19 folded before Flop (didn't bet)
Seat 2: Kev929292 folded before Flop (didn't bet)
Seat 5: xArthouroSx folded before Flop (didn't bet)
Seat 6: Dorex2007 collected ($0.12)
Seat 7: Kroki66 (button) folded before Flop (didn't bet)
Seat 8: H!TM@N1989 (small blind) folded before Flop
Seat 9: KOCETO_1992 (big blind) folded before Flop



PokerStars Hand #238688771009:  Hold'em No Limit ($0.02/$0.05 USD) - 2022/09/17 11:40:36 PT [2022/09/17 14:40:36 ET]
Table 'Stroobantia III' 9-max Seat #8 is the button
Seat 1: SZEDLACSEK19 ($1.83 in chips) 
Seat 2: Kev929292 ($4.51 in chips) 
Seat 3: TrzymamKolo ($5 in chips) 
Seat 5: xArthouroSx ($5.27 in chips) 
Seat 6: Dorex2007 ($5.07 in chips) 
Seat 7: Kroki66 ($8.68 in chips) 
Seat 8: H!TM@N1989 ($5 in chips) 
Seat 9: KOCETO_1992 ($4.42 in chips) 
KOCETO_1992: posts small blind $0.02
SZEDLACSEK19: posts big blind $0.05
henriquefjc: sits out 
*** HOLE CARDS ***
Dealt to Dorex2007 [Qd 8d]
Kev929292: raises $0.05 to $0.10
TrzymamKolo is disconnected 
TrzymamKolo has timed out while being disconnected
TrzymamKolo: folds 
xArthouroSx: calls $0.10
Dorex2007: folds 
Kroki66: folds 
H!TM@N1989: folds 
KOCETO_1992: folds 
SZEDLACSEK19: folds 
*** FLOP *** [Qh 3s Kd]
Kev929292: checks 
xArthouroSx: bets $0.08
Kev929292: calls $0.08
*** TURN *** [Qh 3s Kd] [As]
Kev929292: checks 
xArthouroSx: checks 
*** RIVER *** [Qh 3s Kd As] [Jc]
Kev929292: bets $0.45
xArthouroSx: folds 
Uncalled bet ($0.45) returned to Kev929292
Kev929292 collected $0.41 from pot
*** SUMMARY ***
Total pot $0.43 | Rake $0.02 
Board [Qh 3s Kd As Jc]
Seat 1: SZEDLACSEK19 (big blind) folded before Flop
Seat 2: Kev929292 collected ($0.41)
Seat 3: TrzymamKolo folded before Flop (didn't bet)
Seat 5: xArthouroSx folded on the River
Seat 6: Dorex2007 folded before Flop (didn't bet)
Seat 7: Kroki66 folded before Flop (didn't bet)
Seat 8: H!TM@N1989 (button) folded before Flop (didn't bet)
Seat 9: KOCETO_1992 (small blind) folded before Flop



PokerStars Hand #238688802985:  Hold'em No Limit ($0.02/$0.05 USD) - 2022/09/17 11:41:58 PT [2022/09/17 14:41:58 ET]
Table 'Stroobantia III' 9-max Seat #9 is the button
Seat 1: SZEDLACSEK19 ($1.78 in chips) 
Seat 2: Kev929292 ($4.74 in chips) 
Seat 5: xArthouroSx ($5.09 in chips) 
Seat 6: Dorex2007 ($5.07 in chips) 
Seat 7: Kroki66 ($8.68 in chips) 
Seat 8: H!TM@N1989 ($5 in chips) 
Seat 9: KOCETO_1992 ($4.40 in chips) 
SZEDLACSEK19: posts small blind $0.02
Kev929292: posts big blind $0.05
henriquefjc: sits out 
*** HOLE CARDS ***
Dealt to Dorex2007 [Th Ts]
xArthouroSx: folds 
Dorex2007: raises $0.10 to $0.15
Kroki66: calls $0.15
H!TM@N1989: folds 
KOCETO_1992: folds 
SZEDLACSEK19: folds 
Kev929292: calls $0.10
*** FLOP *** [Tc 8h 2c]
Kev929292: checks 
Dorex2007: bets $0.30
Kroki66: folds 
Kev929292: calls $0.30
*** TURN *** [Tc 8h 2c] [6h]
Kev929292: checks 
Dorex2007: bets $0.69
Kev929292: folds 
Uncalled bet ($0.69) returned to Dorex2007
Dorex2007 collected $1.03 from pot
Dorex2007: doesn't show hand 
*** SUMMARY ***
Total pot $1.07 | Rake $0.04 
Board [Tc 8h 2c 6h]
Seat 1: SZEDLACSEK19 (small blind) folded before Flop
Seat 2: Kev929292 (big blind) folded on the Turn
Seat 5: xArthouroSx folded before Flop (didn't bet)
Seat 6: Dorex2007 collected ($1.03)
Seat 7: Kroki66 folded on the Flop
Seat 8: H!TM@N1989 folded before Flop (didn't bet)
Seat 9: KOCETO_1992 (button) folded before Flop (didn't bet)



PokerStars Hand #238688825076:  Hold'em No Limit ($0.02/$0.05 USD) - 2022/09/17 11:42:54 PT [2022/09/17 14:42:54 ET]
Table 'Stroobantia III' 9-max Seat #1 is the button
Seat 1: SZEDLACSEK19 ($1.76 in chips) 
Seat 2: Kev929292 ($4.29 in chips) 
Seat 4: henriquefjc ($4 in chips) 
Seat 5: xArthouroSx ($5.09 in chips) 
Seat 6: Dorex2007 ($5.65 in chips) 
Seat 7: Kroki66 ($8.53 in chips) 
Seat 8: H!TM@N1989 ($5 in chips) 
Seat 9: KOCETO_1992 ($4.40 in chips) 
Kev929292: posts small blind $0.02
henriquefjc: posts big blind $0.05
*** HOLE CARDS ***
Dealt to Dorex2007 [Ks 7d]
xArthouroSx: folds 
Dorex2007: folds 
Kroki66: folds 
H!TM@N1989: raises $0.10 to $0.15
KOCETO_1992: folds 
SZEDLACSEK19: calls $0.15
Kev929292: calls $0.13
henriquefjc: calls $0.10
*** FLOP *** [9s Jd 5d]
Kev929292: checks 
henriquefjc: checks 
H!TM@N1989: bets $0.39
SZEDLACSEK19: calls $0.39
Kev929292: calls $0.39
henriquefjc: folds 
*** TURN *** [9s Jd 5d] [9h]
Kev929292: checks 
H!TM@N1989: bets $0.85
SZEDLACSEK19: raises $0.37 to $1.22 and is all-in
Kev929292: calls $1.22
H!TM@N1989: calls $0.37
*** RIVER *** [9s Jd 5d 9h] [2s]
Kev929292: checks 
H!TM@N1989: checks 
*** SHOW DOWN ***
Kev929292: shows [Tc Ah] (a pair of Nines)
H!TM@N1989: shows [Jc As] (two pair, Jacks and Nines)
SZEDLACSEK19: shows [Kd 9d] (three of a kind, Nines)
SZEDLACSEK19 collected $5.14 from pot
*** SUMMARY ***
Total pot $5.43 | Rake $0.29 
Board [9s Jd 5d 9h 2s]
Seat 1: SZEDLACSEK19 (button) showed [Kd 9d] and won ($5.14) with three of a kind, Nines
Seat 2: Kev929292 (small blind) showed [Tc Ah] and lost with a pair of Nines
Seat 4: henriquefjc (big blind) folded on the Flop
Seat 5: xArthouroSx folded before Flop (didn't bet)
Seat 6: Dorex2007 folded before Flop (didn't bet)
Seat 7: Kroki66 folded before Flop (didn't bet)
Seat 8: H!TM@N1989 showed [Jc As] and lost with two pair, Jacks and Nines
Seat 9: KOCETO_1992 folded before Flop (didn't bet)



PokerStars Hand #238688861257:  Hold'em No Limit ($0.02/$0.05 USD) - 2022/09/17 11:44:27 PT [2022/09/17 14:44:27 ET]
Table 'Stroobantia III' 9-max Seat #2 is the button
Seat 1: SZEDLACSEK19 ($5.14 in chips) 
Seat 2: Kev929292 ($2.53 in chips) 
Seat 4: henriquefjc ($3.85 in chips) 
Seat 5: xArthouroSx ($5.09 in chips) 
Seat 6: Dorex2007 ($5.65 in chips) 
Seat 7: Kroki66 ($8.53 in chips) 
Seat 8: H!TM@N1989 ($5 in chips) 
Seat 9: KOCETO_1992 ($4.40 in chips) 
henriquefjc: posts small blind $0.02
xArthouroSx: posts big blind $0.05
*** HOLE CARDS ***
Dealt to Dorex2007 [Th 6d]
Dorex2007: folds 
Kroki66: folds 
H!TM@N1989: folds 
KOCETO_1992: folds 
SZEDLACSEK19: calls $0.05
Kev929292: calls $0.05
henriquefjc: folds 
xArthouroSx: checks 
*** FLOP *** [6c Ac 5c]
xArthouroSx: checks 
SZEDLACSEK19: bets $0.05
Kev929292: raises $0.05 to $0.10
xArthouroSx: folds 
SZEDLACSEK19: calls $0.05
*** TURN *** [6c Ac 5c] [9s]
SZEDLACSEK19: checks 
Kev929292: checks 
*** RIVER *** [6c Ac 5c 9s] [4c]
SZEDLACSEK19: bets $4.99 and is all-in
Kev929292: calls $2.38 and is all-in
Uncalled bet ($2.61) returned to SZEDLACSEK19
*** SHOW DOWN ***
SZEDLACSEK19: shows [Kc 6h] (a flush, Ace high)
Kev929292: shows [Tc Qh] (a flush, Ace high - lower cards)
SZEDLACSEK19 collected $4.87 from pot
*** SUMMARY ***
Total pot $5.13 | Rake $0.26 
Board [6c Ac 5c 9s 4c]
Seat 1: SZEDLACSEK19 showed [Kc 6h] and won ($4.87) with a flush, Ace high
Seat 2: Kev929292 (button) showed [Tc Qh] and lost with a flush, Ace high
Seat 4: henriquefjc (small blind) folded before Flop
Seat 5: xArthouroSx (big blind) folded on the Flop
Seat 6: Dorex2007 folded before Flop (didn't bet)
Seat 7: Kroki66 folded before Flop (didn't bet)
Seat 8: H!TM@N1989 folded before Flop (didn't bet)
Seat 9: KOCETO_1992 folded before Flop (didn't bet)



PokerStars Hand #238688887167:  Hold'em No Limit ($0.02/$0.05 USD) - 2022/09/17 11:45:32 PT [2022/09/17 14:45:32 ET]
Table 'Stroobantia III' 9-max Seat #4 is the button
Seat 1: SZEDLACSEK19 ($7.48 in chips) 
Seat 4: henriquefjc ($3.83 in chips) 
Seat 5: xArthouroSx ($5.04 in chips) 
Seat 6: Dorex2007 ($5.65 in chips) 
Seat 7: Kroki66 ($8.53 in chips) 
Seat 8: H!TM@N1989 ($5 in chips) 
Seat 9: KOCETO_1992 ($4.40 in chips) 
xArthouroSx: posts small blind $0.02
Dorex2007: posts big blind $0.05
*** HOLE CARDS ***
Dealt to Dorex2007 [3s Ah]
Kroki66: folds 
H!TM@N1989: folds 
Kev929292 leaves the table
KOCETO_1992: folds 
tomashovka55 joins the table at seat #2 
SZEDLACSEK19: folds 
KOCETO_1992 leaves the table
Save_Fiona joins the table at seat #9 
henriquefjc: raises $0.10 to $0.15
xArthouroSx: folds 
Dorex2007: folds 
Uncalled bet ($0.10) returned to henriquefjc
henriquefjc collected $0.12 from pot
henriquefjc: doesn't show hand 
*** SUMMARY ***
Total pot $0.12 | Rake $0 
Seat 1: SZEDLACSEK19 folded before Flop (didn't bet)
Seat 4: henriquefjc (button) collected ($0.12)
Seat 5: xArthouroSx (small blind) folded before Flop
Seat 6: Dorex2007 (big blind) folded before Flop
Seat 7: Kroki66 folded before Flop (didn't bet)
Seat 8: H!TM@N1989 folded before Flop (didn't bet)
Seat 9: KOCETO_1992 folded before Flop (didn't bet)



PokerStars Hand #238688894503:  Hold'em No Limit ($0.02/$0.05 USD) - 2022/09/17 11:45:52 PT [2022/09/17 14:45:52 ET]
Table 'Stroobantia III' 9-max Seat #5 is the button
Seat 1: SZEDLACSEK19 ($7.48 in chips) 
Seat 4: henriquefjc ($3.90 in chips) 
Seat 5: xArthouroSx ($5.02 in chips) 
Seat 6: Dorex2007 ($5.60 in chips) 
Seat 7: Kroki66 ($8.53 in chips) 
Seat 8: H!TM@N1989 ($5 in chips) 
Dorex2007: posts small blind $0.02
Kroki66: posts big blind $0.05
Save_Fiona: sits out 
tomashovka55: sits out 
*** HOLE CARDS ***
Dealt to Dorex2007 [5c 2h]
H!TM@N1989: folds 
SZEDLACSEK19: calls $0.05
henriquefjc: folds 
xArthouroSx: folds 
Dorex2007: folds 
Kroki66: checks 
*** FLOP *** [7h 4d 7s]
Kroki66: checks 
SZEDLACSEK19: checks 
*** TURN *** [7h 4d 7s] [9h]
TrzymamKolo is disconnected 
Kroki66: checks 
SZEDLACSEK19: bets $0.12
Kroki66: folds 
Uncalled bet ($0.12) returned to SZEDLACSEK19
SZEDLACSEK19 collected $0.12 from pot
*** SUMMARY ***
Total pot $0.12 | Rake $0 
Board [7h 4d 7s 9h]
Seat 1: SZEDLACSEK19 collected ($0.12)
Seat 4: henriquefjc folded before Flop (didn't bet)
Seat 5: xArthouroSx (button) folded before Flop (didn't bet)
Seat 6: Dorex2007 (small blind) folded before Flop
Seat 7: Kroki66 (big blind) folded on the Turn
Seat 8: H!TM@N1989 folded before Flop (didn't bet)



PokerStars Hand #238688912660:  Hold'em No Limit ($0.02/$0.05 USD) - 2022/09/17 11:46:38 PT [2022/09/17 14:46:38 ET]
Table 'Stroobantia III' 9-max Seat #6 is the button
Seat 1: SZEDLACSEK19 ($7.55 in chips) 
Seat 4: henriquefjc ($3.90 in chips) 
Seat 5: xArthouroSx ($5.02 in chips) 
Seat 6: Dorex2007 ($5.58 in chips) 
Seat 7: Kroki66 ($8.48 in chips) 
Seat 8: H!TM@N1989 ($5 in chips) 
Kroki66: posts small blind $0.02
H!TM@N1989: posts big blind $0.05
Save_Fiona: sits out 
tomashovka55: sits out 
*** HOLE CARDS ***
Dealt to Dorex2007 [7h 9s]
SZEDLACSEK19: calls $0.05
henriquefjc: folds 
xArthouroSx: folds 
Dorex2007: folds 
Kroki66: calls $0.03
H!TM@N1989: checks 
*** FLOP *** [6d 7d 6c]
Kroki66: checks 
H!TM@N1989: checks 
SZEDLACSEK19: checks 
*** TURN *** [6d 7d 6c] [Ts]
Kroki66: bets $0.07
H!TM@N1989: folds 
SZEDLACSEK19: calls $0.07
*** RIVER *** [6d 7d 6c Ts] [7c]
Kroki66: checks 
SZEDLACSEK19: checks 
*** SHOW DOWN ***
Kroki66: shows [3h 6s] (a full house, Sixes full of Sevens)
SZEDLACSEK19: mucks hand 
Kroki66 collected $0.28 from pot
*** SUMMARY ***
Total pot $0.29 | Rake $0.01 
Board [6d 7d 6c Ts 7c]
Seat 1: SZEDLACSEK19 mucked [Qs Ac]
Seat 4: henriquefjc folded before Flop (didn't bet)
Seat 5: xArthouroSx folded before Flop (didn't bet)
Seat 6: Dorex2007 (button) folded before Flop (didn't bet)
Seat 7: Kroki66 (small blind) showed [3h 6s] and won ($0.28) with a full house, Sixes full of Sevens
Seat 8: H!TM@N1989 (big blind) folded on the Turn



PokerStars Hand #238688932064:  Hold'em No Limit ($0.02/$0.05 USD) - 2022/09/17 11:47:27 PT [2022/09/17 14:47:27 ET]
Table 'Stroobantia III' 9-max Seat #7 is the button
Seat 1: SZEDLACSEK19 ($7.43 in chips) 
Seat 4: henriquefjc ($3.90 in chips) 
Seat 5: xArthouroSx ($5.02 in chips) 
Seat 6: Dorex2007 ($5.58 in chips) 
Seat 7: Kroki66 ($8.64 in chips) 
Seat 8: H!TM@N1989 ($5 in chips) 
Seat 9: Save_Fiona ($5 in chips) 
H!TM@N1989: posts small blind $0.02
Save_Fiona: posts big blind $0.05
tomashovka55: sits out 
TrzymamKolo: sits out 
*** HOLE CARDS ***
Dealt to Dorex2007 [9c Ac]
SZEDLACSEK19: folds 
henriquefjc: calls $0.05
xArthouroSx: folds 
Dorex2007: folds 
Kroki66: calls $0.05
H!TM@N1989: raises $0.20 to $0.25
Save_Fiona: folds 
henriquefjc: calls $0.20
Kroki66: calls $0.20
*** FLOP *** [Kd 5h 4d]
H!TM@N1989: bets $0.58
henriquefjc: calls $0.58
Kroki66: folds 
*** TURN *** [Kd 5h 4d] [8c]
H!TM@N1989: bets $1.25
henriquefjc: raises $1.55 to $2.80
H!TM@N1989: raises $1.37 to $4.17 and is all-in
henriquefjc: calls $0.27 and is all-in
Uncalled bet ($1.10) returned to H!TM@N1989
*** RIVER *** [Kd 5h 4d 8c] [6d]
*** SHOW DOWN ***
H!TM@N1989: shows [Kh As] (a pair of Kings)
henriquefjc: shows [5c 5s] (three of a kind, Fives)
henriquefjc collected $7.76 from pot
*** SUMMARY ***
Total pot $8.10 | Rake $0.34 
Board [Kd 5h 4d 8c 6d]
Seat 1: SZEDLACSEK19 folded before Flop (didn't bet)
Seat 4: henriquefjc showed [5c 5s] and won ($7.76) with three of a kind, Fives
Seat 5: xArthouroSx folded before Flop (didn't bet)
Seat 6: Dorex2007 folded before Flop (didn't bet)
Seat 7: Kroki66 (button) folded on the Flop
Seat 8: H!TM@N1989 (small blind) showed [Kh As] and lost with a pair of Kings
Seat 9: Save_Fiona (big blind) folded before Flop



PokerStars Hand #238688962464:  Hold'em No Limit ($0.02/$0.05 USD) - 2022/09/17 11:48:44 PT [2022/09/17 14:48:44 ET]
Table 'Stroobantia III' 9-max Seat #8 is the button
Seat 1: SZEDLACSEK19 ($7.43 in chips) 
Seat 4: henriquefjc ($7.76 in chips) 
Seat 5: xArthouroSx ($5.02 in chips) 
Seat 6: Dorex2007 ($5.58 in chips) 
Seat 7: Kroki66 ($8.39 in chips) 
Seat 8: H!TM@N1989 ($5 in chips) 
Seat 9: Save_Fiona ($4.95 in chips) 
Save_Fiona: posts small blind $0.02
SZEDLACSEK19: posts big blind $0.05
tomashovka55: sits out 
TrzymamKolo: sits out 
*** HOLE CARDS ***
Dealt to Dorex2007 [9c Ts]
henriquefjc: folds 
xArthouroSx: folds 
Dorex2007: folds 
Kroki66: folds 
H!TM@N1989: folds 
Save_Fiona: folds 
Uncalled bet ($0.03) returned to SZEDLACSEK19
SZEDLACSEK19 collected $0.04 from pot
*** SUMMARY ***
Total pot $0.04 | Rake $0 
Seat 1: SZEDLACSEK19 (big blind) collected ($0.04)
Seat 4: henriquefjc folded before Flop (didn't bet)
Seat 5: xArthouroSx folded before Flop (didn't bet)
Seat 6: Dorex2007 folded before Flop (didn't bet)
Seat 7: Kroki66 folded before Flop (didn't bet)
Seat 8: H!TM@N1989 (button) folded before Flop (didn't bet)
Seat 9: Save_Fiona (small blind) folded before Flop



PokerStars Hand #238688971445:  Hold'em No Limit ($0.02/$0.05 USD) - 2022/09/17 11:49:07 PT [2022/09/17 14:49:07 ET]
Table 'Stroobantia III' 9-max Seat #9 is the button
Seat 1: SZEDLACSEK19 ($7.45 in chips) 
Seat 2: tomashovka55 ($5 in chips) 
Seat 4: henriquefjc ($7.76 in chips) 
Seat 5: xArthouroSx ($5.02 in chips) 
Seat 6: Dorex2007 ($5.58 in chips) 
Seat 7: Kroki66 ($8.39 in chips) 
Seat 8: H!TM@N1989 ($5 in chips) 
Seat 9: Save_Fiona ($4.93 in chips) 
SZEDLACSEK19: posts small blind $0.02
tomashovka55: posts big blind $0.05
TrzymamKolo: sits out 
*** HOLE CARDS ***
Dealt to Dorex2007 [7d Qd]
henriquefjc: folds 
xArthouroSx: raises $0.07 to $0.12
Dorex2007: folds 
Kroki66: folds 
H!TM@N1989: folds 
Save_Fiona: folds 
SZEDLACSEK19: calls $0.10
tomashovka55: folds 
*** FLOP *** [3c Ad 2s]
SZEDLACSEK19: checks 
xArthouroSx: bets $0.09
SZEDLACSEK19: calls $0.09
*** TURN *** [3c Ad 2s] [7s]
SZEDLACSEK19: checks 
xArthouroSx: checks 
*** RIVER *** [3c Ad 2s 7s] [Th]
SZEDLACSEK19: bets $0.25
xArthouroSx: folds 
Uncalled bet ($0.25) returned to SZEDLACSEK19
SZEDLACSEK19 collected $0.45 from pot
*** SUMMARY ***
Total pot $0.47 | Rake $0.02 
Board [3c Ad 2s 7s Th]
Seat 1: SZEDLACSEK19 (small blind) collected ($0.45)
Seat 2: tomashovka55 (big blind) folded before Flop
Seat 4: henriquefjc folded before Flop (didn't bet)
Seat 5: xArthouroSx folded on the River
Seat 6: Dorex2007 folded before Flop (didn't bet)
Seat 7: Kroki66 folded before Flop (didn't bet)
Seat 8: H!TM@N1989 folded before Flop (didn't bet)
Seat 9: Save_Fiona (button) folded before Flop (didn't bet)



PokerStars Hand #238688995786:  Hold'em No Limit ($0.02/$0.05 USD) - 2022/09/17 11:50:09 PT [2022/09/17 14:50:09 ET]
Table 'Stroobantia III' 9-max Seat #1 is the button
Seat 1: SZEDLACSEK19 ($7.69 in chips) 
Seat 2: tomashovka55 ($5 in chips) 
Seat 4: henriquefjc ($7.76 in chips) 
Seat 5: xArthouroSx ($5 in chips) 
Seat 6: Dorex2007 ($5.58 in chips) 
Seat 7: Kroki66 ($8.39 in chips) 
Seat 8: H!TM@N1989 ($5 in chips) 
Seat 9: Save_Fiona ($4.93 in chips) 
tomashovka55: posts small blind $0.02
henriquefjc: posts big blind $0.05
*** HOLE CARDS ***
Dealt to Dorex2007 [3h Kc]
xArthouroSx: folds 
Dorex2007: folds 
Kroki66: folds 
H!TM@N1989: folds 
Save_Fiona: folds 
SZEDLACSEK19: calls $0.05
tomashovka55: folds 
henriquefjc: checks 
*** FLOP *** [Qs 7d Qd]
henriquefjc: checks 
SZEDLACSEK19: checks 
*** TURN *** [Qs 7d Qd] [Tc]
henriquefjc: checks 
SZEDLACSEK19: bets $0.12
henriquefjc: folds 
Uncalled bet ($0.12) returned to SZEDLACSEK19
SZEDLACSEK19 collected $0.12 from pot
*** SUMMARY ***
Total pot $0.12 | Rake $0 
Board [Qs 7d Qd Tc]
Seat 1: SZEDLACSEK19 (button) collected ($0.12)
Seat 2: tomashovka55 (small blind) folded before Flop
Seat 4: henriquefjc (big blind) folded on the Turn
Seat 5: xArthouroSx folded before Flop (didn't bet)
Seat 6: Dorex2007 folded before Flop (didn't bet)
Seat 7: Kroki66 folded before Flop (didn't bet)
Seat 8: H!TM@N1989 folded before Flop (didn't bet)
Seat 9: Save_Fiona folded before Flop (didn't bet)



PokerStars Hand #238689013719:  Hold'em No Limit ($0.02/$0.05 USD) - 2022/09/17 11:50:54 PT [2022/09/17 14:50:54 ET]
Table 'Stroobantia III' 9-max Seat #2 is the button
Seat 1: SZEDLACSEK19 ($7.76 in chips) 
Seat 2: tomashovka55 ($5 in chips) 
Seat 4: henriquefjc ($7.71 in chips) 
Seat 5: xArthouroSx ($5 in chips) 
Seat 6: Dorex2007 ($5.58 in chips) 
Seat 7: Kroki66 ($8.39 in chips) 
Seat 8: H!TM@N1989 ($5 in chips) 
Seat 9: Save_Fiona ($4.93 in chips) 
henriquefjc: posts small blind $0.02
xArthouroSx: posts big blind $0.05
*** HOLE CARDS ***
Dealt to Dorex2007 [4c 3c]
Dorex2007: folds 
Kroki66: folds 
H!TM@N1989: folds 
Save_Fiona: folds 
SZEDLACSEK19: folds 
tomashovka55: folds 
henriquefjc: calls $0.03
xArthouroSx: checks 
*** FLOP *** [3s 6h 3d]
henriquefjc: bets $0.10
xArthouroSx: folds 
Uncalled bet ($0.10) returned to henriquefjc
henriquefjc collected $0.10 from pot
henriquefjc: doesn't show hand 
*** SUMMARY ***
Total pot $0.10 | Rake $0 
Board [3s 6h 3d]
Seat 1: SZEDLACSEK19 folded before Flop (didn't bet)
Seat 2: tomashovka55 (button) folded before Flop (didn't bet)
Seat 4: henriquefjc (small blind) collected ($0.10)
Seat 5: xArthouroSx (big blind) folded on the Flop
Seat 6: Dorex2007 folded before Flop (didn't bet)
Seat 7: Kroki66 folded before Flop (didn't bet)
Seat 8: H!TM@N1989 folded before Flop (didn't bet)
Seat 9: Save_Fiona folded before Flop (didn't bet)



PokerStars Hand #238689027371:  Hold'em No Limit ($0.02/$0.05 USD) - 2022/09/17 11:51:29 PT [2022/09/17 14:51:29 ET]
Table 'Stroobantia III' 9-max Seat #4 is the button
Seat 1: SZEDLACSEK19 ($7.76 in chips) 
Seat 2: tomashovka55 ($5 in chips) 
Seat 4: henriquefjc ($7.76 in chips) 
Seat 5: xArthouroSx ($5 in chips) 
Seat 6: Dorex2007 ($5.58 in chips) 
Seat 7: Kroki66 ($8.39 in chips) 
Seat 8: H!TM@N1989 ($5 in chips) 
Seat 9: Save_Fiona ($4.93 in chips) 
xArthouroSx: posts small blind $0.02
Dorex2007: posts big blind $0.05
*** HOLE CARDS ***
Dealt to Dorex2007 [4s 9d]
Kroki66: folds 
H!TM@N1989: folds 
Save_Fiona: folds 
SZEDLACSEK19: folds 
tomashovka55: folds 
henriquefjc: folds 
xArthouroSx: folds 
Uncalled bet ($0.03) returned to Dorex2007
Dorex2007 collected $0.04 from pot
Dorex2007: doesn't show hand 
*** SUMMARY ***
Total pot $0.04 | Rake $0 
Seat 1: SZEDLACSEK19 folded before Flop (didn't bet)
Seat 2: tomashovka55 folded before Flop (didn't bet)
Seat 4: henriquefjc (button) folded before Flop (didn't bet)
Seat 5: xArthouroSx (small blind) folded before Flop
Seat 6: Dorex2007 (big blind) collected ($0.04)
Seat 7: Kroki66 folded before Flop (didn't bet)
Seat 8: H!TM@N1989 folded before Flop (didn't bet)
Seat 9: Save_Fiona folded before Flop (didn't bet)



PokerStars Hand #238689035440:  Hold'em No Limit ($0.02/$0.05 USD) - 2022/09/17 11:51:50 PT [2022/09/17 14:51:50 ET]
Table 'Stroobantia III' 9-max Seat #5 is the button
Seat 1: SZEDLACSEK19 ($7.76 in chips) 
Seat 2: tomashovka55 ($5 in chips) 
Seat 4: henriquefjc ($7.76 in chips) 
Seat 5: xArthouroSx ($5 in chips) 
Seat 6: Dorex2007 ($5.60 in chips) 
Seat 7: Kroki66 ($8.39 in chips) 
Seat 8: H!TM@N1989 ($5 in chips) 
Seat 9: Save_Fiona ($4.93 in chips) 
Dorex2007: posts small blind $0.02
Kroki66: posts big blind $0.05
*** HOLE CARDS ***
Dealt to Dorex2007 [Tc Kh]
H!TM@N1989: folds 
TrzymamKolo leaves the table
Save_Fiona: folds 
SZEDLACSEK19: calls $0.05
tabuse joins the table at seat #3 
tomashovka55: folds 
henriquefjc: folds 
xArthouroSx: raises $0.12 to $0.17
Dorex2007: folds 
Kroki66: folds 
SZEDLACSEK19: calls $0.12
*** FLOP *** [Qc 5s Qs]
SZEDLACSEK19: checks 
xArthouroSx: bets $0.20
SZEDLACSEK19: folds 
Uncalled bet ($0.20) returned to xArthouroSx
xArthouroSx collected $0.39 from pot
xArthouroSx: doesn't show hand 
*** SUMMARY ***
Total pot $0.41 | Rake $0.02 
Board [Qc 5s Qs]
Seat 1: SZEDLACSEK19 folded on the Flop
Seat 2: tomashovka55 folded before Flop (didn't bet)
Seat 4: henriquefjc folded before Flop (didn't bet)
Seat 5: xArthouroSx (button) collected ($0.39)
Seat 6: Dorex2007 (small blind) folded before Flop
Seat 7: Kroki66 (big blind) folded before Flop
Seat 8: H!TM@N1989 folded before Flop (didn't bet)
Seat 9: Save_Fiona folded before Flop (didn't bet)



PokerStars Hand #238689051993:  Hold'em No Limit ($0.02/$0.05 USD) - 2022/09/17 11:52:33 PT [2022/09/17 14:52:33 ET]
Table 'Stroobantia III' 9-max Seat #6 is the button
Seat 1: SZEDLACSEK19 ($7.59 in chips) 
Seat 2: tomashovka55 ($5 in chips) 
Seat 4: henriquefjc ($7.76 in chips) 
Seat 5: xArthouroSx ($5.22 in chips) 
Seat 6: Dorex2007 ($5.58 in chips) 
Seat 7: Kroki66 ($8.34 in chips) 
Seat 8: H!TM@N1989 ($5 in chips) 
Seat 9: Save_Fiona ($4.93 in chips) 
Kroki66: posts small blind $0.02
H!TM@N1989: posts big blind $0.05
tabuse: sits out 
*** HOLE CARDS ***
Dealt to Dorex2007 [Ts 4d]
Save_Fiona: folds 
SZEDLACSEK19: folds 
tomashovka55: folds 
henriquefjc: folds 
xArthouroSx: folds 
Dorex2007: folds 
Kroki66: folds 
Uncalled bet ($0.03) returned to H!TM@N1989
H!TM@N1989 collected $0.04 from pot
H!TM@N1989: doesn't show hand 
*** SUMMARY ***
Total pot $0.04 | Rake $0 
Seat 1: SZEDLACSEK19 folded before Flop (didn't bet)
Seat 2: tomashovka55 folded before Flop (didn't bet)
Seat 4: henriquefjc folded before Flop (didn't bet)
Seat 5: xArthouroSx folded before Flop (didn't bet)
Seat 6: Dorex2007 (button) folded before Flop (didn't bet)
Seat 7: Kroki66 (small blind) folded before Flop
Seat 8: H!TM@N1989 (big blind) collected ($0.04)
Seat 9: Save_Fiona folded before Flop (didn't bet)



PokerStars Hand #238689057125:  Hold'em No Limit ($0.02/$0.05 USD) - 2022/09/17 11:52:46 PT [2022/09/17 14:52:46 ET]
Table 'Stroobantia III' 9-max Seat #7 is the button
Seat 1: SZEDLACSEK19 ($7.59 in chips) 
Seat 2: tomashovka55 ($5 in chips) 
Seat 4: henriquefjc ($7.76 in chips) 
Seat 5: xArthouroSx ($5.22 in chips) 
Seat 6: Dorex2007 ($5.58 in chips) 
Seat 7: Kroki66 ($8.32 in chips) 
Seat 8: H!TM@N1989 ($5.02 in chips) 
Seat 9: Save_Fiona ($4.93 in chips) 
H!TM@N1989: posts small blind $0.02
Save_Fiona: posts big blind $0.05
tabuse: sits out 
*** HOLE CARDS ***
Dealt to Dorex2007 [Ts As]
SZEDLACSEK19: folds 
tomashovka55: folds 
henriquefjc: folds 
xArthouroSx: folds 
Dorex2007: calls $0.05
Kroki66: folds 
H!TM@N1989: folds 
Save_Fiona: checks 
*** FLOP *** [8s Jh 4s]
Save_Fiona: checks 
Dorex2007: checks 
*** TURN *** [8s Jh 4s] [Ks]
Save_Fiona: checks 
Dorex2007: checks 
*** RIVER *** [8s Jh 4s Ks] [3d]
Save_Fiona: checks 
Dorex2007: bets $0.12
Save_Fiona: folds 
Uncalled bet ($0.12) returned to Dorex2007
Dorex2007 collected $0.12 from pot
Dorex2007: doesn't show hand 
*** SUMMARY ***
Total pot $0.12 | Rake $0 
Board [8s Jh 4s Ks 3d]
Seat 1: SZEDLACSEK19 folded before Flop (didn't bet)
Seat 2: tomashovka55 folded before Flop (didn't bet)
Seat 4: henriquefjc folded before Flop (didn't bet)
Seat 5: xArthouroSx folded before Flop (didn't bet)
Seat 6: Dorex2007 collected ($0.12)
Seat 7: Kroki66 (button) folded before Flop (didn't bet)
Seat 8: H!TM@N1989 (small blind) folded before Flop
Seat 9: Save_Fiona (big blind) folded on the River



PokerStars Hand #238689080257:  Hold'em No Limit ($0.02/$0.05 USD) - 2022/09/17 11:53:46 PT [2022/09/17 14:53:46 ET]
Table 'Stroobantia III' 9-max Seat #8 is the button
Seat 1: SZEDLACSEK19 ($7.59 in chips) 
Seat 2: tomashovka55 ($5 in chips) 
Seat 4: henriquefjc ($7.76 in chips) 
Seat 5: xArthouroSx ($5.22 in chips) 
Seat 6: Dorex2007 ($5.65 in chips) 
Seat 7: Kroki66 ($8.32 in chips) 
Seat 8: H!TM@N1989 ($5 in chips) 
Seat 9: Save_Fiona ($4.88 in chips) 
Save_Fiona: posts small blind $0.02
SZEDLACSEK19: posts big blind $0.05
tabuse: sits out 
*** HOLE CARDS ***
Dealt to Dorex2007 [5d 2s]
tomashovka55: folds 
henriquefjc: folds 
xArthouroSx: folds 
Dorex2007: folds 
Kroki66: folds 
H!TM@N1989: folds 
Save_Fiona: raises $0.10 to $0.15
SZEDLACSEK19: folds 
Uncalled bet ($0.10) returned to Save_Fiona
Save_Fiona collected $0.10 from pot
Save_Fiona: doesn't show hand 
*** SUMMARY ***
Total pot $0.10 | Rake $0 
Seat 1: SZEDLACSEK19 (big blind) folded before Flop
Seat 2: tomashovka55 folded before Flop (didn't bet)
Seat 4: henriquefjc folded before Flop (didn't bet)
Seat 5: xArthouroSx folded before Flop (didn't bet)
Seat 6: Dorex2007 folded before Flop (didn't bet)
Seat 7: Kroki66 folded before Flop (didn't bet)
Seat 8: H!TM@N1989 (button) folded before Flop (didn't bet)
Seat 9: Save_Fiona (small blind) collected ($0.10)



PokerStars Hand #238689089602:  Hold'em No Limit ($0.02/$0.05 USD) - 2022/09/17 11:54:10 PT [2022/09/17 14:54:10 ET]
Table 'Stroobantia III' 9-max Seat #9 is the button
Seat 1: SZEDLACSEK19 ($7.54 in chips) 
Seat 2: tomashovka55 ($5 in chips) 
Seat 4: henriquefjc ($7.76 in chips) 
Seat 5: xArthouroSx ($5.22 in chips) 
Seat 6: Dorex2007 ($5.65 in chips) 
Seat 7: Kroki66 ($8.32 in chips) 
Seat 8: H!TM@N1989 ($5 in chips) 
Seat 9: Save_Fiona ($4.93 in chips) 
SZEDLACSEK19: posts small blind $0.02
tomashovka55: posts big blind $0.05
tabuse: sits out 
*** HOLE CARDS ***
Dealt to Dorex2007 [Ah Jh]
henriquefjc: folds 
xArthouroSx: folds 
Dorex2007: raises $0.10 to $0.15
Kroki66: folds 
H!TM@N1989: folds 
Save_Fiona: raises $0.37 to $0.52
SZEDLACSEK19: folds 
tomashovka55: folds 
Dorex2007: calls $0.37
*** FLOP *** [2d 3h Td]
Dorex2007: checks 
xArthouroSx leaves the table
Save_Fiona: bets $0.75
Dorex2007: folds 
Uncalled bet ($0.75) returned to Save_Fiona
Save_Fiona collected $1.06 from pot
Save_Fiona: doesn't show hand 
*** SUMMARY ***
Total pot $1.11 | Rake $0.05 
Board [2d 3h Td]
Seat 1: SZEDLACSEK19 (small blind) folded before Flop
Seat 2: tomashovka55 (big blind) folded before Flop
Seat 4: henriquefjc folded before Flop (didn't bet)
Seat 5: xArthouroSx folded before Flop (didn't bet)
Seat 6: Dorex2007 folded on the Flop
Seat 7: Kroki66 folded before Flop (didn't bet)
Seat 8: H!TM@N1989 folded before Flop (didn't bet)
Seat 9: Save_Fiona (button) collected ($1.06)



PokerStars Hand #238689107309:  Hold'em No Limit ($0.02/$0.05 USD) - 2022/09/17 11:54:56 PT [2022/09/17 14:54:56 ET]
Table 'Stroobantia III' 9-max Seat #1 is the button
Seat 1: SZEDLACSEK19 ($7.52 in chips) 
Seat 2: tomashovka55 ($5 in chips) 
Seat 3: tabuse ($4 in chips) 
Seat 4: henriquefjc ($7.76 in chips) 
Seat 6: Dorex2007 ($5.13 in chips) 
Seat 7: Kroki66 ($8.32 in chips) 
Seat 8: H!TM@N1989 ($5 in chips) 
Seat 9: Save_Fiona ($5.47 in chips) 
tomashovka55: posts small blind $0.02
tabuse: posts big blind $0.05
*** HOLE CARDS ***
Dealt to Dorex2007 [6h Qd]
ice245777 joins the table at seat #5 
henriquefjc: folds 
Dorex2007: folds 
Kroki66: raises $0.10 to $0.15
H!TM@N1989: folds 
Save_Fiona: folds 
SZEDLACSEK19: folds 
tomashovka55: folds 
tabuse: folds 
Uncalled bet ($0.10) returned to Kroki66
Kroki66 collected $0.12 from pot
Kroki66: doesn't show hand 
*** SUMMARY ***
Total pot $0.12 | Rake $0 
Seat 1: SZEDLACSEK19 (button) folded before Flop (didn't bet)
Seat 2: tomashovka55 (small blind) folded before Flop
Seat 3: tabuse (big blind) folded before Flop
Seat 4: henriquefjc folded before Flop (didn't bet)
Seat 6: Dorex2007 folded before Flop (didn't bet)
Seat 7: Kroki66 collected ($0.12)
Seat 8: H!TM@N1989 folded before Flop (didn't bet)
Seat 9: Save_Fiona folded before Flop (didn't bet)



PokerStars Hand #238689113723:  Hold'em No Limit ($0.02/$0.05 USD) - 2022/09/17 11:55:13 PT [2022/09/17 14:55:13 ET]
Table 'Stroobantia III' 9-max Seat #2 is the button
Seat 1: SZEDLACSEK19 ($7.52 in chips) 
Seat 2: tomashovka55 ($5 in chips) 
Seat 3: tabuse ($3.95 in chips) 
Seat 5: ice245777 ($2 in chips) 
Seat 6: Dorex2007 ($5.13 in chips) 
Seat 7: Kroki66 ($8.39 in chips) 
Seat 8: H!TM@N1989 ($5 in chips) 
Seat 9: Save_Fiona ($5.47 in chips) 
tabuse: posts small blind $0.02
henriquefjc: is sitting out 
ice245777: posts big blind $0.05
*** HOLE CARDS ***
Dealt to Dorex2007 [7c 4d]
Dorex2007: folds 
Kroki66: folds 
H!TM@N1989: folds 
Save_Fiona: raises $0.10 to $0.15
SZEDLACSEK19: calls $0.15
tomashovka55: folds 
tabuse: folds 
ice245777: folds 
*** FLOP *** [Td 2s Tc]
Save_Fiona: checks 
SZEDLACSEK19: checks 
*** TURN *** [Td 2s Tc] [Ks]
Save_Fiona: bets $0.25
SZEDLACSEK19: folds 
Uncalled bet ($0.25) returned to Save_Fiona
Save_Fiona collected $0.35 from pot
Save_Fiona: doesn't show hand 
*** SUMMARY ***
Total pot $0.37 | Rake $0.02 
Board [Td 2s Tc Ks]
Seat 1: SZEDLACSEK19 folded on the Turn
Seat 2: tomashovka55 (button) folded before Flop (didn't bet)
Seat 3: tabuse (small blind) folded before Flop
Seat 5: ice245777 (big blind) folded before Flop
Seat 6: Dorex2007 folded before Flop (didn't bet)
Seat 7: Kroki66 folded before Flop (didn't bet)
Seat 8: H!TM@N1989 folded before Flop (didn't bet)
Seat 9: Save_Fiona collected ($0.35)



PokerStars Hand #238689124931:  Hold'em No Limit ($0.02/$0.05 USD) - 2022/09/17 11:55:56 PT [2022/09/17 14:55:56 ET]
Table 'Stroobantia III' 9-max Seat #3 is the button
Seat 1: SZEDLACSEK19 ($7.37 in chips) 
Seat 2: tomashovka55 ($5 in chips) 
Seat 3: tabuse ($3.93 in chips) 
Seat 5: ice245777 ($2 in chips) 
Seat 6: Dorex2007 ($5.13 in chips) 
Seat 7: Kroki66 ($8.39 in chips) 
Seat 8: H!TM@N1989 ($5 in chips) 
Seat 9: Save_Fiona ($5.67 in chips) 
ice245777: posts small blind $0.02
Dorex2007: posts big blind $0.05
*** HOLE CARDS ***
Dealt to Dorex2007 [Ks Kh]
Kroki66: folds 
H!TM@N1989: folds 
Save_Fiona: folds 
SZEDLACSEK19: calls $0.05
tomashovka55: folds 
tabuse: folds 
ice245777: folds 
Dorex2007: raises $0.12 to $0.17
SZEDLACSEK19: calls $0.12
*** FLOP *** [6c As 9h]
Dorex2007: bets $0.17
SZEDLACSEK19: calls $0.17
*** TURN *** [6c As 9h] [Qc]
Dorex2007: checks 
SZEDLACSEK19: checks 
*** RIVER *** [6c As 9h Qc] [4h]
Dorex2007: bets $0.33
SZEDLACSEK19: folds 
Uncalled bet ($0.33) returned to Dorex2007
Dorex2007 collected $0.67 from pot
Dorex2007: doesn't show hand 
*** SUMMARY ***
Total pot $0.70 | Rake $0.03 
Board [6c As 9h Qc 4h]
Seat 1: SZEDLACSEK19 folded on the River
Seat 2: tomashovka55 folded before Flop (didn't bet)
Seat 3: tabuse (button) folded before Flop (didn't bet)
Seat 5: ice245777 (small blind) folded before Flop
Seat 6: Dorex2007 (big blind) collected ($0.67)
Seat 7: Kroki66 folded before Flop (didn't bet)
Seat 8: H!TM@N1989 folded before Flop (didn't bet)
Seat 9: Save_Fiona folded before Flop (didn't bet)



PokerStars Hand #238689137730:  Hold'em No Limit ($0.02/$0.05 USD) - 2022/09/17 11:56:47 PT [2022/09/17 14:56:47 ET]
Table 'Stroobantia III' 9-max Seat #5 is the button
Seat 1: SZEDLACSEK19 ($7.03 in chips) 
Seat 2: tomashovka55 ($5 in chips) 
Seat 3: tabuse ($3.93 in chips) 
Seat 5: ice245777 ($2 in chips) 
Seat 6: Dorex2007 ($5.46 in chips) 
Seat 7: Kroki66 ($8.39 in chips) 
Seat 8: H!TM@N1989 ($5 in chips) 
Seat 9: Save_Fiona ($5.67 in chips) 
Dorex2007: posts small blind $0.02
Kroki66: posts big blind $0.05
*** HOLE CARDS ***
Dealt to Dorex2007 [Kd 6d]
H!TM@N1989: folds 
Save_Fiona: folds 
SZEDLACSEK19: folds 
tomashovka55: raises $0.07 to $0.12
tabuse: folds 
ice245777: folds 
Dorex2007: folds 
Kroki66: folds 
Uncalled bet ($0.07) returned to tomashovka55
tomashovka55 collected $0.12 from pot
tomashovka55: doesn't show hand 
*** SUMMARY ***
Total pot $0.12 | Rake $0 
Seat 1: SZEDLACSEK19 folded before Flop (didn't bet)
Seat 2: tomashovka55 collected ($0.12)
Seat 3: tabuse folded before Flop (didn't bet)
Seat 5: ice245777 (button) folded before Flop (didn't bet)
Seat 6: Dorex2007 (small blind) folded before Flop
Seat 7: Kroki66 (big blind) folded before Flop
Seat 8: H!TM@N1989 folded before Flop (didn't bet)
Seat 9: Save_Fiona folded before Flop (didn't bet)



PokerStars Hand #238689192598:  Hold'em No Limit ($0.02/$0.05 USD) - 2022/09/17 12:00:19 PT [2022/09/17 15:00:19 ET]
Table 'Stroobantia III' 9-max Seat #7 is the button
Seat 1: SZEDLACSEK19 ($7.24 in chips) 
Seat 2: tomashovka55 ($5 in chips) 
Seat 3: tabuse ($4.20 in chips) 
Seat 5: ice245777 ($2 in chips) 
Seat 6: Dorex2007 ($5.44 in chips) 
Seat 7: Kroki66 ($8.27 in chips) 
Seat 8: H!TM@N1989 ($5 in chips) 
Seat 9: Save_Fiona ($5.60 in chips) 
H!TM@N1989: posts small blind $0.02
Save_Fiona: posts big blind $0.05
Dorex2007: posts small & big blinds $0.07
*** HOLE CARDS ***
Dealt to Dorex2007 [9h Kc]
SZEDLACSEK19: folds 
tomashovka55: folds 
tabuse: folds 
ice245777: raises $0.19 to $0.24
Dorex2007: folds 
Kroki66: folds 
H!TM@N1989: folds 
Save_Fiona: folds 
Uncalled bet ($0.19) returned to ice245777
H!TM@N1989 leaves the table
ice245777 collected $0.19 from pot
*** SUMMARY ***
Total pot $0.19 | Rake $0 
Seat 1: SZEDLACSEK19 folded before Flop (didn't bet)
Seat 2: tomashovka55 folded before Flop (didn't bet)
Seat 3: tabuse folded before Flop (didn't bet)
Seat 5: ice245777 collected ($0.19)
Seat 6: Dorex2007 folded before Flop (didn't bet)
Seat 7: Kroki66 (button) folded before Flop (didn't bet)
Seat 8: H!TM@N1989 (small blind) folded before Flop
Seat 9: Save_Fiona (big blind) folded before Flop



PokerStars Hand #238689198992:  Hold'em No Limit ($0.02/$0.05 USD) - 2022/09/17 12:00:43 PT [2022/09/17 15:00:43 ET]
Table 'Stroobantia III' 9-max Seat #9 is the button
Seat 1: SZEDLACSEK19 ($7.24 in chips) 
Seat 2: tomashovka55 ($5 in chips) 
Seat 3: tabuse ($4.20 in chips) 
Seat 5: ice245777 ($2.14 in chips) 
Seat 6: Dorex2007 ($5.37 in chips) 
Seat 7: Kroki66 ($8.27 in chips) 
Seat 9: Save_Fiona ($5.55 in chips) 
SZEDLACSEK19: posts small blind $0.02
tomashovka55: posts big blind $0.05
*** HOLE CARDS ***
Dealt to Dorex2007 [Qc 3s]
tabuse: folds 
ice245777: folds 
Dorex2007: folds 
Kroki66: folds 
Save_Fiona: folds 
SZEDLACSEK19: calls $0.03
tomashovka55: checks 
*** FLOP *** [8s 5c 3c]
SZEDLACSEK19: bets $0.05
tomashovka55: folds 
Uncalled bet ($0.05) returned to SZEDLACSEK19
SZEDLACSEK19 collected $0.10 from pot
*** SUMMARY ***
Total pot $0.10 | Rake $0 
Board [8s 5c 3c]
Seat 1: SZEDLACSEK19 (small blind) collected ($0.10)
Seat 2: tomashovka55 (big blind) folded on the Flop
Seat 3: tabuse folded before Flop (didn't bet)
Seat 5: ice245777 folded before Flop (didn't bet)
Seat 6: Dorex2007 folded before Flop (didn't bet)
Seat 7: Kroki66 folded before Flop (didn't bet)
Seat 9: Save_Fiona (button) folded before Flop (didn't bet)



PokerStars Hand #238689207568:  Hold'em No Limit ($0.02/$0.05 USD) - 2022/09/17 12:01:12 PT [2022/09/17 15:01:12 ET]
Table 'Stroobantia III' 9-max Seat #1 is the button
Seat 1: SZEDLACSEK19 ($7.29 in chips) 
Seat 2: tomashovka55 ($5 in chips) 
Seat 3: tabuse ($4.20 in chips) 
Seat 5: ice245777 ($2.14 in chips) 
Seat 6: Dorex2007 ($5.37 in chips) 
Seat 7: Kroki66 ($8.27 in chips) 
Seat 9: Save_Fiona ($5.55 in chips) 
tomashovka55: posts small blind $0.02
tabuse: posts big blind $0.05
*** HOLE CARDS ***
Dealt to Dorex2007 [Qs 7s]
ice245777: folds 
Dorex2007: folds 
Kroki66: raises $0.10 to $0.15
Save_Fiona: folds 
SZEDLACSEK19: folds 
tomashovka55: folds 
tabuse: folds 
Uncalled bet ($0.10) returned to Kroki66
Kroki66 collected $0.12 from pot
Kroki66: doesn't show hand 
*** SUMMARY ***
Total pot $0.12 | Rake $0 
Seat 1: SZEDLACSEK19 (button) folded before Flop (didn't bet)
Seat 2: tomashovka55 (small blind) folded before Flop
Seat 3: tabuse (big blind) folded before Flop
Seat 5: ice245777 folded before Flop (didn't bet)
Seat 6: Dorex2007 folded before Flop (didn't bet)
Seat 7: Kroki66 collected ($0.12)
Seat 9: Save_Fiona folded before Flop (didn't bet)



PokerStars Hand #238689214448:  Hold'em No Limit ($0.02/$0.05 USD) - 2022/09/17 12:01:34 PT [2022/09/17 15:01:34 ET]
Table 'Stroobantia III' 9-max Seat #2 is the button
Seat 1: SZEDLACSEK19 ($7.29 in chips) 
Seat 2: tomashovka55 ($5 in chips) 
Seat 3: tabuse ($4.15 in chips) 
Seat 5: ice245777 ($2.14 in chips) 
Seat 6: Dorex2007 ($5.37 in chips) 
Seat 7: Kroki66 ($8.34 in chips) 
Seat 9: Save_Fiona ($5.55 in chips) 
tabuse: posts small blind $0.02
ice245777: posts big blind $0.05
*** HOLE CARDS ***
Dealt to Dorex2007 [2s 4d]
Dorex2007: folds 
Kroki66: folds 
Save_Fiona: folds 
SZEDLACSEK19: folds 
tomashovka55: raises $0.07 to $0.12
tabuse: calls $0.10
ice245777: folds 
*** FLOP *** [3c 4c 7d]
tabuse: checks 
tomashovka55: bets $0.16
tabuse: calls $0.16
*** TURN *** [3c 4c 7d] [3h]
tabuse: checks 
tomashovka55: bets $0.35
tabuse: folds 
Uncalled bet ($0.35) returned to tomashovka55
tomashovka55 collected $0.58 from pot
tomashovka55: doesn't show hand 
*** SUMMARY ***
Total pot $0.61 | Rake $0.03 
Board [3c 4c 7d 3h]
Seat 1: SZEDLACSEK19 folded before Flop (didn't bet)
Seat 2: tomashovka55 (button) collected ($0.58)
Seat 3: tabuse (small blind) folded on the Turn
Seat 5: ice245777 (big blind) folded before Flop
Seat 6: Dorex2007 folded before Flop (didn't bet)
Seat 7: Kroki66 folded before Flop (didn't bet)
Seat 9: Save_Fiona folded before Flop (didn't bet)



PokerStars Hand #238689229296:  Hold'em No Limit ($0.02/$0.05 USD) - 2022/09/17 12:02:18 PT [2022/09/17 15:02:18 ET]
Table 'Stroobantia III' 9-max Seat #3 is the button
Seat 1: SZEDLACSEK19 ($7.29 in chips) 
Seat 2: tomashovka55 ($5.30 in chips) 
Seat 3: tabuse ($3.87 in chips) 
Seat 5: ice245777 ($2.09 in chips) 
Seat 6: Dorex2007 ($5.37 in chips) 
Seat 7: Kroki66 ($8.34 in chips) 
Seat 9: Save_Fiona ($5.55 in chips) 
ice245777: posts small blind $0.02
Dorex2007: posts big blind $0.05
*** HOLE CARDS ***
Dealt to Dorex2007 [Jh Kc]
Kroki66: folds 
Save_Fiona: folds 
KOCETO_1992 joins the table at seat #8 
SZEDLACSEK19: calls $0.05
tomashovka55: raises $0.17 to $0.22
tabuse: folds 
ice245777: folds 
Dorex2007: folds 
SZEDLACSEK19: calls $0.17
*** FLOP *** [9c Kh 9h]
SZEDLACSEK19: bets $0.05
tomashovka55: calls $0.05
*** TURN *** [9c Kh 9h] [Ks]
SZEDLACSEK19: checks 
tomashovka55: bets $0.32
SZEDLACSEK19: folds 
Uncalled bet ($0.32) returned to tomashovka55
tomashovka55 collected $0.58 from pot
tomashovka55: doesn't show hand 
*** SUMMARY ***
Total pot $0.61 | Rake $0.03 
Board [9c Kh 9h Ks]
Seat 1: SZEDLACSEK19 folded on the Turn
Seat 2: tomashovka55 collected ($0.58)
Seat 3: tabuse (button) folded before Flop (didn't bet)
Seat 5: ice245777 (small blind) folded before Flop
Seat 6: Dorex2007 (big blind) folded before Flop
Seat 7: Kroki66 folded before Flop (didn't bet)
Seat 9: Save_Fiona folded before Flop (didn't bet)



PokerStars Hand #238689248578:  Hold'em No Limit ($0.02/$0.05 USD) - 2022/09/17 12:03:09 PT [2022/09/17 15:03:09 ET]
Table 'Stroobantia III' 9-max Seat #5 is the button
Seat 1: SZEDLACSEK19 ($7.02 in chips) 
Seat 2: tomashovka55 ($5.61 in chips) 
Seat 3: tabuse ($3.87 in chips) 
Seat 5: ice245777 ($2.07 in chips) 
Seat 6: Dorex2007 ($5.32 in chips) 
Seat 7: Kroki66 ($8.34 in chips) 
Seat 9: Save_Fiona ($5.55 in chips) 
Dorex2007: posts small blind $0.02
Kroki66: posts big blind $0.05
KOCETO_1992: sits out 
henriquefjc: sits out 
*** HOLE CARDS ***
Dealt to Dorex2007 [Jc Jh]
Save_Fiona: folds 
SZEDLACSEK19: folds 
tomashovka55: folds 
tabuse: folds 
ice245777: folds 
Dorex2007: raises $0.10 to $0.15
Kroki66: folds 
Uncalled bet ($0.10) returned to Dorex2007
Dorex2007 collected $0.10 from pot
Dorex2007: doesn't show hand 
*** SUMMARY ***
Total pot $0.10 | Rake $0 
Seat 1: SZEDLACSEK19 folded before Flop (didn't bet)
Seat 2: tomashovka55 folded before Flop (didn't bet)
Seat 3: tabuse folded before Flop (didn't bet)
Seat 5: ice245777 (button) folded before Flop (didn't bet)
Seat 6: Dorex2007 (small blind) collected ($0.10)
Seat 7: Kroki66 (big blind) folded before Flop
Seat 9: Save_Fiona folded before Flop (didn't bet)



PokerStars Hand #238689254868:  Hold'em No Limit ($0.02/$0.05 USD) - 2022/09/17 12:03:24 PT [2022/09/17 15:03:24 ET]
Table 'Stroobantia III' 9-max Seat #6 is the button
Seat 1: SZEDLACSEK19 ($7.02 in chips) 
Seat 2: tomashovka55 ($5.61 in chips) 
Seat 3: tabuse ($3.87 in chips) 
Seat 5: ice245777 ($2.07 in chips) 
Seat 6: Dorex2007 ($5.37 in chips) 
Seat 7: Kroki66 ($8.29 in chips) 
Seat 8: KOCETO_1992 ($4.40 in chips) 
Seat 9: Save_Fiona ($5.55 in chips) 
Kroki66: posts small blind $0.02
KOCETO_1992: posts big blind $0.05
henriquefjc: sits out 
*** HOLE CARDS ***
Dealt to Dorex2007 [Ad Qs]
Save_Fiona: folds 
SZEDLACSEK19: calls $0.05
tomashovka55: folds 
tabuse: folds 
ice245777: folds 
Dorex2007: raises $0.05 to $0.10
Kroki66: folds 
KOCETO_1992: folds 
SZEDLACSEK19: calls $0.05
*** FLOP *** [9s Jc Jh]
SZEDLACSEK19: checks 
Dorex2007: checks 
*** TURN *** [9s Jc Jh] [4s]
SZEDLACSEK19: bets $0.10
Dorex2007: folds 
Uncalled bet ($0.10) returned to SZEDLACSEK19
SZEDLACSEK19 collected $0.26 from pot
*** SUMMARY ***
Total pot $0.27 | Rake $0.01 
Board [9s Jc Jh 4s]
Seat 1: SZEDLACSEK19 collected ($0.26)
Seat 2: tomashovka55 folded before Flop (didn't bet)
Seat 3: tabuse folded before Flop (didn't bet)
Seat 5: ice245777 folded before Flop (didn't bet)
Seat 6: Dorex2007 (button) folded on the Turn
Seat 7: Kroki66 (small blind) folded before Flop
Seat 8: KOCETO_1992 (big blind) folded before Flop
Seat 9: Save_Fiona folded before Flop (didn't bet)



PokerStars Hand #238689276878:  Hold'em No Limit ($0.02/$0.05 USD) - 2022/09/17 12:04:20 PT [2022/09/17 15:04:20 ET]
Table 'Stroobantia III' 9-max Seat #7 is the button
Seat 1: SZEDLACSEK19 ($7.18 in chips) 
Seat 2: tomashovka55 ($5.61 in chips) 
Seat 3: tabuse ($3.87 in chips) 
Seat 5: ice245777 ($2.07 in chips) 
Seat 6: Dorex2007 ($5.27 in chips) 
Seat 7: Kroki66 ($8.27 in chips) 
Seat 8: KOCETO_1992 ($4.35 in chips) 
Seat 9: Save_Fiona ($5.55 in chips) 
KOCETO_1992: posts small blind $0.02
Save_Fiona: posts big blind $0.05
henriquefjc: sits out 
*** HOLE CARDS ***
Dealt to Dorex2007 [6c 7d]
SZEDLACSEK19: folds 
tomashovka55: folds 
tabuse: raises $0.15 to $0.20
ice245777: calls $0.20
Dorex2007: folds 
Kroki66: folds 
KOCETO_1992: folds 
Save_Fiona: folds 
*** FLOP *** [8s Kc Jh]
tabuse: bets $0.25
ice245777: folds 
Uncalled bet ($0.25) returned to tabuse
tabuse collected $0.45 from pot
tabuse: doesn't show hand 
*** SUMMARY ***
Total pot $0.47 | Rake $0.02 
Board [8s Kc Jh]
Seat 1: SZEDLACSEK19 folded before Flop (didn't bet)
Seat 2: tomashovka55 folded before Flop (didn't bet)
Seat 3: tabuse collected ($0.45)
Seat 5: ice245777 folded on the Flop
Seat 6: Dorex2007 folded before Flop (didn't bet)
Seat 7: Kroki66 (button) folded before Flop (didn't bet)
Seat 8: KOCETO_1992 (small blind) folded before Flop
Seat 9: Save_Fiona (big blind) folded before Flop



PokerStars Hand #238689284803:  Hold'em No Limit ($0.02/$0.05 USD) - 2022/09/17 12:04:40 PT [2022/09/17 15:04:40 ET]
Table 'Stroobantia III' 9-max Seat #8 is the button
Seat 1: SZEDLACSEK19 ($7.18 in chips) 
Seat 2: tomashovka55 ($5.61 in chips) 
Seat 3: tabuse ($4.12 in chips) 
Seat 5: ice245777 ($2 in chips) 
Seat 6: Dorex2007 ($5.27 in chips) 
Seat 7: Kroki66 ($8.27 in chips) 
Seat 8: KOCETO_1992 ($4.33 in chips) 
Seat 9: Save_Fiona ($5.50 in chips) 
Save_Fiona: posts small blind $0.02
SZEDLACSEK19: posts big blind $0.05
henriquefjc: sits out 
*** HOLE CARDS ***
Dealt to Dorex2007 [Ad Tc]
tomashovka55: folds 
tabuse: folds 
ice245777: folds 
Dorex2007: raises $0.10 to $0.15
Kroki66: folds 
KOCETO_1992: folds 
Save_Fiona: folds 
SZEDLACSEK19: calls $0.10
*** FLOP *** [2h Th 6s]
SZEDLACSEK19: bets $0.05
Dorex2007: raises $0.22 to $0.27
SZEDLACSEK19: folds 
Uncalled bet ($0.22) returned to Dorex2007
Dorex2007 collected $0.40 from pot
Dorex2007: doesn't show hand 
*** SUMMARY ***
Total pot $0.42 | Rake $0.02 
Board [2h Th 6s]
Seat 1: SZEDLACSEK19 (big blind) folded on the Flop
Seat 2: tomashovka55 folded before Flop (didn't bet)
Seat 3: tabuse folded before Flop (didn't bet)
Seat 5: ice245777 folded before Flop (didn't bet)
Seat 6: Dorex2007 collected ($0.40)
Seat 7: Kroki66 folded before Flop (didn't bet)
Seat 8: KOCETO_1992 (button) folded before Flop (didn't bet)
Seat 9: Save_Fiona (small blind) folded before Flop



PokerStars Hand #238689298146:  Hold'em No Limit ($0.02/$0.05 USD) - 2022/09/17 12:05:12 PT [2022/09/17 15:05:12 ET]
Table 'Stroobantia III' 9-max Seat #9 is the button
Seat 1: SZEDLACSEK19 ($6.98 in chips) 
Seat 2: tomashovka55 ($5.61 in chips) 
Seat 3: tabuse ($4.12 in chips) 
Seat 5: ice245777 ($2 in chips) 
Seat 6: Dorex2007 ($5.47 in chips) 
Seat 7: Kroki66 ($8.27 in chips) 
Seat 8: KOCETO_1992 ($4.33 in chips) 
Seat 9: Save_Fiona ($5.48 in chips) 
SZEDLACSEK19: posts small blind $0.02
tomashovka55: posts big blind $0.05
henriquefjc: sits out 
*** HOLE CARDS ***
Dealt to Dorex2007 [3c 2h]
tabuse: folds 
ice245777: raises $0.12 to $0.17
Dorex2007: folds 
Kroki66: folds 
KOCETO_1992: folds 
Save_Fiona: folds 
SZEDLACSEK19: folds 
tomashovka55: folds 
Uncalled bet ($0.12) returned to ice245777
ice245777 collected $0.12 from pot
*** SUMMARY ***
Total pot $0.12 | Rake $0 
Seat 1: SZEDLACSEK19 (small blind) folded before Flop
Seat 2: tomashovka55 (big blind) folded before Flop
Seat 3: tabuse folded before Flop (didn't bet)
Seat 5: ice245777 collected ($0.12)
Seat 6: Dorex2007 folded before Flop (didn't bet)
Seat 7: Kroki66 folded before Flop (didn't bet)
Seat 8: KOCETO_1992 folded before Flop (didn't bet)
Seat 9: Save_Fiona (button) folded before Flop (didn't bet)



PokerStars Hand #238689309432:  Hold'em No Limit ($0.02/$0.05 USD) - 2022/09/17 12:05:38 PT [2022/09/17 15:05:38 ET]
Table 'Stroobantia III' 9-max Seat #1 is the button
Seat 1: SZEDLACSEK19 ($6.96 in chips) 
Seat 2: tomashovka55 ($5.56 in chips) 
Seat 3: tabuse ($4.12 in chips) 
Seat 5: ice245777 ($2.07 in chips) 
Seat 6: Dorex2007 ($5.47 in chips) 
Seat 7: Kroki66 ($8.27 in chips) 
Seat 8: KOCETO_1992 ($4.33 in chips) 
Seat 9: Save_Fiona ($5.48 in chips) 
tomashovka55: posts small blind $0.02
tabuse: posts big blind $0.05
henriquefjc: sits out 
*** HOLE CARDS ***
Dealt to Dorex2007 [Kd 3s]
ice245777: folds 
Dorex2007: folds 
Kroki66: folds 
KOCETO_1992: folds 
Save_Fiona: folds 
SZEDLACSEK19 has timed out
SZEDLACSEK19: folds 
tomashovka55: raises $0.07 to $0.12
tabuse: folds 
Uncalled bet ($0.07) returned to tomashovka55
tomashovka55 collected $0.10 from pot
tomashovka55: doesn't show hand 
*** SUMMARY ***
Total pot $0.10 | Rake $0 
Seat 1: SZEDLACSEK19 (button) folded before Flop (didn't bet)
Seat 2: tomashovka55 (small blind) collected ($0.10)
Seat 3: tabuse (big blind) folded before Flop
Seat 5: ice245777 folded before Flop (didn't bet)
Seat 6: Dorex2007 folded before Flop (didn't bet)
Seat 7: Kroki66 folded before Flop (didn't bet)
Seat 8: KOCETO_1992 folded before Flop (didn't bet)
Seat 9: Save_Fiona folded before Flop (didn't bet)



PokerStars Hand #238689319372:  Hold'em No Limit ($0.02/$0.05 USD) - 2022/09/17 12:06:01 PT [2022/09/17 15:06:01 ET]
Table 'Stroobantia III' 9-max Seat #2 is the button
Seat 1: SZEDLACSEK19 ($6.96 in chips) 
Seat 2: tomashovka55 ($5.61 in chips) 
Seat 3: tabuse ($4.07 in chips) 
Seat 4: henriquefjc ($7.76 in chips) 
Seat 5: ice245777 ($2.07 in chips) 
Seat 6: Dorex2007 ($5.47 in chips) 
Seat 7: Kroki66 ($8.27 in chips) 
Seat 8: KOCETO_1992 ($4.33 in chips) 
Seat 9: Save_Fiona ($5.48 in chips) 
tabuse: posts small blind $0.02
henriquefjc: posts big blind $0.05
*** HOLE CARDS ***
Dealt to Dorex2007 [4d 6c]
ice245777: raises $0.10 to $0.15
Dorex2007: folds 
Kroki66: folds 
KOCETO_1992: folds 
Save_Fiona: folds 
SZEDLACSEK19: folds 
tomashovka55: folds 
tabuse: folds 
henriquefjc: folds 
Uncalled bet ($0.10) returned to ice245777
ice245777 collected $0.12 from pot
*** SUMMARY ***
Total pot $0.12 | Rake $0 
Seat 1: SZEDLACSEK19 folded before Flop (didn't bet)
Seat 2: tomashovka55 (button) folded before Flop (didn't bet)
Seat 3: tabuse (small blind) folded before Flop
Seat 4: henriquefjc (big blind) folded before Flop
Seat 5: ice245777 collected ($0.12)
Seat 6: Dorex2007 folded before Flop (didn't bet)
Seat 7: Kroki66 folded before Flop (didn't bet)
Seat 8: KOCETO_1992 folded before Flop (didn't bet)
Seat 9: Save_Fiona folded before Flop (didn't bet)



PokerStars Hand #238689328085:  Hold'em No Limit ($0.02/$0.05 USD) - 2022/09/17 12:06:22 PT [2022/09/17 15:06:22 ET]
Table 'Stroobantia III' 9-max Seat #3 is the button
Seat 1: SZEDLACSEK19 ($6.96 in chips) 
Seat 2: tomashovka55 ($5.61 in chips) 
Seat 3: tabuse ($4.05 in chips) 
Seat 4: henriquefjc ($7.71 in chips) 
Seat 5: ice245777 ($2.14 in chips) 
Seat 6: Dorex2007 ($5.47 in chips) 
Seat 7: Kroki66 ($8.27 in chips) 
Seat 8: KOCETO_1992 ($4.33 in chips) 
Seat 9: Save_Fiona ($5.48 in chips) 
henriquefjc: posts small blind $0.02
ice245777: posts big blind $0.05
*** HOLE CARDS ***
Dealt to Dorex2007 [Ts 4d]
Dorex2007: folds 
Kroki66: folds 
KOCETO_1992: folds 
Save_Fiona: folds 
SZEDLACSEK19: folds 
tomashovka55: folds 
tabuse: raises $0.15 to $0.20
henriquefjc: calls $0.18
ice245777: folds 
*** FLOP *** [7h 2d 5d]
henriquefjc: checks 
tabuse: bets $0.20
henriquefjc: calls $0.20
*** TURN *** [7h 2d 5d] [Qd]
henriquefjc: checks 
tabuse: checks 
*** RIVER *** [7h 2d 5d Qd] [Tc]
henriquefjc: bets $0.50
tabuse: folds 
Uncalled bet ($0.50) returned to henriquefjc
henriquefjc collected $0.81 from pot
henriquefjc: doesn't show hand 
*** SUMMARY ***
Total pot $0.85 | Rake $0.04 
Board [7h 2d 5d Qd Tc]
Seat 1: SZEDLACSEK19 folded before Flop (didn't bet)
Seat 2: tomashovka55 folded before Flop (didn't bet)
Seat 3: tabuse (button) folded on the River
Seat 4: henriquefjc (small blind) collected ($0.81)
Seat 5: ice245777 (big blind) folded before Flop
Seat 6: Dorex2007 folded before Flop (didn't bet)
Seat 7: Kroki66 folded before Flop (didn't bet)
Seat 8: KOCETO_1992 folded before Flop (didn't bet)
Seat 9: Save_Fiona folded before Flop (didn't bet)



PokerStars Hand #238689359975:  Hold'em No Limit ($0.02/$0.05 USD) - 2022/09/17 12:07:36 PT [2022/09/17 15:07:36 ET]
Table 'Stroobantia III' 9-max Seat #4 is the button
Seat 1: SZEDLACSEK19 ($6.96 in chips) 
Seat 2: tomashovka55 ($5.61 in chips) 
Seat 3: tabuse ($3.65 in chips) 
Seat 4: henriquefjc ($8.12 in chips) 
Seat 5: ice245777 ($2.09 in chips) 
Seat 6: Dorex2007 ($5.47 in chips) 
Seat 7: Kroki66 ($8.27 in chips) 
Seat 8: KOCETO_1992 ($4.33 in chips) 
Seat 9: Save_Fiona ($5.48 in chips) 
ice245777: posts small blind $0.02
Dorex2007: posts big blind $0.05
*** HOLE CARDS ***
Dealt to Dorex2007 [4d Qc]
Kroki66: folds 
KOCETO_1992: folds 
Save_Fiona: folds 
SZEDLACSEK19: folds 
tomashovka55: folds 
tabuse: raises $0.15 to $0.20
henriquefjc has timed out
henriquefjc: folds 
ice245777: folds 
Dorex2007: folds 
Uncalled bet ($0.15) returned to tabuse
tabuse collected $0.12 from pot
tabuse: doesn't show hand 
*** SUMMARY ***
Total pot $0.12 | Rake $0 
Seat 1: SZEDLACSEK19 folded before Flop (didn't bet)
Seat 2: tomashovka55 folded before Flop (didn't bet)
Seat 3: tabuse collected ($0.12)
Seat 4: henriquefjc (button) folded before Flop (didn't bet)
Seat 5: ice245777 (small blind) folded before Flop
Seat 6: Dorex2007 (big blind) folded before Flop
Seat 7: Kroki66 folded before Flop (didn't bet)
Seat 8: KOCETO_1992 folded before Flop (didn't bet)
Seat 9: Save_Fiona folded before Flop (didn't bet)



PokerStars Hand #238689374907:  Hold'em No Limit ($0.02/$0.05 USD) - 2022/09/17 12:08:12 PT [2022/09/17 15:08:12 ET]
Table 'Stroobantia III' 9-max Seat #5 is the button
Seat 1: SZEDLACSEK19 ($6.96 in chips) 
Seat 2: tomashovka55 ($5.61 in chips) 
Seat 3: tabuse ($3.72 in chips) 
Seat 4: henriquefjc ($8.12 in chips) 
Seat 5: ice245777 ($2.07 in chips) 
Seat 6: Dorex2007 ($5.42 in chips) 
Seat 7: Kroki66 ($8.27 in chips) 
Seat 8: KOCETO_1992 ($4.33 in chips) 
Seat 9: Save_Fiona ($5.48 in chips) 
Dorex2007: posts small blind $0.02
Kroki66: posts big blind $0.05
*** HOLE CARDS ***
Dealt to Dorex2007 [3h 6c]
KOCETO_1992: folds 
Save_Fiona: raises $0.10 to $0.15
SZEDLACSEK19: folds 
tomashovka55: folds 
tabuse: calls $0.15
henriquefjc: folds 
ice245777: folds 
Dorex2007: folds 
Kroki66: folds 
*** FLOP *** [2d Td 6h]
Save_Fiona: checks 
tabuse: bets $0.20
Save_Fiona: folds 
Uncalled bet ($0.20) returned to tabuse
tabuse collected $0.35 from pot
tabuse: doesn't show hand 
*** SUMMARY ***
Total pot $0.37 | Rake $0.02 
Board [2d Td 6h]
Seat 1: SZEDLACSEK19 folded before Flop (didn't bet)
Seat 2: tomashovka55 folded before Flop (didn't bet)
Seat 3: tabuse collected ($0.35)
Seat 4: henriquefjc folded before Flop (didn't bet)
Seat 5: ice245777 (button) folded before Flop (didn't bet)
Seat 6: Dorex2007 (small blind) folded before Flop
Seat 7: Kroki66 (big blind) folded before Flop
Seat 8: KOCETO_1992 folded before Flop (didn't bet)
Seat 9: Save_Fiona folded on the Flop



PokerStars Hand #238689386702:  Hold'em No Limit ($0.02/$0.05 USD) - 2022/09/17 12:08:40 PT [2022/09/17 15:08:40 ET]
Table 'Stroobantia III' 9-max Seat #6 is the button
Seat 1: SZEDLACSEK19 ($6.96 in chips) 
Seat 2: tomashovka55 ($5.61 in chips) 
Seat 3: tabuse ($3.92 in chips) 
Seat 4: henriquefjc ($8.12 in chips) 
Seat 5: ice245777 ($2.07 in chips) 
Seat 6: Dorex2007 ($5.40 in chips) 
Seat 7: Kroki66 ($8.22 in chips) 
Seat 8: KOCETO_1992 ($4.33 in chips) 
Seat 9: Save_Fiona ($5.33 in chips) 
Kroki66: posts small blind $0.02
KOCETO_1992: posts big blind $0.05
*** HOLE CARDS ***
Dealt to Dorex2007 [Kc 2s]
Save_Fiona: folds 
SZEDLACSEK19: folds 
tomashovka55: raises $0.07 to $0.12
tabuse: folds 
henriquefjc: folds 
ice245777: folds 
Dorex2007: folds 
Kroki66: folds 
KOCETO_1992: folds 
Uncalled bet ($0.07) returned to tomashovka55
tomashovka55 collected $0.12 from pot
tomashovka55: doesn't show hand 
*** SUMMARY ***
Total pot $0.12 | Rake $0 
Seat 1: SZEDLACSEK19 folded before Flop (didn't bet)
Seat 2: tomashovka55 collected ($0.12)
Seat 3: tabuse folded before Flop (didn't bet)
Seat 4: henriquefjc folded before Flop (didn't bet)
Seat 5: ice245777 folded before Flop (didn't bet)
Seat 6: Dorex2007 (button) folded before Flop (didn't bet)
Seat 7: Kroki66 (small blind) folded before Flop
Seat 8: KOCETO_1992 (big blind) folded before Flop
Seat 9: Save_Fiona folded before Flop (didn't bet)



PokerStars Hand #238689399153:  Hold'em No Limit ($0.02/$0.05 USD) - 2022/09/17 12:09:09 PT [2022/09/17 15:09:09 ET]
Table 'Stroobantia III' 9-max Seat #7 is the button
Seat 1: SZEDLACSEK19 ($6.96 in chips) 
Seat 2: tomashovka55 ($5.68 in chips) 
Seat 3: tabuse ($3.92 in chips) 
Seat 4: henriquefjc ($8.12 in chips) 
Seat 5: ice245777 ($2.07 in chips) 
Seat 6: Dorex2007 ($5.40 in chips) 
Seat 7: Kroki66 ($8.20 in chips) 
Seat 8: KOCETO_1992 ($4.28 in chips) 
Seat 9: Save_Fiona ($5.33 in chips) 
KOCETO_1992: posts small blind $0.02
Save_Fiona: posts big blind $0.05
*** HOLE CARDS ***
Dealt to Dorex2007 [4c 6d]
SZEDLACSEK19 has timed out
SZEDLACSEK19: folds 
tomashovka55: folds 
tabuse: folds 
henriquefjc: folds 
ice245777: folds 
Dorex2007: folds 
Kroki66: folds 
KOCETO_1992: folds 
Uncalled bet ($0.03) returned to Save_Fiona
Save_Fiona collected $0.04 from pot
Save_Fiona: doesn't show hand 
*** SUMMARY ***
Total pot $0.04 | Rake $0 
Seat 1: SZEDLACSEK19 folded before Flop (didn't bet)
Seat 2: tomashovka55 folded before Flop (didn't bet)
Seat 3: tabuse folded before Flop (didn't bet)
Seat 4: henriquefjc folded before Flop (didn't bet)
Seat 5: ice245777 folded before Flop (didn't bet)
Seat 6: Dorex2007 folded before Flop (didn't bet)
Seat 7: Kroki66 (button) folded before Flop (didn't bet)
Seat 8: KOCETO_1992 (small blind) folded before Flop
Seat 9: Save_Fiona (big blind) collected ($0.04)



PokerStars Hand #238689415607:  Hold'em No Limit ($0.02/$0.05 USD) - 2022/09/17 12:09:47 PT [2022/09/17 15:09:47 ET]
Table 'Stroobantia III' 9-max Seat #8 is the button
Seat 1: SZEDLACSEK19 ($6.96 in chips) 
Seat 2: tomashovka55 ($5.68 in chips) 
Seat 3: tabuse ($3.92 in chips) 
Seat 4: henriquefjc ($8.12 in chips) 
Seat 5: ice245777 ($2.07 in chips) 
Seat 6: Dorex2007 ($5.40 in chips) 
Seat 7: Kroki66 ($8.20 in chips) 
Seat 8: KOCETO_1992 ($4.26 in chips) 
Seat 9: Save_Fiona ($5.35 in chips) 
Save_Fiona: posts small blind $0.02
SZEDLACSEK19: posts big blind $0.05
*** HOLE CARDS ***
Dealt to Dorex2007 [5s Tc]
tomashovka55: folds 
tabuse: folds 
henriquefjc: folds 
ice245777: folds 
Dorex2007: folds 
Kroki66: folds 
KOCETO_1992: raises $0.07 to $0.12
Save_Fiona: calls $0.10
SZEDLACSEK19: calls $0.07
*** FLOP *** [Qc 7d 5c]
Save_Fiona: checks 
SZEDLACSEK19: bets $0.05
KOCETO_1992: raises $0.10 to $0.15
Save_Fiona: folds 
SZEDLACSEK19: folds 
Uncalled bet ($0.10) returned to KOCETO_1992
KOCETO_1992 collected $0.44 from pot
*** SUMMARY ***
Total pot $0.46 | Rake $0.02 
Board [Qc 7d 5c]
Seat 1: SZEDLACSEK19 (big blind) folded on the Flop
Seat 2: tomashovka55 folded before Flop (didn't bet)
Seat 3: tabuse folded before Flop (didn't bet)
Seat 4: henriquefjc folded before Flop (didn't bet)
Seat 5: ice245777 folded before Flop (didn't bet)
Seat 6: Dorex2007 folded before Flop (didn't bet)
Seat 7: Kroki66 folded before Flop (didn't bet)
Seat 8: KOCETO_1992 (button) collected ($0.44)
Seat 9: Save_Fiona (small blind) folded on the Flop



PokerStars Hand #238689444392:  Hold'em No Limit ($0.02/$0.05 USD) - 2022/09/17 12:10:54 PT [2022/09/17 15:10:54 ET]
Table 'Stroobantia III' 9-max Seat #9 is the button
Seat 1: SZEDLACSEK19 ($6.79 in chips) 
Seat 2: tomashovka55 ($5.68 in chips) 
Seat 3: tabuse ($3.92 in chips) 
Seat 4: henriquefjc ($8.12 in chips) 
Seat 5: ice245777 ($2.07 in chips) 
Seat 6: Dorex2007 ($5.40 in chips) 
Seat 7: Kroki66 ($8.20 in chips) 
Seat 8: KOCETO_1992 ($4.53 in chips) 
Seat 9: Save_Fiona ($5.23 in chips) 
SZEDLACSEK19: posts small blind $0.02
tomashovka55: posts big blind $0.05
*** HOLE CARDS ***
Dealt to Dorex2007 [5c 8h]
tabuse: folds 
henriquefjc: raises $0.12 to $0.17
ice245777: folds 
Dorex2007: folds 
Kroki66: folds 
KOCETO_1992: folds 
Save_Fiona: folds 
SZEDLACSEK19: folds 
tomashovka55: folds 
Uncalled bet ($0.12) returned to henriquefjc
henriquefjc collected $0.12 from pot
henriquefjc: doesn't show hand 
*** SUMMARY ***
Total pot $0.12 | Rake $0 
Seat 1: SZEDLACSEK19 (small blind) folded before Flop
Seat 2: tomashovka55 (big blind) folded before Flop
Seat 3: tabuse folded before Flop (didn't bet)
Seat 4: henriquefjc collected ($0.12)
Seat 5: ice245777 folded before Flop (didn't bet)
Seat 6: Dorex2007 folded before Flop (didn't bet)
Seat 7: Kroki66 folded before Flop (didn't bet)
Seat 8: KOCETO_1992 folded before Flop (didn't bet)
Seat 9: Save_Fiona (button) folded before Flop (didn't bet)



PokerStars Hand #238689455068:  Hold'em No Limit ($0.02/$0.05 USD) - 2022/09/17 12:11:19 PT [2022/09/17 15:11:19 ET]
Table 'Stroobantia III' 9-max Seat #1 is the button
Seat 1: SZEDLACSEK19 ($6.77 in chips) 
Seat 2: tomashovka55 ($5.63 in chips) 
Seat 3: tabuse ($3.92 in chips) 
Seat 4: henriquefjc ($8.19 in chips) 
Seat 5: ice245777 ($2.07 in chips) 
Seat 6: Dorex2007 ($5.40 in chips) 
Seat 7: Kroki66 ($8.20 in chips) 
Seat 8: KOCETO_1992 ($4.53 in chips) 
Seat 9: Save_Fiona ($5.23 in chips) 
tomashovka55: posts small blind $0.02
tabuse: posts big blind $0.05
*** HOLE CARDS ***
Dealt to Dorex2007 [2h As]
henriquefjc: folds 
ice245777: folds 
Dorex2007: folds 
Kroki66: folds 
KOCETO_1992: folds 
Save_Fiona: raises $0.10 to $0.15
SZEDLACSEK19: folds 
tomashovka55: folds 
tabuse: calls $0.10
*** FLOP *** [4d 8d 6s]
tabuse: checks 
Save_Fiona: checks 
*** TURN *** [4d 8d 6s] [9h]
tabuse: checks 
Save_Fiona: checks 
*** RIVER *** [4d 8d 6s 9h] [2c]
tabuse: bets $0.20
Save_Fiona: calls $0.20
*** SHOW DOWN ***
tabuse: shows [9s Ad] (a pair of Nines)
Save_Fiona: mucks hand 
tabuse collected $0.69 from pot
*** SUMMARY ***
Total pot $0.72 | Rake $0.03 
Board [4d 8d 6s 9h 2c]
Seat 1: SZEDLACSEK19 (button) folded before Flop (didn't bet)
Seat 2: tomashovka55 (small blind) folded before Flop
Seat 3: tabuse (big blind) showed [9s Ad] and won ($0.69) with a pair of Nines
Seat 4: henriquefjc folded before Flop (didn't bet)
Seat 5: ice245777 folded before Flop (didn't bet)
Seat 6: Dorex2007 folded before Flop (didn't bet)
Seat 7: Kroki66 folded before Flop (didn't bet)
Seat 8: KOCETO_1992 folded before Flop (didn't bet)
Seat 9: Save_Fiona mucked [Kh Qs]



PokerStars Hand #238689475077:  Hold'em No Limit ($0.02/$0.05 USD) - 2022/09/17 12:12:06 PT [2022/09/17 15:12:06 ET]
Table 'Stroobantia III' 9-max Seat #2 is the button
Seat 1: SZEDLACSEK19 ($6.77 in chips) 
Seat 2: tomashovka55 ($5.61 in chips) 
Seat 3: tabuse ($4.26 in chips) 
Seat 4: henriquefjc ($8.19 in chips) 
Seat 5: ice245777 ($2.07 in chips) 
Seat 6: Dorex2007 ($5.40 in chips) 
Seat 7: Kroki66 ($8.20 in chips) 
Seat 8: KOCETO_1992 ($4.53 in chips) 
Seat 9: Save_Fiona ($4.88 in chips) 
tabuse: posts small blind $0.02
henriquefjc: posts big blind $0.05
*** HOLE CARDS ***
Dealt to Dorex2007 [2s 3s]
ice245777: calls $0.05
Dorex2007: folds 
Kroki66: folds 
KOCETO_1992: folds 
Save_Fiona: folds 
SZEDLACSEK19: calls $0.05
tomashovka55: folds 
tabuse: folds 
henriquefjc: checks 
*** FLOP *** [Qs Jd 3c]
henriquefjc: checks 
ice245777: checks 
SZEDLACSEK19: checks 
*** TURN *** [Qs Jd 3c] [Td]
henriquefjc: checks 
ice245777: checks 
SZEDLACSEK19: bets $0.16
henriquefjc: folds 
ice245777: folds 
Uncalled bet ($0.16) returned to SZEDLACSEK19
SZEDLACSEK19 collected $0.16 from pot
*** SUMMARY ***
Total pot $0.17 | Rake $0.01 
Board [Qs Jd 3c Td]
Seat 1: SZEDLACSEK19 collected ($0.16)
Seat 2: tomashovka55 (button) folded before Flop (didn't bet)
Seat 3: tabuse (small blind) folded before Flop
Seat 4: henriquefjc (big blind) folded on the Turn
Seat 5: ice245777 folded on the Turn
Seat 6: Dorex2007 folded before Flop (didn't bet)
Seat 7: Kroki66 folded before Flop (didn't bet)
Seat 8: KOCETO_1992 folded before Flop (didn't bet)
Seat 9: Save_Fiona folded before Flop (didn't bet)



PokerStars Hand #238689497510:  Hold'em No Limit ($0.02/$0.05 USD) - 2022/09/17 12:12:58 PT [2022/09/17 15:12:58 ET]
Table 'Stroobantia III' 9-max Seat #3 is the button
Seat 1: SZEDLACSEK19 ($6.88 in chips) 
Seat 2: tomashovka55 ($5.61 in chips) 
Seat 3: tabuse ($4.24 in chips) 
Seat 4: henriquefjc ($8.14 in chips) 
Seat 5: ice245777 ($2.02 in chips) 
Seat 6: Dorex2007 ($5.40 in chips) 
Seat 7: Kroki66 ($8.20 in chips) 
Seat 8: KOCETO_1992 ($4.53 in chips) 
Seat 9: Save_Fiona ($4.88 in chips) 
henriquefjc: posts small blind $0.02
ice245777: posts big blind $0.05
*** HOLE CARDS ***
Dealt to Dorex2007 [6d 5c]
Dorex2007: folds 
Kroki66: folds 
KOCETO_1992: folds 
Save_Fiona: folds 
SZEDLACSEK19: calls $0.05
tomashovka55: raises $0.19 to $0.24
tabuse: folds 
henriquefjc: folds 
ice245777: folds 
SZEDLACSEK19: folds 
Uncalled bet ($0.19) returned to tomashovka55
tomashovka55 collected $0.17 from pot
tomashovka55: doesn't show hand 
*** SUMMARY ***
Total pot $0.17 | Rake $0 
Seat 1: SZEDLACSEK19 folded before Flop
Seat 2: tomashovka55 collected ($0.17)
Seat 3: tabuse (button) folded before Flop (didn't bet)
Seat 4: henriquefjc (small blind) folded before Flop
Seat 5: ice245777 (big blind) folded before Flop
Seat 6: Dorex2007 folded before Flop (didn't bet)
Seat 7: Kroki66 folded before Flop (didn't bet)
Seat 8: KOCETO_1992 folded before Flop (didn't bet)
Seat 9: Save_Fiona folded before Flop (didn't bet)



PokerStars Hand #238689517113:  Hold'em No Limit ($0.02/$0.05 USD) - 2022/09/17 12:13:43 PT [2022/09/17 15:13:43 ET]
Table 'Stroobantia III' 9-max Seat #4 is the button
Seat 1: SZEDLACSEK19 ($6.83 in chips) 
Seat 2: tomashovka55 ($5.73 in chips) 
Seat 3: tabuse ($4.24 in chips) 
Seat 4: henriquefjc ($8.12 in chips) 
Seat 5: ice245777 ($2 in chips) 
Seat 6: Dorex2007 ($5.40 in chips) 
Seat 7: Kroki66 ($8.20 in chips) 
Seat 8: KOCETO_1992 ($4.53 in chips) 
Seat 9: Save_Fiona ($4.88 in chips) 
ice245777: posts small blind $0.02
Dorex2007: posts big blind $0.05
*** HOLE CARDS ***
Dealt to Dorex2007 [9d 8c]
Kroki66: folds 
KOCETO_1992: folds 
Save_Fiona: folds 
SZEDLACSEK19 has timed out
SZEDLACSEK19: folds 
tomashovka55: folds 
tabuse: folds 
henriquefjc: folds 
ice245777: folds 
Uncalled bet ($0.03) returned to Dorex2007
Dorex2007 collected $0.04 from pot
Dorex2007: doesn't show hand 
*** SUMMARY ***
Total pot $0.04 | Rake $0 
Seat 1: SZEDLACSEK19 folded before Flop (didn't bet)
Seat 2: tomashovka55 folded before Flop (didn't bet)
Seat 3: tabuse folded before Flop (didn't bet)
Seat 4: henriquefjc (button) folded before Flop (didn't bet)
Seat 5: ice245777 (small blind) folded before Flop
Seat 6: Dorex2007 (big blind) collected ($0.04)
Seat 7: Kroki66 folded before Flop (didn't bet)
Seat 8: KOCETO_1992 folded before Flop (didn't bet)
Seat 9: Save_Fiona folded before Flop (didn't bet)



PokerStars Hand #238689528061:  Hold'em No Limit ($0.02/$0.05 USD) - 2022/09/17 12:14:08 PT [2022/09/17 15:14:08 ET]
Table 'Stroobantia III' 9-max Seat #5 is the button
Seat 1: SZEDLACSEK19 ($6.83 in chips) 
Seat 2: tomashovka55 ($5.73 in chips) 
Seat 3: tabuse ($4.24 in chips) 
Seat 4: henriquefjc ($8.12 in chips) 
Seat 5: ice245777 ($2 in chips) 
Seat 6: Dorex2007 ($5.42 in chips) 
Seat 7: Kroki66 ($8.20 in chips) 
Seat 8: KOCETO_1992 ($4.53 in chips) 
Seat 9: Save_Fiona ($4.88 in chips) 
Dorex2007: posts small blind $0.02
Kroki66: posts big blind $0.05
*** HOLE CARDS ***
Dealt to Dorex2007 [Qd 7h]
KOCETO_1992: raises $0.07 to $0.12
Save_Fiona: folds 
SZEDLACSEK19: folds 
tomashovka55: folds 
tabuse: raises $0.28 to $0.40
henriquefjc: folds 
ice245777: folds 
Dorex2007: folds 
Kroki66: folds 
KOCETO_1992: folds 
Uncalled bet ($0.28) returned to tabuse
tabuse collected $0.31 from pot
tabuse: doesn't show hand 
*** SUMMARY ***
Total pot $0.31 | Rake $0 
Seat 1: SZEDLACSEK19 folded before Flop (didn't bet)
Seat 2: tomashovka55 folded before Flop (didn't bet)
Seat 3: tabuse collected ($0.31)
Seat 4: henriquefjc folded before Flop (didn't bet)
Seat 5: ice245777 (button) folded before Flop (didn't bet)
Seat 6: Dorex2007 (small blind) folded before Flop
Seat 7: Kroki66 (big blind) folded before Flop
Seat 8: KOCETO_1992 folded before Flop
Seat 9: Save_Fiona folded before Flop (didn't bet)



PokerStars Hand #238689538726:  Hold'em No Limit ($0.02/$0.05 USD) - 2022/09/17 12:14:33 PT [2022/09/17 15:14:33 ET]
Table 'Stroobantia III' 9-max Seat #6 is the button
Seat 1: SZEDLACSEK19 ($6.83 in chips) 
Seat 2: tomashovka55 ($5.73 in chips) 
Seat 3: tabuse ($4.43 in chips) 
Seat 4: henriquefjc ($8.12 in chips) 
Seat 5: ice245777 ($2 in chips) 
Seat 6: Dorex2007 ($5.40 in chips) 
Seat 7: Kroki66 ($8.15 in chips) 
Seat 8: KOCETO_1992 ($4.41 in chips) 
Seat 9: Save_Fiona ($4.88 in chips) 
Kroki66: posts small blind $0.02
KOCETO_1992: posts big blind $0.05
*** HOLE CARDS ***
Dealt to Dorex2007 [7h Th]
Save_Fiona: folds 
SZEDLACSEK19 has timed out
SZEDLACSEK19: folds 
tomashovka55: folds 
tabuse: raises $0.15 to $0.20
henriquefjc: folds 
ice245777: folds 
Dorex2007: folds 
Kroki66: folds 
KOCETO_1992: folds 
Uncalled bet ($0.15) returned to tabuse
tabuse collected $0.12 from pot
tabuse: doesn't show hand 
*** SUMMARY ***
Total pot $0.12 | Rake $0 
Seat 1: SZEDLACSEK19 folded before Flop (didn't bet)
Seat 2: tomashovka55 folded before Flop (didn't bet)
Seat 3: tabuse collected ($0.12)
Seat 4: henriquefjc folded before Flop (didn't bet)
Seat 5: ice245777 folded before Flop (didn't bet)
Seat 6: Dorex2007 (button) folded before Flop (didn't bet)
Seat 7: Kroki66 (small blind) folded before Flop
Seat 8: KOCETO_1992 (big blind) folded before Flop
Seat 9: Save_Fiona folded before Flop (didn't bet)



PokerStars Hand #238689552989:  Hold'em No Limit ($0.02/$0.05 USD) - 2022/09/17 12:15:06 PT [2022/09/17 15:15:06 ET]
Table 'Stroobantia III' 9-max Seat #7 is the button
Seat 1: SZEDLACSEK19 ($6.83 in chips) 
Seat 2: tomashovka55 ($5.73 in chips) 
Seat 3: tabuse ($4.50 in chips) 
Seat 4: henriquefjc ($8.12 in chips) 
Seat 5: ice245777 ($2 in chips) 
Seat 6: Dorex2007 ($5.40 in chips) 
Seat 7: Kroki66 ($8.13 in chips) 
Seat 8: KOCETO_1992 ($4.36 in chips) 
Seat 9: Save_Fiona ($4.88 in chips) 
KOCETO_1992: posts small blind $0.02
Save_Fiona: posts big blind $0.05
*** HOLE CARDS ***
Dealt to Dorex2007 [9c 5s]
SZEDLACSEK19: calls $0.05
tomashovka55: raises $0.10 to $0.15
tabuse: raises $0.30 to $0.45
henriquefjc: folds 
ice245777: folds 
Dorex2007: folds 
Kroki66: folds 
KOCETO_1992: folds 
Save_Fiona: folds 
SZEDLACSEK19: folds 
tomashovka55: folds 
Uncalled bet ($0.30) returned to tabuse
tabuse collected $0.42 from pot
tabuse: doesn't show hand 
*** SUMMARY ***
Total pot $0.42 | Rake $0 
Seat 1: SZEDLACSEK19 folded before Flop
Seat 2: tomashovka55 folded before Flop
Seat 3: tabuse collected ($0.42)
Seat 4: henriquefjc folded before Flop (didn't bet)
Seat 5: ice245777 folded before Flop (didn't bet)
Seat 6: Dorex2007 folded before Flop (didn't bet)
Seat 7: Kroki66 (button) folded before Flop (didn't bet)
Seat 8: KOCETO_1992 (small blind) folded before Flop
Seat 9: Save_Fiona (big blind) folded before Flop



PokerStars Hand #238689572275:  Hold'em No Limit ($0.02/$0.05 USD) - 2022/09/17 12:15:50 PT [2022/09/17 15:15:50 ET]
Table 'Stroobantia III' 9-max Seat #8 is the button
Seat 1: SZEDLACSEK19 ($6.78 in chips) 
Seat 2: tomashovka55 ($5.58 in chips) 
Seat 3: tabuse ($4.77 in chips) 
Seat 4: henriquefjc ($8.12 in chips) 
Seat 5: ice245777 ($2 in chips) 
Seat 6: Dorex2007 ($5.40 in chips) 
Seat 7: Kroki66 ($8.13 in chips) 
Seat 8: KOCETO_1992 ($4.34 in chips) 
Seat 9: Save_Fiona ($4.83 in chips) 
Save_Fiona: posts small blind $0.02
SZEDLACSEK19: posts big blind $0.05
*** HOLE CARDS ***
Dealt to Dorex2007 [Qd 6h]
tomashovka55: raises $0.07 to $0.12
tabuse: folds 
henriquefjc: folds 
ice245777: folds 
Dorex2007: folds 
Kroki66: folds 
KOCETO_1992: folds 
Save_Fiona: folds 
SZEDLACSEK19: folds 
Uncalled bet ($0.07) returned to tomashovka55
tomashovka55 collected $0.12 from pot
tomashovka55: doesn't show hand 
*** SUMMARY ***
Total pot $0.12 | Rake $0 
Seat 1: SZEDLACSEK19 (big blind) folded before Flop
Seat 2: tomashovka55 collected ($0.12)
Seat 3: tabuse folded before Flop (didn't bet)
Seat 4: henriquefjc folded before Flop (didn't bet)
Seat 5: ice245777 folded before Flop (didn't bet)
Seat 6: Dorex2007 folded before Flop (didn't bet)
Seat 7: Kroki66 folded before Flop (didn't bet)
Seat 8: KOCETO_1992 (button) folded before Flop (didn't bet)
Seat 9: Save_Fiona (small blind) folded before Flop



PokerStars Hand #238689583532:  Hold'em No Limit ($0.02/$0.05 USD) - 2022/09/17 12:16:16 PT [2022/09/17 15:16:16 ET]
Table 'Stroobantia III' 9-max Seat #9 is the button
Seat 1: SZEDLACSEK19 ($6.73 in chips) 
Seat 2: tomashovka55 ($5.65 in chips) 
Seat 3: tabuse ($4.77 in chips) 
Seat 4: henriquefjc ($8.12 in chips) 
Seat 5: ice245777 ($2 in chips) 
Seat 6: Dorex2007 ($5.40 in chips) 
Seat 7: Kroki66 ($8.13 in chips) 
Seat 8: KOCETO_1992 ($4.34 in chips) 
Seat 9: Save_Fiona ($4.81 in chips) 
SZEDLACSEK19: posts small blind $0.02
tomashovka55: posts big blind $0.05
*** HOLE CARDS ***
Dealt to Dorex2007 [7d 3c]
tabuse: folds 
henriquefjc: folds 
ice245777: folds 
Dorex2007: folds 
Kroki66: folds 
KOCETO_1992: folds 
Save_Fiona: folds 
SZEDLACSEK19: calls $0.03
tomashovka55: checks 
*** FLOP *** [Qs Ts 4h]
SZEDLACSEK19: bets $0.05
tomashovka55: folds 
Uncalled bet ($0.05) returned to SZEDLACSEK19
SZEDLACSEK19 collected $0.10 from pot
*** SUMMARY ***
Total pot $0.10 | Rake $0 
Board [Qs Ts 4h]
Seat 1: SZEDLACSEK19 (small blind) collected ($0.10)
Seat 2: tomashovka55 (big blind) folded on the Flop
Seat 3: tabuse folded before Flop (didn't bet)
Seat 4: henriquefjc folded before Flop (didn't bet)
Seat 5: ice245777 folded before Flop (didn't bet)
Seat 6: Dorex2007 folded before Flop (didn't bet)
Seat 7: Kroki66 folded before Flop (didn't bet)
Seat 8: KOCETO_1992 folded before Flop (didn't bet)
Seat 9: Save_Fiona (button) folded before Flop (didn't bet)



PokerStars Hand #238689600238:  Hold'em No Limit ($0.02/$0.05 USD) - 2022/09/17 12:16:56 PT [2022/09/17 15:16:56 ET]
Table 'Stroobantia III' 9-max Seat #1 is the button
Seat 1: SZEDLACSEK19 ($6.78 in chips) 
Seat 2: tomashovka55 ($5.60 in chips) 
Seat 3: tabuse ($4.77 in chips) 
Seat 4: henriquefjc ($8.12 in chips) 
Seat 5: ice245777 ($2 in chips) 
Seat 6: Dorex2007 ($5.40 in chips) 
Seat 7: Kroki66 ($8.13 in chips) 
Seat 8: KOCETO_1992 ($4.34 in chips) 
Seat 9: Save_Fiona ($4.81 in chips) 
tomashovka55: posts small blind $0.02
tabuse: posts big blind $0.05
*** HOLE CARDS ***
Dealt to Dorex2007 [Kd 3d]
henriquefjc: calls $0.05
ice245777: folds 
Dorex2007: folds 
Kroki66: folds 
KOCETO_1992: calls $0.05
Save_Fiona: folds 
SZEDLACSEK19: calls $0.05
tomashovka55: folds 
tabuse: checks 
*** FLOP *** [Ac Jd 4h]
tabuse: checks 
henriquefjc: checks 
KOCETO_1992: bets $0.16
SZEDLACSEK19: folds 
tabuse: folds 
henriquefjc: folds 
Uncalled bet ($0.16) returned to KOCETO_1992
KOCETO_1992 collected $0.21 from pot
*** SUMMARY ***
Total pot $0.22 | Rake $0.01 
Board [Ac Jd 4h]
Seat 1: SZEDLACSEK19 (button) folded on the Flop
Seat 2: tomashovka55 (small blind) folded before Flop
Seat 3: tabuse (big blind) folded on the Flop
Seat 4: henriquefjc folded on the Flop
Seat 5: ice245777 folded before Flop (didn't bet)
Seat 6: Dorex2007 folded before Flop (didn't bet)
Seat 7: Kroki66 folded before Flop (didn't bet)
Seat 8: KOCETO_1992 collected ($0.21)
Seat 9: Save_Fiona folded before Flop (didn't bet)



PokerStars Hand #238689619343:  Hold'em No Limit ($0.02/$0.05 USD) - 2022/09/17 12:17:41 PT [2022/09/17 15:17:41 ET]
Table 'Stroobantia III' 9-max Seat #2 is the button
Seat 1: SZEDLACSEK19 ($6.73 in chips) 
Seat 2: tomashovka55 ($5.58 in chips) 
Seat 3: tabuse ($4.72 in chips) 
Seat 5: ice245777 ($2 in chips) 
Seat 6: Dorex2007 ($5.40 in chips) 
Seat 7: Kroki66 ($8.13 in chips) 
Seat 8: KOCETO_1992 ($4.50 in chips) 
Seat 9: Save_Fiona ($4.81 in chips) 
tabuse: posts small blind $0.02
henriquefjc: is sitting out 
ice245777: posts big blind $0.05
*** HOLE CARDS ***
Dealt to Dorex2007 [8c 4c]
Dorex2007: folds 
henriquefjc leaves the table
Kroki66: raises $0.10 to $0.15
KOCETO_1992: folds 
Save_Fiona: folds 
SZEDLACSEK19: folds 
tomashovka55: folds 
mahspace joins the table at seat #4 
tabuse: calls $0.13
ice245777: folds 
*** FLOP *** [4s Kc Jc]
tabuse: checks 
Kroki66: bets $0.25
tabuse: folds 
Uncalled bet ($0.25) returned to Kroki66
Kroki66 collected $0.34 from pot
Kroki66: doesn't show hand 
*** SUMMARY ***
Total pot $0.35 | Rake $0.01 
Board [4s Kc Jc]
Seat 1: SZEDLACSEK19 folded before Flop (didn't bet)
Seat 2: tomashovka55 (button) folded before Flop (didn't bet)
Seat 3: tabuse (small blind) folded on the Flop
Seat 5: ice245777 (big blind) folded before Flop
Seat 6: Dorex2007 folded before Flop (didn't bet)
Seat 7: Kroki66 collected ($0.34)
Seat 8: KOCETO_1992 folded before Flop (didn't bet)
Seat 9: Save_Fiona folded before Flop (didn't bet)



PokerStars Hand #238689634601:  Hold'em No Limit ($0.02/$0.05 USD) - 2022/09/17 12:18:16 PT [2022/09/17 15:18:16 ET]
Table 'Stroobantia III' 9-max Seat #3 is the button
Seat 1: SZEDLACSEK19 ($6.73 in chips) 
Seat 2: tomashovka55 ($5.58 in chips) 
Seat 3: tabuse ($4.57 in chips) 
Seat 5: ice245777 ($2 in chips) 
Seat 6: Dorex2007 ($5.40 in chips) 
Seat 7: Kroki66 ($8.32 in chips) 
Seat 8: KOCETO_1992 ($4.50 in chips) 
Seat 9: Save_Fiona ($4.81 in chips) 
ice245777: posts small blind $0.02
Dorex2007: posts big blind $0.05
*** HOLE CARDS ***
Dealt to Dorex2007 [Ad 5d]
Kroki66: folds 
KOCETO_1992: folds 
Save_Fiona: folds 
SZEDLACSEK19: folds 
tomashovka55: folds 
tabuse: folds 
ice245777: calls $0.03
Dorex2007: checks 
*** FLOP *** [9h 4c 9s]
ice245777: bets $0.07
Dorex2007: folds 
Uncalled bet ($0.07) returned to ice245777
ice245777 collected $0.10 from pot
*** SUMMARY ***
Total pot $0.10 | Rake $0 
Board [9h 4c 9s]
Seat 1: SZEDLACSEK19 folded before Flop (didn't bet)
Seat 2: tomashovka55 folded before Flop (didn't bet)
Seat 3: tabuse (button) folded before Flop (didn't bet)
Seat 5: ice245777 (small blind) collected ($0.10)
Seat 6: Dorex2007 (big blind) folded on the Flop
Seat 7: Kroki66 folded before Flop (didn't bet)
Seat 8: KOCETO_1992 folded before Flop (didn't bet)
Seat 9: Save_Fiona folded before Flop (didn't bet)



PokerStars Hand #238689647615:  Hold'em No Limit ($0.02/$0.05 USD) - 2022/09/17 12:18:46 PT [2022/09/17 15:18:46 ET]
Table 'Stroobantia III' 9-max Seat #5 is the button
Seat 1: SZEDLACSEK19 ($6.73 in chips) 
Seat 2: tomashovka55 ($5.58 in chips) 
Seat 3: tabuse ($4.57 in chips) 
Seat 5: ice245777 ($2.05 in chips) 
Seat 6: Dorex2007 ($5.35 in chips) 
Seat 7: Kroki66 ($8.32 in chips) 
Seat 8: KOCETO_1992 ($4.50 in chips) 
Seat 9: Save_Fiona ($4.81 in chips) 
Dorex2007: posts small blind $0.02
Kroki66: posts big blind $0.05
mahspace is connected 
mahspace: sits out 
*** HOLE CARDS ***
Dealt to Dorex2007 [9s 2s]
KOCETO_1992: calls $0.05
Save_Fiona: folds 
SZEDLACSEK19: folds 
tomashovka55: folds 
tabuse: folds 
ice245777: folds 
Dorex2007: folds 
Kroki66: checks 
*** FLOP *** [Tc Js 6d]
Kroki66: checks 
KOCETO_1992: bets $0.07
Kroki66: folds 
Uncalled bet ($0.07) returned to KOCETO_1992
KOCETO_1992 collected $0.12 from pot
*** SUMMARY ***
Total pot $0.12 | Rake $0 
Board [Tc Js 6d]
Seat 1: SZEDLACSEK19 folded before Flop (didn't bet)
Seat 2: tomashovka55 folded before Flop (didn't bet)
Seat 3: tabuse folded before Flop (didn't bet)
Seat 5: ice245777 (button) folded before Flop (didn't bet)
Seat 6: Dorex2007 (small blind) folded before Flop
Seat 7: Kroki66 (big blind) folded on the Flop
Seat 8: KOCETO_1992 collected ($0.12)
Seat 9: Save_Fiona folded before Flop (didn't bet)



PokerStars Hand #238689661849:  Hold'em No Limit ($0.02/$0.05 USD) - 2022/09/17 12:19:19 PT [2022/09/17 15:19:19 ET]
Table 'Stroobantia III' 9-max Seat #6 is the button
Seat 1: SZEDLACSEK19 ($6.73 in chips) 
Seat 2: tomashovka55 ($5.58 in chips) 
Seat 3: tabuse ($4.57 in chips) 
Seat 5: ice245777 ($2.05 in chips) 
Seat 6: Dorex2007 ($5.33 in chips) 
Seat 7: Kroki66 ($8.27 in chips) 
Seat 8: KOCETO_1992 ($4.57 in chips) 
Seat 9: Save_Fiona ($4.81 in chips) 
Kroki66: posts small blind $0.02
KOCETO_1992: posts big blind $0.05
mahspace: sits out 
*** HOLE CARDS ***
Dealt to Dorex2007 [5s 3s]
Save_Fiona: folds 
SZEDLACSEK19: calls $0.05
tomashovka55: folds 
tabuse: folds 
ice245777: folds 
Dorex2007: folds 
Kroki66: calls $0.03
KOCETO_1992: checks 
*** FLOP *** [As 5h Th]
Kroki66: checks 
KOCETO_1992: checks 
SZEDLACSEK19: bets $0.14
Kroki66: folds 
KOCETO_1992: folds 
Uncalled bet ($0.14) returned to SZEDLACSEK19
SZEDLACSEK19 collected $0.14 from pot
*** SUMMARY ***
Total pot $0.15 | Rake $0.01 
Board [As 5h Th]
Seat 1: SZEDLACSEK19 collected ($0.14)
Seat 2: tomashovka55 folded before Flop (didn't bet)
Seat 3: tabuse folded before Flop (didn't bet)
Seat 5: ice245777 folded before Flop (didn't bet)
Seat 6: Dorex2007 (button) folded before Flop (didn't bet)
Seat 7: Kroki66 (small blind) folded on the Flop
Seat 8: KOCETO_1992 (big blind) folded on the Flop
Seat 9: Save_Fiona folded before Flop (didn't bet)



PokerStars Hand #238689684352:  Hold'em No Limit ($0.02/$0.05 USD) - 2022/09/17 12:20:10 PT [2022/09/17 15:20:10 ET]
Table 'Stroobantia III' 9-max Seat #7 is the button
Seat 1: SZEDLACSEK19 ($6.82 in chips) 
Seat 2: tomashovka55 ($5.58 in chips) 
Seat 3: tabuse ($4.57 in chips) 
Seat 5: ice245777 ($2.05 in chips) 
Seat 6: Dorex2007 ($5.33 in chips) 
Seat 7: Kroki66 ($8.22 in chips) 
Seat 8: KOCETO_1992 ($4.52 in chips) 
Seat 9: Save_Fiona ($4.81 in chips) 
KOCETO_1992: posts small blind $0.02
Save_Fiona: posts big blind $0.05
mahspace: sits out 
*** HOLE CARDS ***
Dealt to Dorex2007 [Kd 2c]
SZEDLACSEK19: calls $0.05
tomashovka55: folds 
tabuse: raises $0.15 to $0.20
ice245777: folds 
Dorex2007: folds 
Kroki66: folds 
KOCETO_1992: folds 
Save_Fiona: calls $0.15
SZEDLACSEK19: calls $0.15
*** FLOP *** [4c Qh Qd]
Save_Fiona: checks 
SZEDLACSEK19: bets $0.05
tabuse: calls $0.05
Save_Fiona: raises $0.74 to $0.79
SZEDLACSEK19: folds 
tabuse: folds 
Uncalled bet ($0.74) returned to Save_Fiona
Save_Fiona collected $0.74 from pot
Save_Fiona: doesn't show hand 
*** SUMMARY ***
Total pot $0.77 | Rake $0.03 
Board [4c Qh Qd]
Seat 1: SZEDLACSEK19 folded on the Flop
Seat 2: tomashovka55 folded before Flop (didn't bet)
Seat 3: tabuse folded on the Flop
Seat 5: ice245777 folded before Flop (didn't bet)
Seat 6: Dorex2007 folded before Flop (didn't bet)
Seat 7: Kroki66 (button) folded before Flop (didn't bet)
Seat 8: KOCETO_1992 (small blind) folded before Flop
Seat 9: Save_Fiona (big blind) collected ($0.74)



PokerStars Hand #238689705540:  Hold'em No Limit ($0.02/$0.05 USD) - 2022/09/17 12:20:59 PT [2022/09/17 15:20:59 ET]
Table 'Stroobantia III' 9-max Seat #8 is the button
Seat 1: SZEDLACSEK19 ($6.57 in chips) 
Seat 2: tomashovka55 ($5.58 in chips) 
Seat 3: tabuse ($4.32 in chips) 
Seat 5: ice245777 ($2.05 in chips) 
Seat 6: Dorex2007 ($5.33 in chips) 
Seat 7: Kroki66 ($8.22 in chips) 
Seat 8: KOCETO_1992 ($4.50 in chips) 
Seat 9: Save_Fiona ($5.30 in chips) 
Save_Fiona: posts small blind $0.02
SZEDLACSEK19: posts big blind $0.05
mahspace: sits out 
*** HOLE CARDS ***
Dealt to Dorex2007 [Qd 4s]
tomashovka55: folds 
tabuse: raises $0.15 to $0.20
ice245777: folds 
Dorex2007: folds 
Kroki66: folds 
KOCETO_1992: folds 
Save_Fiona: folds 
SZEDLACSEK19: calls $0.15
*** FLOP *** [Ks 9c Th]
SZEDLACSEK19: bets $0.05
tabuse: raises $0.15 to $0.20
SZEDLACSEK19: calls $0.15
*** TURN *** [Ks 9c Th] [5h]
SZEDLACSEK19: checks 
tabuse: bets $0.40
SZEDLACSEK19: folds 
Uncalled bet ($0.40) returned to tabuse
tabuse collected $0.79 from pot
tabuse: doesn't show hand 
*** SUMMARY ***
Total pot $0.82 | Rake $0.03 
Board [Ks 9c Th 5h]
Seat 1: SZEDLACSEK19 (big blind) folded on the Turn
Seat 2: tomashovka55 folded before Flop (didn't bet)
Seat 3: tabuse collected ($0.79)
Seat 5: ice245777 folded before Flop (didn't bet)
Seat 6: Dorex2007 folded before Flop (didn't bet)
Seat 7: Kroki66 folded before Flop (didn't bet)
Seat 8: KOCETO_1992 (button) folded before Flop (didn't bet)
Seat 9: Save_Fiona (small blind) folded before Flop



PokerStars Hand #238689728054:  Hold'em No Limit ($0.02/$0.05 USD) - 2022/09/17 12:21:51 PT [2022/09/17 15:21:51 ET]
Table 'Stroobantia III' 9-max Seat #9 is the button
Seat 1: SZEDLACSEK19 ($6.17 in chips) 
Seat 2: tomashovka55 ($5.58 in chips) 
Seat 3: tabuse ($4.71 in chips) 
Seat 5: ice245777 ($2.05 in chips) 
Seat 6: Dorex2007 ($5.33 in chips) 
Seat 7: Kroki66 ($8.22 in chips) 
Seat 8: KOCETO_1992 ($4.50 in chips) 
Seat 9: Save_Fiona ($5.28 in chips) 
SZEDLACSEK19: posts small blind $0.02
tomashovka55: posts big blind $0.05
mahspace: sits out 
*** HOLE CARDS ***
Dealt to Dorex2007 [3h 9s]
tabuse: folds 
ice245777: folds 
Dorex2007: folds 
Kroki66: folds 
KOCETO_1992: folds 
Save_Fiona: folds 
SZEDLACSEK19: calls $0.03
tomashovka55: checks 
*** FLOP *** [Jh 3d Qh]
SZEDLACSEK19: bets $0.05
tomashovka55: calls $0.05
*** TURN *** [Jh 3d Qh] [2s]
SZEDLACSEK19: checks 
tomashovka55: checks 
*** RIVER *** [Jh 3d Qh 2s] [Jd]
SZEDLACSEK19: bets $0.10
tomashovka55: folds 
Uncalled bet ($0.10) returned to SZEDLACSEK19
SZEDLACSEK19 collected $0.19 from pot
*** SUMMARY ***
Total pot $0.20 | Rake $0.01 
Board [Jh 3d Qh 2s Jd]
Seat 1: SZEDLACSEK19 (small blind) collected ($0.19)
Seat 2: tomashovka55 (big blind) folded on the River
Seat 3: tabuse folded before Flop (didn't bet)
Seat 5: ice245777 folded before Flop (didn't bet)
Seat 6: Dorex2007 folded before Flop (didn't bet)
Seat 7: Kroki66 folded before Flop (didn't bet)
Seat 8: KOCETO_1992 folded before Flop (didn't bet)
Seat 9: Save_Fiona (button) folded before Flop (didn't bet)



PokerStars Hand #238689743063:  Hold'em No Limit ($0.02/$0.05 USD) - 2022/09/17 12:22:26 PT [2022/09/17 15:22:26 ET]
Table 'Stroobantia III' 9-max Seat #1 is the button
Seat 1: SZEDLACSEK19 ($6.26 in chips) 
Seat 2: tomashovka55 ($5.48 in chips) 
Seat 3: tabuse ($4.71 in chips) 
Seat 5: ice245777 ($2.05 in chips) 
Seat 6: Dorex2007 ($5.33 in chips) 
Seat 7: Kroki66 ($8.22 in chips) 
Seat 8: KOCETO_1992 ($4.50 in chips) 
Seat 9: Save_Fiona ($5.28 in chips) 
tomashovka55: posts small blind $0.02
tabuse: posts big blind $0.05
mahspace: sits out 
*** HOLE CARDS ***
Dealt to Dorex2007 [2h Qd]
ice245777: folds 
Dorex2007: folds 
Kroki66: folds 
KOCETO_1992: folds 
Save_Fiona: folds 
SZEDLACSEK19: calls $0.05
tomashovka55: raises $0.62 to $0.67
tabuse: folds 
SZEDLACSEK19: folds 
Uncalled bet ($0.62) returned to tomashovka55
tomashovka55 collected $0.15 from pot
tomashovka55: doesn't show hand 
*** SUMMARY ***
Total pot $0.15 | Rake $0 
Seat 1: SZEDLACSEK19 (button) folded before Flop
Seat 2: tomashovka55 (small blind) collected ($0.15)
Seat 3: tabuse (big blind) folded before Flop
Seat 5: ice245777 folded before Flop (didn't bet)
Seat 6: Dorex2007 folded before Flop (didn't bet)
Seat 7: Kroki66 folded before Flop (didn't bet)
Seat 8: KOCETO_1992 folded before Flop (didn't bet)
Seat 9: Save_Fiona folded before Flop (didn't bet)



PokerStars Hand #238689756608:  Hold'em No Limit ($0.02/$0.05 USD) - 2022/09/17 12:22:57 PT [2022/09/17 15:22:57 ET]
Table 'Stroobantia III' 9-max Seat #2 is the button
Seat 1: SZEDLACSEK19 ($6.21 in chips) 
Seat 2: tomashovka55 ($5.58 in chips) 
Seat 3: tabuse ($4.66 in chips) 
Seat 4: mahspace ($5 in chips) 
Seat 5: ice245777 ($2.05 in chips) 
Seat 6: Dorex2007 ($5.33 in chips) 
Seat 7: Kroki66 ($8.22 in chips) 
Seat 8: KOCETO_1992 ($4.50 in chips) 
Seat 9: Save_Fiona ($5.28 in chips) 
tabuse: posts small blind $0.02
mahspace: posts big blind $0.05
*** HOLE CARDS ***
Dealt to Dorex2007 [9s 7c]
ice245777: folds 
Dorex2007: folds 
Kroki66: folds 
KOCETO_1992: folds 
Save_Fiona: folds 
SZEDLACSEK19: folds 
tomashovka55: folds 
tabuse: raises $0.15 to $0.20
mahspace: folds 
Uncalled bet ($0.15) returned to tabuse
tabuse collected $0.10 from pot
tabuse: doesn't show hand 
*** SUMMARY ***
Total pot $0.10 | Rake $0 
Seat 1: SZEDLACSEK19 folded before Flop (didn't bet)
Seat 2: tomashovka55 (button) folded before Flop (didn't bet)
Seat 3: tabuse (small blind) collected ($0.10)
Seat 4: mahspace (big blind) folded before Flop
Seat 5: ice245777 folded before Flop (didn't bet)
Seat 6: Dorex2007 folded before Flop (didn't bet)
Seat 7: Kroki66 folded before Flop (didn't bet)
Seat 8: KOCETO_1992 folded before Flop (didn't bet)
Seat 9: Save_Fiona folded before Flop (didn't bet)



PokerStars Hand #238689764922:  Hold'em No Limit ($0.02/$0.05 USD) - 2022/09/17 12:23:16 PT [2022/09/17 15:23:16 ET]
Table 'Stroobantia III' 9-max Seat #3 is the button
Seat 1: SZEDLACSEK19 ($6.21 in chips) 
Seat 2: tomashovka55 ($5.58 in chips) 
Seat 3: tabuse ($4.71 in chips) 
Seat 4: mahspace ($4.95 in chips) 
Seat 5: ice245777 ($2.05 in chips) 
Seat 6: Dorex2007 ($5.33 in chips) 
Seat 7: Kroki66 ($8.22 in chips) 
Seat 8: KOCETO_1992 ($4.50 in chips) 
Seat 9: Save_Fiona ($5.28 in chips) 
mahspace: posts small blind $0.02
ice245777: posts big blind $0.05
*** HOLE CARDS ***
Dealt to Dorex2007 [Qd Jd]
Dorex2007: folds 
Kroki66: folds 
KOCETO_1992: folds 
Save_Fiona: folds 
SZEDLACSEK19: calls $0.05
tomashovka55: raises $0.21 to $0.26
tabuse: folds 
mahspace: folds 
ice245777: folds 
SZEDLACSEK19: folds 
Uncalled bet ($0.21) returned to tomashovka55
ice245777 leaves the table
tomashovka55 collected $0.17 from pot
tomashovka55: doesn't show hand 
*** SUMMARY ***
Total pot $0.17 | Rake $0 
Seat 1: SZEDLACSEK19 folded before Flop
Seat 2: tomashovka55 collected ($0.17)
Seat 3: tabuse (button) folded before Flop (didn't bet)
Seat 4: mahspace (small blind) folded before Flop
Seat 5: ice245777 (big blind) folded before Flop
Seat 6: Dorex2007 folded before Flop (didn't bet)
Seat 7: Kroki66 folded before Flop (didn't bet)
Seat 8: KOCETO_1992 folded before Flop (didn't bet)
Seat 9: Save_Fiona folded before Flop (didn't bet)



PokerStars Hand #238689775779:  Hold'em No Limit ($0.02/$0.05 USD) - 2022/09/17 12:23:41 PT [2022/09/17 15:23:41 ET]
Table 'Stroobantia III' 9-max Seat #4 is the button
Seat 1: SZEDLACSEK19 ($6.16 in chips) 
Seat 2: tomashovka55 ($5.70 in chips) 
Seat 3: tabuse ($4.71 in chips) 
Seat 4: mahspace ($4.93 in chips) 
Seat 6: Dorex2007 ($5.33 in chips) 
Seat 7: Kroki66 ($8.22 in chips) 
Seat 8: KOCETO_1992 ($4.50 in chips) 
Seat 9: Save_Fiona ($5.28 in chips) 
Dorex2007: posts small blind $0.02
Kroki66: posts big blind $0.05
*** HOLE CARDS ***
Dealt to Dorex2007 [Jh 4c]
KOCETO_1992: folds 
Save_Fiona: folds 
SZEDLACSEK19: folds 
tomashovka55: raises $0.10 to $0.15
tabuse: folds 
mahspace: folds 
Dorex2007: folds 
Kroki66: folds 
Uncalled bet ($0.10) returned to tomashovka55
tomashovka55 collected $0.12 from pot
tomashovka55: doesn't show hand 
*** SUMMARY ***
Total pot $0.12 | Rake $0 
Seat 1: SZEDLACSEK19 folded before Flop (didn't bet)
Seat 2: tomashovka55 collected ($0.12)
Seat 3: tabuse folded before Flop (didn't bet)
Seat 4: mahspace (button) folded before Flop (didn't bet)
Seat 6: Dorex2007 (small blind) folded before Flop
Seat 7: Kroki66 (big blind) folded before Flop
Seat 8: KOCETO_1992 folded before Flop (didn't bet)
Seat 9: Save_Fiona folded before Flop (didn't bet)



PokerStars Hand #238689785624:  Hold'em No Limit ($0.02/$0.05 USD) - 2022/09/17 12:24:04 PT [2022/09/17 15:24:04 ET]
Table 'Stroobantia III' 9-max Seat #6 is the button
Seat 1: SZEDLACSEK19 ($6.16 in chips) 
Seat 2: tomashovka55 ($5.77 in chips) 
Seat 3: tabuse ($4.71 in chips) 
Seat 4: mahspace ($4.93 in chips) 
Seat 6: Dorex2007 ($5.31 in chips) 
Seat 7: Kroki66 ($8.17 in chips) 
Seat 8: KOCETO_1992 ($4.50 in chips) 
Seat 9: Save_Fiona ($5.28 in chips) 
Kroki66: posts small blind $0.02
KOCETO_1992: posts big blind $0.05
*** HOLE CARDS ***
Dealt to Dorex2007 [Qd Kh]
Save_Fiona: folds 
SZEDLACSEK19: folds 
tomashovka55: raises $0.10 to $0.15
tabuse: folds 
mahspace: folds 
Dorex2007: calls $0.15
Kroki66: folds 
KOCETO_1992: folds 
*** FLOP *** [6h 3h Qs]
tomashovka55: checks 
Dorex2007: bets $0.23
tomashovka55: calls $0.23
*** TURN *** [6h 3h Qs] [4h]
tomashovka55: checks 
Dorex2007: bets $0.40
tomashovka55: calls $0.40
*** RIVER *** [6h 3h Qs 4h] [6s]
tomashovka55: checks 
Dorex2007: checks 
*** SHOW DOWN ***
tomashovka55: shows [Td Ts] (two pair, Tens and Sixes)
Dorex2007: shows [Qd Kh] (two pair, Queens and Sixes)
Dorex2007 collected $1.56 from pot
*** SUMMARY ***
Total pot $1.63 | Rake $0.07 
Board [6h 3h Qs 4h 6s]
Seat 1: SZEDLACSEK19 folded before Flop (didn't bet)
Seat 2: tomashovka55 showed [Td Ts] and lost with two pair, Tens and Sixes
Seat 3: tabuse folded before Flop (didn't bet)
Seat 4: mahspace folded before Flop (didn't bet)
Seat 6: Dorex2007 (button) showed [Qd Kh] and won ($1.56) with two pair, Queens and Sixes
Seat 7: Kroki66 (small blind) folded before Flop
Seat 8: KOCETO_1992 (big blind) folded before Flop
Seat 9: Save_Fiona folded before Flop (didn't bet)



PokerStars Hand #238689806853:  Hold'em No Limit ($0.02/$0.05 USD) - 2022/09/17 12:24:53 PT [2022/09/17 15:24:53 ET]
Table 'Stroobantia III' 9-max Seat #7 is the button
Seat 1: SZEDLACSEK19 ($6.16 in chips) 
Seat 2: tomashovka55 ($5 in chips) 
Seat 3: tabuse ($4.71 in chips) 
Seat 4: mahspace ($4.93 in chips) 
Seat 6: Dorex2007 ($6.09 in chips) 
Seat 7: Kroki66 ($8.15 in chips) 
Seat 8: KOCETO_1992 ($4.45 in chips) 
Seat 9: Save_Fiona ($5.28 in chips) 
KOCETO_1992: posts small blind $0.02
Save_Fiona: posts big blind $0.05
*** HOLE CARDS ***
Dealt to Dorex2007 [Kd 2d]
SZEDLACSEK19: folds 
SZEDLACSEK19 leaves the table
tomashovka55: folds 
tabuse: raises $0.15 to $0.20
mahspace: folds 
Dorex2007: folds 
Kroki66: folds 
KOCETO_1992: folds 
Save_Fiona: folds 
Uncalled bet ($0.15) returned to tabuse
tabuse collected $0.12 from pot
tabuse: doesn't show hand 
*** SUMMARY ***
Total pot $0.12 | Rake $0 
Seat 1: SZEDLACSEK19 folded before Flop (didn't bet)
Seat 2: tomashovka55 folded before Flop (didn't bet)
Seat 3: tabuse collected ($0.12)
Seat 4: mahspace folded before Flop (didn't bet)
Seat 6: Dorex2007 folded before Flop (didn't bet)
Seat 7: Kroki66 (button) folded before Flop (didn't bet)
Seat 8: KOCETO_1992 (small blind) folded before Flop
Seat 9: Save_Fiona (big blind) folded before Flop



PokerStars Hand #238689815458:  Hold'em No Limit ($0.02/$0.05 USD) - 2022/09/17 12:25:13 PT [2022/09/17 15:25:13 ET]
Table 'Stroobantia III' 9-max Seat #8 is the button
Seat 2: tomashovka55 ($5 in chips) 
Seat 3: tabuse ($4.78 in chips) 
Seat 4: mahspace ($4.93 in chips) 
Seat 6: Dorex2007 ($6.09 in chips) 
Seat 7: Kroki66 ($8.15 in chips) 
Seat 8: KOCETO_1992 ($4.43 in chips) 
Seat 9: Save_Fiona ($5.23 in chips) 
Save_Fiona: posts small blind $0.02
tomashovka55: posts big blind $0.05
*** HOLE CARDS ***
Dealt to Dorex2007 [Qc 8d]
tabuse: folds 
mahspace: folds 
Dorex2007: folds 
Kroki66: folds 
KOCETO_1992: folds 
Save_Fiona: raises $0.10 to $0.15
tomashovka55: folds 
Uncalled bet ($0.10) returned to Save_Fiona
Save_Fiona collected $0.10 from pot
Save_Fiona: doesn't show hand 
*** SUMMARY ***
Total pot $0.10 | Rake $0 
Seat 2: tomashovka55 (big blind) folded before Flop
Seat 3: tabuse folded before Flop (didn't bet)
Seat 4: mahspace folded before Flop (didn't bet)
Seat 6: Dorex2007 folded before Flop (didn't bet)
Seat 7: Kroki66 folded before Flop (didn't bet)
Seat 8: KOCETO_1992 (button) folded before Flop (didn't bet)
Seat 9: Save_Fiona (small blind) collected ($0.10)



PokerStars Hand #238689823066:  Hold'em No Limit ($0.02/$0.05 USD) - 2022/09/17 12:25:31 PT [2022/09/17 15:25:31 ET]
Table 'Stroobantia III' 9-max Seat #9 is the button
Seat 2: tomashovka55 ($5 in chips) 
Seat 3: tabuse ($4.78 in chips) 
Seat 4: mahspace ($4.93 in chips) 
Seat 6: Dorex2007 ($6.09 in chips) 
Seat 7: Kroki66 ($8.15 in chips) 
Seat 8: KOCETO_1992 ($4.43 in chips) 
Seat 9: Save_Fiona ($5.28 in chips) 
tomashovka55: posts small blind $0.02
tabuse: posts big blind $0.05
*** HOLE CARDS ***
Dealt to Dorex2007 [Ac 6d]
mahspace: folds 
Dorex2007: folds 
Kroki66: folds 
KOCETO_1992: folds 
Save_Fiona: raises $0.10 to $0.15
tomashovka55: folds 
tabuse: calls $0.10
*** FLOP *** [6s 2d 2h]
tabuse: checks 
Save_Fiona: bets $0.20
tabuse: calls $0.20
*** TURN *** [6s 2d 2h] [2s]
tabuse: checks 
Save_Fiona: bets $0.34
tabuse: calls $0.34
*** RIVER *** [6s 2d 2h 2s] [3s]
tabuse: checks 
Save_Fiona: bets $0.80
tabuse: folds 
Uncalled bet ($0.80) returned to Save_Fiona
Save_Fiona collected $1.34 from pot
Save_Fiona: doesn't show hand 
*** SUMMARY ***
Total pot $1.40 | Rake $0.06 
Board [6s 2d 2h 2s 3s]
Seat 2: tomashovka55 (small blind) folded before Flop
Seat 3: tabuse (big blind) folded on the River
Seat 4: mahspace folded before Flop (didn't bet)
Seat 6: Dorex2007 folded before Flop (didn't bet)
Seat 7: Kroki66 folded before Flop (didn't bet)
Seat 8: KOCETO_1992 folded before Flop (didn't bet)
Seat 9: Save_Fiona (button) collected ($1.34)



PokerStars Hand #238689843381:  Hold'em No Limit ($0.02/$0.05 USD) - 2022/09/17 12:26:18 PT [2022/09/17 15:26:18 ET]
Table 'Stroobantia III' 9-max Seat #2 is the button
Seat 2: tomashovka55 ($5 in chips) 
Seat 3: tabuse ($4.09 in chips) 
Seat 4: mahspace ($4.93 in chips) 
Seat 6: Dorex2007 ($6.09 in chips) 
Seat 7: Kroki66 ($8.15 in chips) 
Seat 8: KOCETO_1992 ($4.43 in chips) 
Seat 9: Save_Fiona ($5.93 in chips) 
tabuse: posts small blind $0.02
mahspace: posts big blind $0.05
*** HOLE CARDS ***
Dealt to Dorex2007 [Jh 7c]
Dorex2007: folds 
Kroki66: folds 
KOCETO_1992: folds 
Save_Fiona: folds 
tomashovka55: folds 
tabuse: raises $0.15 to $0.20
mahspace: folds 
Uncalled bet ($0.15) returned to tabuse
tabuse collected $0.10 from pot
tabuse: doesn't show hand 
*** SUMMARY ***
Total pot $0.10 | Rake $0 
Seat 2: tomashovka55 (button) folded before Flop (didn't bet)
Seat 3: tabuse (small blind) collected ($0.10)
Seat 4: mahspace (big blind) folded before Flop
Seat 6: Dorex2007 folded before Flop (didn't bet)
Seat 7: Kroki66 folded before Flop (didn't bet)
Seat 8: KOCETO_1992 folded before Flop (didn't bet)
Seat 9: Save_Fiona folded before Flop (didn't bet)



PokerStars Hand #238689850561:  Hold'em No Limit ($0.02/$0.05 USD) - 2022/09/17 12:26:34 PT [2022/09/17 15:26:34 ET]
Table 'Stroobantia III' 9-max Seat #3 is the button
Seat 2: tomashovka55 ($5 in chips) 
Seat 3: tabuse ($4.14 in chips) 
Seat 4: mahspace ($4.88 in chips) 
Seat 6: Dorex2007 ($6.09 in chips) 
Seat 7: Kroki66 ($8.15 in chips) 
Seat 8: KOCETO_1992 ($4.43 in chips) 
Seat 9: Save_Fiona ($5.93 in chips) 
mahspace: posts small blind $0.02
Dorex2007: posts big blind $0.05
*** HOLE CARDS ***
Dealt to Dorex2007 [2s Qh]
Kroki66: folds 
KOCETO_1992: folds 
Save_Fiona: folds 
tomashovka55: folds 
tabuse: raises $0.15 to $0.20
mahspace: folds 
Dorex2007: folds 
Uncalled bet ($0.15) returned to tabuse
tabuse collected $0.12 from pot
tabuse: doesn't show hand 
*** SUMMARY ***
Total pot $0.12 | Rake $0 
Seat 2: tomashovka55 folded before Flop (didn't bet)
Seat 3: tabuse (button) collected ($0.12)
Seat 4: mahspace (small blind) folded before Flop
Seat 6: Dorex2007 (big blind) folded before Flop
Seat 7: Kroki66 folded before Flop (didn't bet)
Seat 8: KOCETO_1992 folded before Flop (didn't bet)
Seat 9: Save_Fiona folded before Flop (didn't bet)



PokerStars Hand #238689857430:  Hold'em No Limit ($0.02/$0.05 USD) - 2022/09/17 12:26:51 PT [2022/09/17 15:26:51 ET]
Table 'Stroobantia III' 9-max Seat #4 is the button
Seat 2: tomashovka55 ($5 in chips) 
Seat 3: tabuse ($4.21 in chips) 
Seat 4: mahspace ($4.86 in chips) 
Seat 6: Dorex2007 ($6.04 in chips) 
Seat 7: Kroki66 ($8.15 in chips) 
Seat 8: KOCETO_1992 ($4.43 in chips) 
Seat 9: Save_Fiona ($5.93 in chips) 
Dorex2007: posts small blind $0.02
Kroki66: posts big blind $0.05
*** HOLE CARDS ***
Dealt to Dorex2007 [2s 5d]
KOCETO_1992: folds 
Save_Fiona: folds 
tomashovka55: folds 
tabuse: raises $0.15 to $0.20
FACCHETADE$ joins the table at seat #1 
mahspace: folds 
Dorex2007: folds 
Kroki66: folds 
Uncalled bet ($0.15) returned to tabuse
tabuse collected $0.12 from pot
tabuse: doesn't show hand 
*** SUMMARY ***
Total pot $0.12 | Rake $0 
Seat 2: tomashovka55 folded before Flop (didn't bet)
Seat 3: tabuse collected ($0.12)
Seat 4: mahspace (button) folded before Flop (didn't bet)
Seat 6: Dorex2007 (small blind) folded before Flop
Seat 7: Kroki66 (big blind) folded before Flop
Seat 8: KOCETO_1992 folded before Flop (didn't bet)
Seat 9: Save_Fiona folded before Flop (didn't bet)



PokerStars Hand #238689865254:  Hold'em No Limit ($0.02/$0.05 USD) - 2022/09/17 12:27:09 PT [2022/09/17 15:27:09 ET]
Table 'Stroobantia III' 9-max Seat #6 is the button
Seat 2: tomashovka55 ($5 in chips) 
Seat 3: tabuse ($4.28 in chips) 
Seat 4: mahspace ($4.86 in chips) 
Seat 6: Dorex2007 ($6.02 in chips) 
Seat 7: Kroki66 ($8.10 in chips) 
Seat 8: KOCETO_1992 ($4.43 in chips) 
Seat 9: Save_Fiona ($5.93 in chips) 
Kroki66: posts small blind $0.02
KOCETO_1992: posts big blind $0.05
FACCHETADE$: sits out 
*** HOLE CARDS ***
Dealt to Dorex2007 [5c 6c]
Save_Fiona: raises $0.10 to $0.15
tomashovka55: folds 
tabuse: folds 
mahspace: raises $0.35 to $0.50
Dorex2007: folds 
baeten86 joins the table at seat #5 
Kroki66: folds 
KOCETO_1992: folds 
Save_Fiona: folds 
Uncalled bet ($0.35) returned to mahspace
mahspace collected $0.37 from pot
mahspace: doesn't show hand 
*** SUMMARY ***
Total pot $0.37 | Rake $0 
Seat 2: tomashovka55 folded before Flop (didn't bet)
Seat 3: tabuse folded before Flop (didn't bet)
Seat 4: mahspace collected ($0.37)
Seat 6: Dorex2007 (button) folded before Flop (didn't bet)
Seat 7: Kroki66 (small blind) folded before Flop
Seat 8: KOCETO_1992 (big blind) folded before Flop
Seat 9: Save_Fiona folded before Flop



PokerStars Hand #238689875874:  Hold'em No Limit ($0.02/$0.05 USD) - 2022/09/17 12:27:33 PT [2022/09/17 15:27:33 ET]
Table 'Stroobantia III' 9-max Seat #7 is the button
Seat 2: tomashovka55 ($5 in chips) 
Seat 3: tabuse ($4.28 in chips) 
Seat 4: mahspace ($5.08 in chips) 
Seat 5: baeten86 ($3.76 in chips) 
Seat 6: Dorex2007 ($6.02 in chips) 
Seat 7: Kroki66 ($8.08 in chips) 
Seat 8: KOCETO_1992 ($4.38 in chips) 
Seat 9: Save_Fiona ($5.78 in chips) 
KOCETO_1992: posts small blind $0.02
Save_Fiona: posts big blind $0.05
FACCHETADE$: sits out 
baeten86: posts big blind $0.05
*** HOLE CARDS ***
Dealt to Dorex2007 [9s Js]
tomashovka55: folds 
tabuse: folds 
mahspace: calls $0.05
baeten86: checks 
Dorex2007: folds 
Kroki66: folds 
KOCETO_1992: folds 
Save_Fiona: checks 
*** FLOP *** [4c Ah 7h]
Save_Fiona: checks 
mahspace: checks 
baeten86: checks 
*** TURN *** [4c Ah 7h] [9c]
Save_Fiona: checks 
mahspace: bets $0.12
baeten86: folds 
Save_Fiona: folds 
Uncalled bet ($0.12) returned to mahspace
mahspace collected $0.16 from pot
mahspace: doesn't show hand 
*** SUMMARY ***
Total pot $0.17 | Rake $0.01 
Board [4c Ah 7h 9c]
Seat 2: tomashovka55 folded before Flop (didn't bet)
Seat 3: tabuse folded before Flop (didn't bet)
Seat 4: mahspace collected ($0.16)
Seat 5: baeten86 folded on the Turn (didn't bet)
Seat 6: Dorex2007 folded before Flop (didn't bet)
Seat 7: Kroki66 (button) folded before Flop (didn't bet)
Seat 8: KOCETO_1992 (small blind) folded before Flop
Seat 9: Save_Fiona (big blind) folded on the Turn



PokerStars Hand #238689899069:  Hold'em No Limit ($0.02/$0.05 USD) - 2022/09/17 12:28:27 PT [2022/09/17 15:28:27 ET]
Table 'Stroobantia III' 9-max Seat #8 is the button
Seat 1: FACCHETADE$ ($5 in chips) 
Seat 2: tomashovka55 ($5 in chips) 
Seat 3: tabuse ($4.28 in chips) 
Seat 4: mahspace ($5.19 in chips) 
Seat 5: baeten86 ($3.71 in chips) 
Seat 6: Dorex2007 ($6.02 in chips) 
Seat 7: Kroki66 ($8.08 in chips) 
Seat 8: KOCETO_1992 ($4.36 in chips) 
Seat 9: Save_Fiona ($5.73 in chips) 
Save_Fiona: posts small blind $0.02
FACCHETADE$: posts big blind $0.05
*** HOLE CARDS ***
Dealt to Dorex2007 [Td Js]
tomashovka55: folds 
tabuse: folds 
mahspace: folds 
baeten86: folds 
Dorex2007: folds 
Kroki66: folds 
KOCETO_1992: folds 
Save_Fiona: folds 
Uncalled bet ($0.03) returned to FACCHETADE$
FACCHETADE$ collected $0.04 from pot
*** SUMMARY ***
Total pot $0.04 | Rake $0 
Seat 1: FACCHETADE$ (big blind) collected ($0.04)
Seat 2: tomashovka55 folded before Flop (didn't bet)
Seat 3: tabuse folded before Flop (didn't bet)
Seat 4: mahspace folded before Flop (didn't bet)
Seat 5: baeten86 folded before Flop (didn't bet)
Seat 6: Dorex2007 folded before Flop (didn't bet)
Seat 7: Kroki66 folded before Flop (didn't bet)
Seat 8: KOCETO_1992 (button) folded before Flop (didn't bet)
Seat 9: Save_Fiona (small blind) folded before Flop



PokerStars Hand #238689906652:  Hold'em No Limit ($0.02/$0.05 USD) - 2022/09/17 12:28:44 PT [2022/09/17 15:28:44 ET]
Table 'Stroobantia III' 9-max Seat #9 is the button
Seat 1: FACCHETADE$ ($5.02 in chips) 
Seat 2: tomashovka55 ($5 in chips) 
Seat 3: tabuse ($4.28 in chips) 
Seat 4: mahspace ($5.19 in chips) 
Seat 5: baeten86 ($3.71 in chips) 
Seat 6: Dorex2007 ($6.02 in chips) 
Seat 7: Kroki66 ($8.08 in chips) 
Seat 8: KOCETO_1992 ($4.36 in chips) 
Seat 9: Save_Fiona ($5.71 in chips) 
FACCHETADE$: posts small blind $0.02
tomashovka55: posts big blind $0.05
*** HOLE CARDS ***
Dealt to Dorex2007 [Kc Qc]
tabuse: folds 
mahspace: raises $0.15 to $0.20
baeten86: calls $0.20
Dorex2007: calls $0.20
Kroki66: folds 
KOCETO_1992: folds 
Save_Fiona: folds 
FACCHETADE$: folds 
tomashovka55: raises $0.92 to $1.12
mahspace: calls $0.92
baeten86: folds 
Dorex2007: folds 
*** FLOP *** [4c Ad 6h]
tomashovka55: bets $3.88 and is all-in
mahspace: folds 
Uncalled bet ($3.88) returned to tomashovka55
tomashovka55 collected $2.55 from pot
tomashovka55: doesn't show hand 
*** SUMMARY ***
Total pot $2.66 | Rake $0.11 
Board [4c Ad 6h]
Seat 1: FACCHETADE$ (small blind) folded before Flop
Seat 2: tomashovka55 (big blind) collected ($2.55)
Seat 3: tabuse folded before Flop (didn't bet)
Seat 4: mahspace folded on the Flop
Seat 5: baeten86 folded before Flop
Seat 6: Dorex2007 folded before Flop
Seat 7: Kroki66 folded before Flop (didn't bet)
Seat 8: KOCETO_1992 folded before Flop (didn't bet)
Seat 9: Save_Fiona (button) folded before Flop (didn't bet)



PokerStars Hand #238689929639:  Hold'em No Limit ($0.02/$0.05 USD) - 2022/09/17 12:29:39 PT [2022/09/17 15:29:39 ET]
Table 'Stroobantia III' 9-max Seat #1 is the button
Seat 1: FACCHETADE$ ($5 in chips) 
Seat 2: tomashovka55 ($6.43 in chips) 
Seat 3: tabuse ($4.28 in chips) 
Seat 4: mahspace ($4.07 in chips) 
Seat 5: baeten86 ($3.51 in chips) 
Seat 6: Dorex2007 ($5.82 in chips) 
Seat 7: Kroki66 ($8.08 in chips) 
Seat 8: KOCETO_1992 ($4.36 in chips) 
Seat 9: Save_Fiona ($5.71 in chips) 
tomashovka55: posts small blind $0.02
tabuse: posts big blind $0.05
*** HOLE CARDS ***
Dealt to Dorex2007 [5d 4h]
mahspace: calls $0.05
baeten86: folds 
Dorex2007: folds 
Kroki66: folds 
KOCETO_1992: calls $0.05
Save_Fiona: raises $0.25 to $0.30
FACCHETADE$: folds 
tomashovka55: calls $0.28
tabuse: calls $0.25
mahspace: calls $0.25
KOCETO_1992: folds 
*** FLOP *** [Jd Td Ah]
tomashovka55: bets $1.12
tabuse: raises $2.86 to $3.98 and is all-in
mahspace: folds 
Save_Fiona: folds 
tomashovka55: calls $2.86
*** TURN *** [Jd Td Ah] [2s]
*** RIVER *** [Jd Td Ah 2s] [9c]
*** SHOW DOWN ***
tomashovka55: shows [Js As] (two pair, Aces and Jacks)
tabuse: shows [Ks Qc] (a straight, Ten to Ace)
tabuse collected $8.83 from pot
*** SUMMARY ***
Total pot $9.21 | Rake $0.38 
Board [Jd Td Ah 2s 9c]
Seat 1: FACCHETADE$ (button) folded before Flop (didn't bet)
Seat 2: tomashovka55 (small blind) showed [Js As] and lost with two pair, Aces and Jacks
Seat 3: tabuse (big blind) showed [Ks Qc] and won ($8.83) with a straight, Ten to Ace
Seat 4: mahspace folded on the Flop
Seat 5: baeten86 folded before Flop (didn't bet)
Seat 6: Dorex2007 folded before Flop (didn't bet)
Seat 7: Kroki66 folded before Flop (didn't bet)
Seat 8: KOCETO_1992 folded before Flop
Seat 9: Save_Fiona folded on the Flop



PokerStars Hand #238689960946:  Hold'em No Limit ($0.02/$0.05 USD) - 2022/09/17 12:30:51 PT [2022/09/17 15:30:51 ET]
Table 'Stroobantia III' 9-max Seat #2 is the button
Seat 1: FACCHETADE$ ($5 in chips) 
Seat 2: tomashovka55 ($5 in chips) 
Seat 3: tabuse ($8.83 in chips) 
Seat 4: mahspace ($3.77 in chips) 
Seat 5: baeten86 ($3.51 in chips) 
Seat 6: Dorex2007 ($5.82 in chips) 
Seat 7: Kroki66 ($8.08 in chips) 
Seat 8: KOCETO_1992 ($4.31 in chips) 
Seat 9: Save_Fiona ($5.41 in chips) 
tabuse: posts small blind $0.02
mahspace: posts big blind $0.05
*** HOLE CARDS ***
Dealt to Dorex2007 [7h 8d]
baeten86: folds 
Dorex2007: folds 
Kroki66: folds 
KOCETO_1992: folds 
Save_Fiona: folds 
FACCHETADE$: folds 
tomashovka55: folds 
tabuse: raises $0.15 to $0.20
mahspace: folds 
Uncalled bet ($0.15) returned to tabuse
tabuse collected $0.10 from pot
tabuse: doesn't show hand 
*** SUMMARY ***
Total pot $0.10 | Rake $0 
Seat 1: FACCHETADE$ folded before Flop (didn't bet)
Seat 2: tomashovka55 (button) folded before Flop (didn't bet)
Seat 3: tabuse (small blind) collected ($0.10)
Seat 4: mahspace (big blind) folded before Flop
Seat 5: baeten86 folded before Flop (didn't bet)
Seat 6: Dorex2007 folded before Flop (didn't bet)
Seat 7: Kroki66 folded before Flop (didn't bet)
Seat 8: KOCETO_1992 folded before Flop (didn't bet)
Seat 9: Save_Fiona folded before Flop (didn't bet)



PokerStars Hand #238689967520:  Hold'em No Limit ($0.02/$0.05 USD) - 2022/09/17 12:31:06 PT [2022/09/17 15:31:06 ET]
Table 'Stroobantia III' 9-max Seat #3 is the button
Seat 1: FACCHETADE$ ($5 in chips) 
Seat 2: tomashovka55 ($5 in chips) 
Seat 3: tabuse ($8.88 in chips) 
Seat 4: mahspace ($3.72 in chips) 
Seat 5: baeten86 ($3.51 in chips) 
Seat 6: Dorex2007 ($5.82 in chips) 
Seat 7: Kroki66 ($8.08 in chips) 
Seat 8: KOCETO_1992 ($4.31 in chips) 
Seat 9: Save_Fiona ($5.41 in chips) 
mahspace: posts small blind $0.02
baeten86: posts big blind $0.05
*** HOLE CARDS ***
Dealt to Dorex2007 [4d 6s]
Dorex2007: folds 
Kroki66: folds 
KOCETO_1992: folds 
Save_Fiona: folds 
FACCHETADE$: raises $0.05 to $0.10
tomashovka55: folds 
tabuse: folds 
mahspace: folds 
baeten86: calls $0.05
*** FLOP *** [4c Jh Kc]
baeten86: checks 
FACCHETADE$: checks 
*** TURN *** [4c Jh Kc] [5d]
baeten86: checks 
FACCHETADE$: checks 
*** RIVER *** [4c Jh Kc 5d] [9d]
baeten86: checks 
FACCHETADE$: checks 
*** SHOW DOWN ***
baeten86: shows [9s Qc] (a pair of Nines)
FACCHETADE$: mucks hand 
baeten86 collected $0.21 from pot
*** SUMMARY ***
Total pot $0.22 | Rake $0.01 
Board [4c Jh Kc 5d 9d]
Seat 1: FACCHETADE$ mucked [Ts Ac]
Seat 2: tomashovka55 folded before Flop (didn't bet)
Seat 3: tabuse (button) folded before Flop (didn't bet)
Seat 4: mahspace (small blind) folded before Flop
Seat 5: baeten86 (big blind) showed [9s Qc] and won ($0.21) with a pair of Nines
Seat 6: Dorex2007 folded before Flop (didn't bet)
Seat 7: Kroki66 folded before Flop (didn't bet)
Seat 8: KOCETO_1992 folded before Flop (didn't bet)
Seat 9: Save_Fiona folded before Flop (didn't bet)



PokerStars Hand #238689990168:  Hold'em No Limit ($0.02/$0.05 USD) - 2022/09/17 12:31:59 PT [2022/09/17 15:31:59 ET]
Table 'Stroobantia III' 9-max Seat #4 is the button
Seat 1: FACCHETADE$ ($4.90 in chips) 
Seat 2: tomashovka55 ($5 in chips) 
Seat 3: tabuse ($8.88 in chips) 
Seat 4: mahspace ($3.70 in chips) 
Seat 5: baeten86 ($3.62 in chips) 
Seat 6: Dorex2007 ($5.82 in chips) 
Seat 7: Kroki66 ($8.08 in chips) 
Seat 8: KOCETO_1992 ($4.31 in chips) 
Seat 9: Save_Fiona ($5.41 in chips) 
baeten86: posts small blind $0.02
Dorex2007: posts big blind $0.05
*** HOLE CARDS ***
Dealt to Dorex2007 [Jd 6s]
Kroki66: folds 
KOCETO_1992: folds 
Save_Fiona: folds 
FACCHETADE$: folds 
tomashovka55: folds 
tabuse: folds 
mahspace: raises $0.10 to $0.15
baeten86: folds 
Dorex2007: folds 
Uncalled bet ($0.10) returned to mahspace
mahspace collected $0.12 from pot
mahspace: doesn't show hand 
*** SUMMARY ***
Total pot $0.12 | Rake $0 
Seat 1: FACCHETADE$ folded before Flop (didn't bet)
Seat 2: tomashovka55 folded before Flop (didn't bet)
Seat 3: tabuse folded before Flop (didn't bet)
Seat 4: mahspace (button) collected ($0.12)
Seat 5: baeten86 (small blind) folded before Flop
Seat 6: Dorex2007 (big blind) folded before Flop
Seat 7: Kroki66 folded before Flop (didn't bet)
Seat 8: KOCETO_1992 folded before Flop (didn't bet)
Seat 9: Save_Fiona folded before Flop (didn't bet)



PokerStars Hand #238690002432:  Hold'em No Limit ($0.02/$0.05 USD) - 2022/09/17 12:32:27 PT [2022/09/17 15:32:27 ET]
Table 'Stroobantia III' 9-max Seat #5 is the button
Seat 1: FACCHETADE$ ($4.90 in chips) 
Seat 2: tomashovka55 ($5 in chips) 
Seat 3: tabuse ($8.88 in chips) 
Seat 4: mahspace ($3.77 in chips) 
Seat 5: baeten86 ($3.60 in chips) 
Seat 6: Dorex2007 ($5.77 in chips) 
Seat 7: Kroki66 ($8.08 in chips) 
Seat 8: KOCETO_1992 ($4.31 in chips) 
Seat 9: Save_Fiona ($5.41 in chips) 
Dorex2007: posts small blind $0.02
Kroki66: posts big blind $0.05
*** HOLE CARDS ***
Dealt to Dorex2007 [5d 9c]
KOCETO_1992: folds 
Save_Fiona: folds 
FACCHETADE$: folds 
tomashovka55: raises $0.15 to $0.20
tabuse: folds 
mahspace: folds 
baeten86: folds 
Dorex2007: folds 
Kroki66: folds 
Uncalled bet ($0.15) returned to tomashovka55
tomashovka55 collected $0.12 from pot
tomashovka55: doesn't show hand 
*** SUMMARY ***
Total pot $0.12 | Rake $0 
Seat 1: FACCHETADE$ folded before Flop (didn't bet)
Seat 2: tomashovka55 collected ($0.12)
Seat 3: tabuse folded before Flop (didn't bet)
Seat 4: mahspace folded before Flop (didn't bet)
Seat 5: baeten86 (button) folded before Flop (didn't bet)
Seat 6: Dorex2007 (small blind) folded before Flop
Seat 7: Kroki66 (big blind) folded before Flop
Seat 8: KOCETO_1992 folded before Flop (didn't bet)
Seat 9: Save_Fiona folded before Flop (didn't bet)



PokerStars Hand #238690012080:  Hold'em No Limit ($0.02/$0.05 USD) - 2022/09/17 12:32:50 PT [2022/09/17 15:32:50 ET]
Table 'Stroobantia III' 9-max Seat #6 is the button
Seat 1: FACCHETADE$ ($4.90 in chips) 
Seat 2: tomashovka55 ($5.07 in chips) 
Seat 3: tabuse ($8.88 in chips) 
Seat 4: mahspace ($3.77 in chips) 
Seat 5: baeten86 ($3.60 in chips) 
Seat 6: Dorex2007 ($5.75 in chips) 
Seat 7: Kroki66 ($8.03 in chips) 
Seat 8: KOCETO_1992 ($4.31 in chips) 
Seat 9: Save_Fiona ($5.41 in chips) 
Kroki66: posts small blind $0.02
KOCETO_1992: posts big blind $0.05
*** HOLE CARDS ***
Dealt to Dorex2007 [6c As]
Save_Fiona: folds 
FACCHETADE$: folds 
tomashovka55: folds 
tabuse: raises $0.15 to $0.20
mahspace: calls $0.20
baeten86: calls $0.20
Dorex2007: folds 
Kroki66: folds 
KOCETO_1992: folds 
*** FLOP *** [8s Jc 9c]
tabuse: checks 
mahspace: checks 
baeten86: bets $0.54
tabuse: folds 
mahspace: folds 
Uncalled bet ($0.54) returned to baeten86
baeten86 collected $0.64 from pot
baeten86: doesn't show hand 
*** SUMMARY ***
Total pot $0.67 | Rake $0.03 
Board [8s Jc 9c]
Seat 1: FACCHETADE$ folded before Flop (didn't bet)
Seat 2: tomashovka55 folded before Flop (didn't bet)
Seat 3: tabuse folded on the Flop
Seat 4: mahspace folded on the Flop
Seat 5: baeten86 collected ($0.64)
Seat 6: Dorex2007 (button) folded before Flop (didn't bet)
Seat 7: Kroki66 (small blind) folded before Flop
Seat 8: KOCETO_1992 (big blind) folded before Flop
Seat 9: Save_Fiona folded before Flop (didn't bet)



PokerStars Hand #238690032076:  Hold'em No Limit ($0.02/$0.05 USD) - 2022/09/17 12:33:36 PT [2022/09/17 15:33:36 ET]
Table 'Stroobantia III' 9-max Seat #7 is the button
Seat 1: FACCHETADE$ ($4.90 in chips) 
Seat 2: tomashovka55 ($5.07 in chips) 
Seat 3: tabuse ($8.68 in chips) 
Seat 4: mahspace ($3.57 in chips) 
Seat 5: baeten86 ($4.04 in chips) 
Seat 6: Dorex2007 ($5.75 in chips) 
Seat 7: Kroki66 ($8.01 in chips) 
Seat 8: KOCETO_1992 ($4.26 in chips) 
Seat 9: Save_Fiona ($5.41 in chips) 
KOCETO_1992: posts small blind $0.02
Save_Fiona: posts big blind $0.05
*** HOLE CARDS ***
Dealt to Dorex2007 [5h 8h]
FACCHETADE$: folds 
tomashovka55: raises $0.10 to $0.15
tabuse: calls $0.15
mahspace: folds 
baeten86: folds 
Dorex2007: folds 
Kroki66: folds 
KOCETO_1992: folds 
Save_Fiona: folds 
*** FLOP *** [7c Kc 7d]
tomashovka55: bets $0.21
tabuse: calls $0.21
*** TURN *** [7c Kc 7d] [Ad]
tomashovka55: checks 
tabuse: checks 
*** RIVER *** [7c Kc 7d Ad] [Jc]
tomashovka55: checks 
tabuse: checks 
*** SHOW DOWN ***
tomashovka55: shows [Qs Kd] (two pair, Kings and Sevens)
tabuse: mucks hand 
tomashovka55 collected $0.76 from pot
*** SUMMARY ***
Total pot $0.79 | Rake $0.03 
Board [7c Kc 7d Ad Jc]
Seat 1: FACCHETADE$ folded before Flop (didn't bet)
Seat 2: tomashovka55 showed [Qs Kd] and won ($0.76) with two pair, Kings and Sevens
Seat 3: tabuse mucked [Th Td]
Seat 4: mahspace folded before Flop (didn't bet)
Seat 5: baeten86 folded before Flop (didn't bet)
Seat 6: Dorex2007 folded before Flop (didn't bet)
Seat 7: Kroki66 (button) folded before Flop (didn't bet)
Seat 8: KOCETO_1992 (small blind) folded before Flop
Seat 9: Save_Fiona (big blind) folded before Flop



PokerStars Hand #238690046800:  Hold'em No Limit ($0.02/$0.05 USD) - 2022/09/17 12:34:10 PT [2022/09/17 15:34:10 ET]
Table 'Stroobantia III' 9-max Seat #8 is the button
Seat 1: FACCHETADE$ ($4.90 in chips) 
Seat 2: tomashovka55 ($5.47 in chips) 
Seat 3: tabuse ($8.32 in chips) 
Seat 4: mahspace ($3.57 in chips) 
Seat 5: baeten86 ($4.04 in chips) 
Seat 6: Dorex2007 ($5.75 in chips) 
Seat 7: Kroki66 ($8.01 in chips) 
Seat 8: KOCETO_1992 ($4.24 in chips) 
Seat 9: Save_Fiona ($5.36 in chips) 
Save_Fiona: posts small blind $0.02
FACCHETADE$: posts big blind $0.05
*** HOLE CARDS ***
Dealt to Dorex2007 [4d 3s]
tomashovka55: folds 
tabuse: folds 
mahspace: folds 
baeten86: folds 
Dorex2007: folds 
Kroki66: folds 
KOCETO_1992: folds 
Save_Fiona: raises $0.10 to $0.15
FACCHETADE$: calls $0.10
*** FLOP *** [5h Qc Qh]
Save_Fiona: checks 
FACCHETADE$: checks 
*** TURN *** [5h Qc Qh] [Ac]
Save_Fiona: bets $0.14
FACCHETADE$: folds 
Uncalled bet ($0.14) returned to Save_Fiona
Save_Fiona collected $0.29 from pot
Save_Fiona: doesn't show hand 
*** SUMMARY ***
Total pot $0.30 | Rake $0.01 
Board [5h Qc Qh Ac]
Seat 1: FACCHETADE$ (big blind) folded on the Turn
Seat 2: tomashovka55 folded before Flop (didn't bet)
Seat 3: tabuse folded before Flop (didn't bet)
Seat 4: mahspace folded before Flop (didn't bet)
Seat 5: baeten86 folded before Flop (didn't bet)
Seat 6: Dorex2007 folded before Flop (didn't bet)
Seat 7: Kroki66 folded before Flop (didn't bet)
Seat 8: KOCETO_1992 (button) folded before Flop (didn't bet)
Seat 9: Save_Fiona (small blind) collected ($0.29)



PokerStars Hand #238690063132:  Hold'em No Limit ($0.02/$0.05 USD) - 2022/09/17 12:34:48 PT [2022/09/17 15:34:48 ET]
Table 'Stroobantia III' 9-max Seat #9 is the button
Seat 1: FACCHETADE$ ($4.75 in chips) 
Seat 4: mahspace ($3.57 in chips) 
Seat 5: baeten86 ($4.04 in chips) 
Seat 6: Dorex2007 ($5.75 in chips) 
Seat 7: Kroki66 ($8.01 in chips) 
Seat 8: KOCETO_1992 ($4.24 in chips) 
Seat 9: Save_Fiona ($5.50 in chips) 
FACCHETADE$: posts small blind $0.02
tabuse: is sitting out 
mahspace: posts big blind $0.05
*** HOLE CARDS ***
Dealt to Dorex2007 [6h 5s]
tabuse leaves the table
baeten86: folds 
Dorex2007: folds 
Kroki66: folds 
KOCETO_1992: folds 
Save_Fiona: folds 
FACCHETADE$: calls $0.03
mahspace: checks 
*** FLOP *** [3c 7s Kc]
miso8494 joins the table at seat #3 
FACCHETADE$: checks 
mahspace: bets $0.08
FACCHETADE$: folds 
Uncalled bet ($0.08) returned to mahspace
mahspace collected $0.10 from pot
mahspace: doesn't show hand 
*** SUMMARY ***
Total pot $0.10 | Rake $0 
Board [3c 7s Kc]
Seat 1: FACCHETADE$ (small blind) folded on the Flop
Seat 4: mahspace (big blind) collected ($0.10)
Seat 5: baeten86 folded before Flop (didn't bet)
Seat 6: Dorex2007 folded before Flop (didn't bet)
Seat 7: Kroki66 folded before Flop (didn't bet)
Seat 8: KOCETO_1992 folded before Flop (didn't bet)
Seat 9: Save_Fiona (button) folded before Flop (didn't bet)



PokerStars Hand #238690075167:  Hold'em No Limit ($0.02/$0.05 USD) - 2022/09/17 12:35:16 PT [2022/09/17 15:35:16 ET]
Table 'Stroobantia III' 9-max Seat #1 is the button
Seat 1: FACCHETADE$ ($4.70 in chips) 
Seat 4: mahspace ($3.62 in chips) 
Seat 5: baeten86 ($4.04 in chips) 
Seat 6: Dorex2007 ($5.75 in chips) 
Seat 7: Kroki66 ($8.01 in chips) 
Seat 8: KOCETO_1992 ($4.24 in chips) 
Seat 9: Save_Fiona ($5.50 in chips) 
mahspace: posts small blind $0.02
baeten86: posts big blind $0.05
*** HOLE CARDS ***
Dealt to Dorex2007 [3c 5c]
Dorex2007: folds 
Kroki66: folds 
KOCETO_1992: folds 
Save_Fiona: folds 
FACCHETADE$: folds 
mahspace: folds 
Uncalled bet ($0.03) returned to baeten86
baeten86 collected $0.04 from pot
*** SUMMARY ***
Total pot $0.04 | Rake $0 
Seat 1: FACCHETADE$ (button) folded before Flop (didn't bet)
Seat 4: mahspace (small blind) folded before Flop
Seat 5: baeten86 (big blind) collected ($0.04)
Seat 6: Dorex2007 folded before Flop (didn't bet)
Seat 7: Kroki66 folded before Flop (didn't bet)
Seat 8: KOCETO_1992 folded before Flop (didn't bet)
Seat 9: Save_Fiona folded before Flop (didn't bet)



PokerStars Hand #238690081142:  Hold'em No Limit ($0.02/$0.05 USD) - 2022/09/17 12:35:30 PT [2022/09/17 15:35:30 ET]
Table 'Stroobantia III' 9-max Seat #4 is the button
Seat 1: FACCHETADE$ ($4.70 in chips) 
Seat 4: mahspace ($3.60 in chips) 
Seat 5: baeten86 ($4.06 in chips) 
Seat 6: Dorex2007 ($5.75 in chips) 
Seat 7: Kroki66 ($8.01 in chips) 
Seat 8: KOCETO_1992 ($4.24 in chips) 
Seat 9: Save_Fiona ($5.50 in chips) 
baeten86: posts small blind $0.02
Dorex2007: posts big blind $0.05
miso8494: sits out 
*** HOLE CARDS ***
Dealt to Dorex2007 [2h 9s]
Kroki66: folds 
KOCETO_1992: folds 
Save_Fiona: folds 
FACCHETADE$: folds 
mahspace: folds 
baeten86: folds 
Uncalled bet ($0.03) returned to Dorex2007
Dorex2007 collected $0.04 from pot
Dorex2007: doesn't show hand 
*** SUMMARY ***
Total pot $0.04 | Rake $0 
Seat 1: FACCHETADE$ folded before Flop (didn't bet)
Seat 4: mahspace (button) folded before Flop (didn't bet)
Seat 5: baeten86 (small blind) folded before Flop
Seat 6: Dorex2007 (big blind) collected ($0.04)
Seat 7: Kroki66 folded before Flop (didn't bet)
Seat 8: KOCETO_1992 folded before Flop (didn't bet)
Seat 9: Save_Fiona folded before Flop (didn't bet)



PokerStars Hand #238690089018:  Hold'em No Limit ($0.02/$0.05 USD) - 2022/09/17 12:35:49 PT [2022/09/17 15:35:49 ET]
Table 'Stroobantia III' 9-max Seat #5 is the button
Seat 1: FACCHETADE$ ($4.70 in chips) 
Seat 4: mahspace ($3.60 in chips) 
Seat 5: baeten86 ($4.04 in chips) 
Seat 6: Dorex2007 ($5.77 in chips) 
Seat 7: Kroki66 ($8.01 in chips) 
Seat 8: KOCETO_1992 ($4.24 in chips) 
Seat 9: Save_Fiona ($5.50 in chips) 
Dorex2007: posts small blind $0.02
Kroki66: posts big blind $0.05
miso8494: sits out 
*** HOLE CARDS ***
Dealt to Dorex2007 [Kc Ad]
KOCETO_1992: folds 
Save_Fiona: folds 
FACCHETADE$: folds 
mahspace: raises $0.10 to $0.15
baeten86: folds 
Dorex2007: raises $0.55 to $0.70
Kroki66: folds 
mahspace: folds 
Uncalled bet ($0.55) returned to Dorex2007
Dorex2007 collected $0.35 from pot
Dorex2007: doesn't show hand 
*** SUMMARY ***
Total pot $0.35 | Rake $0 
Seat 1: FACCHETADE$ folded before Flop (didn't bet)
Seat 4: mahspace folded before Flop
Seat 5: baeten86 (button) folded before Flop (didn't bet)
Seat 6: Dorex2007 (small blind) collected ($0.35)
Seat 7: Kroki66 (big blind) folded before Flop
Seat 8: KOCETO_1992 folded before Flop (didn't bet)
Seat 9: Save_Fiona folded before Flop (didn't bet)



PokerStars Hand #238690105484:  Hold'em No Limit ($0.02/$0.05 USD) - 2022/09/17 12:36:27 PT [2022/09/17 15:36:27 ET]
Table 'Stroobantia III' 9-max Seat #6 is the button
Seat 1: FACCHETADE$ ($4.70 in chips) 
Seat 4: mahspace ($3.45 in chips) 
Seat 5: baeten86 ($4.04 in chips) 
Seat 6: Dorex2007 ($5.97 in chips) 
Seat 7: Kroki66 ($7.96 in chips) 
Seat 8: KOCETO_1992 ($4.24 in chips) 
Seat 9: Save_Fiona ($5.50 in chips) 
Kroki66: posts small blind $0.02
KOCETO_1992: posts big blind $0.05
miso8494: sits out 
*** HOLE CARDS ***
Dealt to Dorex2007 [Jc 9c]
Save_Fiona: folds 
FACCHETADE$: folds 
mahspace: raises $0.10 to $0.15
baeten86: folds 
Dorex2007: folds 
Kroki66: folds 
KOCETO_1992: folds 
Uncalled bet ($0.10) returned to mahspace
mahspace collected $0.12 from pot
mahspace: doesn't show hand 
*** SUMMARY ***
Total pot $0.12 | Rake $0 
Seat 1: FACCHETADE$ folded before Flop (didn't bet)
Seat 4: mahspace collected ($0.12)
Seat 5: baeten86 folded before Flop (didn't bet)
Seat 6: Dorex2007 (button) folded before Flop (didn't bet)
Seat 7: Kroki66 (small blind) folded before Flop
Seat 8: KOCETO_1992 (big blind) folded before Flop
Seat 9: Save_Fiona folded before Flop (didn't bet)



PokerStars Hand #238690111631:  Hold'em No Limit ($0.02/$0.05 USD) - 2022/09/17 12:36:41 PT [2022/09/17 15:36:41 ET]
Table 'Stroobantia III' 9-max Seat #7 is the button
Seat 1: FACCHETADE$ ($4.70 in chips) 
Seat 4: mahspace ($3.52 in chips) 
Seat 5: baeten86 ($4.04 in chips) 
Seat 6: Dorex2007 ($5.97 in chips) 
Seat 7: Kroki66 ($7.94 in chips) 
Seat 8: KOCETO_1992 ($4.19 in chips) 
Seat 9: Save_Fiona ($5.50 in chips) 
KOCETO_1992: posts small blind $0.02
Save_Fiona: posts big blind $0.05
miso8494: sits out 
*** HOLE CARDS ***
Dealt to Dorex2007 [2d 5d]
FACCHETADE$: raises $0.05 to $0.10
mahspace: calls $0.10
baeten86: raises $0.40 to $0.50
Dorex2007: folds 
Kroki66: folds 
KOCETO_1992: folds 
Save_Fiona: folds 
FACCHETADE$: folds 
mahspace: folds 
Uncalled bet ($0.40) returned to baeten86
baeten86 collected $0.37 from pot
*** SUMMARY ***
Total pot $0.37 | Rake $0 
Seat 1: FACCHETADE$ folded before Flop
Seat 4: mahspace folded before Flop
Seat 5: baeten86 collected ($0.37)
Seat 6: Dorex2007 folded before Flop (didn't bet)
Seat 7: Kroki66 (button) folded before Flop (didn't bet)
Seat 8: KOCETO_1992 (small blind) folded before Flop
Seat 9: Save_Fiona (big blind) folded before Flop



PokerStars Hand #238690124587:  Hold'em No Limit ($0.02/$0.05 USD) - 2022/09/17 12:37:11 PT [2022/09/17 15:37:11 ET]
Table 'Stroobantia III' 9-max Seat #8 is the button
Seat 3: miso8494 ($4 in chips) 
Seat 4: mahspace ($3.42 in chips) 
Seat 5: baeten86 ($4.31 in chips) 
Seat 6: Dorex2007 ($5.97 in chips) 
Seat 7: Kroki66 ($7.94 in chips) 
Seat 8: KOCETO_1992 ($4.17 in chips) 
Seat 9: Save_Fiona ($5.45 in chips) 
Save_Fiona: posts small blind $0.02
FACCHETADE$: is sitting out 
miso8494: posts big blind $0.05
*** HOLE CARDS ***
Dealt to Dorex2007 [Js Ah]
mahspace: folds 
baeten86: folds 
Dorex2007: raises $0.10 to $0.15
Kroki66: folds 
KOCETO_1992: folds 
Save_Fiona: folds 
miso8494: folds 
Uncalled bet ($0.10) returned to Dorex2007
Dorex2007 collected $0.12 from pot
Dorex2007: doesn't show hand 
*** SUMMARY ***
Total pot $0.12 | Rake $0 
Seat 3: miso8494 (big blind) folded before Flop
Seat 4: mahspace folded before Flop (didn't bet)
Seat 5: baeten86 folded before Flop (didn't bet)
Seat 6: Dorex2007 collected ($0.12)
Seat 7: Kroki66 folded before Flop (didn't bet)
Seat 8: KOCETO_1992 (button) folded before Flop (didn't bet)
Seat 9: Save_Fiona (small blind) folded before Flop



PokerStars Hand #238690131453:  Hold'em No Limit ($0.02/$0.05 USD) - 2022/09/17 12:37:27 PT [2022/09/17 15:37:27 ET]
Table 'Stroobantia III' 9-max Seat #9 is the button
Seat 3: miso8494 ($3.95 in chips) 
Seat 4: mahspace ($3.42 in chips) 
Seat 5: baeten86 ($4.31 in chips) 
Seat 6: Dorex2007 ($6.04 in chips) 
Seat 7: Kroki66 ($7.94 in chips) 
Seat 8: KOCETO_1992 ($4.17 in chips) 
Seat 9: Save_Fiona ($5.43 in chips) 
miso8494: posts small blind $0.02
mahspace: posts big blind $0.05
*** HOLE CARDS ***
Dealt to Dorex2007 [6s 5d]
baeten86: raises $0.10 to $0.15
Dorex2007: folds 
Kroki66: folds 
KOCETO_1992: folds 
Save_Fiona: folds 
miso8494: folds 
mahspace: folds 
Uncalled bet ($0.10) returned to baeten86
baeten86 collected $0.12 from pot
*** SUMMARY ***
Total pot $0.12 | Rake $0 
Seat 3: miso8494 (small blind) folded before Flop
Seat 4: mahspace (big blind) folded before Flop
Seat 5: baeten86 collected ($0.12)
Seat 6: Dorex2007 folded before Flop (didn't bet)
Seat 7: Kroki66 folded before Flop (didn't bet)
Seat 8: KOCETO_1992 folded before Flop (didn't bet)
Seat 9: Save_Fiona (button) folded before Flop (didn't bet)



PokerStars Hand #238690136533:  Hold'em No Limit ($0.02/$0.05 USD) - 2022/09/17 12:37:39 PT [2022/09/17 15:37:39 ET]
Table 'Stroobantia III' 9-max Seat #3 is the button
Seat 3: miso8494 ($3.93 in chips) 
Seat 4: mahspace ($3.37 in chips) 
Seat 5: baeten86 ($4.38 in chips) 
Seat 6: Dorex2007 ($6.04 in chips) 
Seat 7: Kroki66 ($7.94 in chips) 
Seat 8: KOCETO_1992 ($4.17 in chips) 
Seat 9: Save_Fiona ($5.43 in chips) 
mahspace: posts small blind $0.02
baeten86: posts big blind $0.05
*** HOLE CARDS ***
Dealt to Dorex2007 [Qd Js]
Dorex2007: folds 
Kroki66: folds 
KOCETO_1992: folds 
Save_Fiona: folds 
miso8494: folds 
mahspace: folds 
Uncalled bet ($0.03) returned to baeten86
baeten86 collected $0.04 from pot
*** SUMMARY ***
Total pot $0.04 | Rake $0 
Seat 3: miso8494 (button) folded before Flop (didn't bet)
Seat 4: mahspace (small blind) folded before Flop
Seat 5: baeten86 (big blind) collected ($0.04)
Seat 6: Dorex2007 folded before Flop (didn't bet)
Seat 7: Kroki66 folded before Flop (didn't bet)
Seat 8: KOCETO_1992 folded before Flop (didn't bet)
Seat 9: Save_Fiona folded before Flop (didn't bet)



PokerStars Hand #238690141711:  Hold'em No Limit ($0.02/$0.05 USD) - 2022/09/17 12:37:51 PT [2022/09/17 15:37:51 ET]
Table 'Stroobantia III' 9-max Seat #4 is the button
Seat 3: miso8494 ($3.93 in chips) 
Seat 4: mahspace ($3.35 in chips) 
Seat 5: baeten86 ($4.40 in chips) 
Seat 6: Dorex2007 ($6.04 in chips) 
Seat 7: Kroki66 ($7.94 in chips) 
Seat 8: KOCETO_1992 ($4.17 in chips) 
Seat 9: Save_Fiona ($5.43 in chips) 
baeten86: posts small blind $0.02
Dorex2007: posts big blind $0.05
*** HOLE CARDS ***
Dealt to Dorex2007 [Th 6s]
Kroki66: folds 
KOCETO_1992: folds 
Save_Fiona: folds 
miso8494: folds 
mahspace: folds 
baeten86: raises $0.10 to $0.15
Dorex2007: folds 
Uncalled bet ($0.10) returned to baeten86
baeten86 collected $0.10 from pot
*** SUMMARY ***
Total pot $0.10 | Rake $0 
Seat 3: miso8494 folded before Flop (didn't bet)
Seat 4: mahspace (button) folded before Flop (didn't bet)
Seat 5: baeten86 (small blind) collected ($0.10)
Seat 6: Dorex2007 (big blind) folded before Flop
Seat 7: Kroki66 folded before Flop (didn't bet)
Seat 8: KOCETO_1992 folded before Flop (didn't bet)
Seat 9: Save_Fiona folded before Flop (didn't bet)



PokerStars Hand #238690150168:  Hold'em No Limit ($0.02/$0.05 USD) - 2022/09/17 12:38:11 PT [2022/09/17 15:38:11 ET]
Table 'Stroobantia III' 9-max Seat #5 is the button
Seat 3: miso8494 ($3.93 in chips) 
Seat 4: mahspace ($3.35 in chips) 
Seat 5: baeten86 ($4.45 in chips) 
Seat 6: Dorex2007 ($5.99 in chips) 
Seat 7: Kroki66 ($7.94 in chips) 
Seat 8: KOCETO_1992 ($4.17 in chips) 
Seat 9: Save_Fiona ($5.43 in chips) 
Dorex2007: posts small blind $0.02
Kroki66: posts big blind $0.05
*** HOLE CARDS ***
Dealt to Dorex2007 [8c Ac]
KOCETO_1992: folds 
Save_Fiona: folds 
miso8494: folds 
mahspace: folds 
baeten86: folds 
Dorex2007: raises $0.05 to $0.10
Kroki66: calls $0.05
*** FLOP *** [Jc 2c Js]
Dorex2007: checks 
Kroki66: checks 
*** TURN *** [Jc 2c Js] [Qs]
Dorex2007: checks 
Kroki66: checks 
*** RIVER *** [Jc 2c Js Qs] [4c]
Dorex2007: bets $0.19
Kroki66: calls $0.19
*** SHOW DOWN ***
Dorex2007: shows [8c Ac] (a flush, Ace high)
Kroki66: mucks hand 
Dorex2007 collected $0.56 from pot
*** SUMMARY ***
Total pot $0.58 | Rake $0.02 
Board [Jc 2c Js Qs 4c]
Seat 3: miso8494 folded before Flop (didn't bet)
Seat 4: mahspace folded before Flop (didn't bet)
Seat 5: baeten86 (button) folded before Flop (didn't bet)
Seat 6: Dorex2007 (small blind) showed [8c Ac] and won ($0.56) with a flush, Ace high
Seat 7: Kroki66 (big blind) mucked [4d 6d]
Seat 8: KOCETO_1992 folded before Flop (didn't bet)
Seat 9: Save_Fiona folded before Flop (didn't bet)



PokerStars Hand #238690166556:  Hold'em No Limit ($0.02/$0.05 USD) - 2022/09/17 12:38:49 PT [2022/09/17 15:38:49 ET]
Table 'Stroobantia III' 9-max Seat #6 is the button
Seat 3: miso8494 ($3.93 in chips) 
Seat 4: mahspace ($3.35 in chips) 
Seat 5: baeten86 ($4.45 in chips) 
Seat 6: Dorex2007 ($6.26 in chips) 
Seat 7: Kroki66 ($7.65 in chips) 
Seat 8: KOCETO_1992 ($4.17 in chips) 
Seat 9: Save_Fiona ($5.43 in chips) 
Kroki66: posts small blind $0.02
KOCETO_1992: posts big blind $0.05
tomashovka55: sits out 
*** HOLE CARDS ***
Dealt to Dorex2007 [9c Ah]
FACCHETADE$ leaves the table
Save_Fiona: folds 
miso8494: folds 
mahspace: folds 
baeten86: folds 
Dorex2007: folds 
Kroki66: folds 
Uncalled bet ($0.03) returned to KOCETO_1992
KOCETO_1992 collected $0.04 from pot
*** SUMMARY ***
Total pot $0.04 | Rake $0 
Seat 3: miso8494 folded before Flop (didn't bet)
Seat 4: mahspace folded before Flop (didn't bet)
Seat 5: baeten86 folded before Flop (didn't bet)
Seat 6: Dorex2007 (button) folded before Flop (didn't bet)
Seat 7: Kroki66 (small blind) folded before Flop
Seat 8: KOCETO_1992 (big blind) collected ($0.04)
Seat 9: Save_Fiona folded before Flop (didn't bet)



PokerStars Hand #238690171778:  Hold'em No Limit ($0.02/$0.05 USD) - 2022/09/17 12:39:02 PT [2022/09/17 15:39:02 ET]
Table 'Stroobantia III' 9-max Seat #7 is the button
Seat 3: miso8494 ($3.93 in chips) 
Seat 4: mahspace ($3.35 in chips) 
Seat 5: baeten86 ($4.45 in chips) 
Seat 6: Dorex2007 ($6.26 in chips) 
Seat 7: Kroki66 ($7.63 in chips) 
Seat 8: KOCETO_1992 ($4.19 in chips) 
Seat 9: Save_Fiona ($5.43 in chips) 
KOCETO_1992: posts small blind $0.02
Save_Fiona: posts big blind $0.05
tomashovka55: sits out 
*** HOLE CARDS ***
Dealt to Dorex2007 [7s Qs]
miso8494: folds 
mahspace: folds 
baeten86: folds 
Dorex2007: folds 
Kroki66: folds 
KOCETO_1992: folds 
Uncalled bet ($0.03) returned to Save_Fiona
Save_Fiona collected $0.04 from pot
Save_Fiona: doesn't show hand 
*** SUMMARY ***
Total pot $0.04 | Rake $0 
Seat 3: miso8494 folded before Flop (didn't bet)
Seat 4: mahspace folded before Flop (didn't bet)
Seat 5: baeten86 folded before Flop (didn't bet)
Seat 6: Dorex2007 folded before Flop (didn't bet)
Seat 7: Kroki66 (button) folded before Flop (didn't bet)
Seat 8: KOCETO_1992 (small blind) folded before Flop
Seat 9: Save_Fiona (big blind) collected ($0.04)



PokerStars Hand #238690176858:  Hold'em No Limit ($0.02/$0.05 USD) - 2022/09/17 12:39:13 PT [2022/09/17 15:39:13 ET]
Table 'Stroobantia III' 9-max Seat #8 is the button
Seat 2: tomashovka55 ($5.47 in chips) 
Seat 3: miso8494 ($3.93 in chips) 
Seat 4: mahspace ($3.35 in chips) 
Seat 5: baeten86 ($4.45 in chips) 
Seat 6: Dorex2007 ($6.26 in chips) 
Seat 7: Kroki66 ($7.63 in chips) 
Seat 8: KOCETO_1992 ($4.17 in chips) 
Seat 9: Save_Fiona ($5.45 in chips) 
Save_Fiona: posts small blind $0.02
tomashovka55: posts big blind $0.05
*** HOLE CARDS ***
Dealt to Dorex2007 [7h 4d]
miso8494: folds 
mahspace: folds 
baeten86: folds 
2kut joins the table at seat #1 
Dorex2007: folds 
Kroki66: folds 
KOCETO_1992: folds 
Save_Fiona: folds 
Uncalled bet ($0.03) returned to tomashovka55
tomashovka55 collected $0.04 from pot
tomashovka55: doesn't show hand 
*** SUMMARY ***
Total pot $0.04 | Rake $0 
Seat 2: tomashovka55 (big blind) collected ($0.04)
Seat 3: miso8494 folded before Flop (didn't bet)
Seat 4: mahspace folded before Flop (didn't bet)
Seat 5: baeten86 folded before Flop (didn't bet)
Seat 6: Dorex2007 folded before Flop (didn't bet)
Seat 7: Kroki66 folded before Flop (didn't bet)
Seat 8: KOCETO_1992 (button) folded before Flop (didn't bet)
Seat 9: Save_Fiona (small blind) folded before Flop



PokerStars Hand #238690183004:  Hold'em No Limit ($0.02/$0.05 USD) - 2022/09/17 12:39:28 PT [2022/09/17 15:39:28 ET]
Table 'Stroobantia III' 9-max Seat #9 is the button
Seat 2: tomashovka55 ($5.49 in chips) 
Seat 3: miso8494 ($3.93 in chips) 
Seat 4: mahspace ($3.35 in chips) 
Seat 5: baeten86 ($4.45 in chips) 
Seat 6: Dorex2007 ($6.26 in chips) 
Seat 7: Kroki66 ($7.63 in chips) 
Seat 8: KOCETO_1992 ($4.17 in chips) 
Seat 9: Save_Fiona ($5.43 in chips) 
tomashovka55: posts small blind $0.02
miso8494: posts big blind $0.05
*** HOLE CARDS ***
Dealt to Dorex2007 [Tc Qh]
mahspace: folds 
baeten86: folds 
Dorex2007: folds 
Kroki66: folds 
KOCETO_1992: folds 
Save_Fiona: folds 
tomashovka55: folds 
Uncalled bet ($0.03) returned to miso8494
miso8494 collected $0.04 from pot
miso8494: doesn't show hand 
*** SUMMARY ***
Total pot $0.04 | Rake $0 
Seat 2: tomashovka55 (small blind) folded before Flop
Seat 3: miso8494 (big blind) collected ($0.04)
Seat 4: mahspace folded before Flop (didn't bet)
Seat 5: baeten86 folded before Flop (didn't bet)
Seat 6: Dorex2007 folded before Flop (didn't bet)
Seat 7: Kroki66 folded before Flop (didn't bet)
Seat 8: KOCETO_1992 folded before Flop (didn't bet)
Seat 9: Save_Fiona (button) folded before Flop (didn't bet)



PokerStars Hand #238690188633:  Hold'em No Limit ($0.02/$0.05 USD) - 2022/09/17 12:39:41 PT [2022/09/17 15:39:41 ET]
Table 'Stroobantia III' 9-max Seat #2 is the button
Seat 1: 2kut ($5 in chips) 
Seat 2: tomashovka55 ($5.47 in chips) 
Seat 3: miso8494 ($3.95 in chips) 
Seat 4: mahspace ($3.35 in chips) 
Seat 5: baeten86 ($4.45 in chips) 
Seat 6: Dorex2007 ($6.26 in chips) 
Seat 7: Kroki66 ($7.63 in chips) 
Seat 8: KOCETO_1992 ($4.17 in chips) 
Seat 9: Save_Fiona ($5.43 in chips) 
miso8494: posts small blind $0.02
mahspace: posts big blind $0.05
2kut: posts big blind $0.05
*** HOLE CARDS ***
Dealt to Dorex2007 [Td 2h]
baeten86: folds 
Dorex2007: folds 
Kroki66: folds 
KOCETO_1992: folds 
Save_Fiona: folds 
2kut: checks 
tomashovka55: folds 
miso8494: folds 
mahspace: checks 
*** FLOP *** [As Jc 6s]
mahspace: checks 
2kut: checks 
*** TURN *** [As Jc 6s] [9h]
mahspace: checks 
2kut: bets $0.05
mahspace: folds 
Uncalled bet ($0.05) returned to 2kut
2kut collected $0.12 from pot
*** SUMMARY ***
Total pot $0.12 | Rake $0 
Board [As Jc 6s 9h]
Seat 1: 2kut collected ($0.12)
Seat 2: tomashovka55 (button) folded before Flop (didn't bet)
Seat 3: miso8494 (small blind) folded before Flop
Seat 4: mahspace (big blind) folded on the Turn
Seat 5: baeten86 folded before Flop (didn't bet)
Seat 6: Dorex2007 folded before Flop (didn't bet)
Seat 7: Kroki66 folded before Flop (didn't bet)
Seat 8: KOCETO_1992 folded before Flop (didn't bet)
Seat 9: Save_Fiona folded before Flop (didn't bet)



PokerStars Hand #238690209525:  Hold'em No Limit ($0.02/$0.05 USD) - 2022/09/17 12:40:29 PT [2022/09/17 15:40:29 ET]
Table 'Stroobantia III' 9-max Seat #3 is the button
Seat 1: 2kut ($5.07 in chips) 
Seat 2: tomashovka55 ($5.47 in chips) 
Seat 3: miso8494 ($3.93 in chips) 
Seat 4: mahspace ($3.30 in chips) 
Seat 5: baeten86 ($4.45 in chips) 
Seat 6: Dorex2007 ($6.26 in chips) 
Seat 7: Kroki66 ($7.63 in chips) 
Seat 8: KOCETO_1992 ($4.17 in chips) 
Seat 9: Save_Fiona ($5.43 in chips) 
mahspace: posts small blind $0.02
baeten86: posts big blind $0.05
*** HOLE CARDS ***
Dealt to Dorex2007 [2h 4s]
Dorex2007: folds 
Kroki66: folds 
KOCETO_1992: folds 
Save_Fiona: folds 
2kut: folds 
tomashovka55: folds 
miso8494: raises $0.05 to $0.10
mahspace: raises $0.30 to $0.40
baeten86: folds 
miso8494: folds 
Uncalled bet ($0.30) returned to mahspace
mahspace collected $0.25 from pot
mahspace: doesn't show hand 
*** SUMMARY ***
Total pot $0.25 | Rake $0 
Seat 1: 2kut folded before Flop (didn't bet)
Seat 2: tomashovka55 folded before Flop (didn't bet)
Seat 3: miso8494 (button) folded before Flop
Seat 4: mahspace (small blind) collected ($0.25)
Seat 5: baeten86 (big blind) folded before Flop
Seat 6: Dorex2007 folded before Flop (didn't bet)
Seat 7: Kroki66 folded before Flop (didn't bet)
Seat 8: KOCETO_1992 folded before Flop (didn't bet)
Seat 9: Save_Fiona folded before Flop (didn't bet)



PokerStars Hand #238690220984:  Hold'em No Limit ($0.02/$0.05 USD) - 2022/09/17 12:40:56 PT [2022/09/17 15:40:56 ET]
Table 'Stroobantia III' 9-max Seat #4 is the button
Seat 1: 2kut ($5.07 in chips) 
Seat 2: tomashovka55 ($5.47 in chips) 
Seat 3: miso8494 ($3.83 in chips) 
Seat 4: mahspace ($3.45 in chips) 
Seat 5: baeten86 ($4.40 in chips) 
Seat 6: Dorex2007 ($6.26 in chips) 
Seat 7: Kroki66 ($7.63 in chips) 
Seat 8: KOCETO_1992 ($4.17 in chips) 
Seat 9: Save_Fiona ($5.43 in chips) 
baeten86: posts small blind $0.02
Dorex2007: posts big blind $0.05
*** HOLE CARDS ***
Dealt to Dorex2007 [As Ad]
Kroki66: folds 
KOCETO_1992: folds 
Save_Fiona: folds 
2kut: folds 
tomashovka55: folds 
miso8494: folds 
mahspace: folds 
baeten86: folds 
Uncalled bet ($0.03) returned to Dorex2007
Dorex2007 collected $0.04 from pot
Dorex2007: doesn't show hand 
*** SUMMARY ***
Total pot $0.04 | Rake $0 
Seat 1: 2kut folded before Flop (didn't bet)
Seat 2: tomashovka55 folded before Flop (didn't bet)
Seat 3: miso8494 folded before Flop (didn't bet)
Seat 4: mahspace (button) folded before Flop (didn't bet)
Seat 5: baeten86 (small blind) folded before Flop
Seat 6: Dorex2007 (big blind) collected ($0.04)
Seat 7: Kroki66 folded before Flop (didn't bet)
Seat 8: KOCETO_1992 folded before Flop (didn't bet)
Seat 9: Save_Fiona folded before Flop (didn't bet)



PokerStars Hand #238690228908:  Hold'em No Limit ($0.02/$0.05 USD) - 2022/09/17 12:41:15 PT [2022/09/17 15:41:15 ET]
Table 'Stroobantia III' 9-max Seat #5 is the button
Seat 1: 2kut ($5.07 in chips) 
Seat 2: tomashovka55 ($5.47 in chips) 
Seat 3: miso8494 ($3.83 in chips) 
Seat 4: mahspace ($3.45 in chips) 
Seat 5: baeten86 ($4.38 in chips) 
Seat 6: Dorex2007 ($6.28 in chips) 
Seat 7: Kroki66 ($7.63 in chips) 
Seat 8: KOCETO_1992 ($4.17 in chips) 
Seat 9: Save_Fiona ($5.43 in chips) 
Dorex2007: posts small blind $0.02
Kroki66: posts big blind $0.05
*** HOLE CARDS ***
Dealt to Dorex2007 [9h Ks]
KOCETO_1992: calls $0.05
Save_Fiona: folds 
2kut: folds 
tomashovka55: folds 
miso8494: folds 
mahspace: folds 
baeten86: calls $0.05
Dorex2007: folds 
Kroki66: checks 
*** FLOP *** [6c 3h Td]
Kroki66: checks 
KOCETO_1992: checks 
baeten86: checks 
*** TURN *** [6c 3h Td] [Ts]
Kroki66: checks 
KOCETO_1992: checks 
baeten86: checks 
*** RIVER *** [6c 3h Td Ts] [Ah]
Kroki66: checks 
KOCETO_1992: bets $0.08
baeten86: folds 
Kroki66: folds 
Uncalled bet ($0.08) returned to KOCETO_1992
KOCETO_1992 collected $0.16 from pot
*** SUMMARY ***
Total pot $0.17 | Rake $0.01 
Board [6c 3h Td Ts Ah]
Seat 1: 2kut folded before Flop (didn't bet)
Seat 2: tomashovka55 folded before Flop (didn't bet)
Seat 3: miso8494 folded before Flop (didn't bet)
Seat 4: mahspace folded before Flop (didn't bet)
Seat 5: baeten86 (button) folded on the River
Seat 6: Dorex2007 (small blind) folded before Flop
Seat 7: Kroki66 (big blind) folded on the River
Seat 8: KOCETO_1992 collected ($0.16)
Seat 9: Save_Fiona folded before Flop (didn't bet)



PokerStars Hand #238690250180:  Hold'em No Limit ($0.02/$0.05 USD) - 2022/09/17 12:42:05 PT [2022/09/17 15:42:05 ET]
Table 'Stroobantia III' 9-max Seat #6 is the button
Seat 1: 2kut ($5.07 in chips) 
Seat 2: tomashovka55 ($5.47 in chips) 
Seat 3: miso8494 ($3.83 in chips) 
Seat 4: mahspace ($3.45 in chips) 
Seat 5: baeten86 ($4.33 in chips) 
Seat 6: Dorex2007 ($6.26 in chips) 
Seat 7: Kroki66 ($7.58 in chips) 
Seat 8: KOCETO_1992 ($4.28 in chips) 
Seat 9: Save_Fiona ($5.43 in chips) 
Kroki66: posts small blind $0.02
KOCETO_1992: posts big blind $0.05
*** HOLE CARDS ***
Dealt to Dorex2007 [Js 8h]
Save_Fiona: folds 
2kut: folds 
tomashovka55: folds 
miso8494: folds 
mahspace: folds 
baeten86: folds 
Dorex2007: folds 
Kroki66: raises $0.10 to $0.15
KOCETO_1992: folds 
Uncalled bet ($0.10) returned to Kroki66
Kroki66 collected $0.10 from pot
Kroki66: doesn't show hand 
*** SUMMARY ***
Total pot $0.10 | Rake $0 
Seat 1: 2kut folded before Flop (didn't bet)
Seat 2: tomashovka55 folded before Flop (didn't bet)
Seat 3: miso8494 folded before Flop (didn't bet)
Seat 4: mahspace folded before Flop (didn't bet)
Seat 5: baeten86 folded before Flop (didn't bet)
Seat 6: Dorex2007 (button) folded before Flop (didn't bet)
Seat 7: Kroki66 (small blind) collected ($0.10)
Seat 8: KOCETO_1992 (big blind) folded before Flop
Seat 9: Save_Fiona folded before Flop (didn't bet)



PokerStars Hand #238690260567:  Hold'em No Limit ($0.02/$0.05 USD) - 2022/09/17 12:42:28 PT [2022/09/17 15:42:28 ET]
Table 'Stroobantia III' 9-max Seat #7 is the button
Seat 1: 2kut ($5.07 in chips) 
Seat 2: tomashovka55 ($5.47 in chips) 
Seat 3: miso8494 ($3.83 in chips) 
Seat 4: mahspace ($3.45 in chips) 
Seat 5: baeten86 ($4.33 in chips) 
Seat 6: Dorex2007 ($6.26 in chips) 
Seat 7: Kroki66 ($7.63 in chips) 
Seat 8: KOCETO_1992 ($4.23 in chips) 
Seat 9: Save_Fiona ($5.43 in chips) 
KOCETO_1992: posts small blind $0.02
Save_Fiona: posts big blind $0.05
*** HOLE CARDS ***
Dealt to Dorex2007 [8s Td]
2kut: folds 
tomashovka55: folds 
miso8494: folds 
mahspace: raises $0.15 to $0.20
baeten86: folds 
Dorex2007: folds 
Kroki66: calls $0.20
KOCETO_1992: folds 
Save_Fiona: folds 
*** FLOP *** [Qs 5s 5d]
mahspace: bets $0.34
Kroki66: folds 
Uncalled bet ($0.34) returned to mahspace
mahspace collected $0.45 from pot
mahspace: doesn't show hand 
*** SUMMARY ***
Total pot $0.47 | Rake $0.02 
Board [Qs 5s 5d]
Seat 1: 2kut folded before Flop (didn't bet)
Seat 2: tomashovka55 folded before Flop (didn't bet)
Seat 3: miso8494 folded before Flop (didn't bet)
Seat 4: mahspace collected ($0.45)
Seat 5: baeten86 folded before Flop (didn't bet)
Seat 6: Dorex2007 folded before Flop (didn't bet)
Seat 7: Kroki66 (button) folded on the Flop
Seat 8: KOCETO_1992 (small blind) folded before Flop
Seat 9: Save_Fiona (big blind) folded before Flop



PokerStars Hand #238690270206:  Hold'em No Limit ($0.02/$0.05 USD) - 2022/09/17 12:42:51 PT [2022/09/17 15:42:51 ET]
Table 'Stroobantia III' 9-max Seat #8 is the button
Seat 1: 2kut ($5.07 in chips) 
Seat 2: tomashovka55 ($5.47 in chips) 
Seat 3: miso8494 ($3.83 in chips) 
Seat 4: mahspace ($3.70 in chips) 
Seat 5: baeten86 ($4.33 in chips) 
Seat 6: Dorex2007 ($6.26 in chips) 
Seat 7: Kroki66 ($7.43 in chips) 
Seat 8: KOCETO_1992 ($4.21 in chips) 
Seat 9: Save_Fiona ($5.38 in chips) 
Save_Fiona: posts small blind $0.02
2kut: posts big blind $0.05
*** HOLE CARDS ***
Dealt to Dorex2007 [3s Ts]
tomashovka55: folds 
miso8494: folds 
mahspace: folds 
baeten86: folds 
Dorex2007: folds 
Kroki66: folds 
KOCETO_1992: raises $0.07 to $0.12
Save_Fiona: folds 
2kut: folds 
Uncalled bet ($0.07) returned to KOCETO_1992
KOCETO_1992 collected $0.12 from pot
*** SUMMARY ***
Total pot $0.12 | Rake $0 
Seat 1: 2kut (big blind) folded before Flop
Seat 2: tomashovka55 folded before Flop (didn't bet)
Seat 3: miso8494 folded before Flop (didn't bet)
Seat 4: mahspace folded before Flop (didn't bet)
Seat 5: baeten86 folded before Flop (didn't bet)
Seat 6: Dorex2007 folded before Flop (didn't bet)
Seat 7: Kroki66 folded before Flop (didn't bet)
Seat 8: KOCETO_1992 (button) collected ($0.12)
Seat 9: Save_Fiona (small blind) folded before Flop



PokerStars Hand #238690282902:  Hold'em No Limit ($0.02/$0.05 USD) - 2022/09/17 12:43:20 PT [2022/09/17 15:43:20 ET]
Table 'Stroobantia III' 9-max Seat #9 is the button
Seat 1: 2kut ($5.02 in chips) 
Seat 2: tomashovka55 ($5.47 in chips) 
Seat 3: miso8494 ($3.83 in chips) 
Seat 4: mahspace ($3.70 in chips) 
Seat 5: baeten86 ($4.33 in chips) 
Seat 6: Dorex2007 ($6.26 in chips) 
Seat 7: Kroki66 ($7.43 in chips) 
Seat 8: KOCETO_1992 ($4.28 in chips) 
Seat 9: Save_Fiona ($5.36 in chips) 
2kut: posts small blind $0.02
tomashovka55: posts big blind $0.05
*** HOLE CARDS ***
Dealt to Dorex2007 [6c Ks]
miso8494: folds 
mahspace: folds 
baeten86: folds 
Dorex2007: folds 
Kroki66: folds 
KOCETO_1992: folds 
baeten86 leaves the table
Save_Fiona: raises $0.10 to $0.15
2kut: calls $0.13
tomashovka55: folds 
*** FLOP *** [Ts Ah Ad]
2kut: checks 
Save_Fiona: bets $0.17
2kut: calls $0.17
*** TURN *** [Ts Ah Ad] [Th]
2kut: checks 
Save_Fiona: bets $0.33
2kut: calls $0.33
*** RIVER *** [Ts Ah Ad Th] [8d]
2kut: bets $4.37 and is all-in
Save_Fiona: calls $4.37
*** SHOW DOWN ***
2kut: shows [As Jd] (a full house, Aces full of Tens)
Save_Fiona: shows [Tc Td] (four of a kind, Tens)
Save_Fiona collected $9.67 from pot
*** SUMMARY ***
Total pot $10.09 | Rake $0.42 
Board [Ts Ah Ad Th 8d]
Seat 1: 2kut (small blind) showed [As Jd] and lost with a full house, Aces full of Tens
Seat 2: tomashovka55 (big blind) folded before Flop
Seat 3: miso8494 folded before Flop (didn't bet)
Seat 4: mahspace folded before Flop (didn't bet)
Seat 5: baeten86 folded before Flop (didn't bet)
Seat 6: Dorex2007 folded before Flop (didn't bet)
Seat 7: Kroki66 folded before Flop (didn't bet)
Seat 8: KOCETO_1992 folded before Flop (didn't bet)
Seat 9: Save_Fiona (button) showed [Tc Td] and won ($9.67) with four of a kind, Tens



PokerStars Hand #238690305923:  Hold'em No Limit ($0.02/$0.05 USD) - 2022/09/17 12:44:15 PT [2022/09/17 15:44:15 ET]
Table 'Stroobantia III' 9-max Seat #2 is the button
Seat 2: tomashovka55 ($5.42 in chips) 
Seat 3: miso8494 ($3.83 in chips) 
Seat 4: mahspace ($3.70 in chips) 
Seat 6: Dorex2007 ($6.26 in chips) 
Seat 7: Kroki66 ($7.43 in chips) 
Seat 8: KOCETO_1992 ($4.28 in chips) 
Seat 9: Save_Fiona ($10.01 in chips) 
miso8494: posts small blind $0.02
mahspace: posts big blind $0.05
*** HOLE CARDS ***
Dealt to Dorex2007 [Qh Jd]
Dorex2007: folds 
Kroki66: folds 
KOCETO_1992: folds 
Save_Fiona: folds 
tomashovka55: raises $0.07 to $0.12
2kut leaves the table
miso8494: folds 
mahspace: folds 
Uncalled bet ($0.07) returned to tomashovka55
tomashovka55 collected $0.12 from pot
tomashovka55: doesn't show hand 
*** SUMMARY ***
Total pot $0.12 | Rake $0 
Seat 2: tomashovka55 (button) collected ($0.12)
Seat 3: miso8494 (small blind) folded before Flop
Seat 4: mahspace (big blind) folded before Flop
Seat 6: Dorex2007 folded before Flop (didn't bet)
Seat 7: Kroki66 folded before Flop (didn't bet)
Seat 8: KOCETO_1992 folded before Flop (didn't bet)
Seat 9: Save_Fiona folded before Flop (didn't bet)



PokerStars Hand #238690315786:  Hold'em No Limit ($0.02/$0.05 USD) - 2022/09/17 12:44:38 PT [2022/09/17 15:44:38 ET]
Table 'Stroobantia III' 9-max Seat #3 is the button
Seat 2: tomashovka55 ($5.49 in chips) 
Seat 3: miso8494 ($3.81 in chips) 
Seat 4: mahspace ($3.65 in chips) 
Seat 6: Dorex2007 ($6.26 in chips) 
Seat 7: Kroki66 ($7.43 in chips) 
Seat 8: KOCETO_1992 ($4.28 in chips) 
Seat 9: Save_Fiona ($10.01 in chips) 
mahspace: posts small blind $0.02
Dorex2007: posts big blind $0.05
*** HOLE CARDS ***
Dealt to Dorex2007 [7h 5s]
Kroki66: folds 
KOCETO_1992: folds 
Save_Fiona: folds 
Kroki66 leaves the table
tomashovka55: raises $0.07 to $0.12
miso8494: folds 
mahspace: folds 
Dorex2007: folds 
Uncalled bet ($0.07) returned to tomashovka55
tomashovka55 collected $0.12 from pot
tomashovka55: doesn't show hand 
*** SUMMARY ***
Total pot $0.12 | Rake $0 
Seat 2: tomashovka55 collected ($0.12)
Seat 3: miso8494 (button) folded before Flop (didn't bet)
Seat 4: mahspace (small blind) folded before Flop
Seat 6: Dorex2007 (big blind) folded before Flop
Seat 7: Kroki66 folded before Flop (didn't bet)
Seat 8: KOCETO_1992 folded before Flop (didn't bet)
Seat 9: Save_Fiona folded before Flop (didn't bet)



PokerStars Hand #238690321591:  Hold'em No Limit ($0.02/$0.05 USD) - 2022/09/17 12:44:51 PT [2022/09/17 15:44:51 ET]
Table 'Stroobantia III' 9-max Seat #4 is the button
Seat 2: tomashovka55 ($5.56 in chips) 
Seat 3: miso8494 ($3.81 in chips) 
Seat 4: mahspace ($3.63 in chips) 
Seat 6: Dorex2007 ($6.21 in chips) 
Seat 8: KOCETO_1992 ($4.28 in chips) 
Seat 9: Save_Fiona ($10.01 in chips) 
Dorex2007: posts small blind $0.02
KOCETO_1992: posts big blind $0.05
*** HOLE CARDS ***
Dealt to Dorex2007 [Jd Js]
Save_Fiona: folds 
tomashovka55: folds 
miso8494: folds 
mahspace: folds 
Dorex2007: raises $0.10 to $0.15
KOCETO_1992: folds 
Uncalled bet ($0.10) returned to Dorex2007
Dorex2007 collected $0.10 from pot
Dorex2007: doesn't show hand 
*** SUMMARY ***
Total pot $0.10 | Rake $0 
Seat 2: tomashovka55 folded before Flop (didn't bet)
Seat 3: miso8494 folded before Flop (didn't bet)
Seat 4: mahspace (button) folded before Flop (didn't bet)
Seat 6: Dorex2007 (small blind) collected ($0.10)
Seat 8: KOCETO_1992 (big blind) folded before Flop
Seat 9: Save_Fiona folded before Flop (didn't bet)



PokerStars Hand #238690331496:  Hold'em No Limit ($0.02/$0.05 USD) - 2022/09/17 12:45:14 PT [2022/09/17 15:45:14 ET]
Table 'Stroobantia III' 9-max Seat #6 is the button
Seat 2: tomashovka55 ($5.56 in chips) 
Seat 3: miso8494 ($3.81 in chips) 
Seat 4: mahspace ($3.63 in chips) 
Seat 6: Dorex2007 ($6.26 in chips) 
Seat 8: KOCETO_1992 ($4.23 in chips) 
Seat 9: Save_Fiona ($10.01 in chips) 
KOCETO_1992: posts small blind $0.02
Save_Fiona: posts big blind $0.05
*** HOLE CARDS ***
Dealt to Dorex2007 [Tc 5c]
tomashovka55: raises $0.07 to $0.12
miso8494: folds 
mahspace: folds 
Dorex2007: folds 
KOCETO_1992: folds 
Save_Fiona: folds 
Uncalled bet ($0.07) returned to tomashovka55
tomashovka55 collected $0.12 from pot
tomashovka55: doesn't show hand 
*** SUMMARY ***
Total pot $0.12 | Rake $0 
Seat 2: tomashovka55 collected ($0.12)
Seat 3: miso8494 folded before Flop (didn't bet)
Seat 4: mahspace folded before Flop (didn't bet)
Seat 6: Dorex2007 (button) folded before Flop (didn't bet)
Seat 8: KOCETO_1992 (small blind) folded before Flop
Seat 9: Save_Fiona (big blind) folded before Flop



PokerStars Hand #238690336469:  Hold'em No Limit ($0.02/$0.05 USD) - 2022/09/17 12:45:26 PT [2022/09/17 15:45:26 ET]
Table 'Stroobantia III' 9-max Seat #8 is the button
Seat 2: tomashovka55 ($5.63 in chips) 
Seat 3: miso8494 ($3.81 in chips) 
Seat 4: mahspace ($3.63 in chips) 
Seat 6: Dorex2007 ($6.26 in chips) 
Seat 8: KOCETO_1992 ($4.21 in chips) 
Seat 9: Save_Fiona ($9.96 in chips) 
Save_Fiona: posts small blind $0.02
tomashovka55: posts big blind $0.05
*** HOLE CARDS ***
Dealt to Dorex2007 [7d Jh]
miso8494: folds 
mahspace: folds 
Dorex2007: folds 
KOCETO_1992: folds 
Save_Fiona: folds 
Uncalled bet ($0.03) returned to tomashovka55
tomashovka55 collected $0.04 from pot
tomashovka55: doesn't show hand 
*** SUMMARY ***
Total pot $0.04 | Rake $0 
Seat 2: tomashovka55 (big blind) collected ($0.04)
Seat 3: miso8494 folded before Flop (didn't bet)
Seat 4: mahspace folded before Flop (didn't bet)
Seat 6: Dorex2007 folded before Flop (didn't bet)
Seat 8: KOCETO_1992 (button) folded before Flop (didn't bet)
Seat 9: Save_Fiona (small blind) folded before Flop



PokerStars Hand #238690343946:  Hold'em No Limit ($0.02/$0.05 USD) - 2022/09/17 12:45:43 PT [2022/09/17 15:45:43 ET]
Table 'Stroobantia III' 9-max Seat #9 is the button
Seat 2: tomashovka55 ($5.65 in chips) 
Seat 3: miso8494 ($3.81 in chips) 
Seat 4: mahspace ($3.63 in chips) 
Seat 6: Dorex2007 ($6.26 in chips) 
Seat 8: KOCETO_1992 ($4.21 in chips) 
Seat 9: Save_Fiona ($9.94 in chips) 
tomashovka55: posts small blind $0.02
miso8494: posts big blind $0.05
*** HOLE CARDS ***
Dealt to Dorex2007 [Qs 9c]
mahspace: folds 
Dorex2007: folds 
KOCETO_1992: folds 
Save_Fiona: folds 
tomashovka55: raises $0.10 to $0.15
miso8494: folds 
Uncalled bet ($0.10) returned to tomashovka55
tomashovka55 collected $0.10 from pot
tomashovka55: doesn't show hand 
*** SUMMARY ***
Total pot $0.10 | Rake $0 
Seat 2: tomashovka55 (small blind) collected ($0.10)
Seat 3: miso8494 (big blind) folded before Flop
Seat 4: mahspace folded before Flop (didn't bet)
Seat 6: Dorex2007 folded before Flop (didn't bet)
Seat 8: KOCETO_1992 folded before Flop (didn't bet)
Seat 9: Save_Fiona (button) folded before Flop (didn't bet)



PokerStars Hand #238690353059:  Hold'em No Limit ($0.02/$0.05 USD) - 2022/09/17 12:46:05 PT [2022/09/17 15:46:05 ET]
Table 'Stroobantia III' 9-max Seat #2 is the button
Seat 2: tomashovka55 ($5.70 in chips) 
Seat 3: miso8494 ($3.76 in chips) 
Seat 4: mahspace ($3.63 in chips) 
Seat 6: Dorex2007 ($6.26 in chips) 
Seat 8: KOCETO_1992 ($4.21 in chips) 
Seat 9: Save_Fiona ($9.94 in chips) 
miso8494: posts small blind $0.02
mahspace: posts big blind $0.05
*** HOLE CARDS ***
Dealt to Dorex2007 [2s As]
Dorex2007: folds 
KOCETO_1992: raises $0.07 to $0.12
Save_Fiona: folds 
tomashovka55: folds 
miso8494: calls $0.10
mahspace: folds 
*** FLOP *** [Ts Jh 5s]
miso8494: checks 
KOCETO_1992: bets $0.10
miso8494: folds 
Uncalled bet ($0.10) returned to KOCETO_1992
KOCETO_1992 collected $0.28 from pot
*** SUMMARY ***
Total pot $0.29 | Rake $0.01 
Board [Ts Jh 5s]
Seat 2: tomashovka55 (button) folded before Flop (didn't bet)
Seat 3: miso8494 (small blind) folded on the Flop
Seat 4: mahspace (big blind) folded before Flop
Seat 6: Dorex2007 folded before Flop (didn't bet)
Seat 8: KOCETO_1992 collected ($0.28)
Seat 9: Save_Fiona folded before Flop (didn't bet)



PokerStars Hand #238690363869:  Hold'em No Limit ($0.02/$0.05 USD) - 2022/09/17 12:46:31 PT [2022/09/17 15:46:31 ET]
Table 'Stroobantia III' 9-max Seat #3 is the button
Seat 2: tomashovka55 ($5.70 in chips) 
Seat 3: miso8494 ($3.64 in chips) 
Seat 4: mahspace ($3.58 in chips) 
Seat 6: Dorex2007 ($6.26 in chips) 
Seat 8: KOCETO_1992 ($4.37 in chips) 
Seat 9: Save_Fiona ($9.94 in chips) 
mahspace: posts small blind $0.02
Dorex2007: posts big blind $0.05
*** HOLE CARDS ***
Dealt to Dorex2007 [5c 6d]
KOCETO_1992: folds 
Save_Fiona: folds 
tomashovka55: folds 
miso8494: raises $0.05 to $0.10
mahspace: folds 
Dorex2007: folds 
Uncalled bet ($0.05) returned to miso8494
miso8494 collected $0.12 from pot
miso8494: doesn't show hand 
*** SUMMARY ***
Total pot $0.12 | Rake $0 
Seat 2: tomashovka55 folded before Flop (didn't bet)
Seat 3: miso8494 (button) collected ($0.12)
Seat 4: mahspace (small blind) folded before Flop
Seat 6: Dorex2007 (big blind) folded before Flop
Seat 8: KOCETO_1992 folded before Flop (didn't bet)
Seat 9: Save_Fiona folded before Flop (didn't bet)



PokerStars Hand #238690368554:  Hold'em No Limit ($0.02/$0.05 USD) - 2022/09/17 12:46:42 PT [2022/09/17 15:46:42 ET]
Table 'Stroobantia III' 9-max Seat #4 is the button
Seat 2: tomashovka55 ($5.70 in chips) 
Seat 3: miso8494 ($3.71 in chips) 
Seat 4: mahspace ($3.56 in chips) 
Seat 6: Dorex2007 ($6.21 in chips) 
Seat 9: Save_Fiona ($9.94 in chips) 
Dorex2007: posts small blind $0.02
KOCETO_1992: is sitting out 
Save_Fiona: posts big blind $0.05
*** HOLE CARDS ***
Dealt to Dorex2007 [Kc 4c]
tomashovka55: raises $0.07 to $0.12
miso8494: calls $0.12
mahspace: folds 
Dorex2007: folds 
Save_Fiona: folds 
*** FLOP *** [Kd Qh 9c]
tomashovka55: checks 
miso8494: checks 
*** TURN *** [Kd Qh 9c] [Ks]
KOCETO_1992 leaves the table
tomashovka55: checks 
miso8494: checks 
*** RIVER *** [Kd Qh 9c Ks] [9s]
tomashovka55: checks 
miso8494: bets $0.30
tomashovka55: folds 
Uncalled bet ($0.30) returned to miso8494
miso8494 collected $0.30 from pot
miso8494: doesn't show hand 
*** SUMMARY ***
Total pot $0.31 | Rake $0.01 
Board [Kd Qh 9c Ks 9s]
Seat 2: tomashovka55 folded on the River
Seat 3: miso8494 collected ($0.30)
Seat 4: mahspace (button) folded before Flop (didn't bet)
Seat 6: Dorex2007 (small blind) folded before Flop
Seat 9: Save_Fiona (big blind) folded before Flop



PokerStars Hand #238690378762:  Hold'em No Limit ($0.02/$0.05 USD) - 2022/09/17 12:47:06 PT [2022/09/17 15:47:06 ET]
Table 'Stroobantia III' 9-max Seat #6 is the button
Seat 2: tomashovka55 ($5.58 in chips) 
Seat 3: miso8494 ($3.89 in chips) 
Seat 4: mahspace ($3.56 in chips) 
Seat 6: Dorex2007 ($6.19 in chips) 
Seat 9: Save_Fiona ($9.89 in chips) 
Save_Fiona: posts small blind $0.02
tomashovka55: posts big blind $0.05
*** HOLE CARDS ***
Dealt to Dorex2007 [4h Js]
miso8494: folds 
mahspace: folds 
Dorex2007: folds 
Save_Fiona: folds 
Uncalled bet ($0.03) returned to tomashovka55
tomashovka55 collected $0.04 from pot
tomashovka55: doesn't show hand 
*** SUMMARY ***
Total pot $0.04 | Rake $0 
Seat 2: tomashovka55 (big blind) collected ($0.04)
Seat 3: miso8494 folded before Flop (didn't bet)
Seat 4: mahspace folded before Flop (didn't bet)
Seat 6: Dorex2007 (button) folded before Flop (didn't bet)
Seat 9: Save_Fiona (small blind) folded before Flop



PokerStars Hand #238690381835:  Hold'em No Limit ($0.02/$0.05 USD) - 2022/09/17 12:47:13 PT [2022/09/17 15:47:13 ET]
Table 'Stroobantia III' 9-max Seat #9 is the button
Seat 2: tomashovka55 ($5.60 in chips) 
Seat 3: miso8494 ($3.89 in chips) 
Seat 4: mahspace ($3.56 in chips) 
Seat 6: Dorex2007 ($6.19 in chips) 
Seat 9: Save_Fiona ($9.87 in chips) 
tomashovka55: posts small blind $0.02
miso8494: posts big blind $0.05
*** HOLE CARDS ***
Dealt to Dorex2007 [3c 5s]
mahspace: raises $0.15 to $0.20
Dorex2007: folds 
Save_Fiona: folds 
tomashovka55: folds 
miso8494: folds 
Uncalled bet ($0.15) returned to mahspace
mahspace collected $0.12 from pot
mahspace: doesn't show hand 
*** SUMMARY ***
Total pot $0.12 | Rake $0 
Seat 2: tomashovka55 (small blind) folded before Flop
Seat 3: miso8494 (big blind) folded before Flop
Seat 4: mahspace collected ($0.12)
Seat 6: Dorex2007 folded before Flop (didn't bet)
Seat 9: Save_Fiona (button) folded before Flop (didn't bet)



PokerStars Hand #238690385725:  Hold'em No Limit ($0.02/$0.05 USD) - 2022/09/17 12:47:22 PT [2022/09/17 15:47:22 ET]
Table 'Stroobantia III' 9-max Seat #2 is the button
Seat 2: tomashovka55 ($5.58 in chips) 
Seat 3: miso8494 ($3.84 in chips) 
Seat 4: mahspace ($3.63 in chips) 
Seat 6: Dorex2007 ($6.19 in chips) 
Seat 9: Save_Fiona ($9.87 in chips) 
miso8494: posts small blind $0.02
mahspace: posts big blind $0.05
*** HOLE CARDS ***
Dealt to Dorex2007 [Js 4h]
Dorex2007: folds 
Save_Fiona: raises $0.10 to $0.15
tomashovka55: calls $0.15
miso8494: folds 
mahspace: folds 
*** FLOP *** [6c 4d Td]
Save_Fiona: bets $0.17
tomashovka55: calls $0.17
*** TURN *** [6c 4d Td] [As]
Save_Fiona: bets $0.40
tomashovka55: folds 
Uncalled bet ($0.40) returned to Save_Fiona
Save_Fiona collected $0.68 from pot
Save_Fiona: doesn't show hand 
*** SUMMARY ***
Total pot $0.71 | Rake $0.03 
Board [6c 4d Td As]
Seat 2: tomashovka55 (button) folded on the Turn
Seat 3: miso8494 (small blind) folded before Flop
Seat 4: mahspace (big blind) folded before Flop
Seat 6: Dorex2007 folded before Flop (didn't bet)
Seat 9: Save_Fiona collected ($0.68)



PokerStars Hand #238690399413:  Hold'em No Limit ($0.02/$0.05 USD) - 2022/09/17 12:47:55 PT [2022/09/17 15:47:55 ET]
Table 'Stroobantia III' 9-max Seat #3 is the button
Seat 2: tomashovka55 ($5.26 in chips) 
Seat 3: miso8494 ($3.82 in chips) 
Seat 4: mahspace ($3.58 in chips) 
Seat 6: Dorex2007 ($6.19 in chips) 
Seat 9: Save_Fiona ($10.23 in chips) 
mahspace: posts small blind $0.02
Dorex2007: posts big blind $0.05
*** HOLE CARDS ***
Dealt to Dorex2007 [4s 5c]
Save_Fiona: folds 
tomashovka55: folds 
miso8494: folds 
mahspace: folds 
Uncalled bet ($0.03) returned to Dorex2007
Dorex2007 collected $0.04 from pot
Dorex2007: doesn't show hand 
*** SUMMARY ***
Total pot $0.04 | Rake $0 
Seat 2: tomashovka55 folded before Flop (didn't bet)
Seat 3: miso8494 (button) folded before Flop (didn't bet)
Seat 4: mahspace (small blind) folded before Flop
Seat 6: Dorex2007 (big blind) collected ($0.04)
Seat 9: Save_Fiona folded before Flop (didn't bet)



PokerStars Hand #238690403187:  Hold'em No Limit ($0.02/$0.05 USD) - 2022/09/17 12:48:04 PT [2022/09/17 15:48:04 ET]
Table 'Stroobantia III' 9-max Seat #4 is the button
Seat 2: tomashovka55 ($5.26 in chips) 
Seat 3: miso8494 ($3.82 in chips) 
Seat 4: mahspace ($3.56 in chips) 
Seat 6: Dorex2007 ($6.21 in chips) 
Seat 9: Save_Fiona ($10.23 in chips) 
Dorex2007: posts small blind $0.02
Save_Fiona: posts big blind $0.05
*** HOLE CARDS ***
Dealt to Dorex2007 [Ts Td]
tomashovka55: folds 
miso8494: folds 
mahspace: folds 
Dorex2007: raises $0.10 to $0.15
Save_Fiona: folds 
Uncalled bet ($0.10) returned to Dorex2007
Dorex2007 collected $0.10 from pot
Dorex2007: doesn't show hand 
*** SUMMARY ***
Total pot $0.10 | Rake $0 
Seat 2: tomashovka55 folded before Flop (didn't bet)
Seat 3: miso8494 folded before Flop (didn't bet)
Seat 4: mahspace (button) folded before Flop (didn't bet)
Seat 6: Dorex2007 (small blind) collected ($0.10)
Seat 9: Save_Fiona (big blind) folded before Flop



PokerStars Hand #238690406866:  Hold'em No Limit ($0.02/$0.05 USD) - 2022/09/17 12:48:12 PT [2022/09/17 15:48:12 ET]
Table 'Stroobantia III' 9-max Seat #6 is the button
Seat 2: tomashovka55 ($5.26 in chips) 
Seat 3: miso8494 ($3.82 in chips) 
Seat 4: mahspace ($3.56 in chips) 
Seat 6: Dorex2007 ($6.26 in chips) 
Seat 9: Save_Fiona ($10.18 in chips) 
Save_Fiona: posts small blind $0.02
tomashovka55: posts big blind $0.05
*** HOLE CARDS ***
Dealt to Dorex2007 [9d 2h]
miso8494: folds 
mahspace: folds 
Dorex2007: folds 
Save_Fiona: folds 
Uncalled bet ($0.03) returned to tomashovka55
tomashovka55 collected $0.04 from pot
tomashovka55: doesn't show hand 
*** SUMMARY ***
Total pot $0.04 | Rake $0 
Seat 2: tomashovka55 (big blind) collected ($0.04)
Seat 3: miso8494 folded before Flop (didn't bet)
Seat 4: mahspace folded before Flop (didn't bet)
Seat 6: Dorex2007 (button) folded before Flop (didn't bet)
Seat 9: Save_Fiona (small blind) folded before Flop



