PokerStars Hand #232889108409:  Hold'em No Limit ($0.01/$0.02 USD) - 2022/01/06 17:15:02 PT [2022/01/06 20:15:02 ET]
Table 'Hind IV' 9-max Seat #6 is the button
Seat 1: StarAVT ($1.01 in chips) 
Seat 2: luckystar1002 ($2.73 in chips) 
Seat 3: curte ai ($1.78 in chips) 
Seat 5: Dorex2007 ($2 in chips) 
Seat 6: threesixesclub ($2 in chips) 
Seat 7: perereca1993 ($1.98 in chips) 
Seat 8: weverson315 ($2 in chips) 
perereca1993: posts small blind $0.01
weverson315: posts big blind $0.02
Torres1042: sits out 
Dorex2007: posts big blind $0.02
*** HOLE CARDS ***
Dealt to Dorex2007 [Jc Td]
StarAVT: folds 
luckystar1002: folds 
curte ai: folds 
VANVIGA joins the table at seat #4 
Dorex2007: raises $0.04 to $0.06
threesixesclub: calls $0.06
perereca1993: folds 
weverson315: folds 
*** FLOP *** [Qc 3h Tc]
Dorex2007: bets $0.07
threesixesclub: calls $0.07
*** TURN *** [Qc 3h Tc] [7d]
Dorex2007: bets $0.14
threesixesclub: calls $0.14
*** RIVER *** [Qc 3h Tc 7d] [6c]
Dorex2007: checks 
threesixesclub: checks 
*** SHOW DOWN ***
Dorex2007: shows [Jc Td] (a pair of Tens)
threesixesclub: mucks hand 
Dorex2007 collected $0.55 from pot
*** SUMMARY ***
Total pot $0.57 | Rake $0.02 
Board [Qc 3h Tc 7d 6c]
Seat 1: StarAVT folded before Flop (didn't bet)
Seat 2: luckystar1002 folded before Flop (didn't bet)
Seat 3: curte ai folded before Flop (didn't bet)
Seat 5: Dorex2007 showed [Jc Td] and won ($0.55) with a pair of Tens
Seat 6: threesixesclub (button) mucked [Kc As]
Seat 7: perereca1993 (small blind) folded before Flop
Seat 8: weverson315 (big blind) folded before Flop



PokerStars Hand #232889125494:  Hold'em No Limit ($0.01/$0.02 USD) - 2022/01/06 17:15:53 PT [2022/01/06 20:15:53 ET]
Table 'Hind IV' 9-max Seat #7 is the button
Seat 1: StarAVT ($1.01 in chips) 
Seat 2: luckystar1002 ($2.73 in chips) 
Seat 3: curte ai ($1.78 in chips) 
Seat 4: VANVIGA ($1 in chips) 
Seat 5: Dorex2007 ($2.28 in chips) 
Seat 6: threesixesclub ($2 in chips) 
Seat 7: perereca1993 ($1.97 in chips) 
Seat 8: weverson315 ($2 in chips) 
Seat 9: Torres1042 ($0.80 in chips) 
weverson315: posts small blind $0.01
Torres1042: posts big blind $0.02
VANVIGA: posts big blind $0.02
*** HOLE CARDS ***
Dealt to Dorex2007 [3s 4d]
StarAVT: raises $0.04 to $0.06
luckystar1002: folds 
curte ai: folds 
VANVIGA: calls $0.04
Dorex2007: folds 
threesixesclub: calls $0.06
perereca1993: calls $0.06
weverson315: folds 
Torres1042: folds 
*** FLOP *** [8d 8s 7s]
StarAVT: bets $0.04
VANVIGA: calls $0.04
threesixesclub: folds 
perereca1993: calls $0.04
*** TURN *** [8d 8s 7s] [Js]
StarAVT: checks 
VANVIGA: bets $0.12
perereca1993: folds 
StarAVT: folds 
Uncalled bet ($0.12) returned to VANVIGA
VANVIGA collected $0.38 from pot
VANVIGA: doesn't show hand 
*** SUMMARY ***
Total pot $0.39 | Rake $0.01 
Board [8d 8s 7s Js]
Seat 1: StarAVT folded on the Turn
Seat 2: luckystar1002 folded before Flop (didn't bet)
Seat 3: curte ai folded before Flop (didn't bet)
Seat 4: VANVIGA collected ($0.38)
Seat 5: Dorex2007 folded before Flop (didn't bet)
Seat 6: threesixesclub folded on the Flop
Seat 7: perereca1993 (button) folded on the Turn
Seat 8: weverson315 (small blind) folded before Flop
Seat 9: Torres1042 (big blind) folded before Flop



PokerStars Hand #232889150482:  Hold'em No Limit ($0.01/$0.02 USD) - 2022/01/06 17:17:07 PT [2022/01/06 20:17:07 ET]
Table 'Hind IV' 9-max Seat #8 is the button
Seat 1: StarAVT ($0.91 in chips) 
Seat 2: luckystar1002 ($2.73 in chips) 
Seat 3: curte ai ($1.78 in chips) 
Seat 4: VANVIGA ($1.28 in chips) 
Seat 5: Dorex2007 ($2.28 in chips) 
Seat 6: threesixesclub ($2 in chips) 
Seat 7: perereca1993 ($1.87 in chips) 
Seat 8: weverson315 ($2 in chips) 
Seat 9: Torres1042 ($0.78 in chips) 
Torres1042: posts small blind $0.01
StarAVT: posts big blind $0.02
*** HOLE CARDS ***
Dealt to Dorex2007 [2s Qh]
luckystar1002 has timed out
luckystar1002: folds 
curte ai: calls $0.02
VANVIGA: folds 
Dorex2007: folds 
threesixesclub: folds 
perereca1993: folds 
weverson315: folds 
Torres1042: folds 
StarAVT: checks 
*** FLOP *** [Th Jd 8c]
StarAVT: checks 
curte ai: bets $0.05
StarAVT: calls $0.05
*** TURN *** [Th Jd 8c] [Ah]
StarAVT: bets $0.07
curte ai: calls $0.07
*** RIVER *** [Th Jd 8c Ah] [9c]
StarAVT: bets $0.14
curte ai: folds 
Uncalled bet ($0.14) returned to StarAVT
StarAVT collected $0.28 from pot
StarAVT: doesn't show hand 
*** SUMMARY ***
Total pot $0.29 | Rake $0.01 
Board [Th Jd 8c Ah 9c]
Seat 1: StarAVT (big blind) collected ($0.28)
Seat 2: luckystar1002 folded before Flop (didn't bet)
Seat 3: curte ai folded on the River
Seat 4: VANVIGA folded before Flop (didn't bet)
Seat 5: Dorex2007 folded before Flop (didn't bet)
Seat 6: threesixesclub folded before Flop (didn't bet)
Seat 7: perereca1993 folded before Flop (didn't bet)
Seat 8: weverson315 (button) folded before Flop (didn't bet)
Seat 9: Torres1042 (small blind) folded before Flop



PokerStars Hand #232889172361:  Hold'em No Limit ($0.01/$0.02 USD) - 2022/01/06 17:18:12 PT [2022/01/06 20:18:12 ET]
Table 'Hind IV' 9-max Seat #9 is the button
Seat 1: StarAVT ($1.05 in chips) 
Seat 2: luckystar1002 ($2.73 in chips) 
Seat 3: curte ai ($1.64 in chips) 
Seat 4: VANVIGA ($1.28 in chips) 
Seat 5: Dorex2007 ($2.28 in chips) 
Seat 6: threesixesclub ($2 in chips) 
Seat 7: perereca1993 ($1.87 in chips) 
Seat 8: weverson315 ($2 in chips) 
Seat 9: Torres1042 ($0.77 in chips) 
StarAVT: posts small blind $0.01
luckystar1002: posts big blind $0.02
*** HOLE CARDS ***
Dealt to Dorex2007 [Jd 7c]
curte ai: folds 
VANVIGA: folds 
Dorex2007: folds 
threesixesclub has timed out
threesixesclub: folds 
perereca1993: raises $0.02 to $0.04
weverson315: calls $0.04
Torres1042: folds 
StarAVT: folds 
luckystar1002: folds 
*** FLOP *** [Qs 6s 2s]
perereca1993: bets $0.06
weverson315: folds 
Uncalled bet ($0.06) returned to perereca1993
perereca1993 collected $0.11 from pot
perereca1993: doesn't show hand 
*** SUMMARY ***
Total pot $0.11 | Rake $0 
Board [Qs 6s 2s]
Seat 1: StarAVT (small blind) folded before Flop
Seat 2: luckystar1002 (big blind) folded before Flop
Seat 3: curte ai folded before Flop (didn't bet)
Seat 4: VANVIGA folded before Flop (didn't bet)
Seat 5: Dorex2007 folded before Flop (didn't bet)
Seat 6: threesixesclub folded before Flop (didn't bet)
Seat 7: perereca1993 collected ($0.11)
Seat 8: weverson315 folded on the Flop
Seat 9: Torres1042 (button) folded before Flop (didn't bet)



PokerStars Hand #232889192699:  Hold'em No Limit ($0.01/$0.02 USD) - 2022/01/06 17:19:13 PT [2022/01/06 20:19:13 ET]
Table 'Hind IV' 9-max Seat #1 is the button
Seat 1: StarAVT ($1.04 in chips) 
Seat 2: luckystar1002 ($2.71 in chips) 
Seat 3: curte ai ($1.64 in chips) 
Seat 4: VANVIGA ($1.28 in chips) 
Seat 5: Dorex2007 ($2.28 in chips) 
Seat 6: threesixesclub ($2 in chips) 
Seat 7: perereca1993 ($1.94 in chips) 
Seat 8: weverson315 ($2 in chips) 
Seat 9: Torres1042 ($0.77 in chips) 
luckystar1002: posts small blind $0.01
curte ai: posts big blind $0.02
*** HOLE CARDS ***
Dealt to Dorex2007 [Kd Ts]
VANVIGA: folds 
Dorex2007: folds 
threesixesclub: calls $0.02
perereca1993: folds 
weverson315: folds 
Torres1042: folds 
StarAVT: raises $0.04 to $0.06
luckystar1002: folds 
curte ai: folds 
threesixesclub: calls $0.04
*** FLOP *** [9h As Qh]
threesixesclub: checks 
StarAVT: bets $0.07
threesixesclub: folds 
Uncalled bet ($0.07) returned to StarAVT
StarAVT collected $0.14 from pot
StarAVT: doesn't show hand 
*** SUMMARY ***
Total pot $0.15 | Rake $0.01 
Board [9h As Qh]
Seat 1: StarAVT (button) collected ($0.14)
Seat 2: luckystar1002 (small blind) folded before Flop
Seat 3: curte ai (big blind) folded before Flop
Seat 4: VANVIGA folded before Flop (didn't bet)
Seat 5: Dorex2007 folded before Flop (didn't bet)
Seat 6: threesixesclub folded on the Flop
Seat 7: perereca1993 folded before Flop (didn't bet)
Seat 8: weverson315 folded before Flop (didn't bet)
Seat 9: Torres1042 folded before Flop (didn't bet)



PokerStars Hand #232889212992:  Hold'em No Limit ($0.01/$0.02 USD) - 2022/01/06 17:20:06 PT [2022/01/06 20:20:06 ET]
Table 'Hind IV' 9-max Seat #2 is the button
Seat 1: StarAVT ($1.12 in chips) 
Seat 2: luckystar1002 ($2.70 in chips) 
Seat 3: curte ai ($1.62 in chips) 
Seat 4: VANVIGA ($1.28 in chips) 
Seat 5: Dorex2007 ($2.28 in chips) 
Seat 6: threesixesclub ($2 in chips) 
Seat 7: perereca1993 ($1.94 in chips) 
Seat 8: weverson315 ($2 in chips) 
Seat 9: Torres1042 ($0.77 in chips) 
curte ai: posts small blind $0.01
VANVIGA: posts big blind $0.02
*** HOLE CARDS ***
Dealt to Dorex2007 [3c Qd]
Dorex2007: folds 
threesixesclub: folds 
perereca1993: calls $0.02
weverson315: folds 
Torres1042: folds 
StarAVT: folds 
luckystar1002: folds 
curte ai: raises $0.02 to $0.04
VANVIGA: calls $0.02
perereca1993: calls $0.02
*** FLOP *** [Ah Td As]
curte ai: checks 
VANVIGA: checks 
perereca1993: checks 
*** TURN *** [Ah Td As] [Qh]
curte ai: bets $0.06
VANVIGA: folds 
perereca1993: calls $0.06
*** RIVER *** [Ah Td As Qh] [5h]
curte ai: checks 
perereca1993: bets $0.06
curte ai: calls $0.06
*** SHOW DOWN ***
perereca1993: shows [9c Qc] (two pair, Aces and Queens)
curte ai: shows [2s Ac] (three of a kind, Aces)
curte ai collected $0.35 from pot
*** SUMMARY ***
Total pot $0.36 | Rake $0.01 
Board [Ah Td As Qh 5h]
Seat 1: StarAVT folded before Flop (didn't bet)
Seat 2: luckystar1002 (button) folded before Flop (didn't bet)
Seat 3: curte ai (small blind) showed [2s Ac] and won ($0.35) with three of a kind, Aces
Seat 4: VANVIGA (big blind) folded on the Turn
Seat 5: Dorex2007 folded before Flop (didn't bet)
Seat 6: threesixesclub folded before Flop (didn't bet)
Seat 7: perereca1993 showed [9c Qc] and lost with two pair, Aces and Queens
Seat 8: weverson315 folded before Flop (didn't bet)
Seat 9: Torres1042 folded before Flop (didn't bet)



PokerStars Hand #232889234593:  Hold'em No Limit ($0.01/$0.02 USD) - 2022/01/06 17:21:12 PT [2022/01/06 20:21:12 ET]
Table 'Hind IV' 9-max Seat #3 is the button
Seat 1: StarAVT ($1.12 in chips) 
Seat 2: luckystar1002 ($2.70 in chips) 
Seat 3: curte ai ($1.81 in chips) 
Seat 4: VANVIGA ($1.24 in chips) 
Seat 5: Dorex2007 ($2.28 in chips) 
Seat 6: threesixesclub ($2 in chips) 
Seat 7: perereca1993 ($1.78 in chips) 
Seat 8: weverson315 ($2 in chips) 
Seat 9: Torres1042 ($0.77 in chips) 
VANVIGA: posts small blind $0.01
Dorex2007: posts big blind $0.02
*** HOLE CARDS ***
Dealt to Dorex2007 [3d Th]
threesixesclub: calls $0.02
perereca1993: calls $0.02
weverson315: folds 
Torres1042: folds 
StarAVT: calls $0.02
luckystar1002: raises $0.06 to $0.08
curte ai: folds 
VANVIGA: folds 
Dorex2007: folds 
threesixesclub: calls $0.06
perereca1993: calls $0.06
StarAVT: calls $0.06
*** FLOP *** [6c 3s Ks]
threesixesclub: bets $0.17
perereca1993: calls $0.17
StarAVT: folds 
luckystar1002: folds 
*** TURN *** [6c 3s Ks] [5h]
threesixesclub: bets $0.34
perereca1993: calls $0.34
*** RIVER *** [6c 3s Ks 5h] [Ts]
threesixesclub: bets $0.88
perereca1993: calls $0.88
*** SHOW DOWN ***
threesixesclub: shows [2s Js] (a flush, King high)
perereca1993: mucks hand 
threesixesclub collected $3.02 from pot
*** SUMMARY ***
Total pot $3.13 | Rake $0.11 
Board [6c 3s Ks 5h Ts]
Seat 1: StarAVT folded on the Flop
Seat 2: luckystar1002 folded on the Flop
Seat 3: curte ai (button) folded before Flop (didn't bet)
Seat 4: VANVIGA (small blind) folded before Flop
Seat 5: Dorex2007 (big blind) folded before Flop
Seat 6: threesixesclub showed [2s Js] and won ($3.02) with a flush, King high
Seat 7: perereca1993 mucked [6s 9s]
Seat 8: weverson315 folded before Flop (didn't bet)
Seat 9: Torres1042 folded before Flop (didn't bet)



PokerStars Hand #232889260349:  Hold'em No Limit ($0.01/$0.02 USD) - 2022/01/06 17:22:29 PT [2022/01/06 20:22:29 ET]
Table 'Hind IV' 9-max Seat #4 is the button
Seat 1: StarAVT ($1.04 in chips) 
Seat 2: luckystar1002 ($2.62 in chips) 
Seat 3: curte ai ($1.81 in chips) 
Seat 4: VANVIGA ($1.23 in chips) 
Seat 5: Dorex2007 ($2.26 in chips) 
Seat 6: threesixesclub ($3.55 in chips) 
Seat 7: perereca1993 ($0.31 in chips) 
Seat 8: weverson315 ($2 in chips) 
Seat 9: Torres1042 ($0.77 in chips) 
Dorex2007: posts small blind $0.01
threesixesclub: posts big blind $0.02
*** HOLE CARDS ***
Dealt to Dorex2007 [Jc Ah]
perereca1993: folds 
weverson315: folds 
Torres1042: calls $0.02
StarAVT: folds 
luckystar1002: folds 
curte ai: calls $0.02
VANVIGA: folds 
Dorex2007: raises $0.06 to $0.08
threesixesclub: calls $0.06
Torres1042: calls $0.06
curte ai: folds 
*** FLOP *** [6c As Ts]
Dorex2007: bets $0.25
threesixesclub: calls $0.25
Torres1042: folds 
*** TURN *** [6c As Ts] [9c]
Dorex2007: bets $0.73
threesixesclub: folds 
Uncalled bet ($0.73) returned to Dorex2007
Dorex2007 collected $0.73 from pot
Dorex2007: doesn't show hand 
*** SUMMARY ***
Total pot $0.76 | Rake $0.03 
Board [6c As Ts 9c]
Seat 1: StarAVT folded before Flop (didn't bet)
Seat 2: luckystar1002 folded before Flop (didn't bet)
Seat 3: curte ai folded before Flop
Seat 4: VANVIGA (button) folded before Flop (didn't bet)
Seat 5: Dorex2007 (small blind) collected ($0.73)
Seat 6: threesixesclub (big blind) folded on the Turn
Seat 7: perereca1993 folded before Flop (didn't bet)
Seat 8: weverson315 folded before Flop (didn't bet)
Seat 9: Torres1042 folded on the Flop



PokerStars Hand #232889281831:  Hold'em No Limit ($0.01/$0.02 USD) - 2022/01/06 17:23:34 PT [2022/01/06 20:23:34 ET]
Table 'Hind IV' 9-max Seat #5 is the button
Seat 1: StarAVT ($1.04 in chips) 
Seat 2: luckystar1002 ($2.62 in chips) 
Seat 3: curte ai ($1.79 in chips) 
Seat 4: VANVIGA ($1.23 in chips) 
Seat 5: Dorex2007 ($2.66 in chips) 
Seat 6: threesixesclub ($3.22 in chips) 
Seat 7: perereca1993 ($0.31 in chips) 
Seat 8: weverson315 ($2 in chips) 
Seat 9: Torres1042 ($0.69 in chips) 
threesixesclub: posts small blind $0.01
perereca1993: posts big blind $0.02
*** HOLE CARDS ***
Dealt to Dorex2007 [6d Th]
weverson315: folds 
Torres1042: folds 
StarAVT: folds 
luckystar1002: raises $0.08 to $0.10
curte ai: folds 
VANVIGA: folds 
Dorex2007: folds 
threesixesclub: folds 
perereca1993: folds 
Uncalled bet ($0.08) returned to luckystar1002
luckystar1002 collected $0.05 from pot
luckystar1002: doesn't show hand 
*** SUMMARY ***
Total pot $0.05 | Rake $0 
Seat 1: StarAVT folded before Flop (didn't bet)
Seat 2: luckystar1002 collected ($0.05)
Seat 3: curte ai folded before Flop (didn't bet)
Seat 4: VANVIGA folded before Flop (didn't bet)
Seat 5: Dorex2007 (button) folded before Flop (didn't bet)
Seat 6: threesixesclub (small blind) folded before Flop
Seat 7: perereca1993 (big blind) folded before Flop
Seat 8: weverson315 folded before Flop (didn't bet)
Seat 9: Torres1042 folded before Flop (didn't bet)



PokerStars Hand #232889292813:  Hold'em No Limit ($0.01/$0.02 USD) - 2022/01/06 17:24:08 PT [2022/01/06 20:24:08 ET]
Table 'Hind IV' 9-max Seat #6 is the button
Seat 1: StarAVT ($1.04 in chips) 
Seat 2: luckystar1002 ($2.65 in chips) 
Seat 3: curte ai ($1.79 in chips) 
Seat 4: VANVIGA ($1.23 in chips) 
Seat 5: Dorex2007 ($2.66 in chips) 
Seat 6: threesixesclub ($3.21 in chips) 
Seat 7: perereca1993 ($0.29 in chips) 
Seat 8: weverson315 ($2 in chips) 
Seat 9: Torres1042 ($0.69 in chips) 
perereca1993: posts small blind $0.01
weverson315: posts big blind $0.02
*** HOLE CARDS ***
Dealt to Dorex2007 [Tc Kh]
Torres1042: folds 
StarAVT: calls $0.02
luckystar1002: folds 
curte ai: folds 
VANVIGA: folds 
Dorex2007: folds 
threesixesclub: folds 
perereca1993: calls $0.01
weverson315: checks 
*** FLOP *** [6d 7d 2h]
perereca1993: checks 
weverson315: checks 
StarAVT: bets $0.06
perereca1993: calls $0.06
weverson315: folds 
*** TURN *** [6d 7d 2h] [6c]
perereca1993: checks 
StarAVT: bets $0.09
perereca1993: calls $0.09
*** RIVER *** [6d 7d 2h 6c] [Js]
perereca1993: checks 
StarAVT: bets $0.18
perereca1993: folds 
Uncalled bet ($0.18) returned to StarAVT
StarAVT collected $0.35 from pot
StarAVT: doesn't show hand 
*** SUMMARY ***
Total pot $0.36 | Rake $0.01 
Board [6d 7d 2h 6c Js]
Seat 1: StarAVT collected ($0.35)
Seat 2: luckystar1002 folded before Flop (didn't bet)
Seat 3: curte ai folded before Flop (didn't bet)
Seat 4: VANVIGA folded before Flop (didn't bet)
Seat 5: Dorex2007 folded before Flop (didn't bet)
Seat 6: threesixesclub (button) folded before Flop (didn't bet)
Seat 7: perereca1993 (small blind) folded on the River
Seat 8: weverson315 (big blind) folded on the Flop
Seat 9: Torres1042 folded before Flop (didn't bet)



PokerStars Hand #232889314965:  Hold'em No Limit ($0.01/$0.02 USD) - 2022/01/06 17:25:16 PT [2022/01/06 20:25:16 ET]
Table 'Hind IV' 9-max Seat #7 is the button
Seat 1: StarAVT ($1.22 in chips) 
Seat 2: luckystar1002 ($2.65 in chips) 
Seat 3: curte ai ($1.79 in chips) 
Seat 5: Dorex2007 ($2.66 in chips) 
Seat 6: threesixesclub ($3.21 in chips) 
Seat 7: perereca1993 ($0.12 in chips) 
Seat 8: weverson315 ($2 in chips) 
Seat 9: Torres1042 ($0.69 in chips) 
weverson315: posts small blind $0.01
Torres1042: posts big blind $0.02
*** HOLE CARDS ***
Dealt to Dorex2007 [Ts 3c]
StarAVT: folds 
luckystar1002: folds 
curte ai: raises $0.02 to $0.04
Dorex2007: folds 
threesixesclub: calls $0.04
perereca1993: folds 
weverson315: folds 
Torres1042: calls $0.02
*** FLOP *** [9d 6s Th]
Torres1042: checks 
curte ai: checks 
threesixesclub: bets $0.07
Torres1042: folds 
curte ai: calls $0.07
*** TURN *** [9d 6s Th] [2d]
curte ai: checks 
threesixesclub: bets $0.13
curte ai: calls $0.13
*** RIVER *** [9d 6s Th 2d] [4h]
curte ai: checks 
threesixesclub: checks 
*** SHOW DOWN ***
curte ai: shows [Ac Jd] (high card Ace)
threesixesclub: mucks hand 
curte ai collected $0.51 from pot
*** SUMMARY ***
Total pot $0.53 | Rake $0.02 
Board [9d 6s Th 2d 4h]
Seat 1: StarAVT folded before Flop (didn't bet)
Seat 2: luckystar1002 folded before Flop (didn't bet)
Seat 3: curte ai showed [Ac Jd] and won ($0.51) with high card Ace
Seat 5: Dorex2007 folded before Flop (didn't bet)
Seat 6: threesixesclub mucked [Kh 8h]
Seat 7: perereca1993 (button) folded before Flop (didn't bet)
Seat 8: weverson315 (small blind) folded before Flop
Seat 9: Torres1042 (big blind) folded on the Flop



PokerStars Hand #232889342707:  Hold'em No Limit ($0.01/$0.02 USD) - 2022/01/06 17:26:33 PT [2022/01/06 20:26:33 ET]
Table 'Hind IV' 9-max Seat #8 is the button
Seat 1: StarAVT ($1.22 in chips) 
Seat 2: luckystar1002 ($2.65 in chips) 
Seat 3: curte ai ($2.06 in chips) 
Seat 5: Dorex2007 ($2.66 in chips) 
Seat 6: threesixesclub ($2.97 in chips) 
Seat 7: perereca1993 ($0.12 in chips) 
Seat 8: weverson315 ($2 in chips) 
Seat 9: Torres1042 ($0.65 in chips) 
Torres1042: posts small blind $0.01
StarAVT: posts big blind $0.02
*** HOLE CARDS ***
Dealt to Dorex2007 [7d 5c]
luckystar1002: folds 
curte ai: folds 
Dorex2007: folds 
threesixesclub: calls $0.02
perereca1993: folds 
weverson315: folds 
Torres1042: calls $0.01
StarAVT: checks 
*** FLOP *** [Qh 8h Ts]
Torres1042: checks 
StarAVT: bets $0.03
threesixesclub: calls $0.03
Torres1042: folds 
*** TURN *** [Qh 8h Ts] [7h]
StarAVT: bets $0.08
threesixesclub: folds 
Uncalled bet ($0.08) returned to StarAVT
StarAVT collected $0.12 from pot
StarAVT: doesn't show hand 
*** SUMMARY ***
Total pot $0.12 | Rake $0 
Board [Qh 8h Ts 7h]
Seat 1: StarAVT (big blind) collected ($0.12)
Seat 2: luckystar1002 folded before Flop (didn't bet)
Seat 3: curte ai folded before Flop (didn't bet)
Seat 5: Dorex2007 folded before Flop (didn't bet)
Seat 6: threesixesclub folded on the Turn
Seat 7: perereca1993 folded before Flop (didn't bet)
Seat 8: weverson315 (button) folded before Flop (didn't bet)
Seat 9: Torres1042 (small blind) folded on the Flop



PokerStars Hand #232889360662:  Hold'em No Limit ($0.01/$0.02 USD) - 2022/01/06 17:27:28 PT [2022/01/06 20:27:28 ET]
Table 'Hind IV' 9-max Seat #9 is the button
Seat 1: StarAVT ($1.29 in chips) 
Seat 2: luckystar1002 ($2.65 in chips) 
Seat 3: curte ai ($2.06 in chips) 
Seat 5: Dorex2007 ($2.66 in chips) 
Seat 6: threesixesclub ($2.92 in chips) 
Seat 7: perereca1993 ($0.12 in chips) 
Seat 8: weverson315 ($2 in chips) 
Seat 9: Torres1042 ($0.63 in chips) 
StarAVT: posts small blind $0.01
luckystar1002: posts big blind $0.02
*** HOLE CARDS ***
Dealt to Dorex2007 [Jh 7s]
curte ai: calls $0.02
Dorex2007: folds 
threesixesclub: calls $0.02
perereca1993: calls $0.02
weverson315: folds 
Torres1042: folds 
StarAVT: calls $0.01
luckystar1002: checks 
*** FLOP *** [Ks 7h 6h]
StarAVT: bets $0.02
luckystar1002: calls $0.02
curte ai: calls $0.02
threesixesclub: calls $0.02
perereca1993: folds 
*** TURN *** [Ks 7h 6h] [4d]
StarAVT: checks 
luckystar1002: checks 
curte ai: bets $0.08
threesixesclub: raises $0.22 to $0.30
StarAVT: folds 
luckystar1002: folds 
curte ai: folds 
Uncalled bet ($0.22) returned to threesixesclub
threesixesclub collected $0.33 from pot
threesixesclub: doesn't show hand 
*** SUMMARY ***
Total pot $0.34 | Rake $0.01 
Board [Ks 7h 6h 4d]
Seat 1: StarAVT (small blind) folded on the Turn
Seat 2: luckystar1002 (big blind) folded on the Turn
Seat 3: curte ai folded on the Turn
Seat 5: Dorex2007 folded before Flop (didn't bet)
Seat 6: threesixesclub collected ($0.33)
Seat 7: perereca1993 folded on the Flop
Seat 8: weverson315 folded before Flop (didn't bet)
Seat 9: Torres1042 (button) folded before Flop (didn't bet)



PokerStars Hand #232889400341:  Hold'em No Limit ($0.01/$0.02 USD) - 2022/01/06 17:28:51 PT [2022/01/06 20:28:51 ET]
Table 'Hind IV' 9-max Seat #1 is the button
Seat 1: StarAVT ($1.25 in chips) 
Seat 2: luckystar1002 ($2.61 in chips) 
Seat 3: curte ai ($1.94 in chips) 
Seat 5: Dorex2007 ($2.66 in chips) 
Seat 6: threesixesclub ($3.13 in chips) 
Seat 7: perereca1993 ($0.10 in chips) 
Seat 8: weverson315 ($2 in chips) 
Seat 9: Torres1042 ($0.63 in chips) 
luckystar1002: posts small blind $0.01
curte ai: posts big blind $0.02
*** HOLE CARDS ***
Dealt to Dorex2007 [6c 9h]
Dorex2007: folds 
threesixesclub: calls $0.02
perereca1993: raises $0.08 to $0.10 and is all-in
weverson315: calls $0.10
Torres1042: folds 
StarAVT: raises $0.08 to $0.18
luckystar1002: folds 
curte ai: folds 
threesixesclub: calls $0.16
weverson315: calls $0.08
*** FLOP *** [4s Kd Jh]
threesixesclub: checks 
weverson315: checks 
StarAVT: bets $1.07 and is all-in
threesixesclub: folds 
weverson315: folds 
Uncalled bet ($1.07) returned to StarAVT
*** TURN *** [4s Kd Jh] [3h]
*** RIVER *** [4s Kd Jh 3h] [Qd]
*** SHOW DOWN ***
StarAVT: shows [Ks As] (a pair of Kings)
StarAVT collected $0.24 from side pot
perereca1993: shows [5c 5d] (a pair of Fives)
StarAVT collected $0.41 from main pot
*** SUMMARY ***
Total pot $0.67 Main pot $0.41. Side pot $0.24. | Rake $0.02 
Board [4s Kd Jh 3h Qd]
Seat 1: StarAVT (button) showed [Ks As] and won ($0.65) with a pair of Kings
Seat 2: luckystar1002 (small blind) folded before Flop
Seat 3: curte ai (big blind) folded before Flop
Seat 5: Dorex2007 folded before Flop (didn't bet)
Seat 6: threesixesclub folded on the Flop
Seat 7: perereca1993 showed [5c 5d] and lost with a pair of Fives
Seat 8: weverson315 folded on the Flop
Seat 9: Torres1042 folded before Flop (didn't bet)



PokerStars Hand #232889417896:  Hold'em No Limit ($0.01/$0.02 USD) - 2022/01/06 17:29:46 PT [2022/01/06 20:29:46 ET]
Table 'Hind IV' 9-max Seat #2 is the button
Seat 1: StarAVT ($1.72 in chips) 
Seat 2: luckystar1002 ($2.60 in chips) 
Seat 3: curte ai ($1.92 in chips) 
Seat 4: VANVIGA ($1.23 in chips) 
Seat 5: Dorex2007 ($2.66 in chips) 
Seat 6: threesixesclub ($2.95 in chips) 
Seat 8: weverson315 ($2 in chips) 
Seat 9: Torres1042 ($0.63 in chips) 
curte ai: posts small blind $0.01
VANVIGA: posts big blind $0.02
*** HOLE CARDS ***
Dealt to Dorex2007 [As 5s]
Dorex2007: folds 
threesixesclub: folds 
weverson315: folds 
Torres1042: folds 
StarAVT: folds 
luckystar1002: folds 
curte ai: folds 
Uncalled bet ($0.01) returned to VANVIGA
VANVIGA collected $0.02 from pot
VANVIGA: doesn't show hand 
*** SUMMARY ***
Total pot $0.02 | Rake $0 
Seat 1: StarAVT folded before Flop (didn't bet)
Seat 2: luckystar1002 (button) folded before Flop (didn't bet)
Seat 3: curte ai (small blind) folded before Flop
Seat 4: VANVIGA (big blind) collected ($0.02)
Seat 5: Dorex2007 folded before Flop (didn't bet)
Seat 6: threesixesclub folded before Flop (didn't bet)
Seat 8: weverson315 folded before Flop (didn't bet)
Seat 9: Torres1042 folded before Flop (didn't bet)



PokerStars Hand #232889424026:  Hold'em No Limit ($0.01/$0.02 USD) - 2022/01/06 17:30:04 PT [2022/01/06 20:30:04 ET]
Table 'Hind IV' 9-max Seat #3 is the button
Seat 1: StarAVT ($1.72 in chips) 
Seat 2: luckystar1002 ($2.60 in chips) 
Seat 3: curte ai ($1.91 in chips) 
Seat 4: VANVIGA ($1.24 in chips) 
Seat 5: Dorex2007 ($2.66 in chips) 
Seat 6: threesixesclub ($2.95 in chips) 
Seat 7: perereca1993 ($2 in chips) 
Seat 8: weverson315 ($2 in chips) 
Seat 9: Torres1042 ($0.63 in chips) 
VANVIGA: posts small blind $0.01
Dorex2007: posts big blind $0.02
*** HOLE CARDS ***
Dealt to Dorex2007 [8d 4s]
threesixesclub: calls $0.02
perereca1993: raises $0.08 to $0.10
weverson315: folds 
Torres1042: folds 
StarAVT: folds 
luckystar1002: folds 
curte ai: folds 
VANVIGA: folds 
Dorex2007: folds 
threesixesclub: calls $0.08
*** FLOP *** [2h 2d As]
threesixesclub: checks 
perereca1993: bets $0.08
threesixesclub: folds 
Uncalled bet ($0.08) returned to perereca1993
perereca1993 collected $0.22 from pot
perereca1993: doesn't show hand 
*** SUMMARY ***
Total pot $0.23 | Rake $0.01 
Board [2h 2d As]
Seat 1: StarAVT folded before Flop (didn't bet)
Seat 2: luckystar1002 folded before Flop (didn't bet)
Seat 3: curte ai (button) folded before Flop (didn't bet)
Seat 4: VANVIGA (small blind) folded before Flop
Seat 5: Dorex2007 (big blind) folded before Flop
Seat 6: threesixesclub folded on the Flop
Seat 7: perereca1993 collected ($0.22)
Seat 8: weverson315 folded before Flop (didn't bet)
Seat 9: Torres1042 folded before Flop (didn't bet)



PokerStars Hand #232889444574:  Hold'em No Limit ($0.01/$0.02 USD) - 2022/01/06 17:31:08 PT [2022/01/06 20:31:08 ET]
Table 'Hind IV' 9-max Seat #4 is the button
Seat 1: StarAVT ($1.72 in chips) 
Seat 2: luckystar1002 ($2.60 in chips) 
Seat 3: curte ai ($1.91 in chips) 
Seat 4: VANVIGA ($1.23 in chips) 
Seat 5: Dorex2007 ($2.64 in chips) 
Seat 6: threesixesclub ($2.85 in chips) 
Seat 7: perereca1993 ($2.12 in chips) 
Seat 8: weverson315 ($2 in chips) 
Seat 9: Torres1042 ($0.63 in chips) 
Dorex2007: posts small blind $0.01
threesixesclub: posts big blind $0.02
*** HOLE CARDS ***
Dealt to Dorex2007 [Jc 4d]
perereca1993: folds 
weverson315: folds 
Torres1042: folds 
StarAVT: folds 
luckystar1002: folds 
curte ai: folds 
VANVIGA: raises $0.04 to $0.06
Dorex2007: folds 
threesixesclub: folds 
Uncalled bet ($0.04) returned to VANVIGA
VANVIGA collected $0.05 from pot
VANVIGA: doesn't show hand 
*** SUMMARY ***
Total pot $0.05 | Rake $0 
Seat 1: StarAVT folded before Flop (didn't bet)
Seat 2: luckystar1002 folded before Flop (didn't bet)
Seat 3: curte ai folded before Flop (didn't bet)
Seat 4: VANVIGA (button) collected ($0.05)
Seat 5: Dorex2007 (small blind) folded before Flop
Seat 6: threesixesclub (big blind) folded before Flop
Seat 7: perereca1993 folded before Flop (didn't bet)
Seat 8: weverson315 folded before Flop (didn't bet)
Seat 9: Torres1042 folded before Flop (didn't bet)



PokerStars Hand #232889450068:  Hold'em No Limit ($0.01/$0.02 USD) - 2022/01/06 17:31:25 PT [2022/01/06 20:31:25 ET]
Table 'Hind IV' 9-max Seat #5 is the button
Seat 1: StarAVT ($1.72 in chips) 
Seat 2: luckystar1002 ($2.60 in chips) 
Seat 3: curte ai ($1.91 in chips) 
Seat 4: VANVIGA ($1.26 in chips) 
Seat 5: Dorex2007 ($2.63 in chips) 
Seat 6: threesixesclub ($2.83 in chips) 
Seat 7: perereca1993 ($2.12 in chips) 
Seat 8: weverson315 ($2 in chips) 
Seat 9: Torres1042 ($0.63 in chips) 
threesixesclub: posts small blind $0.01
perereca1993: posts big blind $0.02
*** HOLE CARDS ***
Dealt to Dorex2007 [9s 2h]
weverson315 has timed out
weverson315: folds 
Torres1042: folds 
StarAVT: folds 
luckystar1002: folds 
curte ai: folds 
VANVIGA: folds 
Dorex2007: folds 
threesixesclub: calls $0.01
perereca1993: checks 
*** FLOP *** [Qh Td 8d]
threesixesclub: bets $0.03
perereca1993: folds 
Uncalled bet ($0.03) returned to threesixesclub
threesixesclub collected $0.04 from pot
threesixesclub: doesn't show hand 
*** SUMMARY ***
Total pot $0.04 | Rake $0 
Board [Qh Td 8d]
Seat 1: StarAVT folded before Flop (didn't bet)
Seat 2: luckystar1002 folded before Flop (didn't bet)
Seat 3: curte ai folded before Flop (didn't bet)
Seat 4: VANVIGA folded before Flop (didn't bet)
Seat 5: Dorex2007 (button) folded before Flop (didn't bet)
Seat 6: threesixesclub (small blind) collected ($0.04)
Seat 7: perereca1993 (big blind) folded on the Flop
Seat 8: weverson315 folded before Flop (didn't bet)
Seat 9: Torres1042 folded before Flop (didn't bet)



PokerStars Hand #232889466783:  Hold'em No Limit ($0.01/$0.02 USD) - 2022/01/06 17:32:16 PT [2022/01/06 20:32:16 ET]
Table 'Hind IV' 9-max Seat #6 is the button
Seat 1: StarAVT ($1.72 in chips) 
Seat 2: luckystar1002 ($2.60 in chips) 
Seat 3: curte ai ($1.91 in chips) 
Seat 4: VANVIGA ($1.26 in chips) 
Seat 5: Dorex2007 ($2.63 in chips) 
Seat 6: threesixesclub ($2.85 in chips) 
Seat 7: perereca1993 ($2.10 in chips) 
Seat 8: weverson315 ($2 in chips) 
Seat 9: Torres1042 ($0.63 in chips) 
perereca1993: posts small blind $0.01
weverson315: posts big blind $0.02
*** HOLE CARDS ***
Dealt to Dorex2007 [As Kc]
Torres1042: folds 
StarAVT: folds 
luckystar1002: folds 
curte ai: calls $0.02
VANVIGA: folds 
Dorex2007: raises $0.08 to $0.10
threesixesclub: calls $0.10
perereca1993: folds 
weverson315: folds 
curte ai: folds 
*** FLOP *** [Ah Ts 9h]
Dorex2007: bets $0.24
threesixesclub: folds 
Uncalled bet ($0.24) returned to Dorex2007
Dorex2007 collected $0.24 from pot
Dorex2007: doesn't show hand 
*** SUMMARY ***
Total pot $0.25 | Rake $0.01 
Board [Ah Ts 9h]
Seat 1: StarAVT folded before Flop (didn't bet)
Seat 2: luckystar1002 folded before Flop (didn't bet)
Seat 3: curte ai folded before Flop
Seat 4: VANVIGA folded before Flop (didn't bet)
Seat 5: Dorex2007 collected ($0.24)
Seat 6: threesixesclub (button) folded on the Flop
Seat 7: perereca1993 (small blind) folded before Flop
Seat 8: weverson315 (big blind) folded before Flop
Seat 9: Torres1042 folded before Flop (didn't bet)



PokerStars Hand #232889486894:  Hold'em No Limit ($0.01/$0.02 USD) - 2022/01/06 17:33:18 PT [2022/01/06 20:33:18 ET]
Table 'Hind IV' 9-max Seat #7 is the button
Seat 1: StarAVT ($1.72 in chips) 
Seat 2: luckystar1002 ($2.60 in chips) 
Seat 3: curte ai ($1.89 in chips) 
Seat 4: VANVIGA ($1.26 in chips) 
Seat 5: Dorex2007 ($2.77 in chips) 
Seat 6: threesixesclub ($2.75 in chips) 
Seat 7: perereca1993 ($2.09 in chips) 
Seat 8: weverson315 ($2 in chips) 
Seat 9: Torres1042 ($0.63 in chips) 
weverson315: posts small blind $0.01
Torres1042: posts big blind $0.02
*** HOLE CARDS ***
Dealt to Dorex2007 [Th 2s]
StarAVT: calls $0.02
luckystar1002 has timed out
luckystar1002: folds 
curte ai: calls $0.02
VANVIGA: folds 
Dorex2007: folds 
threesixesclub: calls $0.02
perereca1993: calls $0.02
weverson315: calls $0.01
Torres1042: checks 
*** FLOP *** [8d 6d 2h]
weverson315: checks 
Torres1042: checks 
StarAVT: bets $0.02
curte ai: calls $0.02
threesixesclub: folds 
perereca1993: calls $0.02
weverson315: folds 
Torres1042: folds 
*** TURN *** [8d 6d 2h] [Kd]
StarAVT: bets $0.02
curte ai: calls $0.02
perereca1993: calls $0.02
*** RIVER *** [8d 6d 2h Kd] [7s]
StarAVT: bets $0.12
curte ai: folds 
perereca1993: folds 
Uncalled bet ($0.12) returned to StarAVT
StarAVT collected $0.23 from pot
StarAVT: doesn't show hand 
*** SUMMARY ***
Total pot $0.24 | Rake $0.01 
Board [8d 6d 2h Kd 7s]
Seat 1: StarAVT collected ($0.23)
Seat 2: luckystar1002 folded before Flop (didn't bet)
Seat 3: curte ai folded on the River
Seat 4: VANVIGA folded before Flop (didn't bet)
Seat 5: Dorex2007 folded before Flop (didn't bet)
Seat 6: threesixesclub folded on the Flop
Seat 7: perereca1993 (button) folded on the River
Seat 8: weverson315 (small blind) folded on the Flop
Seat 9: Torres1042 (big blind) folded on the Flop



PokerStars Hand #232889511872:  Hold'em No Limit ($0.01/$0.02 USD) - 2022/01/06 17:34:36 PT [2022/01/06 20:34:36 ET]
Table 'Hind IV' 9-max Seat #8 is the button
Seat 1: StarAVT ($1.89 in chips) 
Seat 2: luckystar1002 ($2.60 in chips) 
Seat 3: curte ai ($1.83 in chips) 
Seat 4: VANVIGA ($1.26 in chips) 
Seat 5: Dorex2007 ($2.77 in chips) 
Seat 6: threesixesclub ($2.73 in chips) 
Seat 7: perereca1993 ($2.03 in chips) 
Seat 8: weverson315 ($2 in chips) 
Seat 9: Torres1042 ($0.61 in chips) 
Torres1042: posts small blind $0.01
StarAVT: posts big blind $0.02
*** HOLE CARDS ***
Dealt to Dorex2007 [2c Td]
luckystar1002: folds 
curte ai: calls $0.02
VANVIGA: folds 
Dorex2007: folds 
threesixesclub: raises $0.07 to $0.09
perereca1993: folds 
weverson315: folds 
Torres1042: folds 
StarAVT: folds 
curte ai: calls $0.07
*** FLOP *** [8h 4d 5s]
curte ai: bets $0.20
threesixesclub: raises $2.44 to $2.64 and is all-in
curte ai: folds 
Uncalled bet ($2.44) returned to threesixesclub
threesixesclub collected $0.59 from pot
threesixesclub: doesn't show hand 
*** SUMMARY ***
Total pot $0.61 | Rake $0.02 
Board [8h 4d 5s]
Seat 1: StarAVT (big blind) folded before Flop
Seat 2: luckystar1002 folded before Flop (didn't bet)
Seat 3: curte ai folded on the Flop
Seat 4: VANVIGA folded before Flop (didn't bet)
Seat 5: Dorex2007 folded before Flop (didn't bet)
Seat 6: threesixesclub collected ($0.59)
Seat 7: perereca1993 folded before Flop (didn't bet)
Seat 8: weverson315 (button) folded before Flop (didn't bet)
Seat 9: Torres1042 (small blind) folded before Flop



PokerStars Hand #232889532769:  Hold'em No Limit ($0.01/$0.02 USD) - 2022/01/06 17:35:34 PT [2022/01/06 20:35:34 ET]
Table 'Hind IV' 9-max Seat #9 is the button
Seat 1: StarAVT ($1.87 in chips) 
Seat 2: luckystar1002 ($2.60 in chips) 
Seat 3: curte ai ($1.54 in chips) 
Seat 4: VANVIGA ($1.26 in chips) 
Seat 5: Dorex2007 ($2.77 in chips) 
Seat 6: threesixesclub ($3.03 in chips) 
Seat 7: perereca1993 ($2.03 in chips) 
Seat 8: weverson315 ($2 in chips) 
Seat 9: Torres1042 ($0.60 in chips) 
StarAVT: posts small blind $0.01
luckystar1002: posts big blind $0.02
*** HOLE CARDS ***
Dealt to Dorex2007 [6s 5c]
curte ai: calls $0.02
VANVIGA: folds 
Dorex2007: folds 
threesixesclub: calls $0.02
perereca1993: folds 
weverson315: folds 
Torres1042: folds 
StarAVT: calls $0.01
luckystar1002: checks 
*** FLOP *** [Jd Qd 4d]
StarAVT: bets $0.02
luckystar1002: raises $0.12 to $0.14
curte ai: folds 
threesixesclub: folds 
StarAVT: folds 
Uncalled bet ($0.12) returned to luckystar1002
luckystar1002 collected $0.12 from pot
luckystar1002: doesn't show hand 
*** SUMMARY ***
Total pot $0.12 | Rake $0 
Board [Jd Qd 4d]
Seat 1: StarAVT (small blind) folded on the Flop
Seat 2: luckystar1002 (big blind) collected ($0.12)
Seat 3: curte ai folded on the Flop
Seat 4: VANVIGA folded before Flop (didn't bet)
Seat 5: Dorex2007 folded before Flop (didn't bet)
Seat 6: threesixesclub folded on the Flop
Seat 7: perereca1993 folded before Flop (didn't bet)
Seat 8: weverson315 folded before Flop (didn't bet)
Seat 9: Torres1042 (button) folded before Flop (didn't bet)



PokerStars Hand #232889546143:  Hold'em No Limit ($0.01/$0.02 USD) - 2022/01/06 17:36:16 PT [2022/01/06 20:36:16 ET]
Table 'Hind IV' 9-max Seat #1 is the button
Seat 1: StarAVT ($1.83 in chips) 
Seat 2: luckystar1002 ($2.68 in chips) 
Seat 3: curte ai ($1.52 in chips) 
Seat 4: VANVIGA ($1.26 in chips) 
Seat 5: Dorex2007 ($2.77 in chips) 
Seat 6: threesixesclub ($3.01 in chips) 
Seat 7: perereca1993 ($2.03 in chips) 
Seat 8: weverson315 ($2 in chips) 
Seat 9: Torres1042 ($0.60 in chips) 
luckystar1002: posts small blind $0.01
curte ai: posts big blind $0.02
*** HOLE CARDS ***
Dealt to Dorex2007 [Ah Js]
VANVIGA: folds 
Dorex2007: calls $0.02
threesixesclub: calls $0.02
perereca1993: raises $0.04 to $0.06
weverson315: calls $0.06
Torres1042: folds 
StarAVT: calls $0.06
luckystar1002: folds 
curte ai: folds 
Dorex2007: calls $0.04
threesixesclub: calls $0.04
*** FLOP *** [4d 5d 9s]
Dorex2007: checks 
threesixesclub: checks 
perereca1993: bets $0.08
weverson315: folds 
StarAVT: calls $0.08
Dorex2007: folds 
threesixesclub: calls $0.08
*** TURN *** [4d 5d 9s] [3s]
threesixesclub: checks 
perereca1993: bets $0.16
StarAVT: calls $0.16
threesixesclub: calls $0.16
*** RIVER *** [4d 5d 9s 3s] [5s]
threesixesclub: checks 
perereca1993: bets $0.70
StarAVT: folds 
threesixesclub: folds 
Uncalled bet ($0.70) returned to perereca1993
perereca1993 collected $1.01 from pot
perereca1993: doesn't show hand 
*** SUMMARY ***
Total pot $1.05 | Rake $0.04 
Board [4d 5d 9s 3s 5s]
Seat 1: StarAVT (button) folded on the River
Seat 2: luckystar1002 (small blind) folded before Flop
Seat 3: curte ai (big blind) folded before Flop
Seat 4: VANVIGA folded before Flop (didn't bet)
Seat 5: Dorex2007 folded on the Flop
Seat 6: threesixesclub folded on the River
Seat 7: perereca1993 collected ($1.01)
Seat 8: weverson315 folded on the Flop
Seat 9: Torres1042 folded before Flop (didn't bet)



PokerStars Hand #232889576486:  Hold'em No Limit ($0.01/$0.02 USD) - 2022/01/06 17:37:51 PT [2022/01/06 20:37:51 ET]
Table 'Hind IV' 9-max Seat #2 is the button
Seat 1: StarAVT ($1.53 in chips) 
Seat 2: luckystar1002 ($2.67 in chips) 
Seat 3: curte ai ($1.50 in chips) 
Seat 4: VANVIGA ($1.26 in chips) 
Seat 5: Dorex2007 ($2.71 in chips) 
Seat 6: threesixesclub ($2.71 in chips) 
Seat 7: perereca1993 ($2.74 in chips) 
Seat 8: weverson315 ($2 in chips) 
Seat 9: Torres1042 ($0.60 in chips) 
curte ai: posts small blind $0.01
VANVIGA: posts big blind $0.02
*** HOLE CARDS ***
Dealt to Dorex2007 [Js 3h]
Dorex2007: folds 
threesixesclub: raises $0.04 to $0.06
perereca1993: folds 
weverson315: folds 
Torres1042: folds 
StarAVT: folds 
luckystar1002: raises $0.04 to $0.10
curte ai: folds 
VANVIGA: folds 
threesixesclub: calls $0.04
*** FLOP *** [Kh 4d Jd]
threesixesclub: checks 
luckystar1002: bets $0.11
threesixesclub: calls $0.11
*** TURN *** [Kh 4d Jd] [4c]
threesixesclub: checks 
luckystar1002: bets $0.28
threesixesclub: calls $0.28
*** RIVER *** [Kh 4d Jd 4c] [3s]
threesixesclub: checks 
luckystar1002: bets $0.42
threesixesclub: folds 
Uncalled bet ($0.42) returned to luckystar1002
luckystar1002 collected $0.97 from pot
luckystar1002: doesn't show hand 
*** SUMMARY ***
Total pot $1.01 | Rake $0.04 
Board [Kh 4d Jd 4c 3s]
Seat 1: StarAVT folded before Flop (didn't bet)
Seat 2: luckystar1002 (button) collected ($0.97)
Seat 3: curte ai (small blind) folded before Flop
Seat 4: VANVIGA (big blind) folded before Flop
Seat 5: Dorex2007 folded before Flop (didn't bet)
Seat 6: threesixesclub folded on the River
Seat 7: perereca1993 folded before Flop (didn't bet)
Seat 8: weverson315 folded before Flop (didn't bet)
Seat 9: Torres1042 folded before Flop (didn't bet)



PokerStars Hand #232889599026:  Hold'em No Limit ($0.01/$0.02 USD) - 2022/01/06 17:39:02 PT [2022/01/06 20:39:02 ET]
Table 'Hind IV' 9-max Seat #3 is the button
Seat 1: StarAVT ($1.53 in chips) 
Seat 2: luckystar1002 ($3.15 in chips) 
Seat 3: curte ai ($1.49 in chips) 
Seat 4: VANVIGA ($1.24 in chips) 
Seat 5: Dorex2007 ($2.71 in chips) 
Seat 6: threesixesclub ($2.22 in chips) 
Seat 7: perereca1993 ($2.74 in chips) 
Seat 8: weverson315 ($2 in chips) 
Seat 9: Torres1042 ($0.60 in chips) 
VANVIGA: posts small blind $0.01
Dorex2007: posts big blind $0.02
*** HOLE CARDS ***
Dealt to Dorex2007 [As 3s]
threesixesclub: calls $0.02
perereca1993: calls $0.02
weverson315: folds 
Torres1042: folds 
StarAVT: raises $0.06 to $0.08
luckystar1002: folds 
curte ai: calls $0.08
VANVIGA: folds 
Dorex2007: folds 
threesixesclub: calls $0.06
perereca1993: calls $0.06
*** FLOP *** [Th 3h 7d]
threesixesclub: checks 
perereca1993: checks 
StarAVT: bets $0.12
curte ai: calls $0.12
threesixesclub: calls $0.12
perereca1993: folds 
*** TURN *** [Th 3h 7d] [6c]
threesixesclub: checks 
StarAVT: bets $0.35
curte ai: folds 
threesixesclub: folds 
Uncalled bet ($0.35) returned to StarAVT
StarAVT collected $0.69 from pot
StarAVT: doesn't show hand 
*** SUMMARY ***
Total pot $0.71 | Rake $0.02 
Board [Th 3h 7d 6c]
Seat 1: StarAVT collected ($0.69)
Seat 2: luckystar1002 folded before Flop (didn't bet)
Seat 3: curte ai (button) folded on the Turn
Seat 4: VANVIGA (small blind) folded before Flop
Seat 5: Dorex2007 (big blind) folded before Flop
Seat 6: threesixesclub folded on the Turn
Seat 7: perereca1993 folded on the Flop
Seat 8: weverson315 folded before Flop (didn't bet)
Seat 9: Torres1042 folded before Flop (didn't bet)



PokerStars Hand #232889627910:  Hold'em No Limit ($0.01/$0.02 USD) - 2022/01/06 17:40:18 PT [2022/01/06 20:40:18 ET]
Table 'Hind IV' 9-max Seat #4 is the button
Seat 1: StarAVT ($2.02 in chips) 
Seat 2: luckystar1002 ($3.15 in chips) 
Seat 3: curte ai ($1.29 in chips) 
Seat 4: VANVIGA ($1.23 in chips) 
Seat 5: Dorex2007 ($2.69 in chips) 
Seat 7: perereca1993 ($2.66 in chips) 
Seat 8: weverson315 ($2 in chips) 
Seat 9: Torres1042 ($0.60 in chips) 
Dorex2007: posts small blind $0.01
threesixesclub: is sitting out 
perereca1993: posts big blind $0.02
*** HOLE CARDS ***
Dealt to Dorex2007 [3s 2s]
threesixesclub leaves the table
weverson315: folds 
Torres1042: folds 
StarAVT: folds 
luckystar1002: folds 
curte ai: folds 
VANVIGA: folds 
Dorex2007: folds 
Uncalled bet ($0.01) returned to perereca1993
perereca1993 collected $0.02 from pot
perereca1993: doesn't show hand 
*** SUMMARY ***
Total pot $0.02 | Rake $0 
Seat 1: StarAVT folded before Flop (didn't bet)
Seat 2: luckystar1002 folded before Flop (didn't bet)
Seat 3: curte ai folded before Flop (didn't bet)
Seat 4: VANVIGA (button) folded before Flop (didn't bet)
Seat 5: Dorex2007 (small blind) folded before Flop
Seat 7: perereca1993 (big blind) collected ($0.02)
Seat 8: weverson315 folded before Flop (didn't bet)
Seat 9: Torres1042 folded before Flop (didn't bet)



PokerStars Hand #232889634748:  Hold'em No Limit ($0.01/$0.02 USD) - 2022/01/06 17:40:39 PT [2022/01/06 20:40:39 ET]
Table 'Hind IV' 9-max Seat #5 is the button
Seat 1: StarAVT ($2.02 in chips) 
Seat 2: luckystar1002 ($3.15 in chips) 
Seat 3: curte ai ($1.29 in chips) 
Seat 4: VANVIGA ($1.23 in chips) 
Seat 5: Dorex2007 ($2.68 in chips) 
Seat 7: perereca1993 ($2.67 in chips) 
Seat 8: weverson315 ($2 in chips) 
Seat 9: Torres1042 ($0.60 in chips) 
perereca1993: posts small blind $0.01
weverson315: posts big blind $0.02
*** HOLE CARDS ***
Dealt to Dorex2007 [5c Jh]
Torres1042: calls $0.02
StarAVT: folds 
luckystar1002: calls $0.02
Spartiates19 joins the table at seat #6 
curte ai: calls $0.02
VANVIGA: raises $0.06 to $0.08
Dorex2007: folds 
perereca1993: folds 
weverson315: folds 
Torres1042: raises $0.52 to $0.60 and is all-in
luckystar1002: folds 
curte ai: folds 
VANVIGA: calls $0.52
*** FLOP *** [Kd Jd 2d]
*** TURN *** [Kd Jd 2d] [7s]
*** RIVER *** [Kd Jd 2d 7s] [8c]
*** SHOW DOWN ***
Torres1042: shows [Ah Ad] (a pair of Aces)
VANVIGA: shows [As Kh] (a pair of Kings)
Torres1042 collected $1.23 from pot
*** SUMMARY ***
Total pot $1.27 | Rake $0.04 
Board [Kd Jd 2d 7s 8c]
Seat 1: StarAVT folded before Flop (didn't bet)
Seat 2: luckystar1002 folded before Flop
Seat 3: curte ai folded before Flop
Seat 4: VANVIGA showed [As Kh] and lost with a pair of Kings
Seat 5: Dorex2007 (button) folded before Flop (didn't bet)
Seat 7: perereca1993 (small blind) folded before Flop
Seat 8: weverson315 (big blind) folded before Flop
Seat 9: Torres1042 showed [Ah Ad] and won ($1.23) with a pair of Aces



PokerStars Hand #232889655961:  Hold'em No Limit ($0.01/$0.02 USD) - 2022/01/06 17:41:44 PT [2022/01/06 20:41:44 ET]
Table 'Hind IV' 9-max Seat #7 is the button
Seat 1: StarAVT ($2.02 in chips) 
Seat 2: luckystar1002 ($3.13 in chips) 
Seat 3: curte ai ($1.27 in chips) 
Seat 4: VANVIGA ($1 in chips) 
Seat 5: Dorex2007 ($2.68 in chips) 
Seat 6: Spartiates19 ($2 in chips) 
Seat 7: perereca1993 ($2.66 in chips) 
Seat 8: weverson315 ($2 in chips) 
Seat 9: Torres1042 ($1.23 in chips) 
weverson315: posts small blind $0.01
Torres1042: posts big blind $0.02
Spartiates19: posts big blind $0.02
*** HOLE CARDS ***
Dealt to Dorex2007 [2d 8d]
StarAVT: folds 
luckystar1002: folds 
curte ai: calls $0.02
VANVIGA: calls $0.02
Dorex2007: folds 
Spartiates19: checks 
perereca1993: folds 
weverson315: calls $0.01
Torres1042: raises $0.20 to $0.22
curte ai: calls $0.20
VANVIGA: folds 
Spartiates19: folds 
weverson315: folds 
*** FLOP *** [Ah 5c 8c]
Torres1042: bets $0.02
curte ai: raises $0.26 to $0.28
Torres1042: folds 
Uncalled bet ($0.26) returned to curte ai
curte ai collected $0.52 from pot
curte ai: doesn't show hand 
*** SUMMARY ***
Total pot $0.54 | Rake $0.02 
Board [Ah 5c 8c]
Seat 1: StarAVT folded before Flop (didn't bet)
Seat 2: luckystar1002 folded before Flop (didn't bet)
Seat 3: curte ai collected ($0.52)
Seat 4: VANVIGA folded before Flop
Seat 5: Dorex2007 folded before Flop (didn't bet)
Seat 6: Spartiates19 folded before Flop (didn't bet)
Seat 7: perereca1993 (button) folded before Flop (didn't bet)
Seat 8: weverson315 (small blind) folded before Flop
Seat 9: Torres1042 (big blind) folded on the Flop



PokerStars Hand #232889680288:  Hold'em No Limit ($0.01/$0.02 USD) - 2022/01/06 17:42:51 PT [2022/01/06 20:42:51 ET]
Table 'Hind IV' 9-max Seat #8 is the button
Seat 1: StarAVT ($2.02 in chips) 
Seat 2: luckystar1002 ($3.13 in chips) 
Seat 3: curte ai ($1.55 in chips) 
Seat 4: VANVIGA ($1 in chips) 
Seat 5: Dorex2007 ($2.68 in chips) 
Seat 6: Spartiates19 ($1.98 in chips) 
Seat 7: perereca1993 ($2.66 in chips) 
Seat 8: weverson315 ($2 in chips) 
Seat 9: Torres1042 ($0.99 in chips) 
Torres1042: posts small blind $0.01
StarAVT: posts big blind $0.02
*** HOLE CARDS ***
Dealt to Dorex2007 [6h 2d]
luckystar1002: raises $0.05 to $0.07
curte ai: folds 
VANVIGA: folds 
Dorex2007: folds 
Spartiates19: folds 
perereca1993: calls $0.07
weverson315: calls $0.07
Torres1042: calls $0.06
StarAVT: folds 
*** FLOP *** [6d 5c 8d]
Torres1042: bets $0.02
luckystar1002: raises $0.06 to $0.08
perereca1993: folds 
weverson315: folds 
Torres1042: folds 
Uncalled bet ($0.06) returned to luckystar1002
luckystar1002 collected $0.33 from pot
luckystar1002: doesn't show hand 
*** SUMMARY ***
Total pot $0.34 | Rake $0.01 
Board [6d 5c 8d]
Seat 1: StarAVT (big blind) folded before Flop
Seat 2: luckystar1002 collected ($0.33)
Seat 3: curte ai folded before Flop (didn't bet)
Seat 4: VANVIGA folded before Flop (didn't bet)
Seat 5: Dorex2007 folded before Flop (didn't bet)
Seat 6: Spartiates19 folded before Flop (didn't bet)
Seat 7: perereca1993 folded on the Flop
Seat 8: weverson315 (button) folded on the Flop
Seat 9: Torres1042 (small blind) folded on the Flop



PokerStars Hand #232889702781:  Hold'em No Limit ($0.01/$0.02 USD) - 2022/01/06 17:44:01 PT [2022/01/06 20:44:01 ET]
Table 'Hind IV' 9-max Seat #9 is the button
Seat 1: StarAVT ($2 in chips) 
Seat 2: luckystar1002 ($3.37 in chips) 
Seat 3: curte ai ($1.55 in chips) 
Seat 4: VANVIGA ($1 in chips) 
Seat 5: Dorex2007 ($2.68 in chips) 
Seat 6: Spartiates19 ($1.98 in chips) 
Seat 7: perereca1993 ($2.59 in chips) 
Seat 8: weverson315 ($2 in chips) 
Seat 9: Torres1042 ($0.90 in chips) 
StarAVT: posts small blind $0.01
luckystar1002: posts big blind $0.02
*** HOLE CARDS ***
Dealt to Dorex2007 [Jd 2h]
curte ai: folds 
VANVIGA: folds 
Dorex2007: folds 
Spartiates19: folds 
perereca1993: folds 
curte ai leaves the table
weverson315: folds 
Torres1042: folds 
StarAVT: raises $0.04 to $0.06
luckystar1002: folds 
Uncalled bet ($0.04) returned to StarAVT
StarAVT collected $0.04 from pot
StarAVT: doesn't show hand 
*** SUMMARY ***
Total pot $0.04 | Rake $0 
Seat 1: StarAVT (small blind) collected ($0.04)
Seat 2: luckystar1002 (big blind) folded before Flop
Seat 3: curte ai folded before Flop (didn't bet)
Seat 4: VANVIGA folded before Flop (didn't bet)
Seat 5: Dorex2007 folded before Flop (didn't bet)
Seat 6: Spartiates19 folded before Flop (didn't bet)
Seat 7: perereca1993 folded before Flop (didn't bet)
Seat 8: weverson315 folded before Flop (didn't bet)
Seat 9: Torres1042 (button) folded before Flop (didn't bet)



PokerStars Hand #232889709882:  Hold'em No Limit ($0.01/$0.02 USD) - 2022/01/06 17:44:24 PT [2022/01/06 20:44:24 ET]
Table 'Hind IV' 9-max Seat #1 is the button
Seat 1: StarAVT ($2.02 in chips) 
Seat 2: luckystar1002 ($3.35 in chips) 
Seat 4: VANVIGA ($1 in chips) 
Seat 5: Dorex2007 ($2.68 in chips) 
Seat 6: Spartiates19 ($1.98 in chips) 
Seat 7: perereca1993 ($2.59 in chips) 
Seat 8: weverson315 ($2 in chips) 
Seat 9: Torres1042 ($0.90 in chips) 
luckystar1002: posts small blind $0.01
VANVIGA: posts big blind $0.02
*** HOLE CARDS ***
Dealt to Dorex2007 [8d 6c]
Dorex2007: folds 
Spartiates19: folds 
KurczakJeden joins the table at seat #3 
perereca1993: raises $0.06 to $0.08
weverson315: calls $0.08
Torres1042: folds 
StarAVT: folds 
luckystar1002: folds 
VANVIGA: folds 
*** FLOP *** [2c Jh Ah]
perereca1993: bets $0.08
weverson315: folds 
Uncalled bet ($0.08) returned to perereca1993
perereca1993 collected $0.18 from pot
perereca1993: doesn't show hand 
*** SUMMARY ***
Total pot $0.19 | Rake $0.01 
Board [2c Jh Ah]
Seat 1: StarAVT (button) folded before Flop (didn't bet)
Seat 2: luckystar1002 (small blind) folded before Flop
Seat 4: VANVIGA (big blind) folded before Flop
Seat 5: Dorex2007 folded before Flop (didn't bet)
Seat 6: Spartiates19 folded before Flop (didn't bet)
Seat 7: perereca1993 collected ($0.18)
Seat 8: weverson315 folded on the Flop
Seat 9: Torres1042 folded before Flop (didn't bet)



PokerStars Hand #232889721627:  Hold'em No Limit ($0.01/$0.02 USD) - 2022/01/06 17:45:00 PT [2022/01/06 20:45:00 ET]
Table 'Hind IV' 9-max Seat #2 is the button
Seat 1: StarAVT ($2.02 in chips) 
Seat 2: luckystar1002 ($3.34 in chips) 
Seat 4: VANVIGA ($1 in chips) 
Seat 5: Dorex2007 ($2.68 in chips) 
Seat 6: Spartiates19 ($1.98 in chips) 
Seat 7: perereca1993 ($2.69 in chips) 
Seat 8: weverson315 ($2 in chips) 
Seat 9: Torres1042 ($0.90 in chips) 
VANVIGA: posts small blind $0.01
Dorex2007: posts big blind $0.02
*** HOLE CARDS ***
Dealt to Dorex2007 [6c 6h]
Spartiates19: folds 
perereca1993: folds 
weverson315: folds 
Torres1042: calls $0.02
StarAVT: folds 
luckystar1002: folds 
VANVIGA: calls $0.01
Dorex2007: checks 
*** FLOP *** [Ts 3c 6s]
VANVIGA: checks 
Dorex2007: bets $0.06
Torres1042: folds 
VANVIGA: folds 
Uncalled bet ($0.06) returned to Dorex2007
Dorex2007 collected $0.06 from pot
Dorex2007: doesn't show hand 
*** SUMMARY ***
Total pot $0.06 | Rake $0 
Board [Ts 3c 6s]
Seat 1: StarAVT folded before Flop (didn't bet)
Seat 2: luckystar1002 (button) folded before Flop (didn't bet)
Seat 4: VANVIGA (small blind) folded on the Flop
Seat 5: Dorex2007 (big blind) collected ($0.06)
Seat 6: Spartiates19 folded before Flop (didn't bet)
Seat 7: perereca1993 folded before Flop (didn't bet)
Seat 8: weverson315 folded before Flop (didn't bet)
Seat 9: Torres1042 folded on the Flop



PokerStars Hand #232889736035:  Hold'em No Limit ($0.01/$0.02 USD) - 2022/01/06 17:45:46 PT [2022/01/06 20:45:46 ET]
Table 'Hind IV' 9-max Seat #4 is the button
Seat 1: StarAVT ($2.02 in chips) 
Seat 2: luckystar1002 ($3.34 in chips) 
Seat 3: KurczakJeden ($2 in chips) 
Seat 4: VANVIGA ($1 in chips) 
Seat 5: Dorex2007 ($2.72 in chips) 
Seat 6: Spartiates19 ($1.98 in chips) 
Seat 7: perereca1993 ($2.69 in chips) 
Seat 8: weverson315 ($2 in chips) 
Seat 9: Torres1042 ($0.88 in chips) 
Dorex2007: posts small blind $0.01
Spartiates19: posts big blind $0.02
KurczakJeden: posts big blind $0.02
*** HOLE CARDS ***
Dealt to Dorex2007 [Qh 3s]
perereca1993: folds 
weverson315: folds 
Torres1042: calls $0.02
StarAVT: folds 
luckystar1002: folds 
KurczakJeden: raises $0.04 to $0.06
VANVIGA: folds 
Dorex2007: folds 
Spartiates19: folds 
Torres1042: calls $0.04
*** FLOP *** [Kh 8s Qs]
Torres1042: checks 
KurczakJeden: bets $0.11
Torres1042: folds 
Uncalled bet ($0.11) returned to KurczakJeden
KurczakJeden collected $0.14 from pot
KurczakJeden: doesn't show hand 
*** SUMMARY ***
Total pot $0.15 | Rake $0.01 
Board [Kh 8s Qs]
Seat 1: StarAVT folded before Flop (didn't bet)
Seat 2: luckystar1002 folded before Flop (didn't bet)
Seat 3: KurczakJeden collected ($0.14)
Seat 4: VANVIGA (button) folded before Flop (didn't bet)
Seat 5: Dorex2007 (small blind) folded before Flop
Seat 6: Spartiates19 (big blind) folded before Flop
Seat 7: perereca1993 folded before Flop (didn't bet)
Seat 8: weverson315 folded before Flop (didn't bet)
Seat 9: Torres1042 folded on the Flop



PokerStars Hand #232889753397:  Hold'em No Limit ($0.01/$0.02 USD) - 2022/01/06 17:46:35 PT [2022/01/06 20:46:35 ET]
Table 'Hind IV' 9-max Seat #5 is the button
Seat 1: StarAVT ($2.02 in chips) 
Seat 2: luckystar1002 ($3.34 in chips) 
Seat 3: KurczakJeden ($2.08 in chips) 
Seat 4: VANVIGA ($1 in chips) 
Seat 5: Dorex2007 ($2.71 in chips) 
Seat 6: Spartiates19 ($1.96 in chips) 
Seat 7: perereca1993 ($2.69 in chips) 
Seat 8: weverson315 ($2 in chips) 
Seat 9: Torres1042 ($0.82 in chips) 
Spartiates19: posts small blind $0.01
perereca1993: posts big blind $0.02
*** HOLE CARDS ***
Dealt to Dorex2007 [8h 2d]
weverson315: folds 
Torres1042: folds 
StarAVT: folds 
luckystar1002: calls $0.02
KurczakJeden: calls $0.02
VANVIGA: folds 
Dorex2007: folds 
Spartiates19: calls $0.01
perereca1993: raises $0.02 to $0.04
luckystar1002: calls $0.02
KurczakJeden: calls $0.02
Spartiates19: calls $0.02
*** FLOP *** [9h 3h Jc]
Spartiates19: checks 
perereca1993: bets $0.04
luckystar1002: calls $0.04
KurczakJeden: calls $0.04
Spartiates19: folds 
*** TURN *** [9h 3h Jc] [2s]
perereca1993: bets $0.04
luckystar1002: raises $0.10 to $0.14
KurczakJeden: folds 
perereca1993: calls $0.10
*** RIVER *** [9h 3h Jc 2s] [5s]
perereca1993: bets $0.10
luckystar1002: raises $0.37 to $0.47
perereca1993: calls $0.37
*** SHOW DOWN ***
luckystar1002: shows [4h Ah] (a straight, Ace to Five)
perereca1993: mucks hand 
luckystar1002 collected $1.45 from pot
*** SUMMARY ***
Total pot $1.50 | Rake $0.05 
Board [9h 3h Jc 2s 5s]
Seat 1: StarAVT folded before Flop (didn't bet)
Seat 2: luckystar1002 showed [4h Ah] and won ($1.45) with a straight, Ace to Five
Seat 3: KurczakJeden folded on the Turn
Seat 4: VANVIGA folded before Flop (didn't bet)
Seat 5: Dorex2007 (button) folded before Flop (didn't bet)
Seat 6: Spartiates19 (small blind) folded on the Flop
Seat 7: perereca1993 (big blind) mucked [9c Ac]
Seat 8: weverson315 folded before Flop (didn't bet)
Seat 9: Torres1042 folded before Flop (didn't bet)



PokerStars Hand #232889781631:  Hold'em No Limit ($0.01/$0.02 USD) - 2022/01/06 17:48:05 PT [2022/01/06 20:48:05 ET]
Table 'Hind IV' 9-max Seat #6 is the button
Seat 1: StarAVT ($2.02 in chips) 
Seat 2: luckystar1002 ($4.10 in chips) 
Seat 3: KurczakJeden ($2 in chips) 
Seat 4: VANVIGA ($1 in chips) 
Seat 5: Dorex2007 ($2.71 in chips) 
Seat 6: Spartiates19 ($1.92 in chips) 
Seat 7: perereca1993 ($2 in chips) 
Seat 8: weverson315 ($2 in chips) 
Seat 9: Torres1042 ($0.82 in chips) 
perereca1993: posts small blind $0.01
weverson315: posts big blind $0.02
*** HOLE CARDS ***
Dealt to Dorex2007 [9h 8h]
Torres1042: folds 
StarAVT: folds 
luckystar1002: raises $0.04 to $0.06
KurczakJeden: folds 
VANVIGA: folds 
Dorex2007: folds 
Spartiates19: folds 
perereca1993: calls $0.05
weverson315: folds 
*** FLOP *** [Kc 2d 3s]
perereca1993: checks 
luckystar1002: bets $0.14
perereca1993: folds 
Uncalled bet ($0.14) returned to luckystar1002
luckystar1002 collected $0.14 from pot
luckystar1002: doesn't show hand 
*** SUMMARY ***
Total pot $0.14 | Rake $0 
Board [Kc 2d 3s]
Seat 1: StarAVT folded before Flop (didn't bet)
Seat 2: luckystar1002 collected ($0.14)
Seat 3: KurczakJeden folded before Flop (didn't bet)
Seat 4: VANVIGA folded before Flop (didn't bet)
Seat 5: Dorex2007 folded before Flop (didn't bet)
Seat 6: Spartiates19 (button) folded before Flop (didn't bet)
Seat 7: perereca1993 (small blind) folded on the Flop
Seat 8: weverson315 (big blind) folded before Flop
Seat 9: Torres1042 folded before Flop (didn't bet)



PokerStars Hand #232889793785:  Hold'em No Limit ($0.01/$0.02 USD) - 2022/01/06 17:48:45 PT [2022/01/06 20:48:45 ET]
Table 'Hind IV' 9-max Seat #7 is the button
Seat 1: StarAVT ($2.02 in chips) 
Seat 2: luckystar1002 ($4.18 in chips) 
Seat 3: KurczakJeden ($2 in chips) 
Seat 4: VANVIGA ($1 in chips) 
Seat 5: Dorex2007 ($2.71 in chips) 
Seat 6: Spartiates19 ($1.92 in chips) 
Seat 7: perereca1993 ($1.94 in chips) 
Seat 8: weverson315 ($2 in chips) 
Seat 9: Torres1042 ($0.82 in chips) 
weverson315: posts small blind $0.01
Torres1042: posts big blind $0.02
*** HOLE CARDS ***
Dealt to Dorex2007 [Kd 5c]
StarAVT: folds 
luckystar1002: folds 
KurczakJeden: folds 
VANVIGA: folds 
Dorex2007: folds 
Spartiates19: folds 
perereca1993: calls $0.02
weverson315: calls $0.01
Torres1042: checks 
*** FLOP *** [9c 6d Qd]
weverson315: checks 
Torres1042: checks 
perereca1993: checks 
*** TURN *** [9c 6d Qd] [7h]
weverson315: checks 
Torres1042: checks 
perereca1993: checks 
*** RIVER *** [9c 6d Qd 7h] [2h]
weverson315: checks 
Torres1042: checks 
perereca1993: checks 
*** SHOW DOWN ***
weverson315: shows [5s Ac] (high card Ace)
Torres1042: shows [9h 3h] (a pair of Nines)
perereca1993: mucks hand 
Torres1042 collected $0.06 from pot
*** SUMMARY ***
Total pot $0.06 | Rake $0 
Board [9c 6d Qd 7h 2h]
Seat 1: StarAVT folded before Flop (didn't bet)
Seat 2: luckystar1002 folded before Flop (didn't bet)
Seat 3: KurczakJeden folded before Flop (didn't bet)
Seat 4: VANVIGA folded before Flop (didn't bet)
Seat 5: Dorex2007 folded before Flop (didn't bet)
Seat 6: Spartiates19 folded before Flop (didn't bet)
Seat 7: perereca1993 (button) mucked [8c Ah]
Seat 8: weverson315 (small blind) showed [5s Ac] and lost with high card Ace
Seat 9: Torres1042 (big blind) showed [9h 3h] and won ($0.06) with a pair of Nines



PokerStars Hand #232889826523:  Hold'em No Limit ($0.01/$0.02 USD) - 2022/01/06 17:50:08 PT [2022/01/06 20:50:08 ET]
Table 'Hind IV' 9-max Seat #8 is the button
Seat 1: StarAVT ($2.02 in chips) 
Seat 2: luckystar1002 ($4.18 in chips) 
Seat 3: KurczakJeden ($2 in chips) 
Seat 4: VANVIGA ($1 in chips) 
Seat 5: Dorex2007 ($2.71 in chips) 
Seat 6: Spartiates19 ($1.92 in chips) 
Seat 7: perereca1993 ($1.92 in chips) 
Seat 8: weverson315 ($2 in chips) 
Seat 9: Torres1042 ($0.86 in chips) 
Torres1042: posts small blind $0.01
StarAVT: posts big blind $0.02
*** HOLE CARDS ***
Dealt to Dorex2007 [9h 4h]
luckystar1002 has timed out
luckystar1002: folds 
KurczakJeden: raises $0.02 to $0.04
VANVIGA: calls $0.04
Dorex2007: folds 
Spartiates19: folds 
perereca1993: calls $0.04
weverson315: calls $0.04
Torres1042: folds 
StarAVT: calls $0.02
*** FLOP *** [6d 2d 5d]
StarAVT: bets $0.02
KurczakJeden: calls $0.02
VANVIGA: calls $0.02
perereca1993: folds 
weverson315: folds 
*** TURN *** [6d 2d 5d] [Jd]
StarAVT: checks 
KurczakJeden: bets $0.29
VANVIGA: calls $0.29
StarAVT: folds 
*** RIVER *** [6d 2d 5d Jd] [Ts]
KurczakJeden: checks 
VANVIGA: bets $0.65 and is all-in
KurczakJeden: folds 
Uncalled bet ($0.65) returned to VANVIGA
VANVIGA collected $0.82 from pot
VANVIGA: doesn't show hand 
*** SUMMARY ***
Total pot $0.85 | Rake $0.03 
Board [6d 2d 5d Jd Ts]
Seat 1: StarAVT (big blind) folded on the Turn
Seat 2: luckystar1002 folded before Flop (didn't bet)
Seat 3: KurczakJeden folded on the River
Seat 4: VANVIGA collected ($0.82)
Seat 5: Dorex2007 folded before Flop (didn't bet)
Seat 6: Spartiates19 folded before Flop (didn't bet)
Seat 7: perereca1993 folded on the Flop
Seat 8: weverson315 (button) folded on the Flop
Seat 9: Torres1042 (small blind) folded before Flop



PokerStars Hand #232889864429:  Hold'em No Limit ($0.01/$0.02 USD) - 2022/01/06 17:51:56 PT [2022/01/06 20:51:56 ET]
Table 'Hind IV' 9-max Seat #9 is the button
Seat 1: StarAVT ($1.96 in chips) 
Seat 2: luckystar1002 ($4.18 in chips) 
Seat 3: KurczakJeden ($1.65 in chips) 
Seat 4: VANVIGA ($1.47 in chips) 
Seat 5: Dorex2007 ($2.71 in chips) 
Seat 6: Spartiates19 ($1.92 in chips) 
Seat 7: perereca1993 ($1.88 in chips) 
Seat 8: weverson315 ($2 in chips) 
Seat 9: Torres1042 ($0.85 in chips) 
StarAVT: posts small blind $0.01
luckystar1002: posts big blind $0.02
*** HOLE CARDS ***
Dealt to Dorex2007 [9c Kc]
KurczakJeden: raises $0.06 to $0.08
VANVIGA: folds 
Dorex2007: folds 
Spartiates19: folds 
perereca1993: calls $0.08
weverson315: calls $0.08
Torres1042: folds 
StarAVT: folds 
luckystar1002: folds 
*** FLOP *** [Ks 2h 8c]
KurczakJeden: bets $0.09
perereca1993: calls $0.09
weverson315: folds 
*** TURN *** [Ks 2h 8c] [7c]
KurczakJeden: checks 
perereca1993: bets $0.06
KurczakJeden: calls $0.06
*** RIVER *** [Ks 2h 8c 7c] [3s]
KurczakJeden: bets $0.41
perereca1993: folds 
Uncalled bet ($0.41) returned to KurczakJeden
KurczakJeden collected $0.55 from pot
KurczakJeden: doesn't show hand 
*** SUMMARY ***
Total pot $0.57 | Rake $0.02 
Board [Ks 2h 8c 7c 3s]
Seat 1: StarAVT (small blind) folded before Flop
Seat 2: luckystar1002 (big blind) folded before Flop
Seat 3: KurczakJeden collected ($0.55)
Seat 4: VANVIGA folded before Flop (didn't bet)
Seat 5: Dorex2007 folded before Flop (didn't bet)
Seat 6: Spartiates19 folded before Flop (didn't bet)
Seat 7: perereca1993 folded on the River
Seat 8: weverson315 folded on the Flop
Seat 9: Torres1042 (button) folded before Flop (didn't bet)



PokerStars Hand #232889881974:  Hold'em No Limit ($0.01/$0.02 USD) - 2022/01/06 17:52:54 PT [2022/01/06 20:52:54 ET]
Table 'Hind IV' 9-max Seat #1 is the button
Seat 1: StarAVT ($1.95 in chips) 
Seat 2: luckystar1002 ($4.16 in chips) 
Seat 3: KurczakJeden ($1.97 in chips) 
Seat 4: VANVIGA ($1.47 in chips) 
Seat 5: Dorex2007 ($2.71 in chips) 
Seat 6: Spartiates19 ($1.92 in chips) 
Seat 7: perereca1993 ($1.65 in chips) 
Seat 8: weverson315 ($2 in chips) 
Seat 9: Torres1042 ($0.85 in chips) 
luckystar1002: posts small blind $0.01
KurczakJeden: posts big blind $0.02
*** HOLE CARDS ***
Dealt to Dorex2007 [5c 8d]
VANVIGA: folds 
Dorex2007: folds 
Spartiates19: calls $0.02
perereca1993: folds 
weverson315: folds 
Torres1042: folds 
StarAVT: raises $0.04 to $0.06
luckystar1002: folds 
KurczakJeden: calls $0.04
Spartiates19: calls $0.04
*** FLOP *** [Qc Ts Jd]
KurczakJeden: checks 
Spartiates19: checks 
StarAVT: bets $0.09
KurczakJeden: folds 
Spartiates19: folds 
Uncalled bet ($0.09) returned to StarAVT
StarAVT collected $0.18 from pot
StarAVT: doesn't show hand 
*** SUMMARY ***
Total pot $0.19 | Rake $0.01 
Board [Qc Ts Jd]
Seat 1: StarAVT (button) collected ($0.18)
Seat 2: luckystar1002 (small blind) folded before Flop
Seat 3: KurczakJeden (big blind) folded on the Flop
Seat 4: VANVIGA folded before Flop (didn't bet)
Seat 5: Dorex2007 folded before Flop (didn't bet)
Seat 6: Spartiates19 folded on the Flop
Seat 7: perereca1993 folded before Flop (didn't bet)
Seat 8: weverson315 folded before Flop (didn't bet)
Seat 9: Torres1042 folded before Flop (didn't bet)



PokerStars Hand #232889894805:  Hold'em No Limit ($0.01/$0.02 USD) - 2022/01/06 17:53:36 PT [2022/01/06 20:53:36 ET]
Table 'Hind IV' 9-max Seat #2 is the button
Seat 1: StarAVT ($2.07 in chips) 
Seat 2: luckystar1002 ($4.15 in chips) 
Seat 3: KurczakJeden ($1.91 in chips) 
Seat 4: VANVIGA ($1.47 in chips) 
Seat 5: Dorex2007 ($2.71 in chips) 
Seat 6: Spartiates19 ($1.86 in chips) 
Seat 7: perereca1993 ($1.65 in chips) 
Seat 8: weverson315 ($2 in chips) 
Seat 9: Torres1042 ($0.85 in chips) 
KurczakJeden: posts small blind $0.01
VANVIGA: posts big blind $0.02
*** HOLE CARDS ***
Dealt to Dorex2007 [Qh 5d]
Dorex2007: folds 
Spartiates19: raises $0.02 to $0.04
perereca1993: calls $0.04
weverson315: folds 
Torres1042: folds 
StarAVT: calls $0.04
luckystar1002: folds 
KurczakJeden: calls $0.03
VANVIGA: calls $0.02
*** FLOP *** [6s As 5c]
KurczakJeden: checks 
VANVIGA: checks 
Spartiates19: checks 
perereca1993: bets $0.06
StarAVT: calls $0.06
KurczakJeden: folds 
VANVIGA: calls $0.06
Spartiates19: folds 
*** TURN *** [6s As 5c] [8d]
VANVIGA: checks 
perereca1993: bets $0.06
StarAVT: raises $0.25 to $0.31
VANVIGA: folds 
perereca1993: calls $0.25
*** RIVER *** [6s As 5c 8d] [Th]
perereca1993: checks 
StarAVT: bets $0.48
perereca1993: folds 
Uncalled bet ($0.48) returned to StarAVT
StarAVT collected $0.96 from pot
StarAVT: doesn't show hand 
*** SUMMARY ***
Total pot $1 | Rake $0.04 
Board [6s As 5c 8d Th]
Seat 1: StarAVT collected ($0.96)
Seat 2: luckystar1002 (button) folded before Flop (didn't bet)
Seat 3: KurczakJeden (small blind) folded on the Flop
Seat 4: VANVIGA (big blind) folded on the Turn
Seat 5: Dorex2007 folded before Flop (didn't bet)
Seat 6: Spartiates19 folded on the Flop
Seat 7: perereca1993 folded on the River
Seat 8: weverson315 folded before Flop (didn't bet)
Seat 9: Torres1042 folded before Flop (didn't bet)



PokerStars Hand #232889922321:  Hold'em No Limit ($0.01/$0.02 USD) - 2022/01/06 17:55:08 PT [2022/01/06 20:55:08 ET]
Table 'Hind IV' 9-max Seat #3 is the button
Seat 1: StarAVT ($2.62 in chips) 
Seat 2: luckystar1002 ($4.15 in chips) 
Seat 3: KurczakJeden ($1.87 in chips) 
Seat 4: VANVIGA ($1.37 in chips) 
Seat 5: Dorex2007 ($2.71 in chips) 
Seat 6: Spartiates19 ($1.82 in chips) 
Seat 7: perereca1993 ($1.24 in chips) 
Seat 8: weverson315 ($2 in chips) 
Seat 9: Torres1042 ($0.85 in chips) 
VANVIGA: posts small blind $0.01
Dorex2007: posts big blind $0.02
*** HOLE CARDS ***
Dealt to Dorex2007 [3d 7d]
Spartiates19: folds 
perereca1993: calls $0.02
weverson315: folds 
Torres1042: folds 
StarAVT: folds 
luckystar1002: folds 
KurczakJeden: raises $0.04 to $0.06
VANVIGA: calls $0.05
Dorex2007: folds 
perereca1993: calls $0.04
*** FLOP *** [2c Kc 8s]
VANVIGA: bets $0.19
perereca1993: folds 
KurczakJeden: folds 
Uncalled bet ($0.19) returned to VANVIGA
VANVIGA collected $0.19 from pot
VANVIGA: doesn't show hand 
*** SUMMARY ***
Total pot $0.20 | Rake $0.01 
Board [2c Kc 8s]
Seat 1: StarAVT folded before Flop (didn't bet)
Seat 2: luckystar1002 folded before Flop (didn't bet)
Seat 3: KurczakJeden (button) folded on the Flop
Seat 4: VANVIGA (small blind) collected ($0.19)
Seat 5: Dorex2007 (big blind) folded before Flop
Seat 6: Spartiates19 folded before Flop (didn't bet)
Seat 7: perereca1993 folded on the Flop
Seat 8: weverson315 folded before Flop (didn't bet)
Seat 9: Torres1042 folded before Flop (didn't bet)



PokerStars Hand #232889932417:  Hold'em No Limit ($0.01/$0.02 USD) - 2022/01/06 17:55:49 PT [2022/01/06 20:55:49 ET]
Table 'Hind IV' 9-max Seat #4 is the button
Seat 1: StarAVT ($2.62 in chips) 
Seat 2: luckystar1002 ($4.15 in chips) 
Seat 3: KurczakJeden ($1.81 in chips) 
Seat 4: VANVIGA ($1.50 in chips) 
Seat 5: Dorex2007 ($2.69 in chips) 
Seat 6: Spartiates19 ($1.82 in chips) 
Seat 7: perereca1993 ($1.18 in chips) 
Seat 8: weverson315 ($2 in chips) 
Seat 9: Torres1042 ($0.85 in chips) 
Dorex2007: posts small blind $0.01
Spartiates19: posts big blind $0.02
*** HOLE CARDS ***
Dealt to Dorex2007 [Js Td]
perereca1993: folds 
weverson315: folds 
Torres1042: folds 
StarAVT: folds 
luckystar1002: calls $0.02
KurczakJeden: folds 
VANVIGA: folds 
Dorex2007: calls $0.01
Spartiates19: checks 
*** FLOP *** [7c 8c 4h]
Dorex2007: checks 
Spartiates19: checks 
luckystar1002: bets $0.04
Dorex2007: calls $0.04
Spartiates19: calls $0.04
*** TURN *** [7c 8c 4h] [Ad]
Dorex2007: checks 
Spartiates19: checks 
luckystar1002: checks 
*** RIVER *** [7c 8c 4h Ad] [Jh]
Dorex2007: bets $0.09
Spartiates19: folds 
luckystar1002: folds 
Uncalled bet ($0.09) returned to Dorex2007
Dorex2007 collected $0.17 from pot
Dorex2007: doesn't show hand 
*** SUMMARY ***
Total pot $0.18 | Rake $0.01 
Board [7c 8c 4h Ad Jh]
Seat 1: StarAVT folded before Flop (didn't bet)
Seat 2: luckystar1002 folded on the River
Seat 3: KurczakJeden folded before Flop (didn't bet)
Seat 4: VANVIGA (button) folded before Flop (didn't bet)
Seat 5: Dorex2007 (small blind) collected ($0.17)
Seat 6: Spartiates19 (big blind) folded on the River
Seat 7: perereca1993 folded before Flop (didn't bet)
Seat 8: weverson315 folded before Flop (didn't bet)
Seat 9: Torres1042 folded before Flop (didn't bet)



PokerStars Hand #232889952081:  Hold'em No Limit ($0.01/$0.02 USD) - 2022/01/06 17:57:10 PT [2022/01/06 20:57:10 ET]
Table 'Hind IV' 9-max Seat #5 is the button
Seat 1: StarAVT ($2.62 in chips) 
Seat 2: luckystar1002 ($4.09 in chips) 
Seat 3: KurczakJeden ($2 in chips) 
Seat 4: VANVIGA ($1.50 in chips) 
Seat 5: Dorex2007 ($2.80 in chips) 
Seat 6: Spartiates19 ($1.76 in chips) 
Seat 7: perereca1993 ($1.18 in chips) 
Seat 8: weverson315 ($2 in chips) 
Seat 9: Torres1042 ($0.85 in chips) 
Spartiates19: posts small blind $0.01
perereca1993: posts big blind $0.02
*** HOLE CARDS ***
Dealt to Dorex2007 [2s 4c]
weverson315: folds 
Torres1042: calls $0.02
StarAVT: calls $0.02
luckystar1002: calls $0.02
KurczakJeden: raises $0.04 to $0.06
VANVIGA: folds 
Dorex2007: folds 
Spartiates19: calls $0.05
perereca1993: calls $0.04
Torres1042: calls $0.04
StarAVT: raises $0.22 to $0.28
luckystar1002: folds 
KurczakJeden: raises $1.72 to $2 and is all-in
Spartiates19: folds 
perereca1993: folds 
Torres1042: folds 
StarAVT: calls $1.72
*** FLOP *** [Jh Tc 5c]
*** TURN *** [Jh Tc 5c] [3d]
*** RIVER *** [Jh Tc 5c 3d] [Ts]
*** SHOW DOWN ***
StarAVT: shows [Kd Kh] (two pair, Kings and Tens)
KurczakJeden: shows [9d 9h] (two pair, Tens and Nines)
StarAVT collected $4.05 from pot
*** SUMMARY ***
Total pot $4.20 | Rake $0.15 
Board [Jh Tc 5c 3d Ts]
Seat 1: StarAVT showed [Kd Kh] and won ($4.05) with two pair, Kings and Tens
Seat 2: luckystar1002 folded before Flop
Seat 3: KurczakJeden showed [9d 9h] and lost with two pair, Tens and Nines
Seat 4: VANVIGA folded before Flop (didn't bet)
Seat 5: Dorex2007 (button) folded before Flop (didn't bet)
Seat 6: Spartiates19 (small blind) folded before Flop
Seat 7: perereca1993 (big blind) folded before Flop
Seat 8: weverson315 folded before Flop (didn't bet)
Seat 9: Torres1042 folded before Flop



PokerStars Hand #232889972501:  Hold'em No Limit ($0.01/$0.02 USD) - 2022/01/06 17:58:34 PT [2022/01/06 20:58:34 ET]
Table 'Hind IV' 9-max Seat #6 is the button
Seat 1: StarAVT ($4.67 in chips) 
Seat 2: luckystar1002 ($4.07 in chips) 
Seat 4: VANVIGA ($1.50 in chips) 
Seat 5: Dorex2007 ($2.80 in chips) 
Seat 6: Spartiates19 ($1.70 in chips) 
Seat 7: perereca1993 ($1.12 in chips) 
Seat 8: weverson315 ($2 in chips) 
Seat 9: Torres1042 ($0.79 in chips) 
perereca1993: posts small blind $0.01
weverson315: posts big blind $0.02
*** HOLE CARDS ***
Dealt to Dorex2007 [7s Jc]
Torres1042: calls $0.02
StarAVT: folds 
luckystar1002: folds 
VANVIGA: folds 
Dorex2007: folds 
Spartiates19: calls $0.02
perereca1993: calls $0.01
weverson315: checks 
*** FLOP *** [Ts 9d 7h]
perereca1993: checks 
weverson315: checks 
Torres1042: checks 
Spartiates19: checks 
*** TURN *** [Ts 9d 7h] [Tc]
perereca1993: checks 
weverson315: checks 
Torres1042: bets $0.02
Spartiates19: folds 
perereca1993: folds 
weverson315: calls $0.02
*** RIVER *** [Ts 9d 7h Tc] [3c]
weverson315: checks 
Torres1042: checks 
*** SHOW DOWN ***
weverson315: shows [Js Qs] (a pair of Tens)
Torres1042: shows [Ad Kd] (a pair of Tens - Ace kicker)
Torres1042 collected $0.12 from pot
*** SUMMARY ***
Total pot $0.12 | Rake $0 
Board [Ts 9d 7h Tc 3c]
Seat 1: StarAVT folded before Flop (didn't bet)
Seat 2: luckystar1002 folded before Flop (didn't bet)
Seat 4: VANVIGA folded before Flop (didn't bet)
Seat 5: Dorex2007 folded before Flop (didn't bet)
Seat 6: Spartiates19 (button) folded on the Turn
Seat 7: perereca1993 (small blind) folded on the Turn
Seat 8: weverson315 (big blind) showed [Js Qs] and lost with a pair of Tens
Seat 9: Torres1042 showed [Ad Kd] and won ($0.12) with a pair of Tens



PokerStars Hand #232889997281:  Hold'em No Limit ($0.01/$0.02 USD) - 2022/01/06 17:59:46 PT [2022/01/06 20:59:46 ET]
Table 'Hind IV' 9-max Seat #7 is the button
Seat 1: StarAVT ($4.67 in chips) 
Seat 2: luckystar1002 ($4.07 in chips) 
Seat 3: KurczakJeden ($2 in chips) 
Seat 4: VANVIGA ($1.50 in chips) 
Seat 5: Dorex2007 ($2.80 in chips) 
Seat 6: Spartiates19 ($1.68 in chips) 
Seat 7: perereca1993 ($1.10 in chips) 
Seat 8: weverson315 ($2 in chips) 
Seat 9: Torres1042 ($0.87 in chips) 
weverson315: posts small blind $0.01
Torres1042: posts big blind $0.02
*** HOLE CARDS ***
Dealt to Dorex2007 [6c 3s]
StarAVT: calls $0.02
luckystar1002: folds 
KurczakJeden: raises $0.02 to $0.04
VANVIGA: calls $0.04
Dorex2007: folds 
Spartiates19: folds 
perereca1993: folds 
weverson315: folds 
Torres1042: calls $0.02
StarAVT: calls $0.02
*** FLOP *** [Jc 6h Kh]
Torres1042: checks 
StarAVT: bets $0.06
KurczakJeden: raises $0.14 to $0.20
VANVIGA: folds 
Torres1042: folds 
StarAVT: calls $0.14
*** TURN *** [Jc 6h Kh] [8c]
StarAVT: checks 
KurczakJeden: checks 
*** RIVER *** [Jc 6h Kh 8c] [4c]
StarAVT: bets $0.06
KurczakJeden: raises $0.50 to $0.56
StarAVT: folds 
Uncalled bet ($0.50) returned to KurczakJeden
KurczakJeden collected $0.67 from pot
KurczakJeden: doesn't show hand 
*** SUMMARY ***
Total pot $0.69 | Rake $0.02 
Board [Jc 6h Kh 8c 4c]
Seat 1: StarAVT folded on the River
Seat 2: luckystar1002 folded before Flop (didn't bet)
Seat 3: KurczakJeden collected ($0.67)
Seat 4: VANVIGA folded on the Flop
Seat 5: Dorex2007 folded before Flop (didn't bet)
Seat 6: Spartiates19 folded before Flop (didn't bet)
Seat 7: perereca1993 (button) folded before Flop (didn't bet)
Seat 8: weverson315 (small blind) folded before Flop
Seat 9: Torres1042 (big blind) folded on the Flop



PokerStars Hand #232890016309:  Hold'em No Limit ($0.01/$0.02 USD) - 2022/01/06 18:00:59 PT [2022/01/06 21:00:59 ET]
Table 'Hind IV' 9-max Seat #8 is the button
Seat 1: StarAVT ($4.37 in chips) 
Seat 2: luckystar1002 ($4.07 in chips) 
Seat 3: KurczakJeden ($2.37 in chips) 
Seat 4: VANVIGA ($1.46 in chips) 
Seat 5: Dorex2007 ($2.80 in chips) 
Seat 6: Spartiates19 ($1.68 in chips) 
Seat 7: perereca1993 ($1.10 in chips) 
Seat 8: weverson315 ($2 in chips) 
Seat 9: Torres1042 ($0.83 in chips) 
Torres1042: posts small blind $0.01
StarAVT: posts big blind $0.02
*** HOLE CARDS ***
Dealt to Dorex2007 [Kc 9h]
luckystar1002: folds 
KurczakJeden: calls $0.02
VANVIGA: calls $0.02
Dorex2007: folds 
Spartiates19: calls $0.02
perereca1993: folds 
weverson315: folds 
Torres1042: calls $0.01
StarAVT: checks 
*** FLOP *** [7s 6d Ts]
Torres1042: checks 
StarAVT: checks 
KurczakJeden: checks 
VANVIGA: checks 
Spartiates19: bets $0.02
Torres1042: folds 
StarAVT: calls $0.02
KurczakJeden: calls $0.02
VANVIGA: calls $0.02
*** TURN *** [7s 6d Ts] [Kd]
StarAVT: checks 
KurczakJeden: checks 
VANVIGA: checks 
Spartiates19: checks 
*** RIVER *** [7s 6d Ts Kd] [3s]
StarAVT: bets $0.02
KurczakJeden: calls $0.02
VANVIGA: folds 
Spartiates19: raises $0.06 to $0.08
StarAVT: folds 
KurczakJeden: folds 
Uncalled bet ($0.06) returned to Spartiates19
Spartiates19 collected $0.23 from pot
Spartiates19: doesn't show hand 
*** SUMMARY ***
Total pot $0.24 | Rake $0.01 
Board [7s 6d Ts Kd 3s]
Seat 1: StarAVT (big blind) folded on the River
Seat 2: luckystar1002 folded before Flop (didn't bet)
Seat 3: KurczakJeden folded on the River
Seat 4: VANVIGA folded on the River
Seat 5: Dorex2007 folded before Flop (didn't bet)
Seat 6: Spartiates19 collected ($0.23)
Seat 7: perereca1993 folded before Flop (didn't bet)
Seat 8: weverson315 (button) folded before Flop (didn't bet)
Seat 9: Torres1042 (small blind) folded on the Flop



PokerStars Hand #232890047893:  Hold'em No Limit ($0.01/$0.02 USD) - 2022/01/06 18:02:48 PT [2022/01/06 21:02:48 ET]
Table 'Hind IV' 9-max Seat #9 is the button
Seat 1: StarAVT ($4.31 in chips) 
Seat 2: luckystar1002 ($4.07 in chips) 
Seat 3: KurczakJeden ($2.31 in chips) 
Seat 4: VANVIGA ($1.42 in chips) 
Seat 5: Dorex2007 ($2.80 in chips) 
Seat 6: Spartiates19 ($1.85 in chips) 
Seat 7: perereca1993 ($1.10 in chips) 
Seat 8: weverson315 ($2 in chips) 
Seat 9: Torres1042 ($0.81 in chips) 
StarAVT: posts small blind $0.01
luckystar1002: posts big blind $0.02
*** HOLE CARDS ***
Dealt to Dorex2007 [Qs Td]
KurczakJeden: folds 
VANVIGA: raises $0.04 to $0.06
Dorex2007: folds 
Spartiates19: folds 
perereca1993: calls $0.06
weverson315: folds 
Torres1042: folds 
StarAVT: folds 
luckystar1002: raises $0.04 to $0.10
VANVIGA: calls $0.04
perereca1993: calls $0.04
*** FLOP *** [Kd 7s 4d]
luckystar1002: checks 
VANVIGA: bets $0.22
perereca1993: folds 
luckystar1002: raises $0.22 to $0.44
VANVIGA: raises $0.88 to $1.32 and is all-in
luckystar1002: calls $0.88
*** TURN *** [Kd 7s 4d] [6d]
*** RIVER *** [Kd 7s 4d 6d] [8c]
*** SHOW DOWN ***
luckystar1002: shows [As Kc] (a pair of Kings)
VANVIGA: shows [Kh Qd] (a pair of Kings - lower kicker)
luckystar1002 collected $2.85 from pot
*** SUMMARY ***
Total pot $2.95 | Rake $0.10 
Board [Kd 7s 4d 6d 8c]
Seat 1: StarAVT (small blind) folded before Flop
Seat 2: luckystar1002 (big blind) showed [As Kc] and won ($2.85) with a pair of Kings
Seat 3: KurczakJeden folded before Flop (didn't bet)
Seat 4: VANVIGA showed [Kh Qd] and lost with a pair of Kings
Seat 5: Dorex2007 folded before Flop (didn't bet)
Seat 6: Spartiates19 folded before Flop (didn't bet)
Seat 7: perereca1993 folded on the Flop
Seat 8: weverson315 folded before Flop (didn't bet)
Seat 9: Torres1042 (button) folded before Flop (didn't bet)



PokerStars Hand #232890084271:  Hold'em No Limit ($0.01/$0.02 USD) - 2022/01/06 18:04:21 PT [2022/01/06 21:04:21 ET]
Table 'Hind IV' 9-max Seat #1 is the button
Seat 1: StarAVT ($4.30 in chips) 
Seat 2: luckystar1002 ($5.50 in chips) 
Seat 3: KurczakJeden ($2.31 in chips) 
Seat 4: VANVIGA ($1 in chips) 
Seat 5: Dorex2007 ($2.80 in chips) 
Seat 6: Spartiates19 ($1.85 in chips) 
Seat 7: perereca1993 ($1 in chips) 
Seat 8: weverson315 ($2 in chips) 
Seat 9: Torres1042 ($0.81 in chips) 
luckystar1002: posts small blind $0.01
KurczakJeden: posts big blind $0.02
*** HOLE CARDS ***
Dealt to Dorex2007 [Kd 3c]
VANVIGA: folds 
Dorex2007: folds 
Spartiates19: calls $0.02
perereca1993: folds 
weverson315: folds 
Torres1042: folds 
StarAVT: calls $0.02
luckystar1002: calls $0.01
KurczakJeden: raises $0.06 to $0.08
Spartiates19: folds 
StarAVT: calls $0.06
luckystar1002: calls $0.06
*** FLOP *** [8d 6c Ts]
luckystar1002: checks 
KurczakJeden: bets $0.08
StarAVT: folds 
luckystar1002: folds 
Uncalled bet ($0.08) returned to KurczakJeden
KurczakJeden collected $0.25 from pot
KurczakJeden: doesn't show hand 
*** SUMMARY ***
Total pot $0.26 | Rake $0.01 
Board [8d 6c Ts]
Seat 1: StarAVT (button) folded on the Flop
Seat 2: luckystar1002 (small blind) folded on the Flop
Seat 3: KurczakJeden (big blind) collected ($0.25)
Seat 4: VANVIGA folded before Flop (didn't bet)
Seat 5: Dorex2007 folded before Flop (didn't bet)
Seat 6: Spartiates19 folded before Flop
Seat 7: perereca1993 folded before Flop (didn't bet)
Seat 8: weverson315 folded before Flop (didn't bet)
Seat 9: Torres1042 folded before Flop (didn't bet)



PokerStars Hand #232890104348:  Hold'em No Limit ($0.01/$0.02 USD) - 2022/01/06 18:05:29 PT [2022/01/06 21:05:29 ET]
Table 'Hind IV' 9-max Seat #2 is the button
Seat 1: StarAVT ($4.22 in chips) 
Seat 2: luckystar1002 ($5.42 in chips) 
Seat 3: KurczakJeden ($2.48 in chips) 
Seat 4: VANVIGA ($1 in chips) 
Seat 5: Dorex2007 ($2.80 in chips) 
Seat 6: Spartiates19 ($1.83 in chips) 
Seat 7: perereca1993 ($1 in chips) 
Seat 8: weverson315 ($2 in chips) 
Seat 9: Torres1042 ($0.81 in chips) 
KurczakJeden: posts small blind $0.01
VANVIGA: posts big blind $0.02
*** HOLE CARDS ***
Dealt to Dorex2007 [Qs 2h]
Dorex2007: folds 
Spartiates19: folds 
perereca1993: raises $0.04 to $0.06
weverson315: folds 
Torres1042: folds 
StarAVT: folds 
luckystar1002: folds 
KurczakJeden: raises $0.06 to $0.12
VANVIGA: raises $0.88 to $1 and is all-in
perereca1993: calls $0.94 and is all-in
KurczakJeden: calls $0.88
*** FLOP *** [Kh 3c 7s]
*** TURN *** [Kh 3c 7s] [Ac]
*** RIVER *** [Kh 3c 7s Ac] [6h]
*** SHOW DOWN ***
KurczakJeden: shows [Qh Ks] (a pair of Kings)
VANVIGA: shows [Kc Ah] (two pair, Aces and Kings)
perereca1993: shows [Js Kd] (a pair of Kings)
VANVIGA collected $2.90 from pot
perereca1993 cashed out the hand for $0.56 | Cash Out Fee $0.01
*** SUMMARY ***
Total pot $3 | Rake $0.10 
Board [Kh 3c 7s Ac 6h]
Seat 1: StarAVT folded before Flop (didn't bet)
Seat 2: luckystar1002 (button) folded before Flop (didn't bet)
Seat 3: KurczakJeden (small blind) showed [Qh Ks] and lost with a pair of Kings
Seat 4: VANVIGA (big blind) showed [Kc Ah] and won ($2.90) with two pair, Aces and Kings
Seat 5: Dorex2007 folded before Flop (didn't bet)
Seat 6: Spartiates19 folded before Flop (didn't bet)
Seat 7: perereca1993 showed [Js Kd] and lost with a pair of Kings (cashed out).
Seat 8: weverson315 folded before Flop (didn't bet)
Seat 9: Torres1042 folded before Flop (didn't bet)



PokerStars Hand #232890123922:  Hold'em No Limit ($0.01/$0.02 USD) - 2022/01/06 18:06:34 PT [2022/01/06 21:06:34 ET]
Table 'Hind IV' 9-max Seat #3 is the button
Seat 1: StarAVT ($4.22 in chips) 
Seat 2: luckystar1002 ($5.42 in chips) 
Seat 3: KurczakJeden ($1.48 in chips) 
Seat 4: VANVIGA ($2.90 in chips) 
Seat 5: Dorex2007 ($2.80 in chips) 
Seat 6: Spartiates19 ($1.83 in chips) 
Seat 7: perereca1993 ($0.56 in chips) 
Seat 8: weverson315 ($2 in chips) 
Seat 9: Torres1042 ($0.81 in chips) 
VANVIGA: posts small blind $0.01
Dorex2007: posts big blind $0.02
*** HOLE CARDS ***
Dealt to Dorex2007 [Jh 9s]
Spartiates19: folds 
perereca1993: raises $0.04 to $0.06
weverson315: folds 
Torres1042: calls $0.06
StarAVT: calls $0.06
luckystar1002: folds 
KurczakJeden: calls $0.06
VANVIGA: calls $0.05
Dorex2007: folds 
*** FLOP *** [Js 2d Th]
VANVIGA: checks 
perereca1993: bets $0.06
Torres1042: folds 
StarAVT: folds 
KurczakJeden: calls $0.06
VANVIGA: calls $0.06
*** TURN *** [Js 2d Th] [9c]
VANVIGA: checks 
perereca1993: bets $0.08
KurczakJeden: calls $0.08
VANVIGA: calls $0.08
*** RIVER *** [Js 2d Th 9c] [Qc]
VANVIGA: checks 
perereca1993: bets $0.12
KurczakJeden: folds 
VANVIGA: folds 
Uncalled bet ($0.12) returned to perereca1993
perereca1993 collected $0.71 from pot
perereca1993: doesn't show hand 
*** SUMMARY ***
Total pot $0.74 | Rake $0.03 
Board [Js 2d Th 9c Qc]
Seat 1: StarAVT folded on the Flop
Seat 2: luckystar1002 folded before Flop (didn't bet)
Seat 3: KurczakJeden (button) folded on the River
Seat 4: VANVIGA (small blind) folded on the River
Seat 5: Dorex2007 (big blind) folded before Flop
Seat 6: Spartiates19 folded before Flop (didn't bet)
Seat 7: perereca1993 collected ($0.71)
Seat 8: weverson315 folded before Flop (didn't bet)
Seat 9: Torres1042 folded on the Flop



PokerStars Hand #232890154522:  Hold'em No Limit ($0.01/$0.02 USD) - 2022/01/06 18:08:05 PT [2022/01/06 21:08:05 ET]
Table 'Hind IV' 9-max Seat #4 is the button
Seat 1: StarAVT ($4.16 in chips) 
Seat 2: luckystar1002 ($5.42 in chips) 
Seat 3: KurczakJeden ($1.28 in chips) 
Seat 4: VANVIGA ($2.70 in chips) 
Seat 5: Dorex2007 ($2.78 in chips) 
Seat 6: Spartiates19 ($1.83 in chips) 
Seat 7: perereca1993 ($1.07 in chips) 
Seat 8: weverson315 ($2 in chips) 
Seat 9: Torres1042 ($0.75 in chips) 
Dorex2007: posts small blind $0.01
Spartiates19: posts big blind $0.02
*** HOLE CARDS ***
Dealt to Dorex2007 [8c Ac]
perereca1993: calls $0.02
weverson315: calls $0.02
Torres1042: calls $0.02
StarAVT: folds 
luckystar1002 has timed out
luckystar1002: folds 
KurczakJeden: folds 
VANVIGA: calls $0.02
Dorex2007: calls $0.01
Spartiates19: checks 
*** FLOP *** [6d 7h Tc]
Dorex2007: checks 
Spartiates19: checks 
perereca1993: checks 
weverson315: checks 
Torres1042: checks 
VANVIGA: checks 
*** TURN *** [6d 7h Tc] [2h]
Dorex2007: checks 
Spartiates19: bets $0.06
perereca1993: calls $0.06
weverson315: folds 
Torres1042: folds 
VANVIGA: folds 
Dorex2007: folds 
*** RIVER *** [6d 7h Tc 2h] [4h]
Spartiates19: bets $0.12
perereca1993: folds 
Uncalled bet ($0.12) returned to Spartiates19
Spartiates19 collected $0.23 from pot
Spartiates19: doesn't show hand 
*** SUMMARY ***
Total pot $0.24 | Rake $0.01 
Board [6d 7h Tc 2h 4h]
Seat 1: StarAVT folded before Flop (didn't bet)
Seat 2: luckystar1002 folded before Flop (didn't bet)
Seat 3: KurczakJeden folded before Flop (didn't bet)
Seat 4: VANVIGA (button) folded on the Turn
Seat 5: Dorex2007 (small blind) folded on the Turn
Seat 6: Spartiates19 (big blind) collected ($0.23)
Seat 7: perereca1993 folded on the River
Seat 8: weverson315 folded on the Turn
Seat 9: Torres1042 folded on the Turn



PokerStars Hand #232890183910:  Hold'em No Limit ($0.01/$0.02 USD) - 2022/01/06 18:09:45 PT [2022/01/06 21:09:45 ET]
Table 'Hind IV' 9-max Seat #5 is the button
Seat 1: StarAVT ($4.16 in chips) 
Seat 2: luckystar1002 ($5.42 in chips) 
Seat 3: KurczakJeden ($2 in chips) 
Seat 4: VANVIGA ($2.68 in chips) 
Seat 5: Dorex2007 ($2.76 in chips) 
Seat 6: Spartiates19 ($1.98 in chips) 
Seat 7: perereca1993 ($0.99 in chips) 
Seat 8: weverson315 ($2 in chips) 
Seat 9: Torres1042 ($0.73 in chips) 
Spartiates19: posts small blind $0.01
perereca1993: posts big blind $0.02
*** HOLE CARDS ***
Dealt to Dorex2007 [4h As]
weverson315: raises $0.04 to $0.06
Torres1042: folds 
StarAVT: folds 
luckystar1002: folds 
KurczakJeden: calls $0.06
VANVIGA: calls $0.06
Dorex2007: folds 
Spartiates19: calls $0.05
perereca1993: calls $0.04
*** FLOP *** [9c 2c 7h]
Spartiates19: checks 
perereca1993: checks 
weverson315: bets $0.34
KurczakJeden: calls $0.34
VANVIGA: raises $0.54 to $0.88
Spartiates19: folds 
perereca1993: folds 
weverson315: raises $1.06 to $1.94 and is all-in
KurczakJeden: calls $1.60 and is all-in
VANVIGA: calls $1.06
*** TURN *** [9c 2c 7h] [Jh]
*** RIVER *** [9c 2c 7h Jh] [8h]
*** SHOW DOWN ***
weverson315: shows [Qs Qd] (a pair of Queens)
KurczakJeden: shows [9h 5h] (a flush, Jack high)
VANVIGA: shows [7c 7s] (three of a kind, Sevens)
KurczakJeden collected $5.91 from pot
*** SUMMARY ***
Total pot $6.12 | Rake $0.21 
Board [9c 2c 7h Jh 8h]
Seat 1: StarAVT folded before Flop (didn't bet)
Seat 2: luckystar1002 folded before Flop (didn't bet)
Seat 3: KurczakJeden showed [9h 5h] and won ($5.91) with a flush, Jack high
Seat 4: VANVIGA showed [7c 7s] and lost with three of a kind, Sevens
Seat 5: Dorex2007 (button) folded before Flop (didn't bet)
Seat 6: Spartiates19 (small blind) folded on the Flop
Seat 7: perereca1993 (big blind) folded on the Flop
Seat 8: weverson315 showed [Qs Qd] and lost with a pair of Queens
Seat 9: Torres1042 folded before Flop (didn't bet)



PokerStars Hand #232890208402:  Hold'em No Limit ($0.01/$0.02 USD) - 2022/01/06 18:11:09 PT [2022/01/06 21:11:09 ET]
Table 'Hind IV' 9-max Seat #6 is the button
Seat 1: StarAVT ($4.16 in chips) 
Seat 2: luckystar1002 ($5.42 in chips) 
Seat 3: KurczakJeden ($5.91 in chips) 
Seat 4: VANVIGA ($1 in chips) 
Seat 5: Dorex2007 ($2.76 in chips) 
Seat 6: Spartiates19 ($1.92 in chips) 
Seat 7: perereca1993 ($0.93 in chips) 
Seat 8: weverson315 ($2 in chips) 
Seat 9: Torres1042 ($0.73 in chips) 
perereca1993: posts small blind $0.01
weverson315: posts big blind $0.02
*** HOLE CARDS ***
Dealt to Dorex2007 [5s 6h]
Torres1042: folds 
StarAVT: folds 
luckystar1002 has timed out
luckystar1002: folds 
KurczakJeden: folds 
VANVIGA: raises $0.04 to $0.06
Dorex2007: folds 
Spartiates19: raises $0.04 to $0.10
perereca1993: folds 
weverson315: folds 
VANVIGA: raises $0.90 to $1 and is all-in
Spartiates19: calls $0.90
*** FLOP *** [5c 7d 9c]
*** TURN *** [5c 7d 9c] [Tc]
*** RIVER *** [5c 7d 9c Tc] [Kh]
*** SHOW DOWN ***
VANVIGA: shows [Kc Kd] (three of a kind, Kings)
Spartiates19: shows [Jc Js] (a pair of Jacks)
VANVIGA collected $1.96 from pot
*** SUMMARY ***
Total pot $2.03 | Rake $0.07 
Board [5c 7d 9c Tc Kh]
Seat 1: StarAVT folded before Flop (didn't bet)
Seat 2: luckystar1002 folded before Flop (didn't bet)
Seat 3: KurczakJeden folded before Flop (didn't bet)
Seat 4: VANVIGA showed [Kc Kd] and won ($1.96) with three of a kind, Kings
Seat 5: Dorex2007 folded before Flop (didn't bet)
Seat 6: Spartiates19 (button) showed [Jc Js] and lost with a pair of Jacks
Seat 7: perereca1993 (small blind) folded before Flop
Seat 8: weverson315 (big blind) folded before Flop
Seat 9: Torres1042 folded before Flop (didn't bet)



PokerStars Hand #232890222108:  Hold'em No Limit ($0.01/$0.02 USD) - 2022/01/06 18:11:56 PT [2022/01/06 21:11:56 ET]
Table 'Hind IV' 9-max Seat #7 is the button
Seat 1: StarAVT ($4.16 in chips) 
Seat 2: luckystar1002 ($5.42 in chips) 
Seat 3: KurczakJeden ($5.91 in chips) 
Seat 4: VANVIGA ($1.96 in chips) 
Seat 5: Dorex2007 ($2.76 in chips) 
Seat 6: Spartiates19 ($0.92 in chips) 
Seat 7: perereca1993 ($0.92 in chips) 
Seat 8: weverson315 ($2 in chips) 
Seat 9: Torres1042 ($0.73 in chips) 
weverson315: posts small blind $0.01
Torres1042: posts big blind $0.02
*** HOLE CARDS ***
Dealt to Dorex2007 [4c 5h]
StarAVT: folds 
luckystar1002: raises $0.02 to $0.04
KurczakJeden: calls $0.04
VANVIGA: calls $0.04
Dorex2007: folds 
Spartiates19: folds 
perereca1993: folds 
weverson315: raises $0.18 to $0.22
Torres1042: folds 
luckystar1002: calls $0.18
KurczakJeden: calls $0.18
VANVIGA: calls $0.18
*** FLOP *** [Jd Ad 3h]
weverson315: bets $0.44
luckystar1002: folds 
KurczakJeden: folds 
VANVIGA: folds 
Uncalled bet ($0.44) returned to weverson315
weverson315 collected $0.87 from pot
weverson315: doesn't show hand 
*** SUMMARY ***
Total pot $0.90 | Rake $0.03 
Board [Jd Ad 3h]
Seat 1: StarAVT folded before Flop (didn't bet)
Seat 2: luckystar1002 folded on the Flop
Seat 3: KurczakJeden folded on the Flop
Seat 4: VANVIGA folded on the Flop
Seat 5: Dorex2007 folded before Flop (didn't bet)
Seat 6: Spartiates19 folded before Flop (didn't bet)
Seat 7: perereca1993 (button) folded before Flop (didn't bet)
Seat 8: weverson315 (small blind) collected ($0.87)
Seat 9: Torres1042 (big blind) folded before Flop



PokerStars Hand #232890239464:  Hold'em No Limit ($0.01/$0.02 USD) - 2022/01/06 18:12:56 PT [2022/01/06 21:12:56 ET]
Table 'Hind IV' 9-max Seat #8 is the button
Seat 1: StarAVT ($4.16 in chips) 
Seat 2: luckystar1002 ($5.20 in chips) 
Seat 3: KurczakJeden ($5.69 in chips) 
Seat 4: VANVIGA ($1.74 in chips) 
Seat 5: Dorex2007 ($2.76 in chips) 
Seat 6: Spartiates19 ($0.92 in chips) 
Seat 7: perereca1993 ($0.92 in chips) 
Seat 8: weverson315 ($2.65 in chips) 
Seat 9: Torres1042 ($0.71 in chips) 
Torres1042: posts small blind $0.01
StarAVT: posts big blind $0.02
*** HOLE CARDS ***
Dealt to Dorex2007 [As 7h]
luckystar1002: raises $0.02 to $0.04
KurczakJeden: calls $0.04
VANVIGA: folds 
Dorex2007: folds 
Spartiates19: calls $0.04
perereca1993: calls $0.04
weverson315: calls $0.04
Torres1042: folds 
StarAVT: calls $0.02
*** FLOP *** [2h Ts 3d]
StarAVT: bets $0.04
luckystar1002: calls $0.04
KurczakJeden: calls $0.04
Spartiates19: folds 
perereca1993: calls $0.04
weverson315: folds 
*** TURN *** [2h Ts 3d] [Td]
StarAVT: checks 
luckystar1002: checks 
KurczakJeden: checks 
perereca1993: bets $0.06
StarAVT: calls $0.06
luckystar1002: folds 
KurczakJeden: calls $0.06
*** RIVER *** [2h Ts 3d Td] [Jc]
StarAVT: bets $0.57
KurczakJeden: folds 
luckystar1002 leaves the table
perereca1993: folds 
Uncalled bet ($0.57) returned to StarAVT
StarAVT collected $0.57 from pot
StarAVT: doesn't show hand 
*** SUMMARY ***
Total pot $0.59 | Rake $0.02 
Board [2h Ts 3d Td Jc]
Seat 1: StarAVT (big blind) collected ($0.57)
Seat 2: luckystar1002 folded on the Turn
Seat 3: KurczakJeden folded on the River
Seat 4: VANVIGA folded before Flop (didn't bet)
Seat 5: Dorex2007 folded before Flop (didn't bet)
Seat 6: Spartiates19 folded on the Flop
Seat 7: perereca1993 folded on the River
Seat 8: weverson315 (button) folded on the Flop
Seat 9: Torres1042 (small blind) folded before Flop



PokerStars Hand #232890256776:  Hold'em No Limit ($0.01/$0.02 USD) - 2022/01/06 18:13:56 PT [2022/01/06 21:13:56 ET]
Table 'Hind IV' 9-max Seat #9 is the button
Seat 1: StarAVT ($4.59 in chips) 
Seat 3: KurczakJeden ($5.55 in chips) 
Seat 4: VANVIGA ($1.74 in chips) 
Seat 5: Dorex2007 ($2.76 in chips) 
Seat 6: Spartiates19 ($2 in chips) 
Seat 7: perereca1993 ($0.78 in chips) 
Seat 8: weverson315 ($2.61 in chips) 
Seat 9: Torres1042 ($0.70 in chips) 
StarAVT: posts small blind $0.01
KurczakJeden: posts big blind $0.02
*** HOLE CARDS ***
Dealt to Dorex2007 [8s 7s]
VANVIGA has timed out
VANVIGA: folds 
Dorex2007: folds 
Spartiates19: folds 
perereca1993: folds 
weverson315: folds 
Torres1042: folds 
StarAVT: calls $0.01
KurczakJeden: checks 
*** FLOP *** [Js 7c 4h]
shurik-ass joins the table at seat #2 
StarAVT: bets $0.02
KurczakJeden: folds 
Uncalled bet ($0.02) returned to StarAVT
StarAVT collected $0.04 from pot
StarAVT: doesn't show hand 
*** SUMMARY ***
Total pot $0.04 | Rake $0 
Board [Js 7c 4h]
Seat 1: StarAVT (small blind) collected ($0.04)
Seat 3: KurczakJeden (big blind) folded on the Flop
Seat 4: VANVIGA folded before Flop (didn't bet)
Seat 5: Dorex2007 folded before Flop (didn't bet)
Seat 6: Spartiates19 folded before Flop (didn't bet)
Seat 7: perereca1993 folded before Flop (didn't bet)
Seat 8: weverson315 folded before Flop (didn't bet)
Seat 9: Torres1042 (button) folded before Flop (didn't bet)



