PokerStars Hand #238551908552:  Hold'em No Limit ($0.05/$0.10 USD) - 2022/09/10 22:33:59 PT [2022/09/11 1:33:59 ET]
Table 'Europa II' 9-max Seat #1 is the button
Seat 1: leelw ($9.66 in chips) 
Seat 2: finzip67 ($32.91 in chips) 
Seat 3: baigan9285 ($22.82 in chips) 
Seat 4: ariztotle08 ($9.70 in chips) 
Seat 5: SYROJA ($10.25 in chips) 
Seat 6: K.Yurka ($10 in chips) 
Seat 7: Bebear99 ($14.30 in chips) 
Seat 8: Dorex2007 ($10 in chips) 
Seat 9: STBlues24fan ($6.89 in chips) 
finzip67: posts small blind $0.05
baigan9285: posts big blind $0.10
Dorex2007: posts big blind $0.10
STBlues24fan: posts small & big blinds $0.15
*** HOLE CARDS ***
Dealt to Dorex2007 [Ks Qh]
ariztotle08: raises $0.20 to $0.30
SYROJA: folds 
K.Yurka: calls $0.30
Bebear99: calls $0.30
Dorex2007: folds 
STBlues24fan: folds 
leelw: folds 
finzip67: folds 
baigan9285: folds 
*** FLOP *** [8c Qs 8d]
ariztotle08: bets $0.82
K.Yurka: folds 
Bebear99: calls $0.82
*** TURN *** [8c Qs 8d] [Ah]
ariztotle08: checks 
Bebear99: checks 
*** RIVER *** [8c Qs 8d Ah] [Ts]
ariztotle08: checks 
Bebear99: checks 
*** SHOW DOWN ***
ariztotle08: shows [Jc Th] (two pair, Tens and Eights)
Bebear99: mucks hand 
ariztotle08 collected $2.81 from pot
*** SUMMARY ***
Total pot $2.94 | Rake $0.13 
Board [8c Qs 8d Ah Ts]
Seat 1: leelw (button) folded before Flop (didn't bet)
Seat 2: finzip67 (small blind) folded before Flop
Seat 3: baigan9285 (big blind) folded before Flop
Seat 4: ariztotle08 showed [Jc Th] and won ($2.81) with two pair, Tens and Eights
Seat 5: SYROJA folded before Flop (didn't bet)
Seat 6: K.Yurka folded on the Flop
Seat 7: Bebear99 mucked [9s 9d]
Seat 8: Dorex2007 folded before Flop (didn't bet)
Seat 9: STBlues24fan folded before Flop (didn't bet)



PokerStars Hand #238551914838:  Hold'em No Limit ($0.05/$0.10 USD) - 2022/09/10 22:34:54 PT [2022/09/11 1:34:54 ET]
Table 'Europa II' 9-max Seat #2 is the button
Seat 1: leelw ($9.66 in chips) 
Seat 2: finzip67 ($32.86 in chips) 
Seat 3: baigan9285 ($22.72 in chips) 
Seat 4: ariztotle08 ($11.39 in chips) 
Seat 5: SYROJA ($10.25 in chips) 
Seat 6: K.Yurka ($10 in chips) 
Seat 7: Bebear99 ($13.18 in chips) 
Seat 8: Dorex2007 ($10 in chips) 
Seat 9: STBlues24fan ($6.74 in chips) 
baigan9285: posts small blind $0.05
ariztotle08: posts big blind $0.10
*** HOLE CARDS ***
Dealt to Dorex2007 [2h 4s]
SYROJA: folds 
K.Yurka: folds 
Bebear99: folds 
Dorex2007: folds 
STBlues24fan: folds 
leelw: folds 
finzip67: raises $0.20 to $0.30
baigan9285: folds 
ariztotle08: calls $0.20
*** FLOP *** [4c Qh 5d]
ariztotle08: checks 
finzip67: bets $0.40
ariztotle08: calls $0.40
*** TURN *** [4c Qh 5d] [Qd]
ariztotle08: checks 
finzip67: checks 
*** RIVER *** [4c Qh 5d Qd] [2d]
ariztotle08: bets $0.89
finzip67: folds 
Uncalled bet ($0.89) returned to ariztotle08
ariztotle08 collected $1.38 from pot
*** SUMMARY ***
Total pot $1.45 | Rake $0.07 
Board [4c Qh 5d Qd 2d]
Seat 1: leelw folded before Flop (didn't bet)
Seat 2: finzip67 (button) folded on the River
Seat 3: baigan9285 (small blind) folded before Flop
Seat 4: ariztotle08 (big blind) collected ($1.38)
Seat 5: SYROJA folded before Flop (didn't bet)
Seat 6: K.Yurka folded before Flop (didn't bet)
Seat 7: Bebear99 folded before Flop (didn't bet)
Seat 8: Dorex2007 folded before Flop (didn't bet)
Seat 9: STBlues24fan folded before Flop (didn't bet)



PokerStars Hand #238551919405:  Hold'em No Limit ($0.05/$0.10 USD) - 2022/09/10 22:35:33 PT [2022/09/11 1:35:33 ET]
Table 'Europa II' 9-max Seat #3 is the button
Seat 1: leelw ($9.66 in chips) 
Seat 2: finzip67 ($32.16 in chips) 
Seat 3: baigan9285 ($22.67 in chips) 
Seat 4: ariztotle08 ($12.07 in chips) 
Seat 5: SYROJA ($10.25 in chips) 
Seat 6: K.Yurka ($10 in chips) 
Seat 7: Bebear99 ($13.18 in chips) 
Seat 8: Dorex2007 ($10 in chips) 
Seat 9: STBlues24fan ($6.74 in chips) 
ariztotle08: posts small blind $0.05
SYROJA: posts big blind $0.10
*** HOLE CARDS ***
Dealt to Dorex2007 [Th Kh]
K.Yurka: folds 
Bebear99: raises $0.20 to $0.30
Dorex2007: calls $0.30
STBlues24fan: raises $1 to $1.30
leelw: folds 
finzip67: folds 
baigan9285: folds 
ariztotle08: folds 
SYROJA: folds 
Bebear99: calls $1
Dorex2007: folds 
*** FLOP *** [7s 7d 5c]
Bebear99: checks 
STBlues24fan: checks 
*** TURN *** [7s 7d 5c] [Jd]
Bebear99: bets $0.80
STBlues24fan: calls $0.80
*** RIVER *** [7s 7d 5c Jd] [2d]
Bebear99: bets $4.44
STBlues24fan: folds 
Uncalled bet ($4.44) returned to Bebear99
Bebear99 collected $4.44 from pot
Bebear99: doesn't show hand 
*** SUMMARY ***
Total pot $4.65 | Rake $0.21 
Board [7s 7d 5c Jd 2d]
Seat 1: leelw folded before Flop (didn't bet)
Seat 2: finzip67 folded before Flop (didn't bet)
Seat 3: baigan9285 (button) folded before Flop (didn't bet)
Seat 4: ariztotle08 (small blind) folded before Flop
Seat 5: SYROJA (big blind) folded before Flop
Seat 6: K.Yurka folded before Flop (didn't bet)
Seat 7: Bebear99 collected ($4.44)
Seat 8: Dorex2007 folded before Flop
Seat 9: STBlues24fan folded on the River



PokerStars Hand #238551927052:  Hold'em No Limit ($0.05/$0.10 USD) - 2022/09/10 22:36:39 PT [2022/09/11 1:36:39 ET]
Table 'Europa II' 9-max Seat #4 is the button
Seat 1: leelw ($9.66 in chips) 
Seat 2: finzip67 ($32.16 in chips) 
Seat 3: baigan9285 ($22.67 in chips) 
Seat 4: ariztotle08 ($12.02 in chips) 
Seat 5: SYROJA ($10.15 in chips) 
Seat 6: K.Yurka ($10 in chips) 
Seat 7: Bebear99 ($15.52 in chips) 
Seat 8: Dorex2007 ($10 in chips) 
Seat 9: STBlues24fan ($4.64 in chips) 
SYROJA: posts small blind $0.05
K.Yurka: posts big blind $0.10
*** HOLE CARDS ***
Dealt to Dorex2007 [Ac 8c]
Bebear99: folds 
Dorex2007: folds 
STBlues24fan: folds 
leelw: folds 
finzip67 has timed out
finzip67: folds 
baigan9285: raises $0.20 to $0.30
ariztotle08: folds 
SYROJA: folds 
K.Yurka: folds 
Uncalled bet ($0.20) returned to baigan9285
baigan9285 collected $0.25 from pot
baigan9285: doesn't show hand 
*** SUMMARY ***
Total pot $0.25 | Rake $0 
Seat 1: leelw folded before Flop (didn't bet)
Seat 2: finzip67 folded before Flop (didn't bet)
Seat 3: baigan9285 collected ($0.25)
Seat 4: ariztotle08 (button) folded before Flop (didn't bet)
Seat 5: SYROJA (small blind) folded before Flop
Seat 6: K.Yurka (big blind) folded before Flop
Seat 7: Bebear99 folded before Flop (didn't bet)
Seat 8: Dorex2007 folded before Flop (didn't bet)
Seat 9: STBlues24fan folded before Flop (didn't bet)



PokerStars Hand #238551930227:  Hold'em No Limit ($0.05/$0.10 USD) - 2022/09/10 22:37:07 PT [2022/09/11 1:37:07 ET]
Table 'Europa II' 9-max Seat #5 is the button
Seat 1: leelw ($9.66 in chips) 
Seat 2: finzip67 ($32.16 in chips) 
Seat 3: baigan9285 ($22.82 in chips) 
Seat 4: ariztotle08 ($12.02 in chips) 
Seat 5: SYROJA ($10.10 in chips) 
Seat 6: K.Yurka ($10 in chips) 
Seat 7: Bebear99 ($15.52 in chips) 
Seat 8: Dorex2007 ($10 in chips) 
Seat 9: STBlues24fan ($4.64 in chips) 
K.Yurka: posts small blind $0.05
Bebear99: posts big blind $0.10
*** HOLE CARDS ***
Dealt to Dorex2007 [9s 7d]
Dorex2007: folds 
STBlues24fan: folds 
leelw: folds 
finzip67: folds 
baigan9285: folds 
ariztotle08: raises $0.20 to $0.30
SYROJA: calls $0.30
K.Yurka: folds 
Bebear99: folds 
*** FLOP *** [4d 4c 8c]
ariztotle08: bets $0.72
SYROJA: calls $0.72
*** TURN *** [4d 4c 8c] [Th]
ariztotle08: bets $2.09
SYROJA: calls $2.09
*** RIVER *** [4d 4c 8c Th] [Kd]
ariztotle08: checks 
SYROJA: bets $3.04
ariztotle08: calls $3.04
*** SHOW DOWN ***
SYROJA: shows [8s 8d] (a full house, Eights full of Fours)
ariztotle08: mucks hand 
SYROJA collected $11.89 from pot
*** SUMMARY ***
Total pot $12.45 | Rake $0.56 
Board [4d 4c 8c Th Kd]
Seat 1: leelw folded before Flop (didn't bet)
Seat 2: finzip67 folded before Flop (didn't bet)
Seat 3: baigan9285 folded before Flop (didn't bet)
Seat 4: ariztotle08 mucked [Jc Jd]
Seat 5: SYROJA (button) showed [8s 8d] and won ($11.89) with a full house, Eights full of Fours
Seat 6: K.Yurka (small blind) folded before Flop
Seat 7: Bebear99 (big blind) folded before Flop
Seat 8: Dorex2007 folded before Flop (didn't bet)
Seat 9: STBlues24fan folded before Flop (didn't bet)



PokerStars Hand #238551937431:  Hold'em No Limit ($0.05/$0.10 USD) - 2022/09/10 22:38:10 PT [2022/09/11 1:38:10 ET]
Table 'Europa II' 9-max Seat #6 is the button
Seat 1: leelw ($9.66 in chips) 
Seat 2: finzip67 ($32.16 in chips) 
Seat 3: baigan9285 ($22.82 in chips) 
Seat 4: ariztotle08 ($5.87 in chips) 
Seat 5: SYROJA ($15.84 in chips) 
Seat 6: K.Yurka ($10 in chips) 
Seat 7: Bebear99 ($15.42 in chips) 
Seat 8: Dorex2007 ($10 in chips) 
Seat 9: STBlues24fan ($4.64 in chips) 
Bebear99: posts small blind $0.05
Dorex2007: posts big blind $0.10
*** HOLE CARDS ***
Dealt to Dorex2007 [Ac 6s]
STBlues24fan: folds 
leelw: folds 
finzip67: folds 
baigan9285: folds 
ariztotle08: calls $0.10
SYROJA: folds 
K.Yurka: raises $0.20 to $0.30
Bebear99: folds 
Dorex2007: folds 
ariztotle08: calls $0.20
*** FLOP *** [Ks 7d Kc]
ariztotle08: checks 
K.Yurka: bets $0.54
ariztotle08: folds 
Uncalled bet ($0.54) returned to K.Yurka
K.Yurka collected $0.72 from pot
K.Yurka: doesn't show hand 
*** SUMMARY ***
Total pot $0.75 | Rake $0.03 
Board [Ks 7d Kc]
Seat 1: leelw folded before Flop (didn't bet)
Seat 2: finzip67 folded before Flop (didn't bet)
Seat 3: baigan9285 folded before Flop (didn't bet)
Seat 4: ariztotle08 folded on the Flop
Seat 5: SYROJA folded before Flop (didn't bet)
Seat 6: K.Yurka (button) collected ($0.72)
Seat 7: Bebear99 (small blind) folded before Flop
Seat 8: Dorex2007 (big blind) folded before Flop
Seat 9: STBlues24fan folded before Flop (didn't bet)



PokerStars Hand #238551944326:  Hold'em No Limit ($0.05/$0.10 USD) - 2022/09/10 22:39:09 PT [2022/09/11 1:39:09 ET]
Table 'Europa II' 9-max Seat #7 is the button
Seat 1: leelw ($9.66 in chips) 
Seat 2: finzip67 ($32.16 in chips) 
Seat 3: baigan9285 ($22.82 in chips) 
Seat 4: ariztotle08 ($5.57 in chips) 
Seat 5: SYROJA ($15.84 in chips) 
Seat 6: K.Yurka ($10.42 in chips) 
Seat 7: Bebear99 ($15.37 in chips) 
Seat 8: Dorex2007 ($10 in chips) 
Seat 9: STBlues24fan ($4.64 in chips) 
Dorex2007: posts small blind $0.05
STBlues24fan: posts big blind $0.10
*** HOLE CARDS ***
Dealt to Dorex2007 [Qs Td]
leelw: raises $0.20 to $0.30
finzip67: folds 
baigan9285: folds 
ariztotle08: folds 
SYROJA: folds 
K.Yurka: folds 
Bebear99: folds 
Dorex2007: folds 
STBlues24fan: calls $0.20
*** FLOP *** [7d Qc 3h]
STBlues24fan: checks 
leelw: bets $0.30
STBlues24fan: folds 
Uncalled bet ($0.30) returned to leelw
leelw collected $0.62 from pot
leelw: doesn't show hand 
*** SUMMARY ***
Total pot $0.65 | Rake $0.03 
Board [7d Qc 3h]
Seat 1: leelw collected ($0.62)
Seat 2: finzip67 folded before Flop (didn't bet)
Seat 3: baigan9285 folded before Flop (didn't bet)
Seat 4: ariztotle08 folded before Flop (didn't bet)
Seat 5: SYROJA folded before Flop (didn't bet)
Seat 6: K.Yurka folded before Flop (didn't bet)
Seat 7: Bebear99 (button) folded before Flop (didn't bet)
Seat 8: Dorex2007 (small blind) folded before Flop
Seat 9: STBlues24fan (big blind) folded on the Flop



PokerStars Hand #238551948080:  Hold'em No Limit ($0.05/$0.10 USD) - 2022/09/10 22:39:42 PT [2022/09/11 1:39:42 ET]
Table 'Europa II' 9-max Seat #8 is the button
Seat 1: leelw ($9.98 in chips) 
Seat 2: finzip67 ($32.16 in chips) 
Seat 3: baigan9285 ($22.82 in chips) 
Seat 4: ariztotle08 ($10 in chips) 
Seat 5: SYROJA ($15.84 in chips) 
Seat 6: K.Yurka ($10.42 in chips) 
Seat 7: Bebear99 ($15.37 in chips) 
Seat 8: Dorex2007 ($10 in chips) 
Seat 9: STBlues24fan ($4.34 in chips) 
STBlues24fan: posts small blind $0.05
leelw: posts big blind $0.10
*** HOLE CARDS ***
Dealt to Dorex2007 [4c 2h]
finzip67: folds 
baigan9285: folds 
finzip67 leaves the table
DEdPo0L joins the table at seat #2 
ariztotle08: calls $0.10
SYROJA: folds 
K.Yurka: raises $0.40 to $0.50
Bebear99: calls $0.50
Dorex2007: folds 
STBlues24fan: folds 
leelw: folds 
ariztotle08: calls $0.40
*** FLOP *** [2c 8c 4h]
ariztotle08: checks 
K.Yurka: checks 
Bebear99: checks 
*** TURN *** [2c 8c 4h] [3s]
ariztotle08: bets $0.89
K.Yurka: folds 
Bebear99: folds 
Uncalled bet ($0.89) returned to ariztotle08
ariztotle08 collected $1.58 from pot
*** SUMMARY ***
Total pot $1.65 | Rake $0.07 
Board [2c 8c 4h 3s]
Seat 1: leelw (big blind) folded before Flop
Seat 2: finzip67 folded before Flop (didn't bet)
Seat 3: baigan9285 folded before Flop (didn't bet)
Seat 4: ariztotle08 collected ($1.58)
Seat 5: SYROJA folded before Flop (didn't bet)
Seat 6: K.Yurka folded on the Turn
Seat 7: Bebear99 folded on the Turn
Seat 8: Dorex2007 (button) folded before Flop (didn't bet)
Seat 9: STBlues24fan (small blind) folded before Flop



PokerStars Hand #238551955275:  Hold'em No Limit ($0.05/$0.10 USD) - 2022/09/10 22:40:45 PT [2022/09/11 1:40:45 ET]
Table 'Europa II' 9-max Seat #9 is the button
Seat 1: leelw ($9.88 in chips) 
Seat 2: DEdPo0L ($10 in chips) 
Seat 3: baigan9285 ($22.82 in chips) 
Seat 4: ariztotle08 ($11.08 in chips) 
Seat 5: SYROJA ($15.84 in chips) 
Seat 6: K.Yurka ($10 in chips) 
Seat 7: Bebear99 ($14.87 in chips) 
Seat 8: Dorex2007 ($10 in chips) 
Seat 9: STBlues24fan ($4.29 in chips) 
leelw: posts small blind $0.05
DEdPo0L: posts big blind $0.10
*** HOLE CARDS ***
Dealt to Dorex2007 [Ad Jh]
baigan9285: folds 
ariztotle08: folds 
SYROJA: folds 
K.Yurka: folds 
Bebear99: folds 
Dorex2007: raises $0.10 to $0.20
STBlues24fan: folds 
leelw: folds 
DEdPo0L: raises $0.50 to $0.70
Dorex2007: folds 
Uncalled bet ($0.50) returned to DEdPo0L
DEdPo0L collected $0.45 from pot
DEdPo0L: doesn't show hand 
*** SUMMARY ***
Total pot $0.45 | Rake $0 
Seat 1: leelw (small blind) folded before Flop
Seat 2: DEdPo0L (big blind) collected ($0.45)
Seat 3: baigan9285 folded before Flop (didn't bet)
Seat 4: ariztotle08 folded before Flop (didn't bet)
Seat 5: SYROJA folded before Flop (didn't bet)
Seat 6: K.Yurka folded before Flop (didn't bet)
Seat 7: Bebear99 folded before Flop (didn't bet)
Seat 8: Dorex2007 folded before Flop
Seat 9: STBlues24fan (button) folded before Flop (didn't bet)



PokerStars Hand #238551960139:  Hold'em No Limit ($0.05/$0.10 USD) - 2022/09/10 22:41:28 PT [2022/09/11 1:41:28 ET]
Table 'Europa II' 9-max Seat #1 is the button
Seat 1: leelw ($9.83 in chips) 
Seat 2: DEdPo0L ($10.25 in chips) 
Seat 3: baigan9285 ($22.82 in chips) 
Seat 4: ariztotle08 ($11.08 in chips) 
Seat 5: SYROJA ($15.84 in chips) 
Seat 6: K.Yurka ($10 in chips) 
Seat 7: Bebear99 ($14.87 in chips) 
Seat 8: Dorex2007 ($10 in chips) 
Seat 9: STBlues24fan ($4.29 in chips) 
DEdPo0L: posts small blind $0.05
baigan9285: posts big blind $0.10
*** HOLE CARDS ***
Dealt to Dorex2007 [6c Th]
ariztotle08: folds 
SYROJA: folds 
K.Yurka: folds 
Bebear99: folds 
Dorex2007: folds 
STBlues24fan: folds 
leelw: folds 
DEdPo0L: folds 
Uncalled bet ($0.05) returned to baigan9285
baigan9285 collected $0.10 from pot
baigan9285: doesn't show hand 
*** SUMMARY ***
Total pot $0.10 | Rake $0 
Seat 1: leelw (button) folded before Flop (didn't bet)
Seat 2: DEdPo0L (small blind) folded before Flop
Seat 3: baigan9285 (big blind) collected ($0.10)
Seat 4: ariztotle08 folded before Flop (didn't bet)
Seat 5: SYROJA folded before Flop (didn't bet)
Seat 6: K.Yurka folded before Flop (didn't bet)
Seat 7: Bebear99 folded before Flop (didn't bet)
Seat 8: Dorex2007 folded before Flop (didn't bet)
Seat 9: STBlues24fan folded before Flop (didn't bet)



PokerStars Hand #238551962011:  Hold'em No Limit ($0.05/$0.10 USD) - 2022/09/10 22:41:44 PT [2022/09/11 1:41:44 ET]
Table 'Europa II' 9-max Seat #2 is the button
Seat 1: leelw ($9.83 in chips) 
Seat 2: DEdPo0L ($10.20 in chips) 
Seat 3: baigan9285 ($22.87 in chips) 
Seat 4: ariztotle08 ($11.08 in chips) 
Seat 5: SYROJA ($15.84 in chips) 
Seat 7: Bebear99 ($14.87 in chips) 
Seat 8: Dorex2007 ($10 in chips) 
Seat 9: STBlues24fan ($4.29 in chips) 
baigan9285: posts small blind $0.05
K.Yurka leaves the table
ariztotle08: posts big blind $0.10
*** HOLE CARDS ***
Dealt to Dorex2007 [Ah 7d]
SYROJA: folds 
Bebear99: folds 
Dorex2007: folds 
STBlues24fan: folds 
leelw: raises $0.20 to $0.30
DEdPo0L: folds 
baigan9285: folds 
ariztotle08: calls $0.20
*** FLOP *** [Jc Td Kc]
ariztotle08: bets $0.62
leelw: folds 
Uncalled bet ($0.62) returned to ariztotle08
ariztotle08 collected $0.62 from pot
*** SUMMARY ***
Total pot $0.65 | Rake $0.03 
Board [Jc Td Kc]
Seat 1: leelw folded on the Flop
Seat 2: DEdPo0L (button) folded before Flop (didn't bet)
Seat 3: baigan9285 (small blind) folded before Flop
Seat 4: ariztotle08 (big blind) collected ($0.62)
Seat 5: SYROJA folded before Flop (didn't bet)
Seat 7: Bebear99 folded before Flop (didn't bet)
Seat 8: Dorex2007 folded before Flop (didn't bet)
Seat 9: STBlues24fan folded before Flop (didn't bet)



PokerStars Hand #238551966211:  Hold'em No Limit ($0.05/$0.10 USD) - 2022/09/10 22:42:21 PT [2022/09/11 1:42:21 ET]
Table 'Europa II' 9-max Seat #3 is the button
Seat 1: leelw ($9.53 in chips) 
Seat 2: DEdPo0L ($10.20 in chips) 
Seat 3: baigan9285 ($22.82 in chips) 
Seat 4: ariztotle08 ($11.40 in chips) 
Seat 5: SYROJA ($15.84 in chips) 
Seat 7: Bebear99 ($14.87 in chips) 
Seat 8: Dorex2007 ($10 in chips) 
Seat 9: STBlues24fan ($4.29 in chips) 
ariztotle08: posts small blind $0.05
SYROJA: posts big blind $0.10
*** HOLE CARDS ***
Dealt to Dorex2007 [8c 6d]
DaveGoss21 joins the table at seat #6 
Bebear99: folds 
Dorex2007: folds 
STBlues24fan: folds 
leelw: folds 
DEdPo0L: folds 
baigan9285: folds 
ariztotle08: raises $0.10 to $0.20
SYROJA: folds 
Uncalled bet ($0.10) returned to ariztotle08
ariztotle08 collected $0.20 from pot
*** SUMMARY ***
Total pot $0.20 | Rake $0 
Seat 1: leelw folded before Flop (didn't bet)
Seat 2: DEdPo0L folded before Flop (didn't bet)
Seat 3: baigan9285 (button) folded before Flop (didn't bet)
Seat 4: ariztotle08 (small blind) collected ($0.20)
Seat 5: SYROJA (big blind) folded before Flop
Seat 7: Bebear99 folded before Flop (didn't bet)
Seat 8: Dorex2007 folded before Flop (didn't bet)
Seat 9: STBlues24fan folded before Flop (didn't bet)



PokerStars Hand #238551969981:  Hold'em No Limit ($0.05/$0.10 USD) - 2022/09/10 22:42:54 PT [2022/09/11 1:42:54 ET]
Table 'Europa II' 9-max Seat #4 is the button
Seat 1: leelw ($9.53 in chips) 
Seat 2: DEdPo0L ($10.20 in chips) 
Seat 3: baigan9285 ($22.82 in chips) 
Seat 4: ariztotle08 ($11.50 in chips) 
Seat 5: SYROJA ($15.74 in chips) 
Seat 7: Bebear99 ($14.87 in chips) 
Seat 8: Dorex2007 ($10 in chips) 
Seat 9: STBlues24fan ($4.29 in chips) 
SYROJA: posts small blind $0.05
DaveGoss21 has timed out
DaveGoss21: is sitting out 
Bebear99: posts big blind $0.10
*** HOLE CARDS ***
Dealt to Dorex2007 [Th 8s]
Dorex2007: folds 
DaveGoss21 leaves the table
STBlues24fan: folds 
leelw: raises $0.20 to $0.30
DEdPo0L: folds 
kojju joins the table at seat #6 
baigan9285: folds 
ariztotle08: raises $0.20 to $0.50
SYROJA: folds 
Bebear99: folds 
leelw: calls $0.20
*** FLOP *** [4c Ad 4h]
leelw: checks 
ariztotle08: bets $0.55
leelw: calls $0.55
*** TURN *** [4c Ad 4h] [Js]
leelw: checks 
ariztotle08: bets $0.90
leelw: folds 
Uncalled bet ($0.90) returned to ariztotle08
ariztotle08 collected $2.15 from pot
*** SUMMARY ***
Total pot $2.25 | Rake $0.10 
Board [4c Ad 4h Js]
Seat 1: leelw folded on the Turn
Seat 2: DEdPo0L folded before Flop (didn't bet)
Seat 3: baigan9285 folded before Flop (didn't bet)
Seat 4: ariztotle08 (button) collected ($2.15)
Seat 5: SYROJA (small blind) folded before Flop
Seat 7: Bebear99 (big blind) folded before Flop
Seat 8: Dorex2007 folded before Flop (didn't bet)
Seat 9: STBlues24fan folded before Flop (didn't bet)



PokerStars Hand #238551976990:  Hold'em No Limit ($0.05/$0.10 USD) - 2022/09/10 22:43:56 PT [2022/09/11 1:43:56 ET]
Table 'Europa II' 9-max Seat #5 is the button
Seat 1: leelw ($8.48 in chips) 
Seat 2: DEdPo0L ($10.20 in chips) 
Seat 3: baigan9285 ($22.82 in chips) 
Seat 4: ariztotle08 ($12.60 in chips) 
Seat 5: SYROJA ($15.69 in chips) 
Seat 7: Bebear99 ($14.77 in chips) 
Seat 8: Dorex2007 ($10 in chips) 
Seat 9: STBlues24fan ($4.29 in chips) 
Bebear99: posts small blind $0.05
Dorex2007: posts big blind $0.10
*** HOLE CARDS ***
Dealt to Dorex2007 [Jd 5c]
STBlues24fan: folds 
leelw: folds 
DEdPo0L: folds 
baigan9285: raises $0.20 to $0.30
ariztotle08 has timed out
ariztotle08: folds 
SYROJA: folds 
Bebear99: folds 
Dorex2007: folds 
Uncalled bet ($0.20) returned to baigan9285
baigan9285 collected $0.25 from pot
baigan9285: doesn't show hand 
*** SUMMARY ***
Total pot $0.25 | Rake $0 
Seat 1: leelw folded before Flop (didn't bet)
Seat 2: DEdPo0L folded before Flop (didn't bet)
Seat 3: baigan9285 collected ($0.25)
Seat 4: ariztotle08 folded before Flop (didn't bet)
Seat 5: SYROJA (button) folded before Flop (didn't bet)
Seat 7: Bebear99 (small blind) folded before Flop
Seat 8: Dorex2007 (big blind) folded before Flop
Seat 9: STBlues24fan folded before Flop (didn't bet)



PokerStars Hand #238551980852:  Hold'em No Limit ($0.05/$0.10 USD) - 2022/09/10 22:44:30 PT [2022/09/11 1:44:30 ET]
Table 'Europa II' 9-max Seat #7 is the button
Seat 1: leelw ($8.48 in chips) 
Seat 2: DEdPo0L ($10.20 in chips) 
Seat 3: baigan9285 ($22.97 in chips) 
Seat 4: ariztotle08 ($12.60 in chips) 
Seat 5: SYROJA ($15.69 in chips) 
Seat 6: kojju ($10 in chips) 
Seat 7: Bebear99 ($14.72 in chips) 
Seat 8: Dorex2007 ($10 in chips) 
Seat 9: STBlues24fan ($4.29 in chips) 
Dorex2007: posts small blind $0.05
STBlues24fan: posts big blind $0.10
kojju: posts big blind $0.10
*** HOLE CARDS ***
Dealt to Dorex2007 [8h 5h]
leelw: folds 
DEdPo0L: folds 
baigan9285: folds 
ariztotle08: folds 
SYROJA: folds 
kojju: checks 
Bebear99: folds 
Dorex2007: folds 
STBlues24fan: checks 
*** FLOP *** [7s Qh Ad]
STBlues24fan: bets $0.20
kojju: folds 
Uncalled bet ($0.20) returned to STBlues24fan
STBlues24fan collected $0.24 from pot
STBlues24fan: doesn't show hand 
*** SUMMARY ***
Total pot $0.25 | Rake $0.01 
Board [7s Qh Ad]
Seat 1: leelw folded before Flop (didn't bet)
Seat 2: DEdPo0L folded before Flop (didn't bet)
Seat 3: baigan9285 folded before Flop (didn't bet)
Seat 4: ariztotle08 folded before Flop (didn't bet)
Seat 5: SYROJA folded before Flop (didn't bet)
Seat 6: kojju folded on the Flop (didn't bet)
Seat 7: Bebear99 (button) folded before Flop (didn't bet)
Seat 8: Dorex2007 (small blind) folded before Flop
Seat 9: STBlues24fan (big blind) collected ($0.24)



PokerStars Hand #238551983494:  Hold'em No Limit ($0.05/$0.10 USD) - 2022/09/10 22:44:53 PT [2022/09/11 1:44:53 ET]
Table 'Europa II' 9-max Seat #8 is the button
Seat 1: leelw ($8.48 in chips) 
Seat 2: DEdPo0L ($10.20 in chips) 
Seat 4: ariztotle08 ($12.60 in chips) 
Seat 5: SYROJA ($15.69 in chips) 
Seat 6: kojju ($9.90 in chips) 
Seat 7: Bebear99 ($14.72 in chips) 
Seat 8: Dorex2007 ($10 in chips) 
Seat 9: STBlues24fan ($4.43 in chips) 
STBlues24fan: posts small blind $0.05
leelw: posts big blind $0.10
*** HOLE CARDS ***
Dealt to Dorex2007 [Ad 3d]
DEdPo0L: folds 
ariztotle08: raises $0.20 to $0.30
SYROJA: folds 
kojju has timed out
kojju: folds 
Bebear99: folds 
Dorex2007: folds 
STBlues24fan: folds 
leelw: folds 
Uncalled bet ($0.20) returned to ariztotle08
ariztotle08 collected $0.25 from pot
*** SUMMARY ***
Total pot $0.25 | Rake $0 
Seat 1: leelw (big blind) folded before Flop
Seat 2: DEdPo0L folded before Flop (didn't bet)
Seat 4: ariztotle08 collected ($0.25)
Seat 5: SYROJA folded before Flop (didn't bet)
Seat 6: kojju folded before Flop (didn't bet)
Seat 7: Bebear99 folded before Flop (didn't bet)
Seat 8: Dorex2007 (button) folded before Flop (didn't bet)
Seat 9: STBlues24fan (small blind) folded before Flop



PokerStars Hand #238551987655:  Hold'em No Limit ($0.05/$0.10 USD) - 2022/09/10 22:45:30 PT [2022/09/11 1:45:30 ET]
Table 'Europa II' 9-max Seat #9 is the button
Seat 1: leelw ($8.38 in chips) 
Seat 2: DEdPo0L ($10.20 in chips) 
Seat 4: ariztotle08 ($12.75 in chips) 
Seat 5: SYROJA ($15.69 in chips) 
Seat 6: kojju ($9.90 in chips) 
Seat 7: Bebear99 ($14.72 in chips) 
Seat 8: Dorex2007 ($10 in chips) 
Seat 9: STBlues24fan ($4.38 in chips) 
leelw: posts small blind $0.05
DEdPo0L: posts big blind $0.10
*** HOLE CARDS ***
Dealt to Dorex2007 [6h Qh]
ariztotle08: calls $0.10
SYROJA: folds 
kojju: calls $0.10
Bebear99: calls $0.10
Dorex2007: folds 
STBlues24fan: folds 
leelw: calls $0.05
DEdPo0L: checks 
*** FLOP *** [Td 6d As]
leelw: checks 
DEdPo0L: checks 
ariztotle08: checks 
kojju: checks 
Bebear99: checks 
*** TURN *** [Td 6d As] [7h]
leelw: bets $0.30
DEdPo0L: folds 
ariztotle08: calls $0.30
kojju: raises $0.80 to $1.10
Bebear99: folds 
leelw: folds 
ariztotle08: folds 
Uncalled bet ($0.80) returned to kojju
kojju collected $1.34 from pot
kojju: doesn't show hand 
*** SUMMARY ***
Total pot $1.40 | Rake $0.06 
Board [Td 6d As 7h]
Seat 1: leelw (small blind) folded on the Turn
Seat 2: DEdPo0L (big blind) folded on the Turn
Seat 4: ariztotle08 folded on the Turn
Seat 5: SYROJA folded before Flop (didn't bet)
Seat 6: kojju collected ($1.34)
Seat 7: Bebear99 folded on the Turn
Seat 8: Dorex2007 folded before Flop (didn't bet)
Seat 9: STBlues24fan (button) folded before Flop (didn't bet)



PokerStars Hand #238551995480:  Hold'em No Limit ($0.05/$0.10 USD) - 2022/09/10 22:46:39 PT [2022/09/11 1:46:39 ET]
Table 'Europa II' 9-max Seat #1 is the button
Seat 1: leelw ($7.98 in chips) 
Seat 2: DEdPo0L ($10.10 in chips) 
Seat 4: ariztotle08 ($12.35 in chips) 
Seat 5: SYROJA ($15.69 in chips) 
Seat 6: kojju ($10.84 in chips) 
Seat 7: Bebear99 ($14.62 in chips) 
Seat 8: Dorex2007 ($10 in chips) 
Seat 9: STBlues24fan ($4.38 in chips) 
DEdPo0L: posts small blind $0.05
ariztotle08: posts big blind $0.10
*** HOLE CARDS ***
Dealt to Dorex2007 [8d Kh]
SYROJA: folds 
kojju: calls $0.10
Bebear99: folds 
Dorex2007: folds 
STBlues24fan: folds 
leelw: folds 
DEdPo0L: folds 
ariztotle08: checks 
*** FLOP *** [2c Qh Qd]
ariztotle08: checks 
kojju: checks 
*** TURN *** [2c Qh Qd] [Ad]
ariztotle08: checks 
kojju: checks 
*** RIVER *** [2c Qh Qd Ad] [7h]
ariztotle08: checks 
kojju: bets $0.10
ariztotle08: calls $0.10
*** SHOW DOWN ***
kojju: shows [4c Ac] (two pair, Aces and Queens)
ariztotle08: mucks hand 
kojju collected $0.43 from pot
*** SUMMARY ***
Total pot $0.45 | Rake $0.02 
Board [2c Qh Qd Ad 7h]
Seat 1: leelw (button) folded before Flop (didn't bet)
Seat 2: DEdPo0L (small blind) folded before Flop
Seat 4: ariztotle08 (big blind) mucked [Jd 6s]
Seat 5: SYROJA folded before Flop (didn't bet)
Seat 6: kojju showed [4c Ac] and won ($0.43) with two pair, Aces and Queens
Seat 7: Bebear99 folded before Flop (didn't bet)
Seat 8: Dorex2007 folded before Flop (didn't bet)
Seat 9: STBlues24fan folded before Flop (didn't bet)



PokerStars Hand #238552001102:  Hold'em No Limit ($0.05/$0.10 USD) - 2022/09/10 22:47:28 PT [2022/09/11 1:47:28 ET]
Table 'Europa II' 9-max Seat #2 is the button
Seat 1: leelw ($7.98 in chips) 
Seat 2: DEdPo0L ($10.05 in chips) 
Seat 4: ariztotle08 ($12.15 in chips) 
Seat 5: SYROJA ($15.69 in chips) 
Seat 6: kojju ($11.07 in chips) 
Seat 7: Bebear99 ($14.62 in chips) 
Seat 8: Dorex2007 ($10 in chips) 
Seat 9: STBlues24fan ($4.38 in chips) 
ariztotle08: posts small blind $0.05
SYROJA: posts big blind $0.10
*** HOLE CARDS ***
Dealt to Dorex2007 [9d Jc]
kojju: folds 
Bebear99: folds 
Dorex2007: folds 
STBlues24fan: folds 
leelw: raises $0.20 to $0.30
DEdPo0L: folds 
ariztotle08: folds 
SYROJA: folds 
Uncalled bet ($0.20) returned to leelw
leelw collected $0.25 from pot
leelw: doesn't show hand 
*** SUMMARY ***
Total pot $0.25 | Rake $0 
Seat 1: leelw collected ($0.25)
Seat 2: DEdPo0L (button) folded before Flop (didn't bet)
Seat 4: ariztotle08 (small blind) folded before Flop
Seat 5: SYROJA (big blind) folded before Flop
Seat 6: kojju folded before Flop (didn't bet)
Seat 7: Bebear99 folded before Flop (didn't bet)
Seat 8: Dorex2007 folded before Flop (didn't bet)
Seat 9: STBlues24fan folded before Flop (didn't bet)



PokerStars Hand #238552004759:  Hold'em No Limit ($0.05/$0.10 USD) - 2022/09/10 22:48:00 PT [2022/09/11 1:48:00 ET]
Table 'Europa II' 9-max Seat #4 is the button
Seat 1: leelw ($8.13 in chips) 
Seat 2: DEdPo0L ($10.05 in chips) 
Seat 4: ariztotle08 ($12.10 in chips) 
Seat 5: SYROJA ($15.59 in chips) 
Seat 6: kojju ($11.07 in chips) 
Seat 7: Bebear99 ($14.62 in chips) 
Seat 8: Dorex2007 ($10 in chips) 
Seat 9: STBlues24fan ($4.38 in chips) 
SYROJA: posts small blind $0.05
kojju: posts big blind $0.10
*** HOLE CARDS ***
Dealt to Dorex2007 [5c Kc]
Bebear99: folds 
Dorex2007: folds 
STBlues24fan: folds 
leelw: raises $0.20 to $0.30
DEdPo0L: folds 
ariztotle08: folds 
SYROJA: folds 
kojju: calls $0.20
*** FLOP *** [8s 3s 2c]
kojju: checks 
leelw: bets $0.30
kojju: folds 
Uncalled bet ($0.30) returned to leelw
leelw collected $0.62 from pot
leelw: doesn't show hand 
*** SUMMARY ***
Total pot $0.65 | Rake $0.03 
Board [8s 3s 2c]
Seat 1: leelw collected ($0.62)
Seat 2: DEdPo0L folded before Flop (didn't bet)
Seat 4: ariztotle08 (button) folded before Flop (didn't bet)
Seat 5: SYROJA (small blind) folded before Flop
Seat 6: kojju (big blind) folded on the Flop
Seat 7: Bebear99 folded before Flop (didn't bet)
Seat 8: Dorex2007 folded before Flop (didn't bet)
Seat 9: STBlues24fan folded before Flop (didn't bet)



PokerStars Hand #238552008920:  Hold'em No Limit ($0.05/$0.10 USD) - 2022/09/10 22:48:35 PT [2022/09/11 1:48:35 ET]
Table 'Europa II' 9-max Seat #5 is the button
Seat 1: leelw ($8.45 in chips) 
Seat 2: DEdPo0L ($10.05 in chips) 
Seat 4: ariztotle08 ($12.10 in chips) 
Seat 5: SYROJA ($15.54 in chips) 
Seat 6: kojju ($10.77 in chips) 
Seat 7: Bebear99 ($14.62 in chips) 
Seat 8: Dorex2007 ($10 in chips) 
Seat 9: STBlues24fan ($4.38 in chips) 
kojju: posts small blind $0.05
Bebear99: posts big blind $0.10
*** HOLE CARDS ***
Dealt to Dorex2007 [Ah 7c]
Dorex2007: folds 
STBlues24fan: folds 
leelw: raises $0.20 to $0.30
DEdPo0L: folds 
ariztotle08: folds 
SYROJA: folds 
kojju: folds 
Bebear99: folds 
Uncalled bet ($0.20) returned to leelw
leelw collected $0.25 from pot
leelw: doesn't show hand 
*** SUMMARY ***
Total pot $0.25 | Rake $0 
Seat 1: leelw collected ($0.25)
Seat 2: DEdPo0L folded before Flop (didn't bet)
Seat 4: ariztotle08 folded before Flop (didn't bet)
Seat 5: SYROJA (button) folded before Flop (didn't bet)
Seat 6: kojju (small blind) folded before Flop
Seat 7: Bebear99 (big blind) folded before Flop
Seat 8: Dorex2007 folded before Flop (didn't bet)
Seat 9: STBlues24fan folded before Flop (didn't bet)



PokerStars Hand #238552010831:  Hold'em No Limit ($0.05/$0.10 USD) - 2022/09/10 22:48:52 PT [2022/09/11 1:48:52 ET]
Table 'Europa II' 9-max Seat #6 is the button
Seat 1: leelw ($8.60 in chips) 
Seat 2: DEdPo0L ($10.05 in chips) 
Seat 4: ariztotle08 ($12.10 in chips) 
Seat 5: SYROJA ($15.54 in chips) 
Seat 6: kojju ($10.72 in chips) 
Seat 7: Bebear99 ($14.52 in chips) 
Seat 8: Dorex2007 ($10 in chips) 
Seat 9: STBlues24fan ($4.38 in chips) 
Bebear99: posts small blind $0.05
Dorex2007: posts big blind $0.10
*** HOLE CARDS ***
Dealt to Dorex2007 [6s 8s]
STBlues24fan: folds 
leelw: calls $0.10
DEdPo0L: folds 
ariztotle08: folds 
SYROJA: folds 
kojju: folds 
Bebear99: folds 
Dorex2007: checks 
*** FLOP *** [Ah Qh 3h]
Dorex2007: checks 
leelw: checks 
*** TURN *** [Ah Qh 3h] [8d]
Dorex2007: checks 
leelw: checks 
*** RIVER *** [Ah Qh 3h 8d] [7h]
Dorex2007: checks 
leelw: checks 
*** SHOW DOWN ***
Dorex2007: shows [6s 8s] (a pair of Eights)
leelw: shows [7d 7c] (three of a kind, Sevens)
leelw collected $0.24 from pot
*** SUMMARY ***
Total pot $0.25 | Rake $0.01 
Board [Ah Qh 3h 8d 7h]
Seat 1: leelw showed [7d 7c] and won ($0.24) with three of a kind, Sevens
Seat 2: DEdPo0L folded before Flop (didn't bet)
Seat 4: ariztotle08 folded before Flop (didn't bet)
Seat 5: SYROJA folded before Flop (didn't bet)
Seat 6: kojju (button) folded before Flop (didn't bet)
Seat 7: Bebear99 (small blind) folded before Flop
Seat 8: Dorex2007 (big blind) showed [6s 8s] and lost with a pair of Eights
Seat 9: STBlues24fan folded before Flop (didn't bet)



PokerStars Hand #238552017143:  Hold'em No Limit ($0.05/$0.10 USD) - 2022/09/10 22:49:46 PT [2022/09/11 1:49:46 ET]
Table 'Europa II' 9-max Seat #7 is the button
Seat 1: leelw ($8.74 in chips) 
Seat 2: DEdPo0L ($10.05 in chips) 
Seat 4: ariztotle08 ($12.10 in chips) 
Seat 5: SYROJA ($15.54 in chips) 
Seat 6: kojju ($10.72 in chips) 
Seat 7: Bebear99 ($14.47 in chips) 
Seat 8: Dorex2007 ($10 in chips) 
Seat 9: STBlues24fan ($4.38 in chips) 
Dorex2007: posts small blind $0.05
STBlues24fan: posts big blind $0.10
*** HOLE CARDS ***
Dealt to Dorex2007 [Jc Kc]
leelw: folds 
DEdPo0L: folds 
ariztotle08: calls $0.10
SYROJA: folds 
kojju: calls $0.10
Bebear99: folds 
Dorex2007: calls $0.05
STBlues24fan: checks 
*** FLOP *** [5s 2s 7s]
Dorex2007: checks 
STBlues24fan: checks 
ariztotle08: checks 
kojju: bets $0.38
Dorex2007: folds 
STBlues24fan: folds 
ariztotle08: folds 
Uncalled bet ($0.38) returned to kojju
kojju collected $0.38 from pot
kojju: doesn't show hand 
*** SUMMARY ***
Total pot $0.40 | Rake $0.02 
Board [5s 2s 7s]
Seat 1: leelw folded before Flop (didn't bet)
Seat 2: DEdPo0L folded before Flop (didn't bet)
Seat 4: ariztotle08 folded on the Flop
Seat 5: SYROJA folded before Flop (didn't bet)
Seat 6: kojju collected ($0.38)
Seat 7: Bebear99 (button) folded before Flop (didn't bet)
Seat 8: Dorex2007 (small blind) folded on the Flop
Seat 9: STBlues24fan (big blind) folded on the Flop



PokerStars Hand #238552021855:  Hold'em No Limit ($0.05/$0.10 USD) - 2022/09/10 22:50:28 PT [2022/09/11 1:50:28 ET]
Table 'Europa II' 9-max Seat #8 is the button
Seat 1: leelw ($8.74 in chips) 
Seat 2: DEdPo0L ($10.05 in chips) 
Seat 4: ariztotle08 ($12 in chips) 
Seat 5: SYROJA ($15.54 in chips) 
Seat 6: kojju ($11 in chips) 
Seat 7: Bebear99 ($14.47 in chips) 
Seat 8: Dorex2007 ($10 in chips) 
Seat 9: STBlues24fan ($4.28 in chips) 
STBlues24fan: posts small blind $0.05
leelw: posts big blind $0.10
*** HOLE CARDS ***
Dealt to Dorex2007 [3h Kc]
DEdPo0L: folds 
ariztotle08: folds 
SYROJA: folds 
kojju: folds 
Bebear99: folds 
Dorex2007: folds 
STBlues24fan: folds 
Uncalled bet ($0.05) returned to leelw
leelw collected $0.10 from pot
leelw: doesn't show hand 
*** SUMMARY ***
Total pot $0.10 | Rake $0 
Seat 1: leelw (big blind) collected ($0.10)
Seat 2: DEdPo0L folded before Flop (didn't bet)
Seat 4: ariztotle08 folded before Flop (didn't bet)
Seat 5: SYROJA folded before Flop (didn't bet)
Seat 6: kojju folded before Flop (didn't bet)
Seat 7: Bebear99 folded before Flop (didn't bet)
Seat 8: Dorex2007 (button) folded before Flop (didn't bet)
Seat 9: STBlues24fan (small blind) folded before Flop



PokerStars Hand #238552023529:  Hold'em No Limit ($0.05/$0.10 USD) - 2022/09/10 22:50:42 PT [2022/09/11 1:50:42 ET]
Table 'Europa II' 9-max Seat #9 is the button
Seat 1: leelw ($8.79 in chips) 
Seat 2: DEdPo0L ($10.05 in chips) 
Seat 4: ariztotle08 ($12 in chips) 
Seat 5: SYROJA ($15.54 in chips) 
Seat 6: kojju ($11 in chips) 
Seat 7: Bebear99 ($14.47 in chips) 
Seat 8: Dorex2007 ($10 in chips) 
Seat 9: STBlues24fan ($4.23 in chips) 
leelw: posts small blind $0.05
DEdPo0L: posts big blind $0.10
*** HOLE CARDS ***
Dealt to Dorex2007 [Kd 3c]
ariztotle08: folds 
SYROJA: folds 
kojju: calls $0.10
Bebear99: folds 
Dorex2007: folds 
STBlues24fan: folds 
leelw: calls $0.05
DEdPo0L: checks 
*** FLOP *** [5s 5c 5h]
leelw: checks 
DEdPo0L: checks 
kojju: bets $0.10
leelw: calls $0.10
DEdPo0L: folds 
*** TURN *** [5s 5c 5h] [Kh]
leelw: checks 
kojju: bets $0.10
leelw: calls $0.10
*** RIVER *** [5s 5c 5h Kh] [9h]
leelw: checks 
kojju: bets $0.67
leelw: folds 
Uncalled bet ($0.67) returned to kojju
kojju collected $0.67 from pot
kojju: doesn't show hand 
*** SUMMARY ***
Total pot $0.70 | Rake $0.03 
Board [5s 5c 5h Kh 9h]
Seat 1: leelw (small blind) folded on the River
Seat 2: DEdPo0L (big blind) folded on the Flop
Seat 4: ariztotle08 folded before Flop (didn't bet)
Seat 5: SYROJA folded before Flop (didn't bet)
Seat 6: kojju collected ($0.67)
Seat 7: Bebear99 folded before Flop (didn't bet)
Seat 8: Dorex2007 folded before Flop (didn't bet)
Seat 9: STBlues24fan (button) folded before Flop (didn't bet)



PokerStars Hand #238552028074:  Hold'em No Limit ($0.05/$0.10 USD) - 2022/09/10 22:51:21 PT [2022/09/11 1:51:21 ET]
Table 'Europa II' 9-max Seat #1 is the button
Seat 1: leelw ($8.49 in chips) 
Seat 2: DEdPo0L ($10 in chips) 
Seat 4: ariztotle08 ($12 in chips) 
Seat 5: SYROJA ($15.54 in chips) 
Seat 6: kojju ($11.37 in chips) 
Seat 7: Bebear99 ($14.47 in chips) 
Seat 8: Dorex2007 ($10 in chips) 
Seat 9: STBlues24fan ($4.23 in chips) 
DEdPo0L: posts small blind $0.05
ariztotle08: posts big blind $0.10
*** HOLE CARDS ***
Dealt to Dorex2007 [8d 5c]
SYROJA: folds 
kojju: calls $0.10
Bebear99: calls $0.10
Dorex2007: folds 
STBlues24fan: folds 
leelw: raises $0.20 to $0.30
DEdPo0L: folds 
ariztotle08: calls $0.20
kojju: calls $0.20
Bebear99: calls $0.20
*** FLOP *** [9h Jc 4c]
ariztotle08: bets $1.19
kojju: folds 
Bebear99: folds 
leelw: calls $1.19
*** TURN *** [9h Jc 4c] [3c]
ariztotle08: checks 
leelw: bets $1.80
ariztotle08: calls $1.80
*** RIVER *** [9h Jc 4c 3c] [2d]
ariztotle08: checks 
leelw: bets $3.50
ariztotle08: calls $3.50
*** SHOW DOWN ***
leelw: shows [9c Tc] (a flush, Jack high)
ariztotle08: mucks hand 
leelw collected $13.59 from pot
*** SUMMARY ***
Total pot $14.23 | Rake $0.64 
Board [9h Jc 4c 3c 2d]
Seat 1: leelw (button) showed [9c Tc] and won ($13.59) with a flush, Jack high
Seat 2: DEdPo0L (small blind) folded before Flop
Seat 4: ariztotle08 (big blind) mucked [Qs Js]
Seat 5: SYROJA folded before Flop (didn't bet)
Seat 6: kojju folded on the Flop
Seat 7: Bebear99 folded on the Flop
Seat 8: Dorex2007 folded before Flop (didn't bet)
Seat 9: STBlues24fan folded before Flop (didn't bet)



PokerStars Hand #238552038239:  Hold'em No Limit ($0.05/$0.10 USD) - 2022/09/10 22:52:50 PT [2022/09/11 1:52:50 ET]
Table 'Europa II' 9-max Seat #2 is the button
Seat 1: leelw ($15.29 in chips) 
Seat 2: DEdPo0L ($10 in chips) 
Seat 4: ariztotle08 ($5.21 in chips) 
Seat 5: SYROJA ($15.54 in chips) 
Seat 6: kojju ($11.07 in chips) 
Seat 7: Bebear99 ($14.17 in chips) 
Seat 8: Dorex2007 ($10 in chips) 
Seat 9: STBlues24fan ($4.23 in chips) 
ariztotle08: posts small blind $0.05
SYROJA: posts big blind $0.10
*** HOLE CARDS ***
Dealt to Dorex2007 [2h 4h]
kojju: folds 
Bebear99: folds 
Dorex2007: folds 
STBlues24fan: folds 
leelw: folds 
DEdPo0L: folds 
ariztotle08: folds 
Uncalled bet ($0.05) returned to SYROJA
ariztotle08 leaves the table
SYROJA collected $0.10 from pot
SYROJA: doesn't show hand 
*** SUMMARY ***
Total pot $0.10 | Rake $0 
Seat 1: leelw folded before Flop (didn't bet)
Seat 2: DEdPo0L (button) folded before Flop (didn't bet)
Seat 4: ariztotle08 (small blind) folded before Flop
Seat 5: SYROJA (big blind) collected ($0.10)
Seat 6: kojju folded before Flop (didn't bet)
Seat 7: Bebear99 folded before Flop (didn't bet)
Seat 8: Dorex2007 folded before Flop (didn't bet)
Seat 9: STBlues24fan folded before Flop (didn't bet)



PokerStars Hand #238552039753:  Hold'em No Limit ($0.05/$0.10 USD) - 2022/09/10 22:53:04 PT [2022/09/11 1:53:04 ET]
Table 'Europa II' 9-max Seat #5 is the button
Seat 1: leelw ($15.29 in chips) 
Seat 2: DEdPo0L ($10 in chips) 
Seat 5: SYROJA ($15.59 in chips) 
Seat 6: kojju ($11.07 in chips) 
Seat 7: Bebear99 ($14.17 in chips) 
Seat 8: Dorex2007 ($10 in chips) 
Seat 9: STBlues24fan ($4.23 in chips) 
kojju: posts small blind $0.05
Bebear99: posts big blind $0.10
baigan9285: sits out 
*** HOLE CARDS ***
Dealt to Dorex2007 [7h 5c]
Dorex2007: folds 
STBlues24fan: calls $0.10
leelw: folds 
DEdPo0L: folds 
SYROJA: folds 
kojju: folds 
leelw leaves the table
Bebear99: checks 
*** FLOP *** [4c 3c 9h]
Bebear99: checks 
DEdPo0L leaves the table
STBlues24fan: checks 
*** TURN *** [4c 3c 9h] [Ks]
Bebear99: checks 
STBlues24fan: checks 
*** RIVER *** [4c 3c 9h Ks] [Ah]
Bebear99: checks 
STBlues24fan: bets $0.10
Bebear99: folds 
Uncalled bet ($0.10) returned to STBlues24fan
STBlues24fan collected $0.24 from pot
STBlues24fan: doesn't show hand 
*** SUMMARY ***
Total pot $0.25 | Rake $0.01 
Board [4c 3c 9h Ks Ah]
Seat 1: leelw folded before Flop (didn't bet)
Seat 2: DEdPo0L folded before Flop (didn't bet)
Seat 5: SYROJA (button) folded before Flop (didn't bet)
Seat 6: kojju (small blind) folded before Flop
Seat 7: Bebear99 (big blind) folded on the River
Seat 8: Dorex2007 folded before Flop (didn't bet)
Seat 9: STBlues24fan collected ($0.24)



PokerStars Hand #238552043608:  Hold'em No Limit ($0.05/$0.10 USD) - 2022/09/10 22:53:38 PT [2022/09/11 1:53:38 ET]
Table 'Europa II' 9-max Seat #6 is the button
Seat 3: baigan9285 ($22.97 in chips) 
Seat 5: SYROJA ($15.59 in chips) 
Seat 6: kojju ($11.02 in chips) 
Seat 7: Bebear99 ($14.07 in chips) 
Seat 8: Dorex2007 ($10 in chips) 
Seat 9: STBlues24fan ($4.37 in chips) 
Bebear99: posts small blind $0.05
Dorex2007: posts big blind $0.10
baigan9285: posts small & big blinds $0.15
*** HOLE CARDS ***
Dealt to Dorex2007 [7c 8h]
STBlues24fan: folds 
baigan9285: checks 
SYROJA: folds 
kojju: folds 
Bebear99: folds 
Dorex2007: checks 
*** FLOP *** [Th 7s 2s]
Dorex2007: checks 
baigan9285: bets $0.29
Dorex2007: folds 
Uncalled bet ($0.29) returned to baigan9285
baigan9285 collected $0.29 from pot
baigan9285: doesn't show hand 
*** SUMMARY ***
Total pot $0.30 | Rake $0.01 
Board [Th 7s 2s]
Seat 3: baigan9285 collected ($0.29)
Seat 5: SYROJA folded before Flop (didn't bet)
Seat 6: kojju (button) folded before Flop (didn't bet)
Seat 7: Bebear99 (small blind) folded before Flop
Seat 8: Dorex2007 (big blind) folded on the Flop
Seat 9: STBlues24fan folded before Flop (didn't bet)



PokerStars Hand #238552047954:  Hold'em No Limit ($0.05/$0.10 USD) - 2022/09/10 22:54:16 PT [2022/09/11 1:54:16 ET]
Table 'Europa II' 9-max Seat #7 is the button
Seat 3: baigan9285 ($23.11 in chips) 
Seat 5: SYROJA ($15.59 in chips) 
Seat 6: kojju ($11.02 in chips) 
Seat 7: Bebear99 ($14.02 in chips) 
Seat 8: Dorex2007 ($10 in chips) 
Seat 9: STBlues24fan ($4.37 in chips) 
Dorex2007: posts small blind $0.05
STBlues24fan: posts big blind $0.10
*** HOLE CARDS ***
Dealt to Dorex2007 [4h Qd]
baigan9285: folds 
SYROJA: raises $0.20 to $0.30
kojju: folds 
Bebear99: folds 
Dorex2007: folds 
STBlues24fan: folds 
Uncalled bet ($0.20) returned to SYROJA
SYROJA collected $0.25 from pot
SYROJA: doesn't show hand 
*** SUMMARY ***
Total pot $0.25 | Rake $0 
Seat 3: baigan9285 folded before Flop (didn't bet)
Seat 5: SYROJA collected ($0.25)
Seat 6: kojju folded before Flop (didn't bet)
Seat 7: Bebear99 (button) folded before Flop (didn't bet)
Seat 8: Dorex2007 (small blind) folded before Flop
Seat 9: STBlues24fan (big blind) folded before Flop



PokerStars Hand #238552050217:  Hold'em No Limit ($0.05/$0.10 USD) - 2022/09/10 22:54:37 PT [2022/09/11 1:54:37 ET]
Table 'Europa II' 9-max Seat #8 is the button
Seat 3: baigan9285 ($23.11 in chips) 
Seat 5: SYROJA ($15.74 in chips) 
Seat 6: kojju ($11.02 in chips) 
Seat 7: Bebear99 ($14.02 in chips) 
Seat 8: Dorex2007 ($10 in chips) 
Seat 9: STBlues24fan ($4.27 in chips) 
STBlues24fan: posts small blind $0.05
baigan9285: posts big blind $0.10
*** HOLE CARDS ***
Dealt to Dorex2007 [7c 7h]
SYROJA: folds 
kojju: folds 
Bebear99: folds 
Dorex2007: calls $0.10
STBlues24fan: folds 
baigan9285: raises $0.60 to $0.70
Dorex2007: folds 
Uncalled bet ($0.60) returned to baigan9285
baigan9285 collected $0.25 from pot
baigan9285: doesn't show hand 
*** SUMMARY ***
Total pot $0.25 | Rake $0 
Seat 3: baigan9285 (big blind) collected ($0.25)
Seat 5: SYROJA folded before Flop (didn't bet)
Seat 6: kojju folded before Flop (didn't bet)
Seat 7: Bebear99 folded before Flop (didn't bet)
Seat 8: Dorex2007 (button) folded before Flop
Seat 9: STBlues24fan (small blind) folded before Flop



