PokerStars Hand #238467910531:  Hold'em No Limit ($0.02/$0.05 USD) - 2022/09/06 21:00:11 PT [2022/09/07 0:00:11 ET]
Table 'Grogler' 9-max Seat #8 is the button
Seat 1: dvdhmstar ($5 in chips) 
Seat 2: fravacad ($1.11 in chips) 
Seat 4: luis_mg88 ($4.90 in chips) 
Seat 5: Kidmono ($11.32 in chips) 
Seat 6: enixblr ($6.57 in chips) 
Seat 7: Emmanueldage ($7.32 in chips) 
Seat 8: webby170 ($8.62 in chips) 
Seat 9: Dorex2007 ($7.83 in chips) 
Dorex2007: posts small blind $0.02
dvdhmstar: posts big blind $0.05
*** HOLE CARDS ***
Dealt to Dorex2007 [Ts 6d]
Ice-man6446 is disconnected 
fravacad: folds 
luis_mg88: raises $0.10 to $0.15
Kidmono: folds 
enixblr: folds 
Emmanueldage: calls $0.15
webby170: folds 
Dorex2007: folds 
dvdhmstar: folds 
*** FLOP *** [Td Qc 4d]
luis_mg88: bets $0.25
Emmanueldage: calls $0.25
*** TURN *** [Td Qc 4d] [8h]
luis_mg88: bets $0.45
Emmanueldage: calls $0.45
*** RIVER *** [Td Qc 4d 8h] [8s]
luis_mg88: checks 
Emmanueldage: checks 
*** SHOW DOWN ***
luis_mg88: shows [Kc Tc] (two pair, Tens and Eights)
Emmanueldage: shows [Qd Kh] (two pair, Queens and Eights)
Emmanueldage collected $1.70 from pot
*** SUMMARY ***
Total pot $1.77 | Rake $0.07 
Board [Td Qc 4d 8h 8s]
Seat 1: dvdhmstar (big blind) folded before Flop
Seat 2: fravacad folded before Flop (didn't bet)
Seat 4: luis_mg88 showed [Kc Tc] and lost with two pair, Tens and Eights
Seat 5: Kidmono folded before Flop (didn't bet)
Seat 6: enixblr folded before Flop (didn't bet)
Seat 7: Emmanueldage showed [Qd Kh] and won ($1.70) with two pair, Queens and Eights
Seat 8: webby170 (button) folded before Flop (didn't bet)
Seat 9: Dorex2007 (small blind) folded before Flop



PokerStars Hand #238467918430:  Hold'em No Limit ($0.02/$0.05 USD) - 2022/09/06 21:01:15 PT [2022/09/07 0:01:15 ET]
Table 'Grogler' 9-max Seat #9 is the button
Seat 1: dvdhmstar ($4.95 in chips) 
Seat 2: fravacad ($1.11 in chips) 
Seat 4: luis_mg88 ($4.05 in chips) 
Seat 5: Kidmono ($11.32 in chips) 
Seat 6: enixblr ($6.57 in chips) 
Seat 7: Emmanueldage ($8.17 in chips) 
Seat 8: webby170 ($8.62 in chips) 
Seat 9: Dorex2007 ($7.81 in chips) 
dvdhmstar: posts small blind $0.02
fravacad: posts big blind $0.05
*** HOLE CARDS ***
Dealt to Dorex2007 [8c 7s]
luis_mg88: folds 
Kidmono: folds 
enixblr: folds 
Emmanueldage: folds 
webby170: folds 
Dorex2007: folds 
dvdhmstar: folds 
Uncalled bet ($0.03) returned to fravacad
fravacad collected $0.04 from pot
fravacad: doesn't show hand 
*** SUMMARY ***
Total pot $0.04 | Rake $0 
Seat 1: dvdhmstar (small blind) folded before Flop
Seat 2: fravacad (big blind) collected ($0.04)
Seat 4: luis_mg88 folded before Flop (didn't bet)
Seat 5: Kidmono folded before Flop (didn't bet)
Seat 6: enixblr folded before Flop (didn't bet)
Seat 7: Emmanueldage folded before Flop (didn't bet)
Seat 8: webby170 folded before Flop (didn't bet)
Seat 9: Dorex2007 (button) folded before Flop (didn't bet)



PokerStars Hand #238467922252:  Hold'em No Limit ($0.02/$0.05 USD) - 2022/09/06 21:01:45 PT [2022/09/07 0:01:45 ET]
Table 'Grogler' 9-max Seat #1 is the button
Seat 1: dvdhmstar ($4.93 in chips) 
Seat 2: fravacad ($1.13 in chips) 
Seat 4: luis_mg88 ($5 in chips) 
Seat 5: Kidmono ($11.32 in chips) 
Seat 6: enixblr ($6.57 in chips) 
Seat 7: Emmanueldage ($8.17 in chips) 
Seat 8: webby170 ($8.62 in chips) 
Seat 9: Dorex2007 ($7.81 in chips) 
fravacad: posts small blind $0.02
luis_mg88: posts big blind $0.05
*** HOLE CARDS ***
Dealt to Dorex2007 [Jh 6s]
Kidmono: folds 
enixblr: folds 
Emmanueldage: calls $0.05
webby170: folds 
Dorex2007: folds 
dvdhmstar: folds 
fravacad: calls $0.03
luis_mg88: checks 
*** FLOP *** [7h 9c Ad]
fravacad: checks 
luis_mg88: bets $0.06
Emmanueldage: folds 
fravacad: calls $0.06
*** TURN *** [7h 9c Ad] [Kc]
fravacad: checks 
luis_mg88: bets $0.20
fravacad: folds 
Uncalled bet ($0.20) returned to luis_mg88
luis_mg88 collected $0.26 from pot
luis_mg88: doesn't show hand 
*** SUMMARY ***
Total pot $0.27 | Rake $0.01 
Board [7h 9c Ad Kc]
Seat 1: dvdhmstar (button) folded before Flop (didn't bet)
Seat 2: fravacad (small blind) folded on the Turn
Seat 4: luis_mg88 (big blind) collected ($0.26)
Seat 5: Kidmono folded before Flop (didn't bet)
Seat 6: enixblr folded before Flop (didn't bet)
Seat 7: Emmanueldage folded on the Flop
Seat 8: webby170 folded before Flop (didn't bet)
Seat 9: Dorex2007 folded before Flop (didn't bet)



PokerStars Hand #238467930342:  Hold'em No Limit ($0.02/$0.05 USD) - 2022/09/06 21:02:48 PT [2022/09/07 0:02:48 ET]
Table 'Grogler' 9-max Seat #2 is the button
Seat 1: dvdhmstar ($4.93 in chips) 
Seat 2: fravacad ($1.02 in chips) 
Seat 4: luis_mg88 ($5.15 in chips) 
Seat 5: Kidmono ($11.32 in chips) 
Seat 6: enixblr ($6.57 in chips) 
Seat 7: Emmanueldage ($8.12 in chips) 
Seat 8: webby170 ($8.62 in chips) 
Seat 9: Dorex2007 ($7.81 in chips) 
luis_mg88: posts small blind $0.02
Kidmono: posts big blind $0.05
*** HOLE CARDS ***
Dealt to Dorex2007 [3h 6s]
enixblr: folds 
Emmanueldage: calls $0.05
webby170 has timed out
webby170: folds 
Dorex2007: folds 
dvdhmstar: folds 
fravacad: calls $0.05
luis_mg88: calls $0.03
Kidmono: checks 
*** FLOP *** [Kd Qd 8h]
luis_mg88: checks 
Kidmono: bets $0.10
Emmanueldage: calls $0.10
fravacad: calls $0.10
luis_mg88: folds 
*** TURN *** [Kd Qd 8h] [Th]
Kidmono: checks 
Emmanueldage: bets $0.10
fravacad: raises $0.10 to $0.20
Kidmono: calls $0.20
Emmanueldage: calls $0.10
*** RIVER *** [Kd Qd 8h Th] [6d]
Kidmono: checks 
Emmanueldage: checks 
fravacad: bets $0.67 and is all-in
Kidmono: folds 
Emmanueldage: folds 
Uncalled bet ($0.67) returned to fravacad
fravacad collected $1.05 from pot
fravacad: doesn't show hand 
*** SUMMARY ***
Total pot $1.10 | Rake $0.05 
Board [Kd Qd 8h Th 6d]
Seat 1: dvdhmstar folded before Flop (didn't bet)
Seat 2: fravacad (button) collected ($1.05)
Seat 4: luis_mg88 (small blind) folded on the Flop
Seat 5: Kidmono (big blind) folded on the River
Seat 6: enixblr folded before Flop (didn't bet)
Seat 7: Emmanueldage folded on the River
Seat 8: webby170 folded before Flop (didn't bet)
Seat 9: Dorex2007 folded before Flop (didn't bet)



PokerStars Hand #238467943361:  Hold'em No Limit ($0.02/$0.05 USD) - 2022/09/06 21:04:28 PT [2022/09/07 0:04:28 ET]
Table 'Grogler' 9-max Seat #4 is the button
Seat 1: dvdhmstar ($4.93 in chips) 
Seat 2: fravacad ($1.72 in chips) 
Seat 4: luis_mg88 ($5.10 in chips) 
Seat 5: Kidmono ($10.97 in chips) 
Seat 6: enixblr ($6.57 in chips) 
Seat 7: Emmanueldage ($7.77 in chips) 
Seat 8: webby170 ($8.62 in chips) 
Seat 9: Dorex2007 ($7.81 in chips) 
Kidmono: posts small blind $0.02
enixblr: posts big blind $0.05
*** HOLE CARDS ***
Dealt to Dorex2007 [9s 9c]
Emmanueldage: folds 
Emmanueldage leaves the table
webby170: folds 
Dorex2007: calls $0.05
dvdhmstar: folds 
fravacad: folds 
luis_mg88: raises $0.15 to $0.20
Kidmono: folds 
enixblr: folds 
Dorex2007: calls $0.15
*** FLOP *** [3h 7h Ac]
Dorex2007: checks 
luis_mg88: bets $0.25
Kidmono leaves the table
Dorex2007: folds 
Uncalled bet ($0.25) returned to luis_mg88
luis_mg88 collected $0.45 from pot
luis_mg88: doesn't show hand 
*** SUMMARY ***
Total pot $0.47 | Rake $0.02 
Board [3h 7h Ac]
Seat 1: dvdhmstar folded before Flop (didn't bet)
Seat 2: fravacad folded before Flop (didn't bet)
Seat 4: luis_mg88 (button) collected ($0.45)
Seat 5: Kidmono (small blind) folded before Flop
Seat 6: enixblr (big blind) folded before Flop
Seat 7: Emmanueldage folded before Flop (didn't bet)
Seat 8: webby170 folded before Flop (didn't bet)
Seat 9: Dorex2007 folded on the Flop



PokerStars Hand #238467948321:  Hold'em No Limit ($0.02/$0.05 USD) - 2022/09/06 21:05:07 PT [2022/09/07 0:05:07 ET]
Table 'Grogler' 9-max Seat #6 is the button
Seat 1: dvdhmstar ($4.93 in chips) 
Seat 2: fravacad ($1.72 in chips) 
Seat 4: luis_mg88 ($5.35 in chips) 
Seat 6: enixblr ($6.52 in chips) 
Seat 8: webby170 ($8.62 in chips) 
Seat 9: Dorex2007 ($7.61 in chips) 
webby170: posts small blind $0.02
Dorex2007: posts big blind $0.05
*** HOLE CARDS ***
Dealt to Dorex2007 [2s Kh]
dvdhmstar: folds 
fravacad: folds 
luis_mg88: raises $0.13 to $0.18
enixblr: folds 
webby170: calls $0.16
Dorex2007: folds 
*** FLOP *** [3c 2d 8c]
webby170: checks 
luis_mg88: bets $0.34
webby170: calls $0.34
*** TURN *** [3c 2d 8c] [7s]
webby170: checks 
luis_mg88: bets $1.04
webby170: folds [5s]
Uncalled bet ($1.04) returned to luis_mg88
luis_mg88 collected $1.04 from pot
*** SUMMARY ***
Total pot $1.09 | Rake $0.05 
Board [3c 2d 8c 7s]
Seat 1: dvdhmstar folded before Flop (didn't bet)
Seat 2: fravacad folded before Flop (didn't bet)
Seat 4: luis_mg88 collected ($1.04)
Seat 6: enixblr (button) folded before Flop (didn't bet)
Seat 8: webby170 (small blind) folded on the Turn
Seat 9: Dorex2007 (big blind) folded before Flop



PokerStars Hand #238467961738:  Hold'em No Limit ($0.02/$0.05 USD) - 2022/09/06 21:06:50 PT [2022/09/07 0:06:50 ET]
Table 'Grogler' 9-max Seat #8 is the button
Seat 1: dvdhmstar ($4.93 in chips) 
Seat 2: fravacad ($1.72 in chips) 
Seat 4: luis_mg88 ($5.87 in chips) 
Seat 6: enixblr ($6.52 in chips) 
Seat 8: webby170 ($8.10 in chips) 
Seat 9: Dorex2007 ($7.56 in chips) 
Dorex2007: posts small blind $0.02
dvdhmstar: posts big blind $0.05
*** HOLE CARDS ***
Dealt to Dorex2007 [3d Tc]
fravacad: folds 
luis_mg88: raises $0.15 to $0.20
enixblr: folds 
webby170: folds 
Dorex2007: folds 
dvdhmstar: folds 
Uncalled bet ($0.15) returned to luis_mg88
luis_mg88 collected $0.12 from pot
*** SUMMARY ***
Total pot $0.12 | Rake $0 
Seat 1: dvdhmstar (big blind) folded before Flop
Seat 2: fravacad folded before Flop (didn't bet)
Seat 4: luis_mg88 collected ($0.12)
Seat 6: enixblr folded before Flop (didn't bet)
Seat 8: webby170 (button) folded before Flop (didn't bet)
Seat 9: Dorex2007 (small blind) folded before Flop



PokerStars Hand #238467965540:  Hold'em No Limit ($0.02/$0.05 USD) - 2022/09/06 21:07:19 PT [2022/09/07 0:07:19 ET]
Table 'Grogler' 9-max Seat #9 is the button
Seat 1: dvdhmstar ($4.88 in chips) 
Seat 2: fravacad ($1.72 in chips) 
Seat 4: luis_mg88 ($5.94 in chips) 
Seat 6: enixblr ($6.52 in chips) 
Seat 8: webby170 ($8.10 in chips) 
Seat 9: Dorex2007 ($7.54 in chips) 
dvdhmstar: posts small blind $0.02
fravacad: posts big blind $0.05
*** HOLE CARDS ***
Dealt to Dorex2007 [Ah Jh]
luis_mg88: folds 
enixblr: folds 
BluffOnTable joins the table at seat #5 
webby170 has timed out
webby170: folds 
Dorex2007: raises $0.10 to $0.15
dvdhmstar: folds 
fravacad: calls $0.10
*** FLOP *** [2h 7c Ac]
fravacad: checks 
Dorex2007: bets $0.21
fravacad: calls $0.21
*** TURN *** [2h 7c Ac] [Ks]
fravacad: checks 
Dorex2007: bets $0.47
fravacad: calls $0.47
*** RIVER *** [2h 7c Ac Ks] [7h]
fravacad: bets $0.89 and is all-in
Dorex2007: calls $0.89
*** SHOW DOWN ***
fravacad: shows [As 3h] (two pair, Aces and Sevens)
Dorex2007: shows [Ah Jh] (two pair, Aces and Sevens)
fravacad collected $1.66 from pot
Dorex2007 collected $1.66 from pot
*** SUMMARY ***
Total pot $3.46 | Rake $0.14 
Board [2h 7c Ac Ks 7h]
Seat 1: dvdhmstar (small blind) folded before Flop
Seat 2: fravacad (big blind) showed [As 3h] and won ($1.66) with two pair, Aces and Sevens
Seat 4: luis_mg88 folded before Flop (didn't bet)
Seat 6: enixblr folded before Flop (didn't bet)
Seat 8: webby170 folded before Flop (didn't bet)
Seat 9: Dorex2007 (button) showed [Ah Jh] and won ($1.66) with two pair, Aces and Sevens



PokerStars Hand #238467975409:  Hold'em No Limit ($0.02/$0.05 USD) - 2022/09/06 21:08:36 PT [2022/09/07 0:08:36 ET]
Table 'Grogler' 9-max Seat #1 is the button
Seat 1: dvdhmstar ($4.86 in chips) 
Seat 2: fravacad ($1.66 in chips) 
Seat 4: luis_mg88 ($5.94 in chips) 
Seat 6: enixblr ($6.52 in chips) 
Seat 8: webby170 ($8.10 in chips) 
Seat 9: Dorex2007 ($7.48 in chips) 
fravacad: posts small blind $0.02
luis_mg88: posts big blind $0.05
BluffOnTable: sits out 
*** HOLE CARDS ***
Dealt to Dorex2007 [3s 3d]
enixblr: folds 
webby170: folds 
Dorex2007: calls $0.05
dvdhmstar: raises $0.05 to $0.10
fravacad: calls $0.08
luis_mg88: calls $0.05
psbrets joins the table at seat #7 
Dorex2007: calls $0.05
*** FLOP *** [8c As 2d]
fravacad: checks 
luis_mg88: checks 
Dorex2007: checks 
dvdhmstar: bets $0.10
fravacad: calls $0.10
luis_mg88: folds 
Dorex2007: folds 
*** TURN *** [8c As 2d] [Ac]
fravacad: checks 
dvdhmstar: bets $0.10
fravacad: calls $0.10
*** RIVER *** [8c As 2d Ac] [Qc]
fravacad: checks 
dvdhmstar: checks 
*** SHOW DOWN ***
fravacad: shows [6c 6s] (two pair, Aces and Sixes)
dvdhmstar: shows [Kd Qs] (two pair, Aces and Queens)
dvdhmstar collected $0.77 from pot
Ice-man6446 leaves the table
*** SUMMARY ***
Total pot $0.80 | Rake $0.03 
Board [8c As 2d Ac Qc]
Seat 1: dvdhmstar (button) showed [Kd Qs] and won ($0.77) with two pair, Aces and Queens
Seat 2: fravacad (small blind) showed [6c 6s] and lost with two pair, Aces and Sixes
Seat 4: luis_mg88 (big blind) folded on the Flop
Seat 6: enixblr folded before Flop (didn't bet)
Seat 8: webby170 folded before Flop (didn't bet)
Seat 9: Dorex2007 folded on the Flop



PokerStars Hand #238467987779:  Hold'em No Limit ($0.02/$0.05 USD) - 2022/09/06 21:10:13 PT [2022/09/07 0:10:13 ET]
Table 'Grogler' 9-max Seat #2 is the button
Seat 1: dvdhmstar ($5.33 in chips) 
Seat 2: fravacad ($1.36 in chips) 
Seat 4: luis_mg88 ($5.84 in chips) 
Seat 5: BluffOnTable ($5 in chips) 
Seat 6: enixblr ($6.52 in chips) 
Seat 8: webby170 ($8.10 in chips) 
Seat 9: Dorex2007 ($7.38 in chips) 
luis_mg88: posts small blind $0.02
BluffOnTable: posts big blind $0.05
psbrets: sits out 
*** HOLE CARDS ***
Dealt to Dorex2007 [7d 7s]
enixblr: folds 
webby170: folds 
Dorex2007: calls $0.05
dvdhmstar has timed out
dvdhmstar: folds 
fravacad: folds 
luis_mg88: calls $0.03
BluffOnTable: checks 
*** FLOP *** [Ks Ac Kh]
luis_mg88: checks 
BluffOnTable: checks 
Dorex2007: checks 
*** TURN *** [Ks Ac Kh] [9c]
luis_mg88: checks 
BluffOnTable: checks 
Dorex2007: checks 
*** RIVER *** [Ks Ac Kh 9c] [Kd]
luis_mg88: bets $0.10
BluffOnTable: folds 
Dorex2007: folds 
Uncalled bet ($0.10) returned to luis_mg88
luis_mg88 collected $0.14 from pot
Cipriuri joins the table at seat #3 
*** SUMMARY ***
Total pot $0.15 | Rake $0.01 
Board [Ks Ac Kh 9c Kd]
Seat 1: dvdhmstar folded before Flop (didn't bet)
Seat 2: fravacad (button) folded before Flop (didn't bet)
Seat 4: luis_mg88 (small blind) collected ($0.14)
Seat 5: BluffOnTable (big blind) folded on the River
Seat 6: enixblr folded before Flop (didn't bet)
Seat 8: webby170 folded before Flop (didn't bet)
Seat 9: Dorex2007 folded on the River



PokerStars Hand #238467996721:  Hold'em No Limit ($0.02/$0.05 USD) - 2022/09/06 21:11:23 PT [2022/09/07 0:11:23 ET]
Table 'Grogler' 9-max Seat #4 is the button
Seat 1: dvdhmstar ($5.33 in chips) 
Seat 2: fravacad ($1.36 in chips) 
Seat 4: luis_mg88 ($5.93 in chips) 
Seat 5: BluffOnTable ($5 in chips) 
Seat 6: enixblr ($6.52 in chips) 
Seat 8: webby170 ($8.10 in chips) 
Seat 9: Dorex2007 ($7.33 in chips) 
BluffOnTable: posts small blind $0.02
enixblr: posts big blind $0.05
psbrets: sits out 
Cipriuri: sits out 
*** HOLE CARDS ***
Dealt to Dorex2007 [4d 9h]
webby170: folds 
Dorex2007: folds 
dvdhmstar: folds 
fravacad: folds 
luis_mg88: folds 
BluffOnTable: folds 
Uncalled bet ($0.03) returned to enixblr
enixblr collected $0.04 from pot
enixblr: doesn't show hand 
*** SUMMARY ***
Total pot $0.04 | Rake $0 
Seat 1: dvdhmstar folded before Flop (didn't bet)
Seat 2: fravacad folded before Flop (didn't bet)
Seat 4: luis_mg88 (button) folded before Flop (didn't bet)
Seat 5: BluffOnTable (small blind) folded before Flop
Seat 6: enixblr (big blind) collected ($0.04)
Seat 8: webby170 folded before Flop (didn't bet)
Seat 9: Dorex2007 folded before Flop (didn't bet)



PokerStars Hand #238467999048:  Hold'em No Limit ($0.02/$0.05 USD) - 2022/09/06 21:11:41 PT [2022/09/07 0:11:41 ET]
Table 'Grogler' 9-max Seat #5 is the button
Seat 1: dvdhmstar ($5.33 in chips) 
Seat 2: fravacad ($1.36 in chips) 
Seat 4: luis_mg88 ($5.93 in chips) 
Seat 5: BluffOnTable ($5 in chips) 
Seat 6: enixblr ($6.54 in chips) 
Seat 7: psbrets ($5 in chips) 
Seat 8: webby170 ($8.10 in chips) 
Seat 9: Dorex2007 ($7.33 in chips) 
enixblr: posts small blind $0.02
psbrets: posts big blind $0.05
Cipriuri: sits out 
*** HOLE CARDS ***
Dealt to Dorex2007 [3c 6c]
webby170: folds 
Dorex2007: folds 
dvdhmstar: folds 
fravacad: folds 
luis_mg88: folds 
BluffOnTable: folds 
enixblr: raises $0.10 to $0.15
psbrets: calls $0.10
*** FLOP *** [2c 8c Qc]
enixblr: bets $0.10
psbrets: calls $0.10
*** TURN *** [2c 8c Qc] [3s]
enixblr: checks 
psbrets: bets $0.36
enixblr: folds 
Uncalled bet ($0.36) returned to psbrets
psbrets collected $0.48 from pot
*** SUMMARY ***
Total pot $0.50 | Rake $0.02 
Board [2c 8c Qc 3s]
Seat 1: dvdhmstar folded before Flop (didn't bet)
Seat 2: fravacad folded before Flop (didn't bet)
Seat 4: luis_mg88 folded before Flop (didn't bet)
Seat 5: BluffOnTable (button) folded before Flop (didn't bet)
Seat 6: enixblr (small blind) folded on the Turn
Seat 7: psbrets (big blind) collected ($0.48)
Seat 8: webby170 folded before Flop (didn't bet)
Seat 9: Dorex2007 folded before Flop (didn't bet)



PokerStars Hand #238468008167:  Hold'em No Limit ($0.02/$0.05 USD) - 2022/09/06 21:12:52 PT [2022/09/07 0:12:52 ET]
Table 'Grogler' 9-max Seat #6 is the button
Seat 1: dvdhmstar ($5.33 in chips) 
Seat 2: fravacad ($1.36 in chips) 
Seat 3: Cipriuri ($4.05 in chips) 
Seat 4: luis_mg88 ($5.93 in chips) 
Seat 5: BluffOnTable ($5 in chips) 
Seat 6: enixblr ($6.29 in chips) 
Seat 7: psbrets ($5.23 in chips) 
Seat 8: webby170 ($8.10 in chips) 
Seat 9: Dorex2007 ($7.33 in chips) 
psbrets: posts small blind $0.02
webby170: posts big blind $0.05
Cipriuri: posts big blind $0.05
*** HOLE CARDS ***
Dealt to Dorex2007 [Th 4h]
Dorex2007: folds 
dvdhmstar: folds 
fravacad: folds 
Cipriuri: checks 
luis_mg88: raises $0.18 to $0.23
BluffOnTable: folds 
enixblr: folds 
psbrets: folds 
webby170: folds 
Cipriuri: folds 
Uncalled bet ($0.18) returned to luis_mg88
luis_mg88 collected $0.17 from pot
*** SUMMARY ***
Total pot $0.17 | Rake $0 
Seat 1: dvdhmstar folded before Flop (didn't bet)
Seat 2: fravacad folded before Flop (didn't bet)
Seat 3: Cipriuri folded before Flop (didn't bet)
Seat 4: luis_mg88 collected ($0.17)
Seat 5: BluffOnTable folded before Flop (didn't bet)
Seat 6: enixblr (button) folded before Flop (didn't bet)
Seat 7: psbrets (small blind) folded before Flop
Seat 8: webby170 (big blind) folded before Flop
Seat 9: Dorex2007 folded before Flop (didn't bet)



PokerStars Hand #238468016406:  Hold'em No Limit ($0.02/$0.05 USD) - 2022/09/06 21:13:56 PT [2022/09/07 0:13:56 ET]
Table 'Grogler' 9-max Seat #7 is the button
Seat 1: dvdhmstar ($5.33 in chips) 
Seat 2: fravacad ($1.36 in chips) 
Seat 3: Cipriuri ($4 in chips) 
Seat 4: luis_mg88 ($6.05 in chips) 
Seat 5: BluffOnTable ($5 in chips) 
Seat 6: enixblr ($6.29 in chips) 
Seat 7: psbrets ($5.21 in chips) 
Seat 8: webby170 ($8.05 in chips) 
Seat 9: Dorex2007 ($7.33 in chips) 
webby170: posts small blind $0.02
Dorex2007: posts big blind $0.05
*** HOLE CARDS ***
Dealt to Dorex2007 [6c 3h]
dvdhmstar: folds 
fravacad: folds 
Cipriuri: folds 
luis_mg88: folds 
BluffOnTable: folds 
enixblr: raises $0.07 to $0.12
psbrets: calls $0.12
webby170: folds 
Dorex2007: folds 
*** FLOP *** [9d Ad Kd]
enixblr: checks 
psbrets: bets $0.10
enixblr: calls $0.10
*** TURN *** [9d Ad Kd] [Td]
enixblr: checks 
psbrets: checks 
*** RIVER *** [9d Ad Kd Td] [Jd]
enixblr: checks 
psbrets: checks 
*** SHOW DOWN ***
enixblr: shows [Ah 5h] (a flush, Ace high)
psbrets: shows [Kc 2c] (a flush, Ace high)
enixblr collected $0.25 from pot
psbrets collected $0.24 from pot
*** SUMMARY ***
Total pot $0.51 | Rake $0.02 
Board [9d Ad Kd Td Jd]
Seat 1: dvdhmstar folded before Flop (didn't bet)
Seat 2: fravacad folded before Flop (didn't bet)
Seat 3: Cipriuri folded before Flop (didn't bet)
Seat 4: luis_mg88 folded before Flop (didn't bet)
Seat 5: BluffOnTable folded before Flop (didn't bet)
Seat 6: enixblr showed [Ah 5h] and won ($0.25) with a flush, Ace high
Seat 7: psbrets (button) showed [Kc 2c] and won ($0.24) with a flush, Ace high
Seat 8: webby170 (small blind) folded before Flop
Seat 9: Dorex2007 (big blind) folded before Flop



PokerStars Hand #238468029275:  Hold'em No Limit ($0.02/$0.05 USD) - 2022/09/06 21:15:38 PT [2022/09/07 0:15:38 ET]
Table 'Grogler' 9-max Seat #8 is the button
Seat 1: dvdhmstar ($5.33 in chips) 
Seat 2: fravacad ($1.36 in chips) 
Seat 3: Cipriuri ($4 in chips) 
Seat 4: luis_mg88 ($6.05 in chips) 
Seat 5: BluffOnTable ($5 in chips) 
Seat 6: enixblr ($6.32 in chips) 
Seat 7: psbrets ($5.23 in chips) 
Seat 8: webby170 ($8.03 in chips) 
Seat 9: Dorex2007 ($7.28 in chips) 
Dorex2007: posts small blind $0.02
dvdhmstar: posts big blind $0.05
*** HOLE CARDS ***
Dealt to Dorex2007 [7h 5c]
fravacad: folds 
Cipriuri: raises $0.10 to $0.15
luis_mg88: folds 
BluffOnTable: folds 
enixblr: raises $0.25 to $0.40
psbrets: folds 
webby170: folds 
Dorex2007: folds 
dvdhmstar: folds 
Cipriuri: calls $0.25
*** FLOP *** [7s Ad 5d]
Cipriuri: checks 
enixblr: checks 
*** TURN *** [7s Ad 5d] [8h]
Cipriuri: checks 
enixblr: bets $0.55
Cipriuri: calls $0.55
*** RIVER *** [7s Ad 5d 8h] [4d]
Cipriuri: checks 
enixblr: bets $0.75
Cipriuri: raises $2.30 to $3.05 and is all-in
enixblr: folds 
Uncalled bet ($2.30) returned to Cipriuri
Cipriuri collected $3.33 from pot
Cipriuri: doesn't show hand 
*** SUMMARY ***
Total pot $3.47 | Rake $0.14 
Board [7s Ad 5d 8h 4d]
Seat 1: dvdhmstar (big blind) folded before Flop
Seat 2: fravacad folded before Flop (didn't bet)
Seat 3: Cipriuri collected ($3.33)
Seat 4: luis_mg88 folded before Flop (didn't bet)
Seat 5: BluffOnTable folded before Flop (didn't bet)
Seat 6: enixblr folded on the River
Seat 7: psbrets folded before Flop (didn't bet)
Seat 8: webby170 (button) folded before Flop (didn't bet)
Seat 9: Dorex2007 (small blind) folded before Flop



PokerStars Hand #238468038491:  Hold'em No Limit ($0.02/$0.05 USD) - 2022/09/06 21:16:50 PT [2022/09/07 0:16:50 ET]
Table 'Grogler' 9-max Seat #9 is the button
Seat 1: dvdhmstar ($5.28 in chips) 
Seat 2: fravacad ($1.36 in chips) 
Seat 3: Cipriuri ($5.63 in chips) 
Seat 4: luis_mg88 ($6.05 in chips) 
Seat 5: BluffOnTable ($5 in chips) 
Seat 6: enixblr ($5 in chips) 
Seat 7: psbrets ($5.23 in chips) 
Seat 8: webby170 ($8.03 in chips) 
Seat 9: Dorex2007 ($7.26 in chips) 
dvdhmstar: posts small blind $0.02
fravacad: posts big blind $0.05
*** HOLE CARDS ***
Dealt to Dorex2007 [3c 6s]
Cipriuri: folds 
luis_mg88 has timed out
luis_mg88: folds 
BluffOnTable: folds 
enixblr: folds 
psbrets: raises $0.07 to $0.12
webby170: raises $0.31 to $0.43
Dorex2007: folds 
dvdhmstar: folds 
fravacad: folds 
psbrets: calls $0.31
*** FLOP *** [5h 2d 8d]
psbrets: checks 
webby170: checks 
*** TURN *** [5h 2d 8d] [7c]
psbrets: checks 
webby170: checks 
*** RIVER *** [5h 2d 8d 7c] [Kh]
psbrets: checks 
webby170: checks 
*** SHOW DOWN ***
psbrets: shows [8c 6c] (a pair of Eights)
webby170: mucks hand 
psbrets collected $0.89 from pot
*** SUMMARY ***
Total pot $0.93 | Rake $0.04 
Board [5h 2d 8d 7c Kh]
Seat 1: dvdhmstar (small blind) folded before Flop
Seat 2: fravacad (big blind) folded before Flop
Seat 3: Cipriuri folded before Flop (didn't bet)
Seat 4: luis_mg88 folded before Flop (didn't bet)
Seat 5: BluffOnTable folded before Flop (didn't bet)
Seat 6: enixblr folded before Flop (didn't bet)
Seat 7: psbrets showed [8c 6c] and won ($0.89) with a pair of Eights
Seat 8: webby170 mucked [Qc Ac]
Seat 9: Dorex2007 (button) folded before Flop (didn't bet)



PokerStars Hand #238468047737:  Hold'em No Limit ($0.02/$0.05 USD) - 2022/09/06 21:18:03 PT [2022/09/07 0:18:03 ET]
Table 'Grogler' 9-max Seat #1 is the button
Seat 1: dvdhmstar ($5.26 in chips) 
Seat 2: fravacad ($1.31 in chips) 
Seat 3: Cipriuri ($5.63 in chips) 
Seat 5: BluffOnTable ($5 in chips) 
Seat 6: enixblr ($5 in chips) 
Seat 7: psbrets ($5.69 in chips) 
Seat 8: webby170 ($7.60 in chips) 
Seat 9: Dorex2007 ($7.26 in chips) 
fravacad: posts small blind $0.02
Cipriuri: posts big blind $0.05
*** HOLE CARDS ***
Dealt to Dorex2007 [3h 4h]
BluffOnTable: raises $0.10 to $0.15
enixblr: folds 
psbrets: folds 
webby170: folds 
Dorex2007: folds 
dvdhmstar: folds 
fravacad: folds 
Cipriuri: folds 
Uncalled bet ($0.10) returned to BluffOnTable
BluffOnTable collected $0.12 from pot
BluffOnTable: doesn't show hand 
*** SUMMARY ***
Total pot $0.12 | Rake $0 
Seat 1: dvdhmstar (button) folded before Flop (didn't bet)
Seat 2: fravacad (small blind) folded before Flop
Seat 3: Cipriuri (big blind) folded before Flop
Seat 5: BluffOnTable collected ($0.12)
Seat 6: enixblr folded before Flop (didn't bet)
Seat 7: psbrets folded before Flop (didn't bet)
Seat 8: webby170 folded before Flop (didn't bet)
Seat 9: Dorex2007 folded before Flop (didn't bet)



PokerStars Hand #238468051310:  Hold'em No Limit ($0.02/$0.05 USD) - 2022/09/06 21:18:32 PT [2022/09/07 0:18:32 ET]
Table 'Grogler' 9-max Seat #2 is the button
Seat 1: dvdhmstar ($5.26 in chips) 
Seat 2: fravacad ($1.29 in chips) 
Seat 3: Cipriuri ($5.58 in chips) 
Seat 5: BluffOnTable ($5.07 in chips) 
Seat 6: enixblr ($5 in chips) 
Seat 7: psbrets ($5.69 in chips) 
Seat 8: webby170 ($7.60 in chips) 
Seat 9: Dorex2007 ($7.26 in chips) 
Cipriuri: posts small blind $0.02
BluffOnTable: posts big blind $0.05
*** HOLE CARDS ***
Dealt to Dorex2007 [Js Ac]
enixblr: folds 
psbrets: folds 
webby170: folds 
Dorex2007: raises $0.05 to $0.10
dvdhmstar: folds 
fravacad: folds 
Cipriuri: raises $0.05 to $0.15
BluffOnTable: calls $0.10
Dorex2007: calls $0.05
*** FLOP *** [9s 4c 6s]
Cipriuri: bets $0.21
BluffOnTable: folds 
Dorex2007: folds 
Uncalled bet ($0.21) returned to Cipriuri
Cipriuri collected $0.43 from pot
Cipriuri: doesn't show hand 
*** SUMMARY ***
Total pot $0.45 | Rake $0.02 
Board [9s 4c 6s]
Seat 1: dvdhmstar folded before Flop (didn't bet)
Seat 2: fravacad (button) folded before Flop (didn't bet)
Seat 3: Cipriuri (small blind) collected ($0.43)
Seat 5: BluffOnTable (big blind) folded on the Flop
Seat 6: enixblr folded before Flop (didn't bet)
Seat 7: psbrets folded before Flop (didn't bet)
Seat 8: webby170 folded before Flop (didn't bet)
Seat 9: Dorex2007 folded on the Flop



PokerStars Hand #238468057703:  Hold'em No Limit ($0.02/$0.05 USD) - 2022/09/06 21:19:22 PT [2022/09/07 0:19:22 ET]
Table 'Grogler' 9-max Seat #3 is the button
Seat 1: dvdhmstar ($5.26 in chips) 
Seat 2: fravacad ($1.29 in chips) 
Seat 3: Cipriuri ($5.86 in chips) 
Seat 5: BluffOnTable ($5 in chips) 
Seat 6: enixblr ($5 in chips) 
Seat 7: psbrets ($5.69 in chips) 
Seat 8: webby170 ($7.60 in chips) 
Seat 9: Dorex2007 ($7.11 in chips) 
BluffOnTable: posts small blind $0.02
enixblr: posts big blind $0.05
*** HOLE CARDS ***
Dealt to Dorex2007 [Td 3d]
psbrets: folds 
luis_mg88 leaves the table
webby170 has timed out
webby170: folds 
Dorex2007: folds 
dvdhmstar: folds 
fravacad: folds 
Cipriuri: calls $0.05
BluffOnTable: folds 
enixblr: checks 
*** FLOP *** [Qh 6s 5d]
enixblr: checks 
Cipriuri: bets $0.06
enixblr: folds 
Uncalled bet ($0.06) returned to Cipriuri
Cipriuri collected $0.12 from pot
Cipriuri: doesn't show hand 
*** SUMMARY ***
Total pot $0.12 | Rake $0 
Board [Qh 6s 5d]
Seat 1: dvdhmstar folded before Flop (didn't bet)
Seat 2: fravacad folded before Flop (didn't bet)
Seat 3: Cipriuri (button) collected ($0.12)
Seat 5: BluffOnTable (small blind) folded before Flop
Seat 6: enixblr (big blind) folded on the Flop
Seat 7: psbrets folded before Flop (didn't bet)
Seat 8: webby170 folded before Flop (didn't bet)
Seat 9: Dorex2007 folded before Flop (didn't bet)



PokerStars Hand #238468062396:  Hold'em No Limit ($0.02/$0.05 USD) - 2022/09/06 21:19:58 PT [2022/09/07 0:19:58 ET]
Table 'Grogler' 9-max Seat #5 is the button
Seat 1: dvdhmstar ($5.26 in chips) 
Seat 2: fravacad ($1.29 in chips) 
Seat 3: Cipriuri ($5.93 in chips) 
Seat 5: BluffOnTable ($5 in chips) 
Seat 7: psbrets ($5.69 in chips) 
Seat 8: webby170 ($7.60 in chips) 
Seat 9: Dorex2007 ($7.11 in chips) 
enixblr leaves the table
psbrets: posts small blind $0.02
webby170: posts big blind $0.05
*** HOLE CARDS ***
Dealt to Dorex2007 [9c 4d]
Dorex2007: folds 
dvdhmstar: folds 
enixblr joins the table at seat #4 
fravacad: folds 
Cipriuri: raises $0.10 to $0.15
BluffOnTable: folds 
psbrets: folds 
webby170: folds 
Uncalled bet ($0.10) returned to Cipriuri
Cipriuri collected $0.12 from pot
Cipriuri: doesn't show hand 
*** SUMMARY ***
Total pot $0.12 | Rake $0 
Seat 1: dvdhmstar folded before Flop (didn't bet)
Seat 2: fravacad folded before Flop (didn't bet)
Seat 3: Cipriuri collected ($0.12)
Seat 5: BluffOnTable (button) folded before Flop (didn't bet)
Seat 7: psbrets (small blind) folded before Flop
Seat 8: webby170 (big blind) folded before Flop
Seat 9: Dorex2007 folded before Flop (didn't bet)



PokerStars Hand #238468065713:  Hold'em No Limit ($0.02/$0.05 USD) - 2022/09/06 21:20:25 PT [2022/09/07 0:20:25 ET]
Table 'Grogler' 9-max Seat #7 is the button
Seat 1: dvdhmstar ($5.26 in chips) 
Seat 2: fravacad ($1.29 in chips) 
Seat 3: Cipriuri ($6 in chips) 
Seat 5: BluffOnTable ($5 in chips) 
Seat 7: psbrets ($5.67 in chips) 
Seat 8: webby170 ($7.55 in chips) 
Seat 9: Dorex2007 ($7.11 in chips) 
webby170: posts small blind $0.02
Dorex2007: posts big blind $0.05
enixblr: sits out 
*** HOLE CARDS ***
Dealt to Dorex2007 [8c Qc]
dvdhmstar: raises $0.05 to $0.10
fravacad: folds 
Cipriuri: folds 
BluffOnTable: folds 
psbrets: calls $0.10
webby170: folds 
Dorex2007: calls $0.05
*** FLOP *** [5c Ad Jc]
Dorex2007: checks 
dvdhmstar: bets $0.10
psbrets: calls $0.10
Dorex2007: calls $0.10
*** TURN *** [5c Ad Jc] [Kc]
Dorex2007: checks 
dvdhmstar: checks 
psbrets: checks 
*** RIVER *** [5c Ad Jc Kc] [Qd]
Dorex2007: bets $0.59
dvdhmstar: folds 
psbrets: folds 
Uncalled bet ($0.59) returned to Dorex2007
Dorex2007 collected $0.59 from pot
Dorex2007: doesn't show hand 
*** SUMMARY ***
Total pot $0.62 | Rake $0.03 
Board [5c Ad Jc Kc Qd]
Seat 1: dvdhmstar folded on the River
Seat 2: fravacad folded before Flop (didn't bet)
Seat 3: Cipriuri folded before Flop (didn't bet)
Seat 5: BluffOnTable folded before Flop (didn't bet)
Seat 7: psbrets (button) folded on the River
Seat 8: webby170 (small blind) folded before Flop
Seat 9: Dorex2007 (big blind) collected ($0.59)



PokerStars Hand #238468074341:  Hold'em No Limit ($0.02/$0.05 USD) - 2022/09/06 21:21:35 PT [2022/09/07 0:21:35 ET]
Table 'Grogler' 9-max Seat #8 is the button
Seat 1: dvdhmstar ($5.06 in chips) 
Seat 2: fravacad ($1.29 in chips) 
Seat 3: Cipriuri ($6 in chips) 
Seat 5: BluffOnTable ($5 in chips) 
Seat 7: psbrets ($5.47 in chips) 
Seat 8: webby170 ($7.53 in chips) 
Seat 9: Dorex2007 ($7.50 in chips) 
Dorex2007: posts small blind $0.02
dvdhmstar: posts big blind $0.05
enixblr: sits out 
*** HOLE CARDS ***
Dealt to Dorex2007 [3c As]
fravacad: folds 
Cipriuri: folds 
BluffOnTable: folds 
psbrets: folds 
webby170: folds 
Dorex2007: folds 
Uncalled bet ($0.03) returned to dvdhmstar
dvdhmstar collected $0.04 from pot
*** SUMMARY ***
Total pot $0.04 | Rake $0 
Seat 1: dvdhmstar (big blind) collected ($0.04)
Seat 2: fravacad folded before Flop (didn't bet)
Seat 3: Cipriuri folded before Flop (didn't bet)
Seat 5: BluffOnTable folded before Flop (didn't bet)
Seat 7: psbrets folded before Flop (didn't bet)
Seat 8: webby170 (button) folded before Flop (didn't bet)
Seat 9: Dorex2007 (small blind) folded before Flop



PokerStars Hand #238468076510:  Hold'em No Limit ($0.02/$0.05 USD) - 2022/09/06 21:21:52 PT [2022/09/07 0:21:52 ET]
Table 'Grogler' 9-max Seat #9 is the button
Seat 1: dvdhmstar ($5.08 in chips) 
Seat 2: fravacad ($1.29 in chips) 
Seat 3: Cipriuri ($6 in chips) 
Seat 5: BluffOnTable ($5 in chips) 
Seat 7: psbrets ($5.47 in chips) 
Seat 8: webby170 ($7.53 in chips) 
Seat 9: Dorex2007 ($7.48 in chips) 
dvdhmstar: posts small blind $0.02
fravacad: posts big blind $0.05
enixblr: sits out 
*** HOLE CARDS ***
Dealt to Dorex2007 [3h Jd]
Cipriuri: folds 
BluffOnTable: folds 
psbrets: folds 
webby170: folds 
Dorex2007: folds 
dvdhmstar: folds 
Uncalled bet ($0.03) returned to fravacad
fravacad collected $0.04 from pot
fravacad: doesn't show hand 
*** SUMMARY ***
Total pot $0.04 | Rake $0 
Seat 1: dvdhmstar (small blind) folded before Flop
Seat 2: fravacad (big blind) collected ($0.04)
Seat 3: Cipriuri folded before Flop (didn't bet)
Seat 5: BluffOnTable folded before Flop (didn't bet)
Seat 7: psbrets folded before Flop (didn't bet)
Seat 8: webby170 folded before Flop (didn't bet)
Seat 9: Dorex2007 (button) folded before Flop (didn't bet)



PokerStars Hand #238468078291:  Hold'em No Limit ($0.02/$0.05 USD) - 2022/09/06 21:22:07 PT [2022/09/07 0:22:07 ET]
Table 'Grogler' 9-max Seat #1 is the button
Seat 1: dvdhmstar ($5.06 in chips) 
Seat 2: fravacad ($1.31 in chips) 
Seat 3: Cipriuri ($6 in chips) 
Seat 5: BluffOnTable ($5 in chips) 
Seat 7: psbrets ($5.47 in chips) 
Seat 8: webby170 ($7.53 in chips) 
Seat 9: Dorex2007 ($7.48 in chips) 
fravacad: posts small blind $0.02
Cipriuri: posts big blind $0.05
enixblr: sits out 
*** HOLE CARDS ***
Dealt to Dorex2007 [5h 2s]
BluffOnTable: folds 
psbrets: folds 
webby170: folds 
Dorex2007: folds 
dvdhmstar: raises $0.05 to $0.10
fravacad: calls $0.08
Cipriuri: folds 
*** FLOP *** [9d 9h 9c]
fravacad: checks 
dvdhmstar: bets $0.10
fravacad: calls $0.10
*** TURN *** [9d 9h 9c] [As]
fravacad: checks 
dvdhmstar: bets $0.10
fravacad: folds 
Uncalled bet ($0.10) returned to dvdhmstar
dvdhmstar collected $0.43 from pot
*** SUMMARY ***
Total pot $0.45 | Rake $0.02 
Board [9d 9h 9c As]
Seat 1: dvdhmstar (button) collected ($0.43)
Seat 2: fravacad (small blind) folded on the Turn
Seat 3: Cipriuri (big blind) folded before Flop
Seat 5: BluffOnTable folded before Flop (didn't bet)
Seat 7: psbrets folded before Flop (didn't bet)
Seat 8: webby170 folded before Flop (didn't bet)
Seat 9: Dorex2007 folded before Flop (didn't bet)



PokerStars Hand #238468084174:  Hold'em No Limit ($0.02/$0.05 USD) - 2022/09/06 21:22:55 PT [2022/09/07 0:22:55 ET]
Table 'Grogler' 9-max Seat #2 is the button
Seat 1: dvdhmstar ($5.29 in chips) 
Seat 2: fravacad ($1.11 in chips) 
Seat 3: Cipriuri ($5.95 in chips) 
Seat 4: enixblr ($5 in chips) 
Seat 5: BluffOnTable ($5 in chips) 
Seat 7: psbrets ($5.47 in chips) 
Seat 8: webby170 ($7.53 in chips) 
Seat 9: Dorex2007 ($7.48 in chips) 
Cipriuri: posts small blind $0.02
enixblr: posts big blind $0.05
*** HOLE CARDS ***
Dealt to Dorex2007 [2d 4h]
BluffOnTable: folds 
psbrets: raises $0.07 to $0.12
webby170: folds 
Dorex2007: folds 
dvdhmstar: folds 
fravacad: folds 
K.Yurka joins the table at seat #6 
Cipriuri: folds 
enixblr: folds 
Uncalled bet ($0.07) returned to psbrets
psbrets collected $0.12 from pot
psbrets: doesn't show hand 
*** SUMMARY ***
Total pot $0.12 | Rake $0 
Seat 1: dvdhmstar folded before Flop (didn't bet)
Seat 2: fravacad (button) folded before Flop (didn't bet)
Seat 3: Cipriuri (small blind) folded before Flop
Seat 4: enixblr (big blind) folded before Flop
Seat 5: BluffOnTable folded before Flop (didn't bet)
Seat 7: psbrets collected ($0.12)
Seat 8: webby170 folded before Flop (didn't bet)
Seat 9: Dorex2007 folded before Flop (didn't bet)



PokerStars Hand #238468087455:  Hold'em No Limit ($0.02/$0.05 USD) - 2022/09/06 21:23:21 PT [2022/09/07 0:23:21 ET]
Table 'Grogler' 9-max Seat #3 is the button
Seat 1: dvdhmstar ($5.29 in chips) 
Seat 2: fravacad ($1.11 in chips) 
Seat 3: Cipriuri ($5.93 in chips) 
Seat 4: enixblr ($5 in chips) 
Seat 5: BluffOnTable ($5 in chips) 
Seat 7: psbrets ($5.54 in chips) 
Seat 8: webby170 ($7.53 in chips) 
Seat 9: Dorex2007 ($7.48 in chips) 
enixblr: posts small blind $0.02
BluffOnTable: posts big blind $0.05
K.Yurka: sits out 
*** HOLE CARDS ***
Dealt to Dorex2007 [9s Qh]
psbrets: folds 
webby170: raises $0.06 to $0.11
Dorex2007: folds 
dvdhmstar: folds 
fravacad: folds 
Cipriuri: folds 
enixblr: folds 
BluffOnTable: folds 
Uncalled bet ($0.06) returned to webby170
webby170 collected $0.12 from pot
*** SUMMARY ***
Total pot $0.12 | Rake $0 
Seat 1: dvdhmstar folded before Flop (didn't bet)
Seat 2: fravacad folded before Flop (didn't bet)
Seat 3: Cipriuri (button) folded before Flop (didn't bet)
Seat 4: enixblr (small blind) folded before Flop
Seat 5: BluffOnTable (big blind) folded before Flop
Seat 7: psbrets folded before Flop (didn't bet)
Seat 8: webby170 collected ($0.12)
Seat 9: Dorex2007 folded before Flop (didn't bet)



PokerStars Hand #238468092126:  Hold'em No Limit ($0.02/$0.05 USD) - 2022/09/06 21:23:59 PT [2022/09/07 0:23:59 ET]
Table 'Grogler' 9-max Seat #4 is the button
Seat 1: dvdhmstar ($5.29 in chips) 
Seat 2: fravacad ($1.11 in chips) 
Seat 3: Cipriuri ($5.93 in chips) 
Seat 4: enixblr ($5 in chips) 
Seat 5: BluffOnTable ($5 in chips) 
Seat 6: K.Yurka ($5 in chips) 
Seat 7: psbrets ($5.54 in chips) 
Seat 8: webby170 ($7.60 in chips) 
Seat 9: Dorex2007 ($7.48 in chips) 
BluffOnTable: posts small blind $0.02
K.Yurka: posts big blind $0.05
*** HOLE CARDS ***
Dealt to Dorex2007 [2h 3s]
psbrets: raises $0.07 to $0.12
webby170: folds 
Dorex2007: folds 
dvdhmstar: folds 
fravacad: folds 
Cipriuri: folds 
enixblr: folds 
BluffOnTable: folds 
K.Yurka: folds 
Uncalled bet ($0.07) returned to psbrets
psbrets collected $0.12 from pot
psbrets: doesn't show hand 
*** SUMMARY ***
Total pot $0.12 | Rake $0 
Seat 1: dvdhmstar folded before Flop (didn't bet)
Seat 2: fravacad folded before Flop (didn't bet)
Seat 3: Cipriuri folded before Flop (didn't bet)
Seat 4: enixblr (button) folded before Flop (didn't bet)
Seat 5: BluffOnTable (small blind) folded before Flop
Seat 6: K.Yurka (big blind) folded before Flop
Seat 7: psbrets collected ($0.12)
Seat 8: webby170 folded before Flop (didn't bet)
Seat 9: Dorex2007 folded before Flop (didn't bet)



PokerStars Hand #238468095408:  Hold'em No Limit ($0.02/$0.05 USD) - 2022/09/06 21:24:26 PT [2022/09/07 0:24:26 ET]
Table 'Grogler' 9-max Seat #5 is the button
Seat 1: dvdhmstar ($5.29 in chips) 
Seat 2: fravacad ($1.11 in chips) 
Seat 3: Cipriuri ($5.93 in chips) 
Seat 4: enixblr ($5 in chips) 
Seat 5: BluffOnTable ($5 in chips) 
Seat 6: K.Yurka ($5 in chips) 
Seat 7: psbrets ($5.61 in chips) 
Seat 8: webby170 ($7.60 in chips) 
Seat 9: Dorex2007 ($7.48 in chips) 
K.Yurka: posts small blind $0.02
psbrets: posts big blind $0.05
*** HOLE CARDS ***
Dealt to Dorex2007 [8d Jc]
webby170: folds 
Dorex2007: folds 
dvdhmstar: folds 
fravacad: calls $0.05
Cipriuri: folds 
enixblr: folds 
BluffOnTable: folds 
K.Yurka: folds 
psbrets: checks 
*** FLOP *** [Jh 4s Tc]
psbrets: checks 
fravacad: bets $0.15
psbrets: calls $0.15
*** TURN *** [Jh 4s Tc] [3d]
psbrets: checks 
fravacad: bets $0.10
psbrets: calls $0.10
*** RIVER *** [Jh 4s Tc 3d] [5d]
psbrets: checks 
fravacad: bets $0.24
psbrets: folds 
Uncalled bet ($0.24) returned to fravacad
fravacad collected $0.59 from pot
fravacad: doesn't show hand 
*** SUMMARY ***
Total pot $0.62 | Rake $0.03 
Board [Jh 4s Tc 3d 5d]
Seat 1: dvdhmstar folded before Flop (didn't bet)
Seat 2: fravacad collected ($0.59)
Seat 3: Cipriuri folded before Flop (didn't bet)
Seat 4: enixblr folded before Flop (didn't bet)
Seat 5: BluffOnTable (button) folded before Flop (didn't bet)
Seat 6: K.Yurka (small blind) folded before Flop
Seat 7: psbrets (big blind) folded on the River
Seat 8: webby170 folded before Flop (didn't bet)
Seat 9: Dorex2007 folded before Flop (didn't bet)



PokerStars Hand #238468102397:  Hold'em No Limit ($0.02/$0.05 USD) - 2022/09/06 21:25:23 PT [2022/09/07 0:25:23 ET]
Table 'Grogler' 9-max Seat #6 is the button
Seat 1: dvdhmstar ($5.29 in chips) 
Seat 2: fravacad ($1.40 in chips) 
Seat 3: Cipriuri ($5.93 in chips) 
Seat 4: enixblr ($5 in chips) 
Seat 5: BluffOnTable ($5 in chips) 
Seat 6: K.Yurka ($5 in chips) 
Seat 7: psbrets ($5.31 in chips) 
Seat 8: webby170 ($7.60 in chips) 
Seat 9: Dorex2007 ($7.48 in chips) 
psbrets: posts small blind $0.02
webby170: posts big blind $0.05
*** HOLE CARDS ***
Dealt to Dorex2007 [2s As]
Dorex2007: folds 
dvdhmstar: folds 
fravacad: folds 
Cipriuri: folds 
enixblr: folds 
BluffOnTable: folds 
K.Yurka: raises $0.07 to $0.12
psbrets: folds 
webby170: folds 
Uncalled bet ($0.07) returned to K.Yurka
K.Yurka collected $0.12 from pot
K.Yurka: doesn't show hand 
*** SUMMARY ***
Total pot $0.12 | Rake $0 
Seat 1: dvdhmstar folded before Flop (didn't bet)
Seat 2: fravacad folded before Flop (didn't bet)
Seat 3: Cipriuri folded before Flop (didn't bet)
Seat 4: enixblr folded before Flop (didn't bet)
Seat 5: BluffOnTable folded before Flop (didn't bet)
Seat 6: K.Yurka (button) collected ($0.12)
Seat 7: psbrets (small blind) folded before Flop
Seat 8: webby170 (big blind) folded before Flop
Seat 9: Dorex2007 folded before Flop (didn't bet)



PokerStars Hand #238468105734:  Hold'em No Limit ($0.02/$0.05 USD) - 2022/09/06 21:25:50 PT [2022/09/07 0:25:50 ET]
Table 'Grogler' 9-max Seat #7 is the button
Seat 1: dvdhmstar ($5.29 in chips) 
Seat 2: fravacad ($1.40 in chips) 
Seat 3: Cipriuri ($5.93 in chips) 
Seat 4: enixblr ($5 in chips) 
Seat 5: BluffOnTable ($5 in chips) 
Seat 6: K.Yurka ($5.07 in chips) 
Seat 7: psbrets ($5.29 in chips) 
Seat 8: webby170 ($7.55 in chips) 
Seat 9: Dorex2007 ($7.48 in chips) 
webby170: posts small blind $0.02
Dorex2007: posts big blind $0.05
*** HOLE CARDS ***
Dealt to Dorex2007 [5c Td]
dvdhmstar: raises $0.05 to $0.10
fravacad: folds 
Cipriuri: folds 
enixblr: raises $0.40 to $0.50
BluffOnTable: folds 
K.Yurka: folds 
psbrets: raises $1.40 to $1.90
webby170: folds 
Dorex2007: folds 
dvdhmstar: folds 
enixblr: raises $3.10 to $5 and is all-in
psbrets: calls $3.10
*** FLOP *** [6h 7h 6s]
*** TURN *** [6h 7h 6s] [5h]
*** RIVER *** [6h 7h 6s 5h] [8d]
*** SHOW DOWN ***
enixblr: shows [Ac Ad] (two pair, Aces and Sixes)
psbrets: shows [Ah As] (two pair, Aces and Sixes)
enixblr collected $4.88 from pot
psbrets collected $4.87 from pot
*** SUMMARY ***
Total pot $10.17 | Rake $0.42 
Board [6h 7h 6s 5h 8d]
Seat 1: dvdhmstar folded before Flop
Seat 2: fravacad folded before Flop (didn't bet)
Seat 3: Cipriuri folded before Flop (didn't bet)
Seat 4: enixblr showed [Ac Ad] and won ($4.88) with two pair, Aces and Sixes
Seat 5: BluffOnTable folded before Flop (didn't bet)
Seat 6: K.Yurka folded before Flop (didn't bet)
Seat 7: psbrets (button) showed [Ah As] and won ($4.87) with two pair, Aces and Sixes
Seat 8: webby170 (small blind) folded before Flop
Seat 9: Dorex2007 (big blind) folded before Flop



PokerStars Hand #238468112113:  Hold'em No Limit ($0.02/$0.05 USD) - 2022/09/06 21:26:40 PT [2022/09/07 0:26:40 ET]
Table 'Grogler' 9-max Seat #8 is the button
Seat 1: dvdhmstar ($5.19 in chips) 
Seat 2: fravacad ($1.40 in chips) 
Seat 3: Cipriuri ($5.93 in chips) 
Seat 4: enixblr ($5 in chips) 
Seat 5: BluffOnTable ($5 in chips) 
Seat 6: K.Yurka ($5.07 in chips) 
Seat 7: psbrets ($5.16 in chips) 
Seat 8: webby170 ($7.53 in chips) 
Seat 9: Dorex2007 ($7.43 in chips) 
Dorex2007: posts small blind $0.02
dvdhmstar: posts big blind $0.05
*** HOLE CARDS ***
Dealt to Dorex2007 [Jh 2h]
fravacad: folds 
Cipriuri: folds 
enixblr: folds 
BluffOnTable: folds 
K.Yurka: raises $0.10 to $0.15
psbrets: folds 
webby170: folds 
Dorex2007: folds 
dvdhmstar: folds 
Uncalled bet ($0.10) returned to K.Yurka
K.Yurka collected $0.12 from pot
K.Yurka: doesn't show hand 
*** SUMMARY ***
Total pot $0.12 | Rake $0 
Seat 1: dvdhmstar (big blind) folded before Flop
Seat 2: fravacad folded before Flop (didn't bet)
Seat 3: Cipriuri folded before Flop (didn't bet)
Seat 4: enixblr folded before Flop (didn't bet)
Seat 5: BluffOnTable folded before Flop (didn't bet)
Seat 6: K.Yurka collected ($0.12)
Seat 7: psbrets folded before Flop (didn't bet)
Seat 8: webby170 (button) folded before Flop (didn't bet)
Seat 9: Dorex2007 (small blind) folded before Flop



PokerStars Hand #238468115065:  Hold'em No Limit ($0.02/$0.05 USD) - 2022/09/06 21:27:05 PT [2022/09/07 0:27:05 ET]
Table 'Grogler' 9-max Seat #9 is the button
Seat 1: dvdhmstar ($5.14 in chips) 
Seat 2: fravacad ($1.40 in chips) 
Seat 3: Cipriuri ($5.93 in chips) 
Seat 4: enixblr ($5 in chips) 
Seat 5: BluffOnTable ($5 in chips) 
Seat 6: K.Yurka ($5.14 in chips) 
Seat 7: psbrets ($5.16 in chips) 
Seat 8: webby170 ($7.53 in chips) 
Seat 9: Dorex2007 ($7.41 in chips) 
dvdhmstar: posts small blind $0.02
fravacad: posts big blind $0.05
*** HOLE CARDS ***
Dealt to Dorex2007 [2c 9s]
Cipriuri: folds 
enixblr: folds 
BluffOnTable: folds 
K.Yurka: folds 
psbrets: folds 
webby170: folds 
Dorex2007: folds 
dvdhmstar: folds 
Uncalled bet ($0.03) returned to fravacad
fravacad collected $0.04 from pot
fravacad: doesn't show hand 
*** SUMMARY ***
Total pot $0.04 | Rake $0 
Seat 1: dvdhmstar (small blind) folded before Flop
Seat 2: fravacad (big blind) collected ($0.04)
Seat 3: Cipriuri folded before Flop (didn't bet)
Seat 4: enixblr folded before Flop (didn't bet)
Seat 5: BluffOnTable folded before Flop (didn't bet)
Seat 6: K.Yurka folded before Flop (didn't bet)
Seat 7: psbrets folded before Flop (didn't bet)
Seat 8: webby170 folded before Flop (didn't bet)
Seat 9: Dorex2007 (button) folded before Flop (didn't bet)



PokerStars Hand #238468120722:  Hold'em No Limit ($0.02/$0.05 USD) - 2022/09/06 21:27:50 PT [2022/09/07 0:27:50 ET]
Table 'Grogler' 9-max Seat #1 is the button
Seat 1: dvdhmstar ($5.12 in chips) 
Seat 2: fravacad ($1.42 in chips) 
Seat 3: Cipriuri ($5.93 in chips) 
Seat 4: enixblr ($5 in chips) 
Seat 5: BluffOnTable ($5 in chips) 
Seat 6: K.Yurka ($5.14 in chips) 
Seat 7: psbrets ($5.16 in chips) 
Seat 8: webby170 ($7.53 in chips) 
Seat 9: Dorex2007 ($7.41 in chips) 
fravacad: posts small blind $0.02
Cipriuri: posts big blind $0.05
*** HOLE CARDS ***
Dealt to Dorex2007 [5s Qd]
enixblr: folds 
BluffOnTable: folds 
K.Yurka: folds 
psbrets: folds 
webby170: folds 
Dorex2007: folds 
dvdhmstar: folds 
fravacad: calls $0.03
Cipriuri: checks 
*** FLOP *** [Td 2d 4c]
fravacad: checks 
Cipriuri: bets $0.05
fravacad: folds 
Uncalled bet ($0.05) returned to Cipriuri
Cipriuri collected $0.10 from pot
Cipriuri: doesn't show hand 
*** SUMMARY ***
Total pot $0.10 | Rake $0 
Board [Td 2d 4c]
Seat 1: dvdhmstar (button) folded before Flop (didn't bet)
Seat 2: fravacad (small blind) folded on the Flop
Seat 3: Cipriuri (big blind) collected ($0.10)
Seat 4: enixblr folded before Flop (didn't bet)
Seat 5: BluffOnTable folded before Flop (didn't bet)
Seat 6: K.Yurka folded before Flop (didn't bet)
Seat 7: psbrets folded before Flop (didn't bet)
Seat 8: webby170 folded before Flop (didn't bet)
Seat 9: Dorex2007 folded before Flop (didn't bet)



PokerStars Hand #238468126471:  Hold'em No Limit ($0.02/$0.05 USD) - 2022/09/06 21:28:36 PT [2022/09/07 0:28:36 ET]
Table 'Grogler' 9-max Seat #2 is the button
Seat 1: dvdhmstar ($5.12 in chips) 
Seat 2: fravacad ($1.37 in chips) 
Seat 3: Cipriuri ($5.98 in chips) 
Seat 4: enixblr ($5 in chips) 
Seat 5: BluffOnTable ($5 in chips) 
Seat 6: K.Yurka ($5.14 in chips) 
Seat 7: psbrets ($5.16 in chips) 
Seat 8: webby170 ($7.53 in chips) 
Seat 9: Dorex2007 ($7.41 in chips) 
Cipriuri: posts small blind $0.02
enixblr: posts big blind $0.05
*** HOLE CARDS ***
Dealt to Dorex2007 [Qh 7h]
BluffOnTable: raises $0.10 to $0.15
K.Yurka: folds 
psbrets: raises $0.50 to $0.65
webby170: folds 
Dorex2007: folds 
dvdhmstar: folds 
fravacad: folds 
Cipriuri: folds 
enixblr: folds 
BluffOnTable: folds 
Uncalled bet ($0.50) returned to psbrets
psbrets collected $0.37 from pot
psbrets: doesn't show hand 
*** SUMMARY ***
Total pot $0.37 | Rake $0 
Seat 1: dvdhmstar folded before Flop (didn't bet)
Seat 2: fravacad (button) folded before Flop (didn't bet)
Seat 3: Cipriuri (small blind) folded before Flop
Seat 4: enixblr (big blind) folded before Flop
Seat 5: BluffOnTable folded before Flop
Seat 6: K.Yurka folded before Flop (didn't bet)
Seat 7: psbrets collected ($0.37)
Seat 8: webby170 folded before Flop (didn't bet)
Seat 9: Dorex2007 folded before Flop (didn't bet)



PokerStars Hand #238468129463:  Hold'em No Limit ($0.02/$0.05 USD) - 2022/09/06 21:29:00 PT [2022/09/07 0:29:00 ET]
Table 'Grogler' 9-max Seat #3 is the button
Seat 1: dvdhmstar ($5.12 in chips) 
Seat 2: fravacad ($1.37 in chips) 
Seat 3: Cipriuri ($5.96 in chips) 
Seat 4: enixblr ($5 in chips) 
Seat 5: BluffOnTable ($5 in chips) 
Seat 6: K.Yurka ($5.14 in chips) 
Seat 7: psbrets ($5.38 in chips) 
Seat 8: webby170 ($7.53 in chips) 
Seat 9: Dorex2007 ($7.41 in chips) 
enixblr: posts small blind $0.02
BluffOnTable: posts big blind $0.05
*** HOLE CARDS ***
Dealt to Dorex2007 [Ts 3h]
K.Yurka: folds 
psbrets: folds 
webby170: folds 
Dorex2007: folds 
dvdhmstar: folds 
fravacad: folds 
Cipriuri: folds 
enixblr: raises $0.10 to $0.15
BluffOnTable: calls $0.10
*** FLOP *** [4c Jh Ac]
enixblr: checks 
BluffOnTable: checks 
*** TURN *** [4c Jh Ac] [Jc]
enixblr: checks 
BluffOnTable: bets $0.19
enixblr: folds 
Uncalled bet ($0.19) returned to BluffOnTable
BluffOnTable collected $0.29 from pot
BluffOnTable: doesn't show hand 
*** SUMMARY ***
Total pot $0.30 | Rake $0.01 
Board [4c Jh Ac Jc]
Seat 1: dvdhmstar folded before Flop (didn't bet)
Seat 2: fravacad folded before Flop (didn't bet)
Seat 3: Cipriuri (button) folded before Flop (didn't bet)
Seat 4: enixblr (small blind) folded on the Turn
Seat 5: BluffOnTable (big blind) collected ($0.29)
Seat 6: K.Yurka folded before Flop (didn't bet)
Seat 7: psbrets folded before Flop (didn't bet)
Seat 8: webby170 folded before Flop (didn't bet)
Seat 9: Dorex2007 folded before Flop (didn't bet)



PokerStars Hand #238468135581:  Hold'em No Limit ($0.02/$0.05 USD) - 2022/09/06 21:29:50 PT [2022/09/07 0:29:50 ET]
Table 'Grogler' 9-max Seat #4 is the button
Seat 1: dvdhmstar ($5.12 in chips) 
Seat 2: fravacad ($1.37 in chips) 
Seat 3: Cipriuri ($5.96 in chips) 
Seat 4: enixblr ($5 in chips) 
Seat 5: BluffOnTable ($5.14 in chips) 
Seat 6: K.Yurka ($5.14 in chips) 
Seat 7: psbrets ($5.38 in chips) 
Seat 8: webby170 ($7.53 in chips) 
Seat 9: Dorex2007 ($7.41 in chips) 
BluffOnTable: posts small blind $0.02
K.Yurka: posts big blind $0.05
*** HOLE CARDS ***
Dealt to Dorex2007 [5s 4h]
psbrets: folds 
webby170: raises $0.06 to $0.11
Dorex2007: folds 
dvdhmstar: folds 
fravacad: folds 
Cipriuri: folds 
enixblr: folds 
BluffOnTable: folds 
K.Yurka: folds 
Uncalled bet ($0.06) returned to webby170
webby170 collected $0.12 from pot
*** SUMMARY ***
Total pot $0.12 | Rake $0 
Seat 1: dvdhmstar folded before Flop (didn't bet)
Seat 2: fravacad folded before Flop (didn't bet)
Seat 3: Cipriuri folded before Flop (didn't bet)
Seat 4: enixblr (button) folded before Flop (didn't bet)
Seat 5: BluffOnTable (small blind) folded before Flop
Seat 6: K.Yurka (big blind) folded before Flop
Seat 7: psbrets folded before Flop (didn't bet)
Seat 8: webby170 collected ($0.12)
Seat 9: Dorex2007 folded before Flop (didn't bet)



PokerStars Hand #238468138937:  Hold'em No Limit ($0.02/$0.05 USD) - 2022/09/06 21:30:17 PT [2022/09/07 0:30:17 ET]
Table 'Grogler' 9-max Seat #5 is the button
Seat 1: dvdhmstar ($5.12 in chips) 
Seat 2: fravacad ($1.37 in chips) 
Seat 3: Cipriuri ($5.96 in chips) 
Seat 4: enixblr ($5 in chips) 
Seat 5: BluffOnTable ($5.12 in chips) 
Seat 6: K.Yurka ($5.09 in chips) 
Seat 7: psbrets ($5.38 in chips) 
Seat 8: webby170 ($7.60 in chips) 
Seat 9: Dorex2007 ($7.41 in chips) 
K.Yurka: posts small blind $0.02
psbrets: posts big blind $0.05
*** HOLE CARDS ***
Dealt to Dorex2007 [3c 7d]
webby170: raises $0.06 to $0.11
Dorex2007: folds 
dvdhmstar: folds 
fravacad: folds 
Cipriuri: folds 
enixblr: folds 
BluffOnTable: folds 
K.Yurka: raises $0.34 to $0.45
psbrets: folds 
webby170: calls $0.34
*** FLOP *** [9d 9c 5d]
K.Yurka: bets $0.46
webby170: folds 
Uncalled bet ($0.46) returned to K.Yurka
K.Yurka collected $0.91 from pot
K.Yurka: doesn't show hand 
*** SUMMARY ***
Total pot $0.95 | Rake $0.04 
Board [9d 9c 5d]
Seat 1: dvdhmstar folded before Flop (didn't bet)
Seat 2: fravacad folded before Flop (didn't bet)
Seat 3: Cipriuri folded before Flop (didn't bet)
Seat 4: enixblr folded before Flop (didn't bet)
Seat 5: BluffOnTable (button) folded before Flop (didn't bet)
Seat 6: K.Yurka (small blind) collected ($0.91)
Seat 7: psbrets (big blind) folded before Flop
Seat 8: webby170 folded on the Flop
Seat 9: Dorex2007 folded before Flop (didn't bet)



PokerStars Hand #238468144268:  Hold'em No Limit ($0.02/$0.05 USD) - 2022/09/06 21:31:01 PT [2022/09/07 0:31:01 ET]
Table 'Grogler' 9-max Seat #6 is the button
Seat 1: dvdhmstar ($5.12 in chips) 
Seat 2: fravacad ($1.37 in chips) 
Seat 3: Cipriuri ($5.96 in chips) 
Seat 4: enixblr ($5 in chips) 
Seat 5: BluffOnTable ($5.12 in chips) 
Seat 6: K.Yurka ($5.55 in chips) 
Seat 7: psbrets ($5.33 in chips) 
Seat 8: webby170 ($7.15 in chips) 
Seat 9: Dorex2007 ($7.41 in chips) 
psbrets: posts small blind $0.02
webby170: posts big blind $0.05
*** HOLE CARDS ***
Dealt to Dorex2007 [Qd 6d]
Dorex2007: folds 
dvdhmstar: raises $0.05 to $0.10
fravacad: folds 
Cipriuri: folds 
enixblr: calls $0.10
BluffOnTable: folds 
K.Yurka: folds 
psbrets: folds 
webby170: calls $0.05
*** FLOP *** [6c 5d 4d]
webby170: checks 
dvdhmstar: bets $0.10
enixblr: calls $0.10
webby170: folds 
*** TURN *** [6c 5d 4d] [Kh]
dvdhmstar: bets $0.10
enixblr: raises $0.35 to $0.45
dvdhmstar: folds 
Uncalled bet ($0.35) returned to enixblr
enixblr collected $0.69 from pot
enixblr: doesn't show hand 
*** SUMMARY ***
Total pot $0.72 | Rake $0.03 
Board [6c 5d 4d Kh]
Seat 1: dvdhmstar folded on the Turn
Seat 2: fravacad folded before Flop (didn't bet)
Seat 3: Cipriuri folded before Flop (didn't bet)
Seat 4: enixblr collected ($0.69)
Seat 5: BluffOnTable folded before Flop (didn't bet)
Seat 6: K.Yurka (button) folded before Flop (didn't bet)
Seat 7: psbrets (small blind) folded before Flop
Seat 8: webby170 (big blind) folded on the Flop
Seat 9: Dorex2007 folded before Flop (didn't bet)



PokerStars Hand #238468155456:  Hold'em No Limit ($0.02/$0.05 USD) - 2022/09/06 21:32:33 PT [2022/09/07 0:32:33 ET]
Table 'Grogler' 9-max Seat #7 is the button
Seat 1: dvdhmstar ($4.82 in chips) 
Seat 2: fravacad ($1.37 in chips) 
Seat 3: Cipriuri ($5.96 in chips) 
Seat 4: enixblr ($5.39 in chips) 
Seat 5: BluffOnTable ($5.12 in chips) 
Seat 6: K.Yurka ($5.55 in chips) 
Seat 7: psbrets ($5.31 in chips) 
Seat 8: webby170 ($7.05 in chips) 
Seat 9: Dorex2007 ($7.41 in chips) 
webby170: posts small blind $0.02
Dorex2007: posts big blind $0.05
*** HOLE CARDS ***
Dealt to Dorex2007 [Ah 6d]
dvdhmstar: folds 
fravacad: folds 
Cipriuri: folds 
enixblr: raises $0.07 to $0.12
BluffOnTable: folds 
K.Yurka: folds 
psbrets: folds 
webby170: folds 
Dorex2007: calls $0.07
*** FLOP *** [3c 7h 6c]
Dorex2007: checks 
enixblr: checks 
*** TURN *** [3c 7h 6c] [Qc]
Dorex2007: checks 
enixblr: bets $0.17
Dorex2007: folds 
Uncalled bet ($0.17) returned to enixblr
enixblr collected $0.25 from pot
enixblr: doesn't show hand 
*** SUMMARY ***
Total pot $0.26 | Rake $0.01 
Board [3c 7h 6c Qc]
Seat 1: dvdhmstar folded before Flop (didn't bet)
Seat 2: fravacad folded before Flop (didn't bet)
Seat 3: Cipriuri folded before Flop (didn't bet)
Seat 4: enixblr collected ($0.25)
Seat 5: BluffOnTable folded before Flop (didn't bet)
Seat 6: K.Yurka folded before Flop (didn't bet)
Seat 7: psbrets (button) folded before Flop (didn't bet)
Seat 8: webby170 (small blind) folded before Flop
Seat 9: Dorex2007 (big blind) folded on the Turn



PokerStars Hand #238468161937:  Hold'em No Limit ($0.02/$0.05 USD) - 2022/09/06 21:33:27 PT [2022/09/07 0:33:27 ET]
Table 'Grogler' 9-max Seat #8 is the button
Seat 1: dvdhmstar ($4.82 in chips) 
Seat 2: fravacad ($1.37 in chips) 
Seat 3: Cipriuri ($5.96 in chips) 
Seat 4: enixblr ($5.52 in chips) 
Seat 5: BluffOnTable ($5.12 in chips) 
Seat 6: K.Yurka ($5.55 in chips) 
Seat 7: psbrets ($5.31 in chips) 
Seat 8: webby170 ($7.03 in chips) 
Seat 9: Dorex2007 ($7.29 in chips) 
Dorex2007: posts small blind $0.02
dvdhmstar: posts big blind $0.05
*** HOLE CARDS ***
Dealt to Dorex2007 [Ac 9c]
fravacad: folds 
Cipriuri has timed out
Cipriuri: folds 
enixblr: folds 
BluffOnTable: folds 
K.Yurka: folds 
psbrets: folds 
webby170: folds 
Dorex2007: raises $0.05 to $0.10
dvdhmstar: calls $0.05
*** FLOP *** [2c Kh Ts]
Dorex2007: checks 
dvdhmstar: bets $0.05
Dorex2007: folds 
Uncalled bet ($0.05) returned to dvdhmstar
dvdhmstar collected $0.19 from pot
*** SUMMARY ***
Total pot $0.20 | Rake $0.01 
Board [2c Kh Ts]
Seat 1: dvdhmstar (big blind) collected ($0.19)
Seat 2: fravacad folded before Flop (didn't bet)
Seat 3: Cipriuri folded before Flop (didn't bet)
Seat 4: enixblr folded before Flop (didn't bet)
Seat 5: BluffOnTable folded before Flop (didn't bet)
Seat 6: K.Yurka folded before Flop (didn't bet)
Seat 7: psbrets folded before Flop (didn't bet)
Seat 8: webby170 (button) folded before Flop (didn't bet)
Seat 9: Dorex2007 (small blind) folded on the Flop



PokerStars Hand #238468166870:  Hold'em No Limit ($0.02/$0.05 USD) - 2022/09/06 21:34:07 PT [2022/09/07 0:34:07 ET]
Table 'Grogler' 9-max Seat #9 is the button
Seat 1: dvdhmstar ($4.91 in chips) 
Seat 2: fravacad ($1.37 in chips) 
Seat 4: enixblr ($5.52 in chips) 
Seat 5: BluffOnTable ($5.12 in chips) 
Seat 6: K.Yurka ($5.55 in chips) 
Seat 7: psbrets ($5.31 in chips) 
Seat 8: webby170 ($7.03 in chips) 
Seat 9: Dorex2007 ($7.19 in chips) 
dvdhmstar: posts small blind $0.02
fravacad: posts big blind $0.05
*** HOLE CARDS ***
Dealt to Dorex2007 [2h 8c]
enixblr: folds 
BluffOnTable: raises $0.10 to $0.15
K.Yurka: calls $0.15
psbrets: calls $0.15
webby170: folds 
Dorex2007: folds 
dvdhmstar: folds 
fravacad: folds 
*** FLOP *** [7s Qh 4h]
BluffOnTable: checks 
K.Yurka: checks 
psbrets: bets $0.38
BluffOnTable: raises $0.57 to $0.95
K.Yurka: folds 
psbrets: folds 
Uncalled bet ($0.57) returned to BluffOnTable
BluffOnTable collected $1.23 from pot
BluffOnTable: doesn't show hand 
*** SUMMARY ***
Total pot $1.28 | Rake $0.05 
Board [7s Qh 4h]
Seat 1: dvdhmstar (small blind) folded before Flop
Seat 2: fravacad (big blind) folded before Flop
Seat 4: enixblr folded before Flop (didn't bet)
Seat 5: BluffOnTable collected ($1.23)
Seat 6: K.Yurka folded on the Flop
Seat 7: psbrets folded on the Flop
Seat 8: webby170 folded before Flop (didn't bet)
Seat 9: Dorex2007 (button) folded before Flop (didn't bet)



PokerStars Hand #238468170899:  Hold'em No Limit ($0.02/$0.05 USD) - 2022/09/06 21:34:41 PT [2022/09/07 0:34:41 ET]
Table 'Grogler' 9-max Seat #1 is the button
Seat 1: dvdhmstar ($4.89 in chips) 
Seat 2: fravacad ($1.32 in chips) 
Seat 3: Cipriuri ($5.96 in chips) 
Seat 4: enixblr ($5.52 in chips) 
Seat 5: BluffOnTable ($5.82 in chips) 
Seat 6: K.Yurka ($5.40 in chips) 
Seat 7: psbrets ($5 in chips) 
Seat 8: webby170 ($7.03 in chips) 
Seat 9: Dorex2007 ($7.19 in chips) 
fravacad: posts small blind $0.02
Cipriuri: posts big blind $0.05
*** HOLE CARDS ***
Dealt to Dorex2007 [8c 8h]
enixblr: folds 
BluffOnTable: folds 
K.Yurka: folds 
psbrets: folds 
webby170: folds 
Dorex2007: raises $0.05 to $0.10
dvdhmstar: folds 
fravacad: calls $0.08
Cipriuri: calls $0.05
*** FLOP *** [3h Ad 8s]
fravacad: checks 
Cipriuri: bets $0.14
Dorex2007: calls $0.14
fravacad: folds 
*** TURN *** [3h Ad 8s] [9h]
Cipriuri: bets $0.28
Dorex2007: raises $0.56 to $0.84
Cipriuri: folds 
Uncalled bet ($0.56) returned to Dorex2007
Dorex2007 collected $1.09 from pot
Dorex2007: doesn't show hand 
*** SUMMARY ***
Total pot $1.14 | Rake $0.05 
Board [3h Ad 8s 9h]
Seat 1: dvdhmstar (button) folded before Flop (didn't bet)
Seat 2: fravacad (small blind) folded on the Flop
Seat 3: Cipriuri (big blind) folded on the Turn
Seat 4: enixblr folded before Flop (didn't bet)
Seat 5: BluffOnTable folded before Flop (didn't bet)
Seat 6: K.Yurka folded before Flop (didn't bet)
Seat 7: psbrets folded before Flop (didn't bet)
Seat 8: webby170 folded before Flop (didn't bet)
Seat 9: Dorex2007 collected ($1.09)



PokerStars Hand #238468181649:  Hold'em No Limit ($0.02/$0.05 USD) - 2022/09/06 21:36:11 PT [2022/09/07 0:36:11 ET]
Table 'Grogler' 9-max Seat #2 is the button
Seat 1: dvdhmstar ($4.89 in chips) 
Seat 2: fravacad ($1.22 in chips) 
Seat 3: Cipriuri ($5.44 in chips) 
Seat 4: enixblr ($5.52 in chips) 
Seat 5: BluffOnTable ($5.82 in chips) 
Seat 6: K.Yurka ($5.40 in chips) 
Seat 7: psbrets ($5 in chips) 
Seat 8: webby170 ($7.03 in chips) 
Seat 9: Dorex2007 ($7.76 in chips) 
Cipriuri: posts small blind $0.02
enixblr: posts big blind $0.05
*** HOLE CARDS ***
Dealt to Dorex2007 [3s 9h]
BluffOnTable: folds 
K.Yurka: folds 
psbrets: raises $0.07 to $0.12
webby170: folds 
Dorex2007: folds 
dvdhmstar: folds 
fravacad: folds 
Cipriuri: folds 
enixblr: folds 
Uncalled bet ($0.07) returned to psbrets
psbrets collected $0.12 from pot
psbrets: doesn't show hand 
*** SUMMARY ***
Total pot $0.12 | Rake $0 
Seat 1: dvdhmstar folded before Flop (didn't bet)
Seat 2: fravacad (button) folded before Flop (didn't bet)
Seat 3: Cipriuri (small blind) folded before Flop
Seat 4: enixblr (big blind) folded before Flop
Seat 5: BluffOnTable folded before Flop (didn't bet)
Seat 6: K.Yurka folded before Flop (didn't bet)
Seat 7: psbrets collected ($0.12)
Seat 8: webby170 folded before Flop (didn't bet)
Seat 9: Dorex2007 folded before Flop (didn't bet)



PokerStars Hand #238468184855:  Hold'em No Limit ($0.02/$0.05 USD) - 2022/09/06 21:36:38 PT [2022/09/07 0:36:38 ET]
Table 'Grogler' 9-max Seat #3 is the button
Seat 1: dvdhmstar ($4.89 in chips) 
Seat 2: fravacad ($1.22 in chips) 
Seat 3: Cipriuri ($5.42 in chips) 
Seat 4: enixblr ($5.47 in chips) 
Seat 5: BluffOnTable ($5.82 in chips) 
Seat 6: K.Yurka ($5.40 in chips) 
Seat 7: psbrets ($5.07 in chips) 
Seat 8: webby170 ($7.03 in chips) 
Seat 9: Dorex2007 ($7.76 in chips) 
enixblr: posts small blind $0.02
BluffOnTable: posts big blind $0.05
*** HOLE CARDS ***
Dealt to Dorex2007 [Kh Jc]
K.Yurka: folds 
psbrets: folds 
webby170: folds 
Dorex2007: calls $0.05
dvdhmstar: folds 
fravacad: folds 
Cipriuri: folds 
enixblr: folds 
BluffOnTable: checks 
*** FLOP *** [Qs 7h 9c]
BluffOnTable: checks 
Dorex2007: checks 
*** TURN *** [Qs 7h 9c] [6d]
BluffOnTable: checks 
Dorex2007: checks 
*** RIVER *** [Qs 7h 9c 6d] [4d]
BluffOnTable: checks 
Dorex2007: checks 
*** SHOW DOWN ***
BluffOnTable: shows [Ac Td] (high card Ace)
Dorex2007: mucks hand 
BluffOnTable collected $0.12 from pot
*** SUMMARY ***
Total pot $0.12 | Rake $0 
Board [Qs 7h 9c 6d 4d]
Seat 1: dvdhmstar folded before Flop (didn't bet)
Seat 2: fravacad folded before Flop (didn't bet)
Seat 3: Cipriuri (button) folded before Flop (didn't bet)
Seat 4: enixblr (small blind) folded before Flop
Seat 5: BluffOnTable (big blind) showed [Ac Td] and won ($0.12) with high card Ace
Seat 6: K.Yurka folded before Flop (didn't bet)
Seat 7: psbrets folded before Flop (didn't bet)
Seat 8: webby170 folded before Flop (didn't bet)
Seat 9: Dorex2007 mucked [Kh Jc]



PokerStars Hand #238468191462:  Hold'em No Limit ($0.02/$0.05 USD) - 2022/09/06 21:37:32 PT [2022/09/07 0:37:32 ET]
Table 'Grogler' 9-max Seat #4 is the button
Seat 1: dvdhmstar ($4.89 in chips) 
Seat 2: fravacad ($1.22 in chips) 
Seat 3: Cipriuri ($5.42 in chips) 
Seat 4: enixblr ($5.45 in chips) 
Seat 5: BluffOnTable ($5.89 in chips) 
Seat 6: K.Yurka ($5.40 in chips) 
Seat 7: psbrets ($5.07 in chips) 
Seat 8: webby170 ($7.03 in chips) 
Seat 9: Dorex2007 ($7.71 in chips) 
BluffOnTable: posts small blind $0.02
K.Yurka: posts big blind $0.05
*** HOLE CARDS ***
Dealt to Dorex2007 [Th 6h]
psbrets: folds 
webby170: folds 
Dorex2007: folds 
dvdhmstar: folds 
fravacad: folds 
Cipriuri: folds 
enixblr: raises $0.07 to $0.12
BluffOnTable: calls $0.10
K.Yurka: folds 
*** FLOP *** [7c 2d 4s]
BluffOnTable: checks 
enixblr: bets $0.15
BluffOnTable: calls $0.15
*** TURN *** [7c 2d 4s] [2h]
BluffOnTable: checks 
enixblr: checks 
*** RIVER *** [7c 2d 4s 2h] [Qs]
BluffOnTable: checks 
enixblr: bets $0.43
BluffOnTable: folds 
Uncalled bet ($0.43) returned to enixblr
enixblr collected $0.57 from pot
enixblr: doesn't show hand 
*** SUMMARY ***
Total pot $0.59 | Rake $0.02 
Board [7c 2d 4s 2h Qs]
Seat 1: dvdhmstar folded before Flop (didn't bet)
Seat 2: fravacad folded before Flop (didn't bet)
Seat 3: Cipriuri folded before Flop (didn't bet)
Seat 4: enixblr (button) collected ($0.57)
Seat 5: BluffOnTable (small blind) folded on the River
Seat 6: K.Yurka (big blind) folded before Flop
Seat 7: psbrets folded before Flop (didn't bet)
Seat 8: webby170 folded before Flop (didn't bet)
Seat 9: Dorex2007 folded before Flop (didn't bet)



PokerStars Hand #238468200612:  Hold'em No Limit ($0.02/$0.05 USD) - 2022/09/06 21:38:48 PT [2022/09/07 0:38:48 ET]
Table 'Grogler' 9-max Seat #5 is the button
Seat 1: dvdhmstar ($4.89 in chips) 
Seat 2: fravacad ($1.22 in chips) 
Seat 3: Cipriuri ($5.42 in chips) 
Seat 4: enixblr ($5.75 in chips) 
Seat 5: BluffOnTable ($5.62 in chips) 
Seat 6: K.Yurka ($5.35 in chips) 
Seat 7: psbrets ($5.07 in chips) 
Seat 8: webby170 ($7.03 in chips) 
Seat 9: Dorex2007 ($7.71 in chips) 
K.Yurka: posts small blind $0.02
psbrets: posts big blind $0.05
*** HOLE CARDS ***
Dealt to Dorex2007 [7c 8c]
webby170: raises $0.06 to $0.11
Dorex2007: folds 
dvdhmstar: folds 
fravacad: folds 
Cipriuri: folds 
enixblr: folds 
BluffOnTable: folds 
K.Yurka: folds 
psbrets: calls $0.06
*** FLOP *** [3d Qc Kd]
psbrets: checks 
webby170: checks 
*** TURN *** [3d Qc Kd] [3c]
psbrets: checks 
webby170: checks 
*** RIVER *** [3d Qc Kd 3c] [Js]
psbrets: checks 
webby170: bets $0.23
psbrets: folds 
Uncalled bet ($0.23) returned to webby170
webby170 collected $0.23 from pot
*** SUMMARY ***
Total pot $0.24 | Rake $0.01 
Board [3d Qc Kd 3c Js]
Seat 1: dvdhmstar folded before Flop (didn't bet)
Seat 2: fravacad folded before Flop (didn't bet)
Seat 3: Cipriuri folded before Flop (didn't bet)
Seat 4: enixblr folded before Flop (didn't bet)
Seat 5: BluffOnTable (button) folded before Flop (didn't bet)
Seat 6: K.Yurka (small blind) folded before Flop
Seat 7: psbrets (big blind) folded on the River
Seat 8: webby170 collected ($0.23)
Seat 9: Dorex2007 folded before Flop (didn't bet)



PokerStars Hand #238468204793:  Hold'em No Limit ($0.02/$0.05 USD) - 2022/09/06 21:39:23 PT [2022/09/07 0:39:23 ET]
Table 'Grogler' 9-max Seat #6 is the button
Seat 1: dvdhmstar ($4.89 in chips) 
Seat 2: fravacad ($1.22 in chips) 
Seat 3: Cipriuri ($5.42 in chips) 
Seat 4: enixblr ($5.75 in chips) 
Seat 5: BluffOnTable ($5.62 in chips) 
Seat 6: K.Yurka ($5.33 in chips) 
Seat 7: psbrets ($5 in chips) 
Seat 8: webby170 ($7.15 in chips) 
Seat 9: Dorex2007 ($7.71 in chips) 
psbrets: posts small blind $0.02
webby170: posts big blind $0.05
*** HOLE CARDS ***
Dealt to Dorex2007 [Ts 9c]
Dorex2007: folds 
dvdhmstar: folds 
fravacad: folds 
Cipriuri: folds 
enixblr: folds 
BluffOnTable: raises $0.10 to $0.15
K.Yurka: folds 
psbrets: folds 
webby170: folds 
Uncalled bet ($0.10) returned to BluffOnTable
BluffOnTable collected $0.12 from pot
BluffOnTable: doesn't show hand 
*** SUMMARY ***
Total pot $0.12 | Rake $0 
Seat 1: dvdhmstar folded before Flop (didn't bet)
Seat 2: fravacad folded before Flop (didn't bet)
Seat 3: Cipriuri folded before Flop (didn't bet)
Seat 4: enixblr folded before Flop (didn't bet)
Seat 5: BluffOnTable collected ($0.12)
Seat 6: K.Yurka (button) folded before Flop (didn't bet)
Seat 7: psbrets (small blind) folded before Flop
Seat 8: webby170 (big blind) folded before Flop
Seat 9: Dorex2007 folded before Flop (didn't bet)



PokerStars Hand #238468207189:  Hold'em No Limit ($0.02/$0.05 USD) - 2022/09/06 21:39:43 PT [2022/09/07 0:39:43 ET]
Table 'Grogler' 9-max Seat #7 is the button
Seat 1: dvdhmstar ($4.89 in chips) 
Seat 2: fravacad ($1.22 in chips) 
Seat 3: Cipriuri ($5.42 in chips) 
Seat 4: enixblr ($5.75 in chips) 
Seat 5: BluffOnTable ($5.69 in chips) 
Seat 6: K.Yurka ($5.33 in chips) 
Seat 7: psbrets ($5 in chips) 
Seat 8: webby170 ($7.10 in chips) 
Seat 9: Dorex2007 ($7.71 in chips) 
webby170: posts small blind $0.02
Dorex2007: posts big blind $0.05
*** HOLE CARDS ***
Dealt to Dorex2007 [5h Kd]
dvdhmstar: folds 
fravacad: folds 
Cipriuri: raises $0.10 to $0.15
enixblr: folds 
BluffOnTable: folds 
K.Yurka: folds 
psbrets: folds 
webby170: folds 
Dorex2007: folds 
Uncalled bet ($0.10) returned to Cipriuri
Cipriuri collected $0.12 from pot
Cipriuri: doesn't show hand 
*** SUMMARY ***
Total pot $0.12 | Rake $0 
Seat 1: dvdhmstar folded before Flop (didn't bet)
Seat 2: fravacad folded before Flop (didn't bet)
Seat 3: Cipriuri collected ($0.12)
Seat 4: enixblr folded before Flop (didn't bet)
Seat 5: BluffOnTable folded before Flop (didn't bet)
Seat 6: K.Yurka folded before Flop (didn't bet)
Seat 7: psbrets (button) folded before Flop (didn't bet)
Seat 8: webby170 (small blind) folded before Flop
Seat 9: Dorex2007 (big blind) folded before Flop



PokerStars Hand #238468210113:  Hold'em No Limit ($0.02/$0.05 USD) - 2022/09/06 21:40:08 PT [2022/09/07 0:40:08 ET]
Table 'Grogler' 9-max Seat #8 is the button
Seat 1: dvdhmstar ($4.89 in chips) 
Seat 2: fravacad ($1.22 in chips) 
Seat 3: Cipriuri ($5.49 in chips) 
Seat 4: enixblr ($5.75 in chips) 
Seat 5: BluffOnTable ($5.69 in chips) 
Seat 6: K.Yurka ($5.33 in chips) 
Seat 7: psbrets ($5 in chips) 
Seat 8: webby170 ($7.08 in chips) 
Seat 9: Dorex2007 ($7.66 in chips) 
Dorex2007: posts small blind $0.02
dvdhmstar: posts big blind $0.05
*** HOLE CARDS ***
Dealt to Dorex2007 [Tc 7d]
fravacad: folds 
Cipriuri: folds 
enixblr: folds 
BluffOnTable: folds 
K.Yurka: folds 
psbrets: folds 
webby170: folds 
Dorex2007: folds 
Uncalled bet ($0.03) returned to dvdhmstar
dvdhmstar collected $0.04 from pot
*** SUMMARY ***
Total pot $0.04 | Rake $0 
Seat 1: dvdhmstar (big blind) collected ($0.04)
Seat 2: fravacad folded before Flop (didn't bet)
Seat 3: Cipriuri folded before Flop (didn't bet)
Seat 4: enixblr folded before Flop (didn't bet)
Seat 5: BluffOnTable folded before Flop (didn't bet)
Seat 6: K.Yurka folded before Flop (didn't bet)
Seat 7: psbrets folded before Flop (didn't bet)
Seat 8: webby170 (button) folded before Flop (didn't bet)
Seat 9: Dorex2007 (small blind) folded before Flop



PokerStars Hand #238468211664:  Hold'em No Limit ($0.02/$0.05 USD) - 2022/09/06 21:40:21 PT [2022/09/07 0:40:21 ET]
Table 'Grogler' 9-max Seat #9 is the button
Seat 1: dvdhmstar ($4.91 in chips) 
Seat 2: fravacad ($1.22 in chips) 
Seat 3: Cipriuri ($5.49 in chips) 
Seat 4: enixblr ($5.75 in chips) 
Seat 5: BluffOnTable ($5.69 in chips) 
Seat 6: K.Yurka ($5.33 in chips) 
Seat 7: psbrets ($5 in chips) 
Seat 8: webby170 ($7.08 in chips) 
Seat 9: Dorex2007 ($7.64 in chips) 
dvdhmstar: posts small blind $0.02
fravacad: posts big blind $0.05
*** HOLE CARDS ***
Dealt to Dorex2007 [Jc 4h]
Cipriuri: folds 
enixblr: folds 
BluffOnTable: folds 
K.Yurka: raises $0.10 to $0.15
psbrets: folds 
webby170: folds 
Dorex2007: folds 
dvdhmstar: folds 
fravacad: calls $0.10
*** FLOP *** [Jh 6s 6h]
fravacad: checks 
K.Yurka: bets $0.12
fravacad: folds 
Uncalled bet ($0.12) returned to K.Yurka
K.Yurka collected $0.31 from pot
K.Yurka: doesn't show hand 
*** SUMMARY ***
Total pot $0.32 | Rake $0.01 
Board [Jh 6s 6h]
Seat 1: dvdhmstar (small blind) folded before Flop
Seat 2: fravacad (big blind) folded on the Flop
Seat 3: Cipriuri folded before Flop (didn't bet)
Seat 4: enixblr folded before Flop (didn't bet)
Seat 5: BluffOnTable folded before Flop (didn't bet)
Seat 6: K.Yurka collected ($0.31)
Seat 7: psbrets folded before Flop (didn't bet)
Seat 8: webby170 folded before Flop (didn't bet)
Seat 9: Dorex2007 (button) folded before Flop (didn't bet)



PokerStars Hand #238468217463:  Hold'em No Limit ($0.02/$0.05 USD) - 2022/09/06 21:41:09 PT [2022/09/07 0:41:09 ET]
Table 'Grogler' 9-max Seat #1 is the button
Seat 1: dvdhmstar ($4.89 in chips) 
Seat 2: fravacad ($1.07 in chips) 
Seat 3: Cipriuri ($5.49 in chips) 
Seat 4: enixblr ($5.75 in chips) 
Seat 5: BluffOnTable ($5.69 in chips) 
Seat 6: K.Yurka ($5.49 in chips) 
Seat 7: psbrets ($5 in chips) 
Seat 8: webby170 ($7.08 in chips) 
Seat 9: Dorex2007 ($7.64 in chips) 
fravacad: posts small blind $0.02
Cipriuri: posts big blind $0.05
*** HOLE CARDS ***
Dealt to Dorex2007 [6s 4s]
enixblr: folds 
BluffOnTable: folds 
K.Yurka: folds 
psbrets: folds 
webby170: folds 
Dorex2007: folds 
dvdhmstar: raises $0.05 to $0.10
fravacad: folds 
Cipriuri: raises $0.05 to $0.15
dvdhmstar: calls $0.05
*** FLOP *** [Td 8h 2c]
Cipriuri: bets $0.15
dvdhmstar: calls $0.15
*** TURN *** [Td 8h 2c] [Ah]
Cipriuri: bets $0.29
dvdhmstar: raises $1.17 to $1.46
Cipriuri: folds 
Uncalled bet ($1.17) returned to dvdhmstar
dvdhmstar collected $1.15 from pot
*** SUMMARY ***
Total pot $1.20 | Rake $0.05 
Board [Td 8h 2c Ah]
Seat 1: dvdhmstar (button) collected ($1.15)
Seat 2: fravacad (small blind) folded before Flop
Seat 3: Cipriuri (big blind) folded on the Turn
Seat 4: enixblr folded before Flop (didn't bet)
Seat 5: BluffOnTable folded before Flop (didn't bet)
Seat 6: K.Yurka folded before Flop (didn't bet)
Seat 7: psbrets folded before Flop (didn't bet)
Seat 8: webby170 folded before Flop (didn't bet)
Seat 9: Dorex2007 folded before Flop (didn't bet)



PokerStars Hand #238468223892:  Hold'em No Limit ($0.02/$0.05 USD) - 2022/09/06 21:42:04 PT [2022/09/07 0:42:04 ET]
Table 'Grogler' 9-max Seat #2 is the button
Seat 1: dvdhmstar ($5.45 in chips) 
Seat 2: fravacad ($1.05 in chips) 
Seat 3: Cipriuri ($4.90 in chips) 
Seat 4: enixblr ($5.75 in chips) 
Seat 5: BluffOnTable ($5.69 in chips) 
Seat 6: K.Yurka ($5.49 in chips) 
Seat 7: psbrets ($5 in chips) 
Seat 8: webby170 ($7.08 in chips) 
Seat 9: Dorex2007 ($7.64 in chips) 
Cipriuri: posts small blind $0.02
enixblr: posts big blind $0.05
*** HOLE CARDS ***
Dealt to Dorex2007 [8d Ah]
BluffOnTable: folds 
K.Yurka: folds 
psbrets: folds 
webby170: folds 
Dorex2007: folds 
dvdhmstar: raises $0.05 to $0.10
fravacad: folds 
Cipriuri: raises $0.05 to $0.15
enixblr: folds 
dvdhmstar: calls $0.05
*** FLOP *** [Jc Qh 3c]
Cipriuri: bets $0.20
dvdhmstar: calls $0.20
*** TURN *** [Jc Qh 3c] [8c]
Cipriuri: bets $0.72
dvdhmstar: folds 
Uncalled bet ($0.72) returned to Cipriuri
Cipriuri collected $0.72 from pot
Cipriuri: doesn't show hand 
*** SUMMARY ***
Total pot $0.75 | Rake $0.03 
Board [Jc Qh 3c 8c]
Seat 1: dvdhmstar folded on the Turn
Seat 2: fravacad (button) folded before Flop (didn't bet)
Seat 3: Cipriuri (small blind) collected ($0.72)
Seat 4: enixblr (big blind) folded before Flop
Seat 5: BluffOnTable folded before Flop (didn't bet)
Seat 6: K.Yurka folded before Flop (didn't bet)
Seat 7: psbrets folded before Flop (didn't bet)
Seat 8: webby170 folded before Flop (didn't bet)
Seat 9: Dorex2007 folded before Flop (didn't bet)



PokerStars Hand #238468230708:  Hold'em No Limit ($0.02/$0.05 USD) - 2022/09/06 21:43:02 PT [2022/09/07 0:43:02 ET]
Table 'Grogler' 9-max Seat #3 is the button
Seat 1: dvdhmstar ($5.10 in chips) 
Seat 2: fravacad ($1.05 in chips) 
Seat 3: Cipriuri ($5.27 in chips) 
Seat 4: enixblr ($5.70 in chips) 
Seat 5: BluffOnTable ($5.69 in chips) 
Seat 6: K.Yurka ($5.49 in chips) 
Seat 7: psbrets ($5 in chips) 
Seat 8: webby170 ($7.08 in chips) 
Seat 9: Dorex2007 ($7.64 in chips) 
enixblr: posts small blind $0.02
BluffOnTable: posts big blind $0.05
*** HOLE CARDS ***
Dealt to Dorex2007 [6s 2h]
K.Yurka: folds 
psbrets: folds 
webby170: raises $0.06 to $0.11
Dorex2007: folds 
dvdhmstar: folds 
fravacad: raises $0.94 to $1.05 and is all-in
Cipriuri: folds 
enixblr: folds 
BluffOnTable: folds 
webby170: folds 
Uncalled bet ($0.94) returned to fravacad
fravacad collected $0.29 from pot
fravacad: doesn't show hand 
*** SUMMARY ***
Total pot $0.29 | Rake $0 
Seat 1: dvdhmstar folded before Flop (didn't bet)
Seat 2: fravacad collected ($0.29)
Seat 3: Cipriuri (button) folded before Flop (didn't bet)
Seat 4: enixblr (small blind) folded before Flop
Seat 5: BluffOnTable (big blind) folded before Flop
Seat 6: K.Yurka folded before Flop (didn't bet)
Seat 7: psbrets folded before Flop (didn't bet)
Seat 8: webby170 folded before Flop
Seat 9: Dorex2007 folded before Flop (didn't bet)



PokerStars Hand #238468235810:  Hold'em No Limit ($0.02/$0.05 USD) - 2022/09/06 21:43:45 PT [2022/09/07 0:43:45 ET]
Table 'Grogler' 9-max Seat #4 is the button
Seat 1: dvdhmstar ($5.10 in chips) 
Seat 2: fravacad ($1.23 in chips) 
Seat 3: Cipriuri ($5.27 in chips) 
Seat 4: enixblr ($5.68 in chips) 
Seat 5: BluffOnTable ($5.64 in chips) 
Seat 6: K.Yurka ($5.49 in chips) 
Seat 7: psbrets ($5 in chips) 
Seat 8: webby170 ($6.97 in chips) 
Seat 9: Dorex2007 ($7.64 in chips) 
BluffOnTable: posts small blind $0.02
K.Yurka: posts big blind $0.05
*** HOLE CARDS ***
Dealt to Dorex2007 [Qd Js]
psbrets: folds 
webby170: folds 
Dorex2007: calls $0.05
dvdhmstar: folds 
fravacad: calls $0.05
Cipriuri has timed out
Cipriuri: folds 
enixblr: folds 
BluffOnTable: calls $0.03
K.Yurka: checks 
*** FLOP *** [3c 4d 4s]
BluffOnTable: checks 
K.Yurka: checks 
Dorex2007: checks 
fravacad: checks 
*** TURN *** [3c 4d 4s] [Jd]
BluffOnTable: bets $0.13
K.Yurka: folds 
Dorex2007: calls $0.13
fravacad: folds 
*** RIVER *** [3c 4d 4s Jd] [9h]
BluffOnTable: checks 
Dorex2007: checks 
*** SHOW DOWN ***
BluffOnTable: shows [Th Tc] (two pair, Tens and Fours)
Dorex2007: shows [Qd Js] (two pair, Jacks and Fours)
Dorex2007 collected $0.44 from pot
*** SUMMARY ***
Total pot $0.46 | Rake $0.02 
Board [3c 4d 4s Jd 9h]
Seat 1: dvdhmstar folded before Flop (didn't bet)
Seat 2: fravacad folded on the Turn
Seat 3: Cipriuri folded before Flop (didn't bet)
Seat 4: enixblr (button) folded before Flop (didn't bet)
Seat 5: BluffOnTable (small blind) showed [Th Tc] and lost with two pair, Tens and Fours
Seat 6: K.Yurka (big blind) folded on the Turn
Seat 7: psbrets folded before Flop (didn't bet)
Seat 8: webby170 folded before Flop (didn't bet)
Seat 9: Dorex2007 showed [Qd Js] and won ($0.44) with two pair, Jacks and Fours



PokerStars Hand #238468243891:  Hold'em No Limit ($0.02/$0.05 USD) - 2022/09/06 21:44:54 PT [2022/09/07 0:44:54 ET]
Table 'Grogler' 9-max Seat #5 is the button
Seat 1: dvdhmstar ($5.10 in chips) 
Seat 2: fravacad ($1.18 in chips) 
Seat 3: Cipriuri ($5.27 in chips) 
Seat 4: enixblr ($5.68 in chips) 
Seat 5: BluffOnTable ($5.46 in chips) 
Seat 6: K.Yurka ($5.44 in chips) 
Seat 7: psbrets ($5 in chips) 
Seat 8: webby170 ($6.97 in chips) 
Seat 9: Dorex2007 ($7.90 in chips) 
K.Yurka: posts small blind $0.02
psbrets: posts big blind $0.05
*** HOLE CARDS ***
Dealt to Dorex2007 [Jd 4c]
webby170: folds 
Dorex2007: folds 
dvdhmstar: folds 
fravacad: folds 
fravacad leaves the table
Cipriuri: raises $0.10 to $0.15
enixblr: folds 
BluffOnTable: folds 
alfcapone87 joins the table at seat #2 
K.Yurka: folds 
psbrets: folds 
Uncalled bet ($0.10) returned to Cipriuri
Cipriuri collected $0.12 from pot
Cipriuri: doesn't show hand 
*** SUMMARY ***
Total pot $0.12 | Rake $0 
Seat 1: dvdhmstar folded before Flop (didn't bet)
Seat 2: fravacad folded before Flop (didn't bet)
Seat 3: Cipriuri collected ($0.12)
Seat 4: enixblr folded before Flop (didn't bet)
Seat 5: BluffOnTable (button) folded before Flop (didn't bet)
Seat 6: K.Yurka (small blind) folded before Flop
Seat 7: psbrets (big blind) folded before Flop
Seat 8: webby170 folded before Flop (didn't bet)
Seat 9: Dorex2007 folded before Flop (didn't bet)



PokerStars Hand #238468247892:  Hold'em No Limit ($0.02/$0.05 USD) - 2022/09/06 21:45:29 PT [2022/09/07 0:45:29 ET]
Table 'Grogler' 9-max Seat #6 is the button
Seat 1: dvdhmstar ($5.10 in chips) 
Seat 3: Cipriuri ($5.34 in chips) 
Seat 4: enixblr ($5.68 in chips) 
Seat 5: BluffOnTable ($5.46 in chips) 
Seat 6: K.Yurka ($5.42 in chips) 
Seat 7: psbrets ($5 in chips) 
Seat 8: webby170 ($6.97 in chips) 
Seat 9: Dorex2007 ($7.90 in chips) 
psbrets: posts small blind $0.02
webby170: posts big blind $0.05
alfcapone87: sits out 
*** HOLE CARDS ***
Dealt to Dorex2007 [Qs 5h]
Dorex2007: folds 
dvdhmstar: folds 
Cipriuri: folds 
enixblr has timed out
enixblr: folds 
BluffOnTable: folds 
K.Yurka: folds 
psbrets: folds 
Uncalled bet ($0.03) returned to webby170
webby170 collected $0.04 from pot
*** SUMMARY ***
Total pot $0.04 | Rake $0 
Seat 1: dvdhmstar folded before Flop (didn't bet)
Seat 3: Cipriuri folded before Flop (didn't bet)
Seat 4: enixblr folded before Flop (didn't bet)
Seat 5: BluffOnTable folded before Flop (didn't bet)
Seat 6: K.Yurka (button) folded before Flop (didn't bet)
Seat 7: psbrets (small blind) folded before Flop
Seat 8: webby170 (big blind) collected ($0.04)
Seat 9: Dorex2007 folded before Flop (didn't bet)



PokerStars Hand #238468251183:  Hold'em No Limit ($0.02/$0.05 USD) - 2022/09/06 21:45:58 PT [2022/09/07 0:45:58 ET]
Table 'Grogler' 9-max Seat #7 is the button
Seat 1: dvdhmstar ($5.10 in chips) 
Seat 3: Cipriuri ($5.34 in chips) 
Seat 4: enixblr ($5.68 in chips) 
Seat 5: BluffOnTable ($5.46 in chips) 
Seat 6: K.Yurka ($5.42 in chips) 
Seat 7: psbrets ($5 in chips) 
Seat 8: webby170 ($6.99 in chips) 
Seat 9: Dorex2007 ($7.90 in chips) 
webby170: posts small blind $0.02
Dorex2007: posts big blind $0.05
alfcapone87: sits out 
*** HOLE CARDS ***
Dealt to Dorex2007 [6s 5h]
dvdhmstar: folds 
Cipriuri: folds 
enixblr: raises $0.10 to $0.15
BluffOnTable: folds 
K.Yurka: folds 
psbrets: folds 
webby170: folds 
Dorex2007: folds 
Uncalled bet ($0.10) returned to enixblr
enixblr collected $0.12 from pot
enixblr: doesn't show hand 
*** SUMMARY ***
Total pot $0.12 | Rake $0 
Seat 1: dvdhmstar folded before Flop (didn't bet)
Seat 3: Cipriuri folded before Flop (didn't bet)
Seat 4: enixblr collected ($0.12)
Seat 5: BluffOnTable folded before Flop (didn't bet)
Seat 6: K.Yurka folded before Flop (didn't bet)
Seat 7: psbrets (button) folded before Flop (didn't bet)
Seat 8: webby170 (small blind) folded before Flop
Seat 9: Dorex2007 (big blind) folded before Flop



PokerStars Hand #238468253711:  Hold'em No Limit ($0.02/$0.05 USD) - 2022/09/06 21:46:19 PT [2022/09/07 0:46:19 ET]
Table 'Grogler' 9-max Seat #8 is the button
Seat 1: dvdhmstar ($5.10 in chips) 
Seat 3: Cipriuri ($5.34 in chips) 
Seat 4: enixblr ($5.75 in chips) 
Seat 5: BluffOnTable ($5.46 in chips) 
Seat 6: K.Yurka ($5.42 in chips) 
Seat 7: psbrets ($5 in chips) 
Seat 8: webby170 ($6.97 in chips) 
Seat 9: Dorex2007 ($7.85 in chips) 
Dorex2007: posts small blind $0.02
dvdhmstar: posts big blind $0.05
alfcapone87: sits out 
*** HOLE CARDS ***
Dealt to Dorex2007 [Qd Ah]
Cipriuri has timed out
Cipriuri: folds 
enixblr: folds 
BluffOnTable: folds 
K.Yurka: raises $0.10 to $0.15
psbrets: calls $0.15
webby170: folds 
Dorex2007: calls $0.13
dvdhmstar: folds 
*** FLOP *** [9c 9h As]
Dorex2007: checks 
K.Yurka: checks 
psbrets: bets $0.36
Dorex2007: calls $0.36
K.Yurka: folds 
*** TURN *** [9c 9h As] [Ks]
Dorex2007: bets $1.17
psbrets: folds 
Uncalled bet ($1.17) returned to Dorex2007
Dorex2007 collected $1.17 from pot
Dorex2007: doesn't show hand 
*** SUMMARY ***
Total pot $1.22 | Rake $0.05 
Board [9c 9h As Ks]
Seat 1: dvdhmstar (big blind) folded before Flop
Seat 3: Cipriuri folded before Flop (didn't bet)
Seat 4: enixblr folded before Flop (didn't bet)
Seat 5: BluffOnTable folded before Flop (didn't bet)
Seat 6: K.Yurka folded on the Flop
Seat 7: psbrets folded on the Turn
Seat 8: webby170 (button) folded before Flop (didn't bet)
Seat 9: Dorex2007 (small blind) collected ($1.17)



PokerStars Hand #238468259749:  Hold'em No Limit ($0.02/$0.05 USD) - 2022/09/06 21:47:11 PT [2022/09/07 0:47:11 ET]
Table 'Grogler' 9-max Seat #9 is the button
Seat 1: dvdhmstar ($5.05 in chips) 
Seat 2: alfcapone87 ($7.41 in chips) 
Seat 3: Cipriuri ($5.34 in chips) 
Seat 4: enixblr ($5.75 in chips) 
Seat 5: BluffOnTable ($5.46 in chips) 
Seat 6: K.Yurka ($5.27 in chips) 
Seat 7: psbrets ($5 in chips) 
Seat 8: webby170 ($6.97 in chips) 
Seat 9: Dorex2007 ($8.51 in chips) 
dvdhmstar: posts small blind $0.02
alfcapone87: posts big blind $0.05
*** HOLE CARDS ***
Dealt to Dorex2007 [2c 5d]
Cipriuri: folds 
enixblr: folds 
BluffOnTable: raises $0.10 to $0.15
K.Yurka: folds 
psbrets: calls $0.15
webby170: folds 
Dorex2007: folds 
dvdhmstar: folds 
alfcapone87: calls $0.10
*** FLOP *** [9s 4c Tc]
alfcapone87: checks 
BluffOnTable: checks 
psbrets: checks 
*** TURN *** [9s 4c Tc] [Th]
alfcapone87: checks 
BluffOnTable: checks 
psbrets: checks 
*** RIVER *** [9s 4c Tc Th] [Qc]
alfcapone87: checks 
BluffOnTable: checks 
psbrets: checks 
*** SHOW DOWN ***
alfcapone87: shows [Kh 6h] (a pair of Tens)
BluffOnTable: shows [Qs Ah] (two pair, Queens and Tens)
psbrets: mucks hand 
BluffOnTable collected $0.45 from pot
*** SUMMARY ***
Total pot $0.47 | Rake $0.02 
Board [9s 4c Tc Th Qc]
Seat 1: dvdhmstar (small blind) folded before Flop
Seat 2: alfcapone87 (big blind) showed [Kh 6h] and lost with a pair of Tens
Seat 3: Cipriuri folded before Flop (didn't bet)
Seat 4: enixblr folded before Flop (didn't bet)
Seat 5: BluffOnTable showed [Qs Ah] and won ($0.45) with two pair, Queens and Tens
Seat 6: K.Yurka folded before Flop (didn't bet)
Seat 7: psbrets mucked [3h 3s]
Seat 8: webby170 folded before Flop (didn't bet)
Seat 9: Dorex2007 (button) folded before Flop (didn't bet)



PokerStars Hand #238468266418:  Hold'em No Limit ($0.02/$0.05 USD) - 2022/09/06 21:48:09 PT [2022/09/07 0:48:09 ET]
Table 'Grogler' 9-max Seat #1 is the button
Seat 1: dvdhmstar ($5.03 in chips) 
Seat 2: alfcapone87 ($7.26 in chips) 
Seat 3: Cipriuri ($5.34 in chips) 
Seat 4: enixblr ($5.75 in chips) 
Seat 5: BluffOnTable ($5.76 in chips) 
Seat 6: K.Yurka ($5.27 in chips) 
Seat 7: psbrets ($5 in chips) 
Seat 8: webby170 ($6.97 in chips) 
Seat 9: Dorex2007 ($8.51 in chips) 
alfcapone87: posts small blind $0.02
Cipriuri: posts big blind $0.05
*** HOLE CARDS ***
Dealt to Dorex2007 [8s Th]
enixblr: folds 
BluffOnTable: folds 
K.Yurka: folds 
psbrets: folds 
webby170: folds 
Dorex2007: folds 
dvdhmstar: folds 
alfcapone87: raises $0.10 to $0.15
Cipriuri: calls $0.10
*** FLOP *** [7s 3s 5s]
alfcapone87: bets $0.10
Cipriuri: calls $0.10
*** TURN *** [7s 3s 5s] [Jh]
alfcapone87: bets $0.38
Cipriuri: calls $0.38
*** RIVER *** [7s 3s 5s Jh] [5d]
alfcapone87: bets $0.97
Cipriuri: raises $2.28 to $3.25
alfcapone87: folds 
Uncalled bet ($2.28) returned to Cipriuri
Cipriuri collected $3.07 from pot
Cipriuri: doesn't show hand 
*** SUMMARY ***
Total pot $3.20 | Rake $0.13 
Board [7s 3s 5s Jh 5d]
Seat 1: dvdhmstar (button) folded before Flop (didn't bet)
Seat 2: alfcapone87 (small blind) folded on the River
Seat 3: Cipriuri (big blind) collected ($3.07)
Seat 4: enixblr folded before Flop (didn't bet)
Seat 5: BluffOnTable folded before Flop (didn't bet)
Seat 6: K.Yurka folded before Flop (didn't bet)
Seat 7: psbrets folded before Flop (didn't bet)
Seat 8: webby170 folded before Flop (didn't bet)
Seat 9: Dorex2007 folded before Flop (didn't bet)



PokerStars Hand #238468272508:  Hold'em No Limit ($0.02/$0.05 USD) - 2022/09/06 21:49:02 PT [2022/09/07 0:49:02 ET]
Table 'Grogler' 9-max Seat #2 is the button
Seat 1: dvdhmstar ($5.03 in chips) 
Seat 2: alfcapone87 ($5.66 in chips) 
Seat 3: Cipriuri ($6.81 in chips) 
Seat 4: enixblr ($5.75 in chips) 
Seat 5: BluffOnTable ($5.76 in chips) 
Seat 6: K.Yurka ($5.27 in chips) 
Seat 7: psbrets ($5 in chips) 
Seat 8: webby170 ($6.97 in chips) 
Seat 9: Dorex2007 ($8.51 in chips) 
Cipriuri: posts small blind $0.02
enixblr: posts big blind $0.05
*** HOLE CARDS ***
Dealt to Dorex2007 [8s 4c]
BluffOnTable: folds 
K.Yurka: folds 
psbrets: folds 
psbrets leaves the table
webby170: folds 
Dorex2007: folds 
dvdhmstar: folds 
alfcapone87: folds 
Cipriuri: folds 
Uncalled bet ($0.03) returned to enixblr
enixblr collected $0.04 from pot
enixblr: doesn't show hand 
*** SUMMARY ***
Total pot $0.04 | Rake $0 
Seat 1: dvdhmstar folded before Flop (didn't bet)
Seat 2: alfcapone87 (button) folded before Flop (didn't bet)
Seat 3: Cipriuri (small blind) folded before Flop
Seat 4: enixblr (big blind) collected ($0.04)
Seat 5: BluffOnTable folded before Flop (didn't bet)
Seat 6: K.Yurka folded before Flop (didn't bet)
Seat 7: psbrets folded before Flop (didn't bet)
Seat 8: webby170 folded before Flop (didn't bet)
Seat 9: Dorex2007 folded before Flop (didn't bet)



PokerStars Hand #238468275722:  Hold'em No Limit ($0.02/$0.05 USD) - 2022/09/06 21:49:30 PT [2022/09/07 0:49:30 ET]
Table 'Grogler' 9-max Seat #3 is the button
Seat 1: dvdhmstar ($5.03 in chips) 
Seat 2: alfcapone87 ($5.66 in chips) 
Seat 3: Cipriuri ($6.79 in chips) 
Seat 4: enixblr ($5.77 in chips) 
Seat 5: BluffOnTable ($5.76 in chips) 
Seat 6: K.Yurka ($5.27 in chips) 
Seat 8: webby170 ($6.97 in chips) 
Seat 9: Dorex2007 ($8.51 in chips) 
enixblr: posts small blind $0.02
BluffOnTable: posts big blind $0.05
*** HOLE CARDS ***
Dealt to Dorex2007 [9h 6c]
K.Yurka: folds 
webby170: folds 
Dorex2007: folds 
dvdhmstar: folds 
alfcapone87: folds 
Cipriuri: folds 
enixblr: raises $0.10 to $0.15
BluffOnTable: folds 
Uncalled bet ($0.10) returned to enixblr
enixblr collected $0.10 from pot
enixblr: doesn't show hand 
*** SUMMARY ***
Total pot $0.10 | Rake $0 
Seat 1: dvdhmstar folded before Flop (didn't bet)
Seat 2: alfcapone87 folded before Flop (didn't bet)
Seat 3: Cipriuri (button) folded before Flop (didn't bet)
Seat 4: enixblr (small blind) collected ($0.10)
Seat 5: BluffOnTable (big blind) folded before Flop
Seat 6: K.Yurka folded before Flop (didn't bet)
Seat 8: webby170 folded before Flop (didn't bet)
Seat 9: Dorex2007 folded before Flop (didn't bet)



PokerStars Hand #238468277797:  Hold'em No Limit ($0.02/$0.05 USD) - 2022/09/06 21:49:48 PT [2022/09/07 0:49:48 ET]
Table 'Grogler' 9-max Seat #4 is the button
Seat 1: dvdhmstar ($5.03 in chips) 
Seat 2: alfcapone87 ($5.66 in chips) 
Seat 3: Cipriuri ($6.79 in chips) 
Seat 4: enixblr ($5.82 in chips) 
Seat 5: BluffOnTable ($5.71 in chips) 
Seat 6: K.Yurka ($5.27 in chips) 
Seat 8: webby170 ($6.97 in chips) 
Seat 9: Dorex2007 ($8.51 in chips) 
BluffOnTable: posts small blind $0.02
K.Yurka: posts big blind $0.05
*** HOLE CARDS ***
Dealt to Dorex2007 [5d 8d]
webby170: folds 
Dorex2007: folds 
dvdhmstar: folds 
alfcapone87: folds 
Cipriuri: raises $0.10 to $0.15
enixblr: folds 
BluffOnTable: folds 
K.Yurka: folds 
Uncalled bet ($0.10) returned to Cipriuri
Cipriuri collected $0.12 from pot
Cipriuri: doesn't show hand 
*** SUMMARY ***
Total pot $0.12 | Rake $0 
Seat 1: dvdhmstar folded before Flop (didn't bet)
Seat 2: alfcapone87 folded before Flop (didn't bet)
Seat 3: Cipriuri collected ($0.12)
Seat 4: enixblr (button) folded before Flop (didn't bet)
Seat 5: BluffOnTable (small blind) folded before Flop
Seat 6: K.Yurka (big blind) folded before Flop
Seat 8: webby170 folded before Flop (didn't bet)
Seat 9: Dorex2007 folded before Flop (didn't bet)



PokerStars Hand #238468280670:  Hold'em No Limit ($0.02/$0.05 USD) - 2022/09/06 21:50:12 PT [2022/09/07 0:50:12 ET]
Table 'Grogler' 9-max Seat #5 is the button
Seat 1: dvdhmstar ($5.03 in chips) 
Seat 2: alfcapone87 ($5.66 in chips) 
Seat 3: Cipriuri ($6.86 in chips) 
Seat 4: enixblr ($5.82 in chips) 
Seat 5: BluffOnTable ($5.69 in chips) 
Seat 6: K.Yurka ($5.22 in chips) 
Seat 8: webby170 ($6.97 in chips) 
Seat 9: Dorex2007 ($8.51 in chips) 
K.Yurka: posts small blind $0.02
webby170: posts big blind $0.05
*** HOLE CARDS ***
Dealt to Dorex2007 [3d 2c]
Dorex2007: folds 
PauloCesarH joins the table at seat #7 
dvdhmstar: folds 
alfcapone87: folds 
Cipriuri: folds 
enixblr: folds 
BluffOnTable: folds 
K.Yurka: folds 
Uncalled bet ($0.03) returned to webby170
webby170 collected $0.04 from pot
*** SUMMARY ***
Total pot $0.04 | Rake $0 
Seat 1: dvdhmstar folded before Flop (didn't bet)
Seat 2: alfcapone87 folded before Flop (didn't bet)
Seat 3: Cipriuri folded before Flop (didn't bet)
Seat 4: enixblr folded before Flop (didn't bet)
Seat 5: BluffOnTable (button) folded before Flop (didn't bet)
Seat 6: K.Yurka (small blind) folded before Flop
Seat 8: webby170 (big blind) collected ($0.04)
Seat 9: Dorex2007 folded before Flop (didn't bet)



PokerStars Hand #238468282370:  Hold'em No Limit ($0.02/$0.05 USD) - 2022/09/06 21:50:27 PT [2022/09/07 0:50:27 ET]
Table 'Grogler' 9-max Seat #6 is the button
Seat 1: dvdhmstar ($5.03 in chips) 
Seat 2: alfcapone87 ($5.66 in chips) 
Seat 3: Cipriuri ($6.86 in chips) 
Seat 4: enixblr ($5.82 in chips) 
Seat 5: BluffOnTable ($5.69 in chips) 
Seat 6: K.Yurka ($5.20 in chips) 
Seat 8: webby170 ($6.99 in chips) 
Seat 9: Dorex2007 ($8.51 in chips) 
webby170: posts small blind $0.02
Dorex2007: posts big blind $0.05
*** HOLE CARDS ***
Dealt to Dorex2007 [9h 9c]
dvdhmstar: folds 
alfcapone87: raises $0.10 to $0.15
Cipriuri: folds 
enixblr: folds 
BluffOnTable: folds 
K.Yurka: calls $0.15
webby170: folds 
Dorex2007: calls $0.10
*** FLOP *** [Js Jd 5s]
Dorex2007: checks 
alfcapone87: checks 
K.Yurka: checks 
*** TURN *** [Js Jd 5s] [2d]
Dorex2007: bets $0.30
alfcapone87: folds 
K.Yurka: folds 
Uncalled bet ($0.30) returned to Dorex2007
Dorex2007 collected $0.45 from pot
Dorex2007: doesn't show hand 
*** SUMMARY ***
Total pot $0.47 | Rake $0.02 
Board [Js Jd 5s 2d]
Seat 1: dvdhmstar folded before Flop (didn't bet)
Seat 2: alfcapone87 folded on the Turn
Seat 3: Cipriuri folded before Flop (didn't bet)
Seat 4: enixblr folded before Flop (didn't bet)
Seat 5: BluffOnTable folded before Flop (didn't bet)
Seat 6: K.Yurka (button) folded on the Turn
Seat 8: webby170 (small blind) folded before Flop
Seat 9: Dorex2007 (big blind) collected ($0.45)



PokerStars Hand #238468286437:  Hold'em No Limit ($0.02/$0.05 USD) - 2022/09/06 21:51:02 PT [2022/09/07 0:51:02 ET]
Table 'Grogler' 9-max Seat #8 is the button
Seat 1: dvdhmstar ($5.03 in chips) 
Seat 2: alfcapone87 ($5.51 in chips) 
Seat 3: Cipriuri ($6.86 in chips) 
Seat 4: enixblr ($5.82 in chips) 
Seat 5: BluffOnTable ($5.69 in chips) 
Seat 6: K.Yurka ($5.05 in chips) 
Seat 7: PauloCesarH ($5 in chips) 
Seat 8: webby170 ($6.97 in chips) 
Seat 9: Dorex2007 ($8.81 in chips) 
Dorex2007: posts small blind $0.02
dvdhmstar: posts big blind $0.05
PauloCesarH: posts big blind $0.05
*** HOLE CARDS ***
Dealt to Dorex2007 [3d 4c]
alfcapone87: folds 
Cipriuri: folds 
enixblr: folds 
BluffOnTable: folds 
K.Yurka: folds 
PauloCesarH: checks 
webby170: raises $0.11 to $0.16
Dorex2007: folds 
dvdhmstar: calls $0.11
PauloCesarH: folds 
*** FLOP *** [Kc 4s 7h]
dvdhmstar: checks 
webby170: checks 
*** TURN *** [Kc 4s 7h] [3h]
dvdhmstar: bets $0.05
webby170: calls $0.05
*** RIVER *** [Kc 4s 7h 3h] [Ac]
dvdhmstar: checks 
webby170: checks 
*** SHOW DOWN ***
dvdhmstar: shows [Js Jd] (a pair of Jacks)
webby170: mucks hand 
dvdhmstar collected $0.47 from pot
*** SUMMARY ***
Total pot $0.49 | Rake $0.02 
Board [Kc 4s 7h 3h Ac]
Seat 1: dvdhmstar (big blind) showed [Js Jd] and won ($0.47) with a pair of Jacks
Seat 2: alfcapone87 folded before Flop (didn't bet)
Seat 3: Cipriuri folded before Flop (didn't bet)
Seat 4: enixblr folded before Flop (didn't bet)
Seat 5: BluffOnTable folded before Flop (didn't bet)
Seat 6: K.Yurka folded before Flop (didn't bet)
Seat 7: PauloCesarH folded before Flop (didn't bet)
Seat 8: webby170 (button) mucked [9d 8d]
Seat 9: Dorex2007 (small blind) folded before Flop



PokerStars Hand #238468294781:  Hold'em No Limit ($0.02/$0.05 USD) - 2022/09/06 21:52:16 PT [2022/09/07 0:52:16 ET]
Table 'Grogler' 9-max Seat #9 is the button
Seat 1: dvdhmstar ($5.29 in chips) 
Seat 2: alfcapone87 ($5.51 in chips) 
Seat 3: Cipriuri ($6.86 in chips) 
Seat 4: enixblr ($5.82 in chips) 
Seat 5: BluffOnTable ($5.69 in chips) 
Seat 6: K.Yurka ($5.05 in chips) 
Seat 7: PauloCesarH ($4.95 in chips) 
Seat 8: webby170 ($6.76 in chips) 
Seat 9: Dorex2007 ($8.79 in chips) 
dvdhmstar: posts small blind $0.02
alfcapone87: posts big blind $0.05
*** HOLE CARDS ***
Dealt to Dorex2007 [4d Jc]
Cipriuri: folds 
enixblr: folds 
BluffOnTable: folds 
K.Yurka: raises $0.10 to $0.15
PauloCesarH: folds 
webby170: calls $0.15
Dorex2007: folds 
dvdhmstar: folds 
alfcapone87: folds 
*** FLOP *** [Ts Qd Jd]
K.Yurka: bets $0.35
webby170: folds 
Uncalled bet ($0.35) returned to K.Yurka
K.Yurka collected $0.35 from pot
K.Yurka: doesn't show hand 
*** SUMMARY ***
Total pot $0.37 | Rake $0.02 
Board [Ts Qd Jd]
Seat 1: dvdhmstar (small blind) folded before Flop
Seat 2: alfcapone87 (big blind) folded before Flop
Seat 3: Cipriuri folded before Flop (didn't bet)
Seat 4: enixblr folded before Flop (didn't bet)
Seat 5: BluffOnTable folded before Flop (didn't bet)
Seat 6: K.Yurka collected ($0.35)
Seat 7: PauloCesarH folded before Flop (didn't bet)
Seat 8: webby170 folded on the Flop
Seat 9: Dorex2007 (button) folded before Flop (didn't bet)



PokerStars Hand #238468300479:  Hold'em No Limit ($0.02/$0.05 USD) - 2022/09/06 21:53:06 PT [2022/09/07 0:53:06 ET]
Table 'Grogler' 9-max Seat #1 is the button
Seat 1: dvdhmstar ($5.27 in chips) 
Seat 2: alfcapone87 ($5.46 in chips) 
Seat 3: Cipriuri ($6.86 in chips) 
Seat 4: enixblr ($5.82 in chips) 
Seat 5: BluffOnTable ($5.69 in chips) 
Seat 6: K.Yurka ($5.25 in chips) 
Seat 7: PauloCesarH ($4.95 in chips) 
Seat 8: webby170 ($6.61 in chips) 
Seat 9: Dorex2007 ($8.79 in chips) 
alfcapone87: posts small blind $0.02
Cipriuri: posts big blind $0.05
*** HOLE CARDS ***
Dealt to Dorex2007 [Qh 7d]
enixblr: folds 
BluffOnTable: folds 
K.Yurka: calls $0.05
PauloCesarH: raises $0.10 to $0.15
webby170: folds 
Dorex2007: folds 
dvdhmstar: folds 
alfcapone87: folds 
Cipriuri has timed out
Cipriuri: folds 
K.Yurka: calls $0.10
*** FLOP *** [Kh 2c Jd]
K.Yurka: checks 
PauloCesarH: bets $0.22
K.Yurka: folds 
Uncalled bet ($0.22) returned to PauloCesarH
PauloCesarH collected $0.35 from pot
*** SUMMARY ***
Total pot $0.37 | Rake $0.02 
Board [Kh 2c Jd]
Seat 1: dvdhmstar (button) folded before Flop (didn't bet)
Seat 2: alfcapone87 (small blind) folded before Flop
Seat 3: Cipriuri (big blind) folded before Flop
Seat 4: enixblr folded before Flop (didn't bet)
Seat 5: BluffOnTable folded before Flop (didn't bet)
Seat 6: K.Yurka folded on the Flop
Seat 7: PauloCesarH collected ($0.35)
Seat 8: webby170 folded before Flop (didn't bet)
Seat 9: Dorex2007 folded before Flop (didn't bet)



PokerStars Hand #238468309418:  Hold'em No Limit ($0.02/$0.05 USD) - 2022/09/06 21:54:25 PT [2022/09/07 0:54:25 ET]
Table 'Grogler' 9-max Seat #2 is the button
Seat 1: dvdhmstar ($5.27 in chips) 
Seat 2: alfcapone87 ($5.44 in chips) 
Seat 3: Cipriuri ($6.81 in chips) 
Seat 4: enixblr ($5.82 in chips) 
Seat 5: BluffOnTable ($5.69 in chips) 
Seat 6: K.Yurka ($5.10 in chips) 
Seat 7: PauloCesarH ($5.15 in chips) 
Seat 8: webby170 ($6.61 in chips) 
Seat 9: Dorex2007 ($8.79 in chips) 
Cipriuri: posts small blind $0.02
enixblr: posts big blind $0.05
*** HOLE CARDS ***
Dealt to Dorex2007 [2h As]
BluffOnTable: folds 
K.Yurka: folds 
PauloCesarH: folds 
webby170: raises $0.06 to $0.11
Dorex2007: folds 
dvdhmstar: folds 
alfcapone87: folds 
Cipriuri: folds 
enixblr: folds 
Uncalled bet ($0.06) returned to webby170
webby170 collected $0.12 from pot
*** SUMMARY ***
Total pot $0.12 | Rake $0 
Seat 1: dvdhmstar folded before Flop (didn't bet)
Seat 2: alfcapone87 (button) folded before Flop (didn't bet)
Seat 3: Cipriuri (small blind) folded before Flop
Seat 4: enixblr (big blind) folded before Flop
Seat 5: BluffOnTable folded before Flop (didn't bet)
Seat 6: K.Yurka folded before Flop (didn't bet)
Seat 7: PauloCesarH folded before Flop (didn't bet)
Seat 8: webby170 collected ($0.12)
Seat 9: Dorex2007 folded before Flop (didn't bet)



PokerStars Hand #238468313584:  Hold'em No Limit ($0.02/$0.05 USD) - 2022/09/06 21:55:03 PT [2022/09/07 0:55:03 ET]
Table 'Grogler' 9-max Seat #3 is the button
Seat 1: dvdhmstar ($5.27 in chips) 
Seat 2: alfcapone87 ($5.44 in chips) 
Seat 3: Cipriuri ($6.79 in chips) 
Seat 4: enixblr ($5.77 in chips) 
Seat 5: BluffOnTable ($5.69 in chips) 
Seat 6: K.Yurka ($5.10 in chips) 
Seat 7: PauloCesarH ($5.15 in chips) 
Seat 8: webby170 ($6.68 in chips) 
Seat 9: Dorex2007 ($8.79 in chips) 
enixblr: posts small blind $0.02
BluffOnTable: posts big blind $0.05
*** HOLE CARDS ***
Dealt to Dorex2007 [8h 4d]
K.Yurka: folds 
PauloCesarH: folds 
webby170: folds 
Dorex2007: folds 
dvdhmstar: folds 
alfcapone87: raises $0.10 to $0.15
Cipriuri: folds 
enixblr: folds 
BluffOnTable: folds 
Uncalled bet ($0.10) returned to alfcapone87
alfcapone87 collected $0.12 from pot
alfcapone87: doesn't show hand 
*** SUMMARY ***
Total pot $0.12 | Rake $0 
Seat 1: dvdhmstar folded before Flop (didn't bet)
Seat 2: alfcapone87 collected ($0.12)
Seat 3: Cipriuri (button) folded before Flop (didn't bet)
Seat 4: enixblr (small blind) folded before Flop
Seat 5: BluffOnTable (big blind) folded before Flop
Seat 6: K.Yurka folded before Flop (didn't bet)
Seat 7: PauloCesarH folded before Flop (didn't bet)
Seat 8: webby170 folded before Flop (didn't bet)
Seat 9: Dorex2007 folded before Flop (didn't bet)



PokerStars Hand #238468317779:  Hold'em No Limit ($0.02/$0.05 USD) - 2022/09/06 21:55:43 PT [2022/09/07 0:55:43 ET]
Table 'Grogler' 9-max Seat #4 is the button
Seat 1: dvdhmstar ($5.27 in chips) 
Seat 2: alfcapone87 ($5.51 in chips) 
Seat 3: Cipriuri ($6.79 in chips) 
Seat 4: enixblr ($5.75 in chips) 
Seat 5: BluffOnTable ($5.64 in chips) 
Seat 6: K.Yurka ($5.10 in chips) 
Seat 7: PauloCesarH ($5.15 in chips) 
Seat 8: webby170 ($6.68 in chips) 
Seat 9: Dorex2007 ($8.79 in chips) 
BluffOnTable: posts small blind $0.02
K.Yurka: posts big blind $0.05
*** HOLE CARDS ***
Dealt to Dorex2007 [6c Tc]
PauloCesarH: raises $0.10 to $0.15
webby170: calls $0.15
Dorex2007: folds 
dvdhmstar: folds 
alfcapone87: folds 
Cipriuri: folds 
enixblr: folds 
BluffOnTable: folds 
K.Yurka: folds 
*** FLOP *** [Th 3c Qd]
PauloCesarH: checks 
webby170: checks 
*** TURN *** [Th 3c Qd] [4h]
PauloCesarH: bets $0.22
webby170: calls $0.22
*** RIVER *** [Th 3c Qd 4h] [As]
PauloCesarH: bets $0.54
webby170: raises $1.86 to $2.40
PauloCesarH: calls $1.86
*** SHOW DOWN ***
webby170: shows [Jh Kh] (a straight, Ten to Ace)
PauloCesarH: mucks hand 
webby170 collected $5.38 from pot
*** SUMMARY ***
Total pot $5.61 | Rake $0.23 
Board [Th 3c Qd 4h As]
Seat 1: dvdhmstar folded before Flop (didn't bet)
Seat 2: alfcapone87 folded before Flop (didn't bet)
Seat 3: Cipriuri folded before Flop (didn't bet)
Seat 4: enixblr (button) folded before Flop (didn't bet)
Seat 5: BluffOnTable (small blind) folded before Flop
Seat 6: K.Yurka (big blind) folded before Flop
Seat 7: PauloCesarH mucked [Ah 6d]
Seat 8: webby170 showed [Jh Kh] and won ($5.38) with a straight, Ten to Ace
Seat 9: Dorex2007 folded before Flop (didn't bet)



PokerStars Hand #238468323593:  Hold'em No Limit ($0.02/$0.05 USD) - 2022/09/06 21:56:43 PT [2022/09/07 0:56:43 ET]
Table 'Grogler' 9-max Seat #5 is the button
Seat 1: dvdhmstar ($5.27 in chips) 
Seat 2: alfcapone87 ($5.51 in chips) 
Seat 3: Cipriuri ($6.79 in chips) 
Seat 4: enixblr ($5.75 in chips) 
Seat 5: BluffOnTable ($5.62 in chips) 
Seat 6: K.Yurka ($5.05 in chips) 
Seat 7: PauloCesarH ($2.38 in chips) 
Seat 8: webby170 ($9.29 in chips) 
Seat 9: Dorex2007 ($8.79 in chips) 
K.Yurka: posts small blind $0.02
PauloCesarH: posts big blind $0.05
*** HOLE CARDS ***
Dealt to Dorex2007 [Qd Td]
webby170: raises $0.06 to $0.11
Dorex2007: calls $0.11
dvdhmstar: calls $0.11
alfcapone87: folds 
Cipriuri: folds 
enixblr: folds 
BluffOnTable: folds 
K.Yurka: folds 
PauloCesarH: calls $0.06
*** FLOP *** [2s 5s 7h]
PauloCesarH: checks 
webby170: checks 
Dorex2007: checks 
dvdhmstar: checks 
*** TURN *** [2s 5s 7h] [Kd]
PauloCesarH: bets $0.22
webby170: folds 
Dorex2007: folds 
dvdhmstar: calls $0.22
*** RIVER *** [2s 5s 7h Kd] [7d]
PauloCesarH: bets $0.86
dvdhmstar: calls $0.86
*** SHOW DOWN ***
PauloCesarH: shows [7c 9d] (three of a kind, Sevens)
dvdhmstar: mucks hand 
PauloCesarH collected $2.51 from pot
*** SUMMARY ***
Total pot $2.62 | Rake $0.11 
Board [2s 5s 7h Kd 7d]
Seat 1: dvdhmstar mucked [Qh Ks]
Seat 2: alfcapone87 folded before Flop (didn't bet)
Seat 3: Cipriuri folded before Flop (didn't bet)
Seat 4: enixblr folded before Flop (didn't bet)
Seat 5: BluffOnTable (button) folded before Flop (didn't bet)
Seat 6: K.Yurka (small blind) folded before Flop
Seat 7: PauloCesarH (big blind) showed [7c 9d] and won ($2.51) with three of a kind, Sevens
Seat 8: webby170 folded on the Turn
Seat 9: Dorex2007 folded on the Turn



PokerStars Hand #238468333330:  Hold'em No Limit ($0.02/$0.05 USD) - 2022/09/06 21:58:22 PT [2022/09/07 0:58:22 ET]
Table 'Grogler' 9-max Seat #6 is the button
Seat 1: dvdhmstar ($4.08 in chips) 
Seat 2: alfcapone87 ($5.51 in chips) 
Seat 3: Cipriuri ($6.79 in chips) 
Seat 4: enixblr ($5.75 in chips) 
Seat 5: BluffOnTable ($5.62 in chips) 
Seat 6: K.Yurka ($5.03 in chips) 
Seat 7: PauloCesarH ($5 in chips) 
Seat 8: webby170 ($9.18 in chips) 
Seat 9: Dorex2007 ($8.68 in chips) 
PauloCesarH: posts small blind $0.02
webby170: posts big blind $0.05
*** HOLE CARDS ***
Dealt to Dorex2007 [Ks Jd]
Dorex2007: calls $0.05
dvdhmstar: folds 
alfcapone87: raises $0.17 to $0.22
Cipriuri has timed out
Cipriuri: folds 
enixblr: calls $0.22
BluffOnTable: folds 
K.Yurka: calls $0.22
PauloCesarH: folds 
webby170: folds 
Dorex2007: folds 
*** FLOP *** [5d 7c Jh]
alfcapone87: bets $0.39
enixblr: folds 
K.Yurka: folds 
Uncalled bet ($0.39) returned to alfcapone87
alfcapone87 collected $0.75 from pot
alfcapone87: doesn't show hand 
*** SUMMARY ***
Total pot $0.78 | Rake $0.03 
Board [5d 7c Jh]
Seat 1: dvdhmstar folded before Flop (didn't bet)
Seat 2: alfcapone87 collected ($0.75)
Seat 3: Cipriuri folded before Flop (didn't bet)
Seat 4: enixblr folded on the Flop
Seat 5: BluffOnTable folded before Flop (didn't bet)
Seat 6: K.Yurka (button) folded on the Flop
Seat 7: PauloCesarH (small blind) folded before Flop
Seat 8: webby170 (big blind) folded before Flop
Seat 9: Dorex2007 folded before Flop



PokerStars Hand #238468339970:  Hold'em No Limit ($0.02/$0.05 USD) - 2022/09/06 21:59:30 PT [2022/09/07 0:59:30 ET]
Table 'Grogler' 9-max Seat #7 is the button
Seat 1: dvdhmstar ($4.08 in chips) 
Seat 2: alfcapone87 ($6.04 in chips) 
Seat 4: enixblr ($5.53 in chips) 
Seat 5: BluffOnTable ($5.62 in chips) 
Seat 6: K.Yurka ($5 in chips) 
Seat 7: PauloCesarH ($4.98 in chips) 
Seat 8: webby170 ($9.13 in chips) 
Seat 9: Dorex2007 ($8.63 in chips) 
webby170: posts small blind $0.02
Dorex2007: posts big blind $0.05
*** HOLE CARDS ***
Dealt to Dorex2007 [8s Tc]
dvdhmstar: folds 
alfcapone87: folds 
enixblr: folds 
BluffOnTable: folds 
K.Yurka: folds 
PauloCesarH: raises $0.10 to $0.15
webby170: folds 
Dorex2007: folds 
Uncalled bet ($0.10) returned to PauloCesarH
PauloCesarH collected $0.12 from pot
*** SUMMARY ***
Total pot $0.12 | Rake $0 
Seat 1: dvdhmstar folded before Flop (didn't bet)
Seat 2: alfcapone87 folded before Flop (didn't bet)
Seat 4: enixblr folded before Flop (didn't bet)
Seat 5: BluffOnTable folded before Flop (didn't bet)
Seat 6: K.Yurka folded before Flop (didn't bet)
Seat 7: PauloCesarH (button) collected ($0.12)
Seat 8: webby170 (small blind) folded before Flop
Seat 9: Dorex2007 (big blind) folded before Flop



PokerStars Hand #238468341916:  Hold'em No Limit ($0.02/$0.05 USD) - 2022/09/06 21:59:51 PT [2022/09/07 0:59:51 ET]
Table 'Grogler' 9-max Seat #8 is the button
Seat 1: dvdhmstar ($4.08 in chips) 
Seat 2: alfcapone87 ($6.04 in chips) 
Seat 3: Cipriuri ($6.79 in chips) 
Seat 4: enixblr ($5.53 in chips) 
Seat 5: BluffOnTable ($5.62 in chips) 
Seat 6: K.Yurka ($5 in chips) 
Seat 7: PauloCesarH ($5.05 in chips) 
Seat 8: webby170 ($9.11 in chips) 
Seat 9: Dorex2007 ($8.58 in chips) 
Dorex2007: posts small blind $0.02
dvdhmstar: posts big blind $0.05
*** HOLE CARDS ***
Dealt to Dorex2007 [Jd 6d]
alfcapone87: folds 
Cipriuri: raises $0.10 to $0.15
enixblr: folds 
BluffOnTable: folds 
K.Yurka: folds 
PauloCesarH: folds 
webby170: folds 
Dorex2007: folds 
dvdhmstar: folds 
Uncalled bet ($0.10) returned to Cipriuri
Cipriuri collected $0.12 from pot
Cipriuri: doesn't show hand 
*** SUMMARY ***
Total pot $0.12 | Rake $0 
Seat 1: dvdhmstar (big blind) folded before Flop
Seat 2: alfcapone87 folded before Flop (didn't bet)
Seat 3: Cipriuri collected ($0.12)
Seat 4: enixblr folded before Flop (didn't bet)
Seat 5: BluffOnTable folded before Flop (didn't bet)
Seat 6: K.Yurka folded before Flop (didn't bet)
Seat 7: PauloCesarH folded before Flop (didn't bet)
Seat 8: webby170 (button) folded before Flop (didn't bet)
Seat 9: Dorex2007 (small blind) folded before Flop



PokerStars Hand #238468344193:  Hold'em No Limit ($0.02/$0.05 USD) - 2022/09/06 22:00:13 PT [2022/09/07 1:00:13 ET]
Table 'Grogler' 9-max Seat #9 is the button
Seat 1: dvdhmstar ($4.03 in chips) 
Seat 2: alfcapone87 ($6.04 in chips) 
Seat 3: Cipriuri ($6.86 in chips) 
Seat 4: enixblr ($5.53 in chips) 
Seat 5: BluffOnTable ($5.62 in chips) 
Seat 6: K.Yurka ($5 in chips) 
Seat 7: PauloCesarH ($5.05 in chips) 
Seat 8: webby170 ($9.11 in chips) 
Seat 9: Dorex2007 ($8.56 in chips) 
dvdhmstar: posts small blind $0.02
alfcapone87: posts big blind $0.05
*** HOLE CARDS ***
Dealt to Dorex2007 [8d 5s]
Cipriuri: folds 
enixblr: folds 
BluffOnTable: folds 
K.Yurka: folds 
PauloCesarH: raises $0.10 to $0.15
webby170: folds 
Dorex2007: folds 
dvdhmstar: folds 
alfcapone87: calls $0.10
*** FLOP *** [5d 3h Ac]
alfcapone87: checks 
PauloCesarH: checks 
*** TURN *** [5d 3h Ac] [Qd]
alfcapone87: checks 
PauloCesarH: bets $0.20
alfcapone87: folds 
Uncalled bet ($0.20) returned to PauloCesarH
PauloCesarH collected $0.31 from pot
*** SUMMARY ***
Total pot $0.32 | Rake $0.01 
Board [5d 3h Ac Qd]
Seat 1: dvdhmstar (small blind) folded before Flop
Seat 2: alfcapone87 (big blind) folded on the Turn
Seat 3: Cipriuri folded before Flop (didn't bet)
Seat 4: enixblr folded before Flop (didn't bet)
Seat 5: BluffOnTable folded before Flop (didn't bet)
Seat 6: K.Yurka folded before Flop (didn't bet)
Seat 7: PauloCesarH collected ($0.31)
Seat 8: webby170 folded before Flop (didn't bet)
Seat 9: Dorex2007 (button) folded before Flop (didn't bet)



PokerStars Hand #238468350090:  Hold'em No Limit ($0.02/$0.05 USD) - 2022/09/06 22:01:08 PT [2022/09/07 1:01:08 ET]
Table 'Grogler' 9-max Seat #1 is the button
Seat 1: dvdhmstar ($4.01 in chips) 
Seat 2: alfcapone87 ($5.89 in chips) 
Seat 3: Cipriuri ($6.86 in chips) 
Seat 4: enixblr ($5.53 in chips) 
Seat 5: BluffOnTable ($5.62 in chips) 
Seat 6: K.Yurka ($5 in chips) 
Seat 7: PauloCesarH ($5.21 in chips) 
Seat 8: webby170 ($9.11 in chips) 
Seat 9: Dorex2007 ($8.56 in chips) 
alfcapone87: posts small blind $0.02
Cipriuri: posts big blind $0.05
*** HOLE CARDS ***
Dealt to Dorex2007 [5h 9d]
enixblr: raises $0.10 to $0.15
BluffOnTable: folds 
K.Yurka: folds 
PauloCesarH: folds 
webby170: folds 
Dorex2007: folds 
dvdhmstar: folds 
alfcapone87: folds 
Cipriuri: calls $0.10
*** FLOP *** [8s Kc Jh]
Cipriuri: bets $0.15
enixblr: calls $0.15
*** TURN *** [8s Kc Jh] [Ah]
Cipriuri: bets $0.60
enixblr: calls $0.60
*** RIVER *** [8s Kc Jh Ah] [4h]
Cipriuri: bets $5.96 and is all-in
enixblr: folds 
Uncalled bet ($5.96) returned to Cipriuri
Cipriuri collected $1.74 from pot
Cipriuri: doesn't show hand 
*** SUMMARY ***
Total pot $1.82 | Rake $0.08 
Board [8s Kc Jh Ah 4h]
Seat 1: dvdhmstar (button) folded before Flop (didn't bet)
Seat 2: alfcapone87 (small blind) folded before Flop
Seat 3: Cipriuri (big blind) collected ($1.74)
Seat 4: enixblr folded on the River
Seat 5: BluffOnTable folded before Flop (didn't bet)
Seat 6: K.Yurka folded before Flop (didn't bet)
Seat 7: PauloCesarH folded before Flop (didn't bet)
Seat 8: webby170 folded before Flop (didn't bet)
Seat 9: Dorex2007 folded before Flop (didn't bet)



PokerStars Hand #238468354836:  Hold'em No Limit ($0.02/$0.05 USD) - 2022/09/06 22:01:52 PT [2022/09/07 1:01:52 ET]
Table 'Grogler' 9-max Seat #2 is the button
Seat 1: dvdhmstar ($4.01 in chips) 
Seat 2: alfcapone87 ($5.87 in chips) 
Seat 3: Cipriuri ($7.70 in chips) 
Seat 4: enixblr ($5 in chips) 
Seat 5: BluffOnTable ($5.62 in chips) 
Seat 6: K.Yurka ($5 in chips) 
Seat 7: PauloCesarH ($5.21 in chips) 
Seat 8: webby170 ($9.11 in chips) 
Seat 9: Dorex2007 ($8.56 in chips) 
Cipriuri: posts small blind $0.02
enixblr: posts big blind $0.05
*** HOLE CARDS ***
Dealt to Dorex2007 [Ah 8c]
BluffOnTable: folds 
K.Yurka: calls $0.05
PauloCesarH: raises $0.10 to $0.15
webby170: folds 
Dorex2007: folds 
dvdhmstar: folds 
alfcapone87: calls $0.15
Cipriuri: folds 
enixblr: folds 
K.Yurka: calls $0.10
*** FLOP *** [Qd Kc 9d]
K.Yurka: checks 
PauloCesarH: checks 
alfcapone87: checks 
*** TURN *** [Qd Kc 9d] [3s]
K.Yurka: checks 
PauloCesarH: checks 
alfcapone87: checks 
*** RIVER *** [Qd Kc 9d 3s] [2h]
K.Yurka: checks 
PauloCesarH: bets $0.50
alfcapone87: folds 
K.Yurka: folds 
Uncalled bet ($0.50) returned to PauloCesarH
PauloCesarH collected $0.50 from pot
*** SUMMARY ***
Total pot $0.52 | Rake $0.02 
Board [Qd Kc 9d 3s 2h]
Seat 1: dvdhmstar folded before Flop (didn't bet)
Seat 2: alfcapone87 (button) folded on the River
Seat 3: Cipriuri (small blind) folded before Flop
Seat 4: enixblr (big blind) folded before Flop
Seat 5: BluffOnTable folded before Flop (didn't bet)
Seat 6: K.Yurka folded on the River
Seat 7: PauloCesarH collected ($0.50)
Seat 8: webby170 folded before Flop (didn't bet)
Seat 9: Dorex2007 folded before Flop (didn't bet)



PokerStars Hand #238468361583:  Hold'em No Limit ($0.02/$0.05 USD) - 2022/09/06 22:02:51 PT [2022/09/07 1:02:51 ET]
Table 'Grogler' 9-max Seat #3 is the button
Seat 1: dvdhmstar ($4.01 in chips) 
Seat 2: alfcapone87 ($5.72 in chips) 
Seat 3: Cipriuri ($7.68 in chips) 
Seat 4: enixblr ($5 in chips) 
Seat 5: BluffOnTable ($5.62 in chips) 
Seat 6: K.Yurka ($5 in chips) 
Seat 7: PauloCesarH ($5.56 in chips) 
Seat 8: webby170 ($9.11 in chips) 
Seat 9: Dorex2007 ($8.56 in chips) 
enixblr: posts small blind $0.02
BluffOnTable: posts big blind $0.05
*** HOLE CARDS ***
Dealt to Dorex2007 [3h Jc]
K.Yurka: folds 
PauloCesarH: folds 
webby170 has timed out
webby170: folds 
Dorex2007: folds 
dvdhmstar: folds 
alfcapone87: folds 
Cipriuri: folds 
enixblr: raises $0.10 to $0.15
BluffOnTable: folds 
Uncalled bet ($0.10) returned to enixblr
enixblr collected $0.10 from pot
enixblr: doesn't show hand 
*** SUMMARY ***
Total pot $0.10 | Rake $0 
Seat 1: dvdhmstar folded before Flop (didn't bet)
Seat 2: alfcapone87 folded before Flop (didn't bet)
Seat 3: Cipriuri (button) folded before Flop (didn't bet)
Seat 4: enixblr (small blind) collected ($0.10)
Seat 5: BluffOnTable (big blind) folded before Flop
Seat 6: K.Yurka folded before Flop (didn't bet)
Seat 7: PauloCesarH folded before Flop (didn't bet)
Seat 8: webby170 folded before Flop (didn't bet)
Seat 9: Dorex2007 folded before Flop (didn't bet)



PokerStars Hand #238468364819:  Hold'em No Limit ($0.02/$0.05 USD) - 2022/09/06 22:03:20 PT [2022/09/07 1:03:20 ET]
Table 'Grogler' 9-max Seat #4 is the button
Seat 1: dvdhmstar ($4.01 in chips) 
Seat 2: alfcapone87 ($5.72 in chips) 
Seat 3: Cipriuri ($7.68 in chips) 
Seat 4: enixblr ($5.05 in chips) 
Seat 5: BluffOnTable ($5.57 in chips) 
Seat 6: K.Yurka ($5 in chips) 
Seat 7: PauloCesarH ($5.56 in chips) 
Seat 8: webby170 ($9.11 in chips) 
Seat 9: Dorex2007 ($8.56 in chips) 
BluffOnTable: posts small blind $0.02
K.Yurka: posts big blind $0.05
*** HOLE CARDS ***
Dealt to Dorex2007 [Qh 4h]
PauloCesarH: folds 
webby170: folds 
Dorex2007: folds 
dvdhmstar: folds 
alfcapone87: folds 
Cipriuri: raises $0.10 to $0.15
enixblr: folds 
BluffOnTable: folds 
K.Yurka: folds 
Uncalled bet ($0.10) returned to Cipriuri
Cipriuri collected $0.12 from pot
Cipriuri: doesn't show hand 
*** SUMMARY ***
Total pot $0.12 | Rake $0 
Seat 1: dvdhmstar folded before Flop (didn't bet)
Seat 2: alfcapone87 folded before Flop (didn't bet)
Seat 3: Cipriuri collected ($0.12)
Seat 4: enixblr (button) folded before Flop (didn't bet)
Seat 5: BluffOnTable (small blind) folded before Flop
Seat 6: K.Yurka (big blind) folded before Flop
Seat 7: PauloCesarH folded before Flop (didn't bet)
Seat 8: webby170 folded before Flop (didn't bet)
Seat 9: Dorex2007 folded before Flop (didn't bet)



PokerStars Hand #238468369159:  Hold'em No Limit ($0.02/$0.05 USD) - 2022/09/06 22:03:59 PT [2022/09/07 1:03:59 ET]
Table 'Grogler' 9-max Seat #5 is the button
Seat 1: dvdhmstar ($4.01 in chips) 
Seat 2: alfcapone87 ($5.72 in chips) 
Seat 3: Cipriuri ($7.75 in chips) 
Seat 4: enixblr ($5.05 in chips) 
Seat 5: BluffOnTable ($5.55 in chips) 
Seat 6: K.Yurka ($5 in chips) 
Seat 7: PauloCesarH ($5.56 in chips) 
Seat 8: webby170 ($9.11 in chips) 
Seat 9: Dorex2007 ($8.56 in chips) 
K.Yurka: posts small blind $0.02
PauloCesarH: posts big blind $0.05
*** HOLE CARDS ***
Dealt to Dorex2007 [Ad Kd]
webby170: folds 
Dorex2007: raises $0.10 to $0.15
dvdhmstar: folds 
alfcapone87: folds 
Cipriuri: folds 
enixblr: folds 
BluffOnTable: folds 
K.Yurka: folds 
PauloCesarH: folds 
Uncalled bet ($0.10) returned to Dorex2007
Dorex2007 collected $0.12 from pot
Dorex2007: doesn't show hand 
*** SUMMARY ***
Total pot $0.12 | Rake $0 
Seat 1: dvdhmstar folded before Flop (didn't bet)
Seat 2: alfcapone87 folded before Flop (didn't bet)
Seat 3: Cipriuri folded before Flop (didn't bet)
Seat 4: enixblr folded before Flop (didn't bet)
Seat 5: BluffOnTable (button) folded before Flop (didn't bet)
Seat 6: K.Yurka (small blind) folded before Flop
Seat 7: PauloCesarH (big blind) folded before Flop
Seat 8: webby170 folded before Flop (didn't bet)
Seat 9: Dorex2007 collected ($0.12)



PokerStars Hand #238468373986:  Hold'em No Limit ($0.02/$0.05 USD) - 2022/09/06 22:04:42 PT [2022/09/07 1:04:42 ET]
Table 'Grogler' 9-max Seat #6 is the button
Seat 1: dvdhmstar ($4.01 in chips) 
Seat 2: alfcapone87 ($5.72 in chips) 
Seat 3: Cipriuri ($7.75 in chips) 
Seat 4: enixblr ($5.05 in chips) 
Seat 5: BluffOnTable ($5.55 in chips) 
Seat 6: K.Yurka ($5 in chips) 
Seat 7: PauloCesarH ($5.51 in chips) 
Seat 8: webby170 ($9.11 in chips) 
Seat 9: Dorex2007 ($8.63 in chips) 
PauloCesarH: posts small blind $0.02
webby170: posts big blind $0.05
*** HOLE CARDS ***
Dealt to Dorex2007 [Kd Jh]
Dorex2007: folds 
dvdhmstar: folds 
alfcapone87: folds 
Cipriuri: folds 
enixblr: folds 
BluffOnTable: folds 
K.Yurka: folds 
PauloCesarH: calls $0.03
webby170: checks 
*** FLOP *** [Kc 5h Ad]
PauloCesarH: checks 
webby170: checks 
*** TURN *** [Kc 5h Ad] [Ac]
PauloCesarH: checks 
webby170: checks 
*** RIVER *** [Kc 5h Ad Ac] [Ts]
PauloCesarH: checks 
webby170: checks 
*** SHOW DOWN ***
PauloCesarH: shows [4c Qc] (a pair of Aces)
webby170: mucks hand 
PauloCesarH collected $0.10 from pot
*** SUMMARY ***
Total pot $0.10 | Rake $0 
Board [Kc 5h Ad Ac Ts]
Seat 1: dvdhmstar folded before Flop (didn't bet)
Seat 2: alfcapone87 folded before Flop (didn't bet)
Seat 3: Cipriuri folded before Flop (didn't bet)
Seat 4: enixblr folded before Flop (didn't bet)
Seat 5: BluffOnTable folded before Flop (didn't bet)
Seat 6: K.Yurka (button) folded before Flop (didn't bet)
Seat 7: PauloCesarH (small blind) showed [4c Qc] and won ($0.10) with a pair of Aces
Seat 8: webby170 (big blind) mucked [3s Jc]
Seat 9: Dorex2007 folded before Flop (didn't bet)



PokerStars Hand #238468385723:  Hold'em No Limit ($0.02/$0.05 USD) - 2022/09/06 22:06:26 PT [2022/09/07 1:06:26 ET]
Table 'Grogler' 9-max Seat #7 is the button
Seat 1: dvdhmstar ($4.01 in chips) 
Seat 2: alfcapone87 ($5.72 in chips) 
Seat 3: Cipriuri ($7.75 in chips) 
Seat 4: enixblr ($5.05 in chips) 
Seat 5: BluffOnTable ($5.55 in chips) 
Seat 6: K.Yurka ($5 in chips) 
Seat 7: PauloCesarH ($5.56 in chips) 
Seat 8: webby170 ($9.06 in chips) 
Seat 9: Dorex2007 ($8.63 in chips) 
webby170: posts small blind $0.02
Dorex2007: posts big blind $0.05
*** HOLE CARDS ***
Dealt to Dorex2007 [Qs 6c]
dvdhmstar: folds 
alfcapone87: folds 
Cipriuri: folds 
Cipriuri leaves the table
enixblr: folds 
Hejter1337 joins the table at seat #3 
BluffOnTable: folds 
K.Yurka: raises $0.10 to $0.15
PauloCesarH: raises $0.20 to $0.35
webby170: raises $0.90 to $1.25
Dorex2007: folds 
K.Yurka: folds 
PauloCesarH: folds 
Uncalled bet ($0.90) returned to webby170
webby170 collected $0.90 from pot
*** SUMMARY ***
Total pot $0.90 | Rake $0 
Seat 1: dvdhmstar folded before Flop (didn't bet)
Seat 2: alfcapone87 folded before Flop (didn't bet)
Seat 3: Cipriuri folded before Flop (didn't bet)
Seat 4: enixblr folded before Flop (didn't bet)
Seat 5: BluffOnTable folded before Flop (didn't bet)
Seat 6: K.Yurka folded before Flop
Seat 7: PauloCesarH (button) folded before Flop
Seat 8: webby170 (small blind) collected ($0.90)
Seat 9: Dorex2007 (big blind) folded before Flop



PokerStars Hand #238468391515:  Hold'em No Limit ($0.02/$0.05 USD) - 2022/09/06 22:07:17 PT [2022/09/07 1:07:17 ET]
Table 'Grogler' 9-max Seat #8 is the button
Seat 1: dvdhmstar ($4.01 in chips) 
Seat 2: alfcapone87 ($5.72 in chips) 
Seat 4: enixblr ($5.05 in chips) 
Seat 5: BluffOnTable ($5.55 in chips) 
Seat 6: K.Yurka ($5 in chips) 
Seat 7: PauloCesarH ($5.21 in chips) 
Seat 8: webby170 ($9.61 in chips) 
Seat 9: Dorex2007 ($8.58 in chips) 
Dorex2007: posts small blind $0.02
dvdhmstar: posts big blind $0.05
Hejter1337: sits out 
*** HOLE CARDS ***
Dealt to Dorex2007 [Ah 4d]
alfcapone87: folds 
enixblr: folds 
BluffOnTable: folds 
K.Yurka: raises $0.10 to $0.15
PauloCesarH: calls $0.15
webby170: folds 
Dorex2007: folds 
dvdhmstar: folds 
*** FLOP *** [Qd 5d Th]
K.Yurka: bets $0.14
PauloCesarH: calls $0.14
*** TURN *** [Qd 5d Th] [Qh]
K.Yurka: bets $0.25
PauloCesarH: folds 
Uncalled bet ($0.25) returned to K.Yurka
K.Yurka collected $0.62 from pot
K.Yurka: doesn't show hand 
*** SUMMARY ***
Total pot $0.65 | Rake $0.03 
Board [Qd 5d Th Qh]
Seat 1: dvdhmstar (big blind) folded before Flop
Seat 2: alfcapone87 folded before Flop (didn't bet)
Seat 4: enixblr folded before Flop (didn't bet)
Seat 5: BluffOnTable folded before Flop (didn't bet)
Seat 6: K.Yurka collected ($0.62)
Seat 7: PauloCesarH folded on the Turn
Seat 8: webby170 (button) folded before Flop (didn't bet)
Seat 9: Dorex2007 (small blind) folded before Flop



PokerStars Hand #238468400549:  Hold'em No Limit ($0.02/$0.05 USD) - 2022/09/06 22:08:36 PT [2022/09/07 1:08:36 ET]
Table 'Grogler' 9-max Seat #9 is the button
Seat 1: dvdhmstar ($3.96 in chips) 
Seat 2: alfcapone87 ($5.72 in chips) 
Seat 4: enixblr ($5.05 in chips) 
Seat 5: BluffOnTable ($5.55 in chips) 
Seat 6: K.Yurka ($5.33 in chips) 
Seat 7: PauloCesarH ($4.92 in chips) 
Seat 8: webby170 ($9.61 in chips) 
Seat 9: Dorex2007 ($8.56 in chips) 
dvdhmstar: posts small blind $0.02
alfcapone87: posts big blind $0.05
Hejter1337: sits out 
*** HOLE CARDS ***
Dealt to Dorex2007 [7c 4h]
enixblr: folds 
BluffOnTable: folds 
K.Yurka: folds 
PauloCesarH: raises $0.10 to $0.15
webby170: folds 
Dorex2007: folds 
dvdhmstar: folds 
alfcapone87: raises $0.32 to $0.47
PauloCesarH: raises $0.62 to $1.09
alfcapone87: calls $0.62
*** FLOP *** [3h 8c Ah]
alfcapone87: checks 
PauloCesarH: bets $1.55
alfcapone87: folds 
Uncalled bet ($1.55) returned to PauloCesarH
PauloCesarH collected $2.11 from pot
*** SUMMARY ***
Total pot $2.20 | Rake $0.09 
Board [3h 8c Ah]
Seat 1: dvdhmstar (small blind) folded before Flop
Seat 2: alfcapone87 (big blind) folded on the Flop
Seat 4: enixblr folded before Flop (didn't bet)
Seat 5: BluffOnTable folded before Flop (didn't bet)
Seat 6: K.Yurka folded before Flop (didn't bet)
Seat 7: PauloCesarH collected ($2.11)
Seat 8: webby170 folded before Flop (didn't bet)
Seat 9: Dorex2007 (button) folded before Flop (didn't bet)



PokerStars Hand #238468406158:  Hold'em No Limit ($0.02/$0.05 USD) - 2022/09/06 22:09:26 PT [2022/09/07 1:09:26 ET]
Table 'Grogler' 9-max Seat #1 is the button
Seat 1: dvdhmstar ($3.94 in chips) 
Seat 2: alfcapone87 ($5 in chips) 
Seat 3: Hejter1337 ($5 in chips) 
Seat 4: enixblr ($5.05 in chips) 
Seat 5: BluffOnTable ($5.55 in chips) 
Seat 6: K.Yurka ($5.33 in chips) 
Seat 7: PauloCesarH ($5.94 in chips) 
Seat 8: webby170 ($9.61 in chips) 
Seat 9: Dorex2007 ($8.56 in chips) 
alfcapone87: posts small blind $0.02
Hejter1337: posts big blind $0.05
*** HOLE CARDS ***
Dealt to Dorex2007 [Jc 5d]
enixblr: folds 
BluffOnTable: folds 
K.Yurka: folds 
PauloCesarH: raises $0.10 to $0.15
webby170: folds 
Dorex2007: folds 
dvdhmstar: folds 
alfcapone87: calls $0.13
Hejter1337: folds 
*** FLOP *** [2c 2d Qd]
alfcapone87: checks 
PauloCesarH: bets $0.17
alfcapone87: folds 
Uncalled bet ($0.17) returned to PauloCesarH
PauloCesarH collected $0.34 from pot
*** SUMMARY ***
Total pot $0.35 | Rake $0.01 
Board [2c 2d Qd]
Seat 1: dvdhmstar (button) folded before Flop (didn't bet)
Seat 2: alfcapone87 (small blind) folded on the Flop
Seat 3: Hejter1337 (big blind) folded before Flop
Seat 4: enixblr folded before Flop (didn't bet)
Seat 5: BluffOnTable folded before Flop (didn't bet)
Seat 6: K.Yurka folded before Flop (didn't bet)
Seat 7: PauloCesarH collected ($0.34)
Seat 8: webby170 folded before Flop (didn't bet)
Seat 9: Dorex2007 folded before Flop (didn't bet)



PokerStars Hand #238468410052:  Hold'em No Limit ($0.02/$0.05 USD) - 2022/09/06 22:10:00 PT [2022/09/07 1:10:00 ET]
Table 'Grogler' 9-max Seat #2 is the button
Seat 1: dvdhmstar ($3.94 in chips) 
Seat 2: alfcapone87 ($5 in chips) 
Seat 3: Hejter1337 ($4.95 in chips) 
Seat 4: enixblr ($5.05 in chips) 
Seat 5: BluffOnTable ($5.55 in chips) 
Seat 6: K.Yurka ($5.33 in chips) 
Seat 7: PauloCesarH ($6.13 in chips) 
Seat 8: webby170 ($9.61 in chips) 
Seat 9: Dorex2007 ($8.56 in chips) 
Hejter1337: posts small blind $0.02
enixblr: posts big blind $0.05
*** HOLE CARDS ***
Dealt to Dorex2007 [Kc 5s]
BluffOnTable: folds 
K.Yurka: folds 
PauloCesarH: raises $0.10 to $0.15
webby170: folds 
Dorex2007: folds 
dvdhmstar: folds 
alfcapone87: folds 
Hejter1337: folds 
enixblr: raises $0.55 to $0.70
PauloCesarH: folds 
Uncalled bet ($0.55) returned to enixblr
enixblr collected $0.32 from pot
enixblr: doesn't show hand 
*** SUMMARY ***
Total pot $0.32 | Rake $0 
Seat 1: dvdhmstar folded before Flop (didn't bet)
Seat 2: alfcapone87 (button) folded before Flop (didn't bet)
Seat 3: Hejter1337 (small blind) folded before Flop
Seat 4: enixblr (big blind) collected ($0.32)
Seat 5: BluffOnTable folded before Flop (didn't bet)
Seat 6: K.Yurka folded before Flop (didn't bet)
Seat 7: PauloCesarH folded before Flop
Seat 8: webby170 folded before Flop (didn't bet)
Seat 9: Dorex2007 folded before Flop (didn't bet)



PokerStars Hand #238468414912:  Hold'em No Limit ($0.02/$0.05 USD) - 2022/09/06 22:10:43 PT [2022/09/07 1:10:43 ET]
Table 'Grogler' 9-max Seat #3 is the button
Seat 1: dvdhmstar ($3.94 in chips) 
Seat 2: alfcapone87 ($5 in chips) 
Seat 3: Hejter1337 ($4.93 in chips) 
Seat 4: enixblr ($5.22 in chips) 
Seat 6: K.Yurka ($5.33 in chips) 
Seat 7: PauloCesarH ($5.98 in chips) 
Seat 8: webby170 ($9.61 in chips) 
Seat 9: Dorex2007 ($8.56 in chips) 
enixblr: posts small blind $0.02
BluffOnTable: is sitting out 
K.Yurka: posts big blind $0.05
*** HOLE CARDS ***
Dealt to Dorex2007 [7h 3d]
BluffOnTable leaves the table
PauloCesarH: folds 
webby170: folds 
Dorex2007: folds 
dvdhmstar: folds 
alfcapone87: folds 
Hejter1337: folds 
enixblr: raises $0.10 to $0.15
K.Yurka: folds 
Uncalled bet ($0.10) returned to enixblr
enixblr collected $0.10 from pot
enixblr: doesn't show hand 
*** SUMMARY ***
Total pot $0.10 | Rake $0 
Seat 1: dvdhmstar folded before Flop (didn't bet)
Seat 2: alfcapone87 folded before Flop (didn't bet)
Seat 3: Hejter1337 (button) folded before Flop (didn't bet)
Seat 4: enixblr (small blind) collected ($0.10)
Seat 6: K.Yurka (big blind) folded before Flop
Seat 7: PauloCesarH folded before Flop (didn't bet)
Seat 8: webby170 folded before Flop (didn't bet)
Seat 9: Dorex2007 folded before Flop (didn't bet)



PokerStars Hand #238468417029:  Hold'em No Limit ($0.02/$0.05 USD) - 2022/09/06 22:11:02 PT [2022/09/07 1:11:02 ET]
Table 'Grogler' 9-max Seat #4 is the button
Seat 1: dvdhmstar ($3.94 in chips) 
Seat 2: alfcapone87 ($5 in chips) 
Seat 3: Hejter1337 ($4.93 in chips) 
Seat 4: enixblr ($5.27 in chips) 
Seat 6: K.Yurka ($5.28 in chips) 
Seat 7: PauloCesarH ($5.98 in chips) 
Seat 8: webby170 ($9.61 in chips) 
Seat 9: Dorex2007 ($8.56 in chips) 
K.Yurka: posts small blind $0.02
PauloCesarH: posts big blind $0.05
*** HOLE CARDS ***
Dealt to Dorex2007 [Td Tc]
webby170: folds 
Dorex2007: calls $0.05
dvdhmstar: folds 
alfcapone87: folds 
Hejter1337: folds 
enixblr: raises $0.20 to $0.25
K.Yurka: folds 
PauloCesarH: folds 
Dorex2007: folds 
Uncalled bet ($0.20) returned to enixblr
enixblr collected $0.17 from pot
enixblr: doesn't show hand 
*** SUMMARY ***
Total pot $0.17 | Rake $0 
Seat 1: dvdhmstar folded before Flop (didn't bet)
Seat 2: alfcapone87 folded before Flop (didn't bet)
Seat 3: Hejter1337 folded before Flop (didn't bet)
Seat 4: enixblr (button) collected ($0.17)
Seat 6: K.Yurka (small blind) folded before Flop
Seat 7: PauloCesarH (big blind) folded before Flop
Seat 8: webby170 folded before Flop (didn't bet)
Seat 9: Dorex2007 folded before Flop



PokerStars Hand #238468420268:  Hold'em No Limit ($0.02/$0.05 USD) - 2022/09/06 22:11:32 PT [2022/09/07 1:11:32 ET]
Table 'Grogler' 9-max Seat #6 is the button
Seat 1: dvdhmstar ($3.94 in chips) 
Seat 2: alfcapone87 ($5 in chips) 
Seat 3: Hejter1337 ($4.93 in chips) 
Seat 4: enixblr ($5.39 in chips) 
Seat 6: K.Yurka ($5.26 in chips) 
Seat 7: PauloCesarH ($5.93 in chips) 
Seat 8: webby170 ($9.61 in chips) 
Seat 9: Dorex2007 ($8.51 in chips) 
qcowie joins the table at seat #5 
PauloCesarH: posts small blind $0.02
webby170: posts big blind $0.05
*** HOLE CARDS ***
Dealt to Dorex2007 [7h 3c]
Dorex2007: folds 
dvdhmstar: folds 
alfcapone87: folds 
Hejter1337: raises $0.10 to $0.15
enixblr: folds 
K.Yurka: calls $0.15
PauloCesarH: folds 
webby170: folds 
*** FLOP *** [Kd 9s Tc]
Hejter1337: bets $0.17
K.Yurka: calls $0.17
*** TURN *** [Kd 9s Tc] [8c]
Hejter1337: checks 
K.Yurka: bets $0.34
Hejter1337: folds 
Uncalled bet ($0.34) returned to K.Yurka
K.Yurka collected $0.68 from pot
K.Yurka: doesn't show hand 
*** SUMMARY ***
Total pot $0.71 | Rake $0.03 
Board [Kd 9s Tc 8c]
Seat 1: dvdhmstar folded before Flop (didn't bet)
Seat 2: alfcapone87 folded before Flop (didn't bet)
Seat 3: Hejter1337 folded on the Turn
Seat 4: enixblr folded before Flop (didn't bet)
Seat 6: K.Yurka (button) collected ($0.68)
Seat 7: PauloCesarH (small blind) folded before Flop
Seat 8: webby170 (big blind) folded before Flop
Seat 9: Dorex2007 folded before Flop (didn't bet)



PokerStars Hand #238468424226:  Hold'em No Limit ($0.02/$0.05 USD) - 2022/09/06 22:12:07 PT [2022/09/07 1:12:07 ET]
Table 'Grogler' 9-max Seat #7 is the button
Seat 1: dvdhmstar ($3.94 in chips) 
Seat 2: alfcapone87 ($5 in chips) 
Seat 3: Hejter1337 ($4.61 in chips) 
Seat 4: enixblr ($5.39 in chips) 
Seat 6: K.Yurka ($5.62 in chips) 
Seat 7: PauloCesarH ($5.91 in chips) 
Seat 8: webby170 ($9.56 in chips) 
Seat 9: Dorex2007 ($8.51 in chips) 
webby170: posts small blind $0.02
Dorex2007: posts big blind $0.05
qcowie: sits out 
*** HOLE CARDS ***
Dealt to Dorex2007 [Tc 7h]
dvdhmstar: folds 
alfcapone87: raises $0.10 to $0.15
Hejter1337: folds 
enixblr: folds 
K.Yurka: folds 
PauloCesarH: folds 
webby170: calls $0.13
Dorex2007: folds 
*** FLOP *** [7d 5s 5d]
webby170: checks 
alfcapone87: bets $0.18
webby170: calls $0.18
*** TURN *** [7d 5s 5d] [Qd]
webby170: checks 
alfcapone87: checks 
*** RIVER *** [7d 5s 5d Qd] [Qh]
webby170: checks 
alfcapone87: checks 
*** SHOW DOWN ***
webby170: shows [Qs Kh] (a full house, Queens full of Fives)
alfcapone87: mucks hand 
webby170 collected $0.68 from pot
*** SUMMARY ***
Total pot $0.71 | Rake $0.03 
Board [7d 5s 5d Qd Qh]
Seat 1: dvdhmstar folded before Flop (didn't bet)
Seat 2: alfcapone87 mucked [Jc Js]
Seat 3: Hejter1337 folded before Flop (didn't bet)
Seat 4: enixblr folded before Flop (didn't bet)
Seat 6: K.Yurka folded before Flop (didn't bet)
Seat 7: PauloCesarH (button) folded before Flop (didn't bet)
Seat 8: webby170 (small blind) showed [Qs Kh] and won ($0.68) with a full house, Queens full of Fives
Seat 9: Dorex2007 (big blind) folded before Flop



PokerStars Hand #238468429066:  Hold'em No Limit ($0.02/$0.05 USD) - 2022/09/06 22:12:50 PT [2022/09/07 1:12:50 ET]
Table 'Grogler' 9-max Seat #8 is the button
Seat 1: dvdhmstar ($3.94 in chips) 
Seat 2: alfcapone87 ($5 in chips) 
Seat 3: Hejter1337 ($4.61 in chips) 
Seat 4: enixblr ($5.39 in chips) 
Seat 6: K.Yurka ($5.62 in chips) 
Seat 7: PauloCesarH ($5.91 in chips) 
Seat 8: webby170 ($9.91 in chips) 
Seat 9: Dorex2007 ($8.46 in chips) 
Dorex2007: posts small blind $0.02
dvdhmstar: posts big blind $0.05
qcowie: sits out 
*** HOLE CARDS ***
Dealt to Dorex2007 [Qh 9d]
alfcapone87: folds 
Hejter1337: folds 
enixblr: folds 
K.Yurka: folds 
PauloCesarH: raises $0.10 to $0.15
webby170: folds 
Dorex2007: folds 
dvdhmstar: folds 
Uncalled bet ($0.10) returned to PauloCesarH
PauloCesarH collected $0.12 from pot
*** SUMMARY ***
Total pot $0.12 | Rake $0 
Seat 1: dvdhmstar (big blind) folded before Flop
Seat 2: alfcapone87 folded before Flop (didn't bet)
Seat 3: Hejter1337 folded before Flop (didn't bet)
Seat 4: enixblr folded before Flop (didn't bet)
Seat 6: K.Yurka folded before Flop (didn't bet)
Seat 7: PauloCesarH collected ($0.12)
Seat 8: webby170 (button) folded before Flop (didn't bet)
Seat 9: Dorex2007 (small blind) folded before Flop



PokerStars Hand #238468431726:  Hold'em No Limit ($0.02/$0.05 USD) - 2022/09/06 22:13:15 PT [2022/09/07 1:13:15 ET]
Table 'Grogler' 9-max Seat #9 is the button
Seat 1: dvdhmstar ($3.89 in chips) 
Seat 2: alfcapone87 ($5 in chips) 
Seat 3: Hejter1337 ($4.61 in chips) 
Seat 4: enixblr ($5.39 in chips) 
Seat 6: K.Yurka ($5.62 in chips) 
Seat 7: PauloCesarH ($5.98 in chips) 
Seat 8: webby170 ($9.91 in chips) 
Seat 9: Dorex2007 ($8.44 in chips) 
dvdhmstar: posts small blind $0.02
alfcapone87: posts big blind $0.05
qcowie: sits out 
*** HOLE CARDS ***
Dealt to Dorex2007 [6h 6s]
Hejter1337: folds 
enixblr: folds 
K.Yurka: folds 
PauloCesarH: folds 
webby170: raises $0.06 to $0.11
Dorex2007: calls $0.11
dvdhmstar: folds 
alfcapone87: folds 
*** FLOP *** [Ad 7h Kh]
webby170: checks 
Dorex2007: checks 
*** TURN *** [Ad 7h Kh] [As]
webby170: bets $0.14
Dorex2007: folds 
Uncalled bet ($0.14) returned to webby170
webby170 collected $0.28 from pot
*** SUMMARY ***
Total pot $0.29 | Rake $0.01 
Board [Ad 7h Kh As]
Seat 1: dvdhmstar (small blind) folded before Flop
Seat 2: alfcapone87 (big blind) folded before Flop
Seat 3: Hejter1337 folded before Flop (didn't bet)
Seat 4: enixblr folded before Flop (didn't bet)
Seat 6: K.Yurka folded before Flop (didn't bet)
Seat 7: PauloCesarH folded before Flop (didn't bet)
Seat 8: webby170 collected ($0.28)
Seat 9: Dorex2007 (button) folded on the Turn



PokerStars Hand #238468435847:  Hold'em No Limit ($0.02/$0.05 USD) - 2022/09/06 22:13:52 PT [2022/09/07 1:13:52 ET]
Table 'Grogler' 9-max Seat #1 is the button
Seat 1: dvdhmstar ($3.87 in chips) 
Seat 2: alfcapone87 ($5 in chips) 
Seat 3: Hejter1337 ($4.61 in chips) 
Seat 4: enixblr ($5.39 in chips) 
Seat 6: K.Yurka ($5.62 in chips) 
Seat 7: PauloCesarH ($5.98 in chips) 
Seat 8: webby170 ($10.08 in chips) 
Seat 9: Dorex2007 ($8.33 in chips) 
alfcapone87: posts small blind $0.02
Hejter1337: posts big blind $0.05
qcowie: sits out 
*** HOLE CARDS ***
Dealt to Dorex2007 [Qs Ac]
enixblr: folds 
K.Yurka: folds 
PauloCesarH: folds 
webby170: raises $0.06 to $0.11
Dorex2007: calls $0.11
dvdhmstar: folds 
alfcapone87: folds 
Hejter1337: calls $0.06
*** FLOP *** [6s 5h Ad]
Hejter1337: checks 
webby170: checks 
Dorex2007: bets $0.17
Hejter1337: calls $0.17
webby170: folds 
*** TURN *** [6s 5h Ad] [9d]
Hejter1337: checks 
Dorex2007: bets $0.66
Hejter1337: calls $0.66
*** RIVER *** [6s 5h Ad 9d] [2h]
Hejter1337: checks 
Dorex2007: checks 
*** SHOW DOWN ***
Hejter1337: shows [As Ts] (a pair of Aces)
Dorex2007: shows [Qs Ac] (a pair of Aces - Queen kicker)
Dorex2007 collected $1.93 from pot
*** SUMMARY ***
Total pot $2.01 | Rake $0.08 
Board [6s 5h Ad 9d 2h]
Seat 1: dvdhmstar (button) folded before Flop (didn't bet)
Seat 2: alfcapone87 (small blind) folded before Flop
Seat 3: Hejter1337 (big blind) showed [As Ts] and lost with a pair of Aces
Seat 4: enixblr folded before Flop (didn't bet)
Seat 6: K.Yurka folded before Flop (didn't bet)
Seat 7: PauloCesarH folded before Flop (didn't bet)
Seat 8: webby170 folded on the Flop
Seat 9: Dorex2007 showed [Qs Ac] and won ($1.93) with a pair of Aces



PokerStars Hand #238468441498:  Hold'em No Limit ($0.02/$0.05 USD) - 2022/09/06 22:14:42 PT [2022/09/07 1:14:42 ET]
Table 'Grogler' 9-max Seat #2 is the button
Seat 1: dvdhmstar ($3.87 in chips) 
Seat 2: alfcapone87 ($5 in chips) 
Seat 3: Hejter1337 ($3.67 in chips) 
Seat 4: enixblr ($5.39 in chips) 
Seat 6: K.Yurka ($5.62 in chips) 
Seat 7: PauloCesarH ($5.98 in chips) 
Seat 8: webby170 ($9.97 in chips) 
Seat 9: Dorex2007 ($9.32 in chips) 
Hejter1337: posts small blind $0.02
enixblr: posts big blind $0.05
qcowie: sits out 
*** HOLE CARDS ***
Dealt to Dorex2007 [8d 7d]
K.Yurka: folds 
PauloCesarH: raises $0.10 to $0.15
webby170: folds 
Dorex2007: folds 
dvdhmstar: calls $0.15
alfcapone87: raises $0.52 to $0.67
Hejter1337: folds 
enixblr: folds 
PauloCesarH: folds 
dvdhmstar: calls $0.52
*** FLOP *** [5s Ac 3c]
dvdhmstar: checks 
alfcapone87: bets $0.51
dvdhmstar: calls $0.51
*** TURN *** [5s Ac 3c] [2h]
dvdhmstar: checks 
alfcapone87: checks 
*** RIVER *** [5s Ac 3c 2h] [Jh]
dvdhmstar: checks 
alfcapone87: bets $1.98
dvdhmstar: calls $1.98
*** SHOW DOWN ***
alfcapone87: shows [Jd Jc] (three of a kind, Jacks)
dvdhmstar: mucks hand 
alfcapone87 collected $6.27 from pot
*** SUMMARY ***
Total pot $6.54 | Rake $0.27 
Board [5s Ac 3c 2h Jh]
Seat 1: dvdhmstar mucked [Qs As]
Seat 2: alfcapone87 (button) showed [Jd Jc] and won ($6.27) with three of a kind, Jacks
Seat 3: Hejter1337 (small blind) folded before Flop
Seat 4: enixblr (big blind) folded before Flop
Seat 6: K.Yurka folded before Flop (didn't bet)
Seat 7: PauloCesarH folded before Flop
Seat 8: webby170 folded before Flop (didn't bet)
Seat 9: Dorex2007 folded before Flop (didn't bet)



PokerStars Hand #238468449603:  Hold'em No Limit ($0.02/$0.05 USD) - 2022/09/06 22:15:55 PT [2022/09/07 1:15:55 ET]
Table 'Grogler' 9-max Seat #3 is the button
Seat 1: dvdhmstar ($0.71 in chips) 
Seat 2: alfcapone87 ($8.11 in chips) 
Seat 3: Hejter1337 ($3.65 in chips) 
Seat 6: K.Yurka ($5.62 in chips) 
Seat 8: webby170 ($9.97 in chips) 
Seat 9: Dorex2007 ($9.32 in chips) 
K.Yurka: posts small blind $0.02
PauloCesarH: is sitting out 
webby170: posts big blind $0.05
*** HOLE CARDS ***
Dealt to Dorex2007 [6d 4s]
Dorex2007: folds 
dvdhmstar: folds 
alfcapone87: raises $0.10 to $0.15
Hejter1337: calls $0.15
K.Yurka: folds 
webby170: calls $0.10
*** FLOP *** [Jh Ts Kd]
PauloCesarH leaves the table
webby170: checks 
alfcapone87: checks 
Hejter1337: checks 
*** TURN *** [Jh Ts Kd] [8h]
richard4848 joins the table at seat #7 
webby170: checks 
alfcapone87: bets $0.23
Hejter1337: calls $0.23
webby170: calls $0.23
*** RIVER *** [Jh Ts Kd 8h] [3c]
webby170: checks 
alfcapone87: checks 
Hejter1337: checks 
*** SHOW DOWN ***
webby170: shows [Ad Tc] (a pair of Tens)
alfcapone87: shows [Qc Qs] (a pair of Queens)
Hejter1337: mucks hand 
alfcapone87 collected $1.11 from pot
*** SUMMARY ***
Total pot $1.16 | Rake $0.05 
Board [Jh Ts Kd 8h 3c]
Seat 1: dvdhmstar folded before Flop (didn't bet)
Seat 2: alfcapone87 showed [Qc Qs] and won ($1.11) with a pair of Queens
Seat 3: Hejter1337 (button) mucked [Ah 9h]
Seat 6: K.Yurka (small blind) folded before Flop
Seat 8: webby170 (big blind) showed [Ad Tc] and lost with a pair of Tens
Seat 9: Dorex2007 folded before Flop (didn't bet)



PokerStars Hand #238468454540:  Hold'em No Limit ($0.02/$0.05 USD) - 2022/09/06 22:16:39 PT [2022/09/07 1:16:39 ET]
Table 'Grogler' 9-max Seat #6 is the button
Seat 1: dvdhmstar ($0.71 in chips) 
Seat 2: alfcapone87 ($8.84 in chips) 
Seat 3: Hejter1337 ($3.27 in chips) 
Seat 6: K.Yurka ($5.60 in chips) 
Seat 8: webby170 ($9.59 in chips) 
Seat 9: Dorex2007 ($9.32 in chips) 
webby170: posts small blind $0.02
Dorex2007: posts big blind $0.05
enixblr: sits out 
qcowie: sits out 
*** HOLE CARDS ***
Dealt to Dorex2007 [8c Td]
dvdhmstar: folds 
alfcapone87: folds 
Hejter1337: folds 
K.Yurka: folds 
webby170: folds 
Uncalled bet ($0.03) returned to Dorex2007
Dorex2007 collected $0.04 from pot
Dorex2007: doesn't show hand 
*** SUMMARY ***
Total pot $0.04 | Rake $0 
Seat 1: dvdhmstar folded before Flop (didn't bet)
Seat 2: alfcapone87 folded before Flop (didn't bet)
Seat 3: Hejter1337 folded before Flop (didn't bet)
Seat 6: K.Yurka (button) folded before Flop (didn't bet)
Seat 8: webby170 (small blind) folded before Flop
Seat 9: Dorex2007 (big blind) collected ($0.04)



PokerStars Hand #238468457864:  Hold'em No Limit ($0.02/$0.05 USD) - 2022/09/06 22:17:08 PT [2022/09/07 1:17:08 ET]
Table 'Grogler' 9-max Seat #8 is the button
Seat 1: dvdhmstar ($0.71 in chips) 
Seat 2: alfcapone87 ($8.84 in chips) 
Seat 3: Hejter1337 ($5 in chips) 
Seat 6: K.Yurka ($5.60 in chips) 
Seat 8: webby170 ($9.57 in chips) 
Seat 9: Dorex2007 ($9.34 in chips) 
Dorex2007: posts small blind $0.02
dvdhmstar: posts big blind $0.05
enixblr: sits out 
qcowie: sits out 
richard4848: sits out 
*** HOLE CARDS ***
Dealt to Dorex2007 [Qh Tc]
alfcapone87: raises $0.10 to $0.15
Hejter1337: folds 
K.Yurka: folds 
webby170: folds 
Dorex2007: folds 
dvdhmstar: folds 
Uncalled bet ($0.10) returned to alfcapone87
alfcapone87 collected $0.12 from pot
alfcapone87: doesn't show hand 
*** SUMMARY ***
Total pot $0.12 | Rake $0 
Seat 1: dvdhmstar (big blind) folded before Flop
Seat 2: alfcapone87 collected ($0.12)
Seat 3: Hejter1337 folded before Flop (didn't bet)
Seat 6: K.Yurka folded before Flop (didn't bet)
Seat 8: webby170 (button) folded before Flop (didn't bet)
Seat 9: Dorex2007 (small blind) folded before Flop



PokerStars Hand #238468460720:  Hold'em No Limit ($0.02/$0.05 USD) - 2022/09/06 22:17:34 PT [2022/09/07 1:17:34 ET]
Table 'Grogler' 9-max Seat #9 is the button
Seat 1: dvdhmstar ($0.66 in chips) 
Seat 2: alfcapone87 ($8.91 in chips) 
Seat 3: Hejter1337 ($5 in chips) 
Seat 6: K.Yurka ($5.60 in chips) 
Seat 8: webby170 ($9.57 in chips) 
Seat 9: Dorex2007 ($9.32 in chips) 
dvdhmstar: posts small blind $0.02
alfcapone87: posts big blind $0.05
enixblr: sits out 
qcowie: sits out 
richard4848: sits out 
*** HOLE CARDS ***
Dealt to Dorex2007 [Qd Kh]
Hejter1337: folds 
K.Yurka: folds 
webby170 has timed out
webby170: folds 
Dorex2007: raises $0.10 to $0.15
dvdhmstar: folds 
alfcapone87: folds 
Uncalled bet ($0.10) returned to Dorex2007
Dorex2007 collected $0.12 from pot
Dorex2007: doesn't show hand 
*** SUMMARY ***
Total pot $0.12 | Rake $0 
Seat 1: dvdhmstar (small blind) folded before Flop
Seat 2: alfcapone87 (big blind) folded before Flop
Seat 3: Hejter1337 folded before Flop (didn't bet)
Seat 6: K.Yurka folded before Flop (didn't bet)
Seat 8: webby170 folded before Flop (didn't bet)
Seat 9: Dorex2007 (button) collected ($0.12)



PokerStars Hand #238468464903:  Hold'em No Limit ($0.02/$0.05 USD) - 2022/09/06 22:18:11 PT [2022/09/07 1:18:11 ET]
Table 'Grogler' 9-max Seat #1 is the button
Seat 1: dvdhmstar ($0.64 in chips) 
Seat 2: alfcapone87 ($8.86 in chips) 
Seat 3: Hejter1337 ($5 in chips) 
Seat 6: K.Yurka ($5.60 in chips) 
Seat 8: webby170 ($9.57 in chips) 
Seat 9: Dorex2007 ($9.39 in chips) 
alfcapone87: posts small blind $0.02
Hejter1337: posts big blind $0.05
enixblr: sits out 
qcowie: sits out 
richard4848: sits out 
*** HOLE CARDS ***
Dealt to Dorex2007 [Tc 6d]
K.Yurka: folds 
webby170: raises $0.06 to $0.11
Dorex2007: folds 
dvdhmstar: calls $0.11
alfcapone87: folds 
Hejter1337: folds 
*** FLOP *** [4h Jh 8c]
webby170: checks 
dvdhmstar: bets $0.53 and is all-in
webby170: calls $0.53
*** TURN *** [4h Jh 8c] [9h]
*** RIVER *** [4h Jh 8c 9h] [Ad]
*** SHOW DOWN ***
webby170: shows [Kd Ac] (a pair of Aces)
dvdhmstar: shows [Jc 9c] (two pair, Jacks and Nines)
dvdhmstar collected $1.29 from pot
*** SUMMARY ***
Total pot $1.35 | Rake $0.06 
Board [4h Jh 8c 9h Ad]
Seat 1: dvdhmstar (button) showed [Jc 9c] and won ($1.29) with two pair, Jacks and Nines
Seat 2: alfcapone87 (small blind) folded before Flop
Seat 3: Hejter1337 (big blind) folded before Flop
Seat 6: K.Yurka folded before Flop (didn't bet)
Seat 8: webby170 showed [Kd Ac] and lost with a pair of Aces
Seat 9: Dorex2007 folded before Flop (didn't bet)



PokerStars Hand #238468470524:  Hold'em No Limit ($0.02/$0.05 USD) - 2022/09/06 22:19:03 PT [2022/09/07 1:19:03 ET]
Table 'Grogler' 9-max Seat #2 is the button
Seat 1: dvdhmstar ($1.29 in chips) 
Seat 2: alfcapone87 ($8.84 in chips) 
Seat 3: Hejter1337 ($4.95 in chips) 
Seat 4: enixblr ($5.34 in chips) 
Seat 6: K.Yurka ($5.60 in chips) 
Seat 8: webby170 ($8.93 in chips) 
Seat 9: Dorex2007 ($9.39 in chips) 
Hejter1337: posts small blind $0.02
enixblr: posts big blind $0.05
qcowie: sits out 
richard4848: sits out 
*** HOLE CARDS ***
Dealt to Dorex2007 [Ah 6c]
K.Yurka: folds 
webby170: folds 
Dorex2007: folds 
dvdhmstar: folds 
alfcapone87: folds 
Hejter1337: folds 
Uncalled bet ($0.03) returned to enixblr
enixblr collected $0.04 from pot
enixblr: doesn't show hand 
*** SUMMARY ***
Total pot $0.04 | Rake $0 
Seat 1: dvdhmstar folded before Flop (didn't bet)
Seat 2: alfcapone87 (button) folded before Flop (didn't bet)
Seat 3: Hejter1337 (small blind) folded before Flop
Seat 4: enixblr (big blind) collected ($0.04)
Seat 6: K.Yurka folded before Flop (didn't bet)
Seat 8: webby170 folded before Flop (didn't bet)
Seat 9: Dorex2007 folded before Flop (didn't bet)



PokerStars Hand #238468472405:  Hold'em No Limit ($0.02/$0.05 USD) - 2022/09/06 22:19:19 PT [2022/09/07 1:19:19 ET]
Table 'Grogler' 9-max Seat #3 is the button
Seat 1: dvdhmstar ($1.29 in chips) 
Seat 2: alfcapone87 ($8.84 in chips) 
Seat 3: Hejter1337 ($4.93 in chips) 
Seat 4: enixblr ($5.36 in chips) 
Seat 5: qcowie ($5 in chips) 
Seat 6: K.Yurka ($5.60 in chips) 
Seat 8: webby170 ($8.93 in chips) 
Seat 9: Dorex2007 ($9.39 in chips) 
enixblr: posts small blind $0.02
qcowie: posts big blind $0.05
richard4848: sits out 
*** HOLE CARDS ***
Dealt to Dorex2007 [9d Qs]
K.Yurka: folds 
webby170: raises $0.06 to $0.11
Dorex2007: folds 
dvdhmstar: raises $1.18 to $1.29 and is all-in
alfcapone87: folds 
Hejter1337: folds 
enixblr: folds 
qcowie: folds 
webby170: folds 
Uncalled bet ($1.18) returned to dvdhmstar
dvdhmstar collected $0.29 from pot
*** SUMMARY ***
Total pot $0.29 | Rake $0 
Seat 1: dvdhmstar collected ($0.29)
Seat 2: alfcapone87 folded before Flop (didn't bet)
Seat 3: Hejter1337 (button) folded before Flop (didn't bet)
Seat 4: enixblr (small blind) folded before Flop
Seat 5: qcowie (big blind) folded before Flop
Seat 6: K.Yurka folded before Flop (didn't bet)
Seat 8: webby170 folded before Flop
Seat 9: Dorex2007 folded before Flop (didn't bet)



PokerStars Hand #238468477935:  Hold'em No Limit ($0.02/$0.05 USD) - 2022/09/06 22:20:09 PT [2022/09/07 1:20:09 ET]
Table 'Grogler' 9-max Seat #4 is the button
Seat 1: dvdhmstar ($1.47 in chips) 
Seat 2: alfcapone87 ($8.84 in chips) 
Seat 3: Hejter1337 ($4.93 in chips) 
Seat 4: enixblr ($5.34 in chips) 
Seat 5: qcowie ($4.95 in chips) 
Seat 6: K.Yurka ($5.60 in chips) 
Seat 8: webby170 ($8.82 in chips) 
Seat 9: Dorex2007 ($9.39 in chips) 
qcowie: posts small blind $0.02
K.Yurka: posts big blind $0.05
richard4848: sits out 
*** HOLE CARDS ***
Dealt to Dorex2007 [5c 5h]
webby170: raises $0.06 to $0.11
Dorex2007: calls $0.11
dvdhmstar: folds 
alfcapone87: folds 
Hejter1337: folds 
enixblr: folds 
qcowie: folds 
K.Yurka: raises $0.34 to $0.45
webby170: calls $0.34
Dorex2007: folds 
*** FLOP *** [7s 6h Kc]
K.Yurka: bets $0.50
webby170: folds [Jh Jc]
Uncalled bet ($0.50) returned to K.Yurka
K.Yurka collected $0.99 from pot
K.Yurka: doesn't show hand 
*** SUMMARY ***
Total pot $1.03 | Rake $0.04 
Board [7s 6h Kc]
Seat 1: dvdhmstar folded before Flop (didn't bet)
Seat 2: alfcapone87 folded before Flop (didn't bet)
Seat 3: Hejter1337 folded before Flop (didn't bet)
Seat 4: enixblr (button) folded before Flop (didn't bet)
Seat 5: qcowie (small blind) folded before Flop
Seat 6: K.Yurka (big blind) collected ($0.99)
Seat 8: webby170 folded on the Flop
Seat 9: Dorex2007 folded before Flop



PokerStars Hand #238468481306:  Hold'em No Limit ($0.02/$0.05 USD) - 2022/09/06 22:20:40 PT [2022/09/07 1:20:40 ET]
Table 'Grogler' 9-max Seat #5 is the button
Seat 1: dvdhmstar ($1.47 in chips) 
Seat 2: alfcapone87 ($8.84 in chips) 
Seat 3: Hejter1337 ($4.93 in chips) 
Seat 4: enixblr ($5.34 in chips) 
Seat 5: qcowie ($4.93 in chips) 
Seat 6: K.Yurka ($6.14 in chips) 
Seat 7: richard4848 ($5 in chips) 
Seat 8: webby170 ($8.37 in chips) 
Seat 9: Dorex2007 ($9.28 in chips) 
K.Yurka: posts small blind $0.02
richard4848: posts big blind $0.05
*** HOLE CARDS ***
Dealt to Dorex2007 [8h Kc]
webby170: folds 
Dorex2007: folds 
dvdhmstar: folds 
alfcapone87: folds 
Hejter1337: folds 
enixblr: folds 
qcowie: calls $0.05
K.Yurka: folds 
richard4848: checks 
*** FLOP *** [8d 3d 6c]
richard4848: checks 
qcowie: checks 
*** TURN *** [8d 3d 6c] [3s]
richard4848: checks 
qcowie: checks 
*** RIVER *** [8d 3d 6c 3s] [Td]
richard4848: bets $0.05
qcowie: folds 
Uncalled bet ($0.05) returned to richard4848
richard4848 collected $0.12 from pot
richard4848: doesn't show hand 
*** SUMMARY ***
Total pot $0.12 | Rake $0 
Board [8d 3d 6c 3s Td]
Seat 1: dvdhmstar folded before Flop (didn't bet)
Seat 2: alfcapone87 folded before Flop (didn't bet)
Seat 3: Hejter1337 folded before Flop (didn't bet)
Seat 4: enixblr folded before Flop (didn't bet)
Seat 5: qcowie (button) folded on the River
Seat 6: K.Yurka (small blind) folded before Flop
Seat 7: richard4848 (big blind) collected ($0.12)
Seat 8: webby170 folded before Flop (didn't bet)
Seat 9: Dorex2007 folded before Flop (didn't bet)



PokerStars Hand #238468488255:  Hold'em No Limit ($0.02/$0.05 USD) - 2022/09/06 22:21:43 PT [2022/09/07 1:21:43 ET]
Table 'Grogler' 9-max Seat #6 is the button
Seat 1: dvdhmstar ($1.47 in chips) 
Seat 2: alfcapone87 ($8.84 in chips) 
Seat 3: Hejter1337 ($4.93 in chips) 
Seat 4: enixblr ($5.34 in chips) 
Seat 5: qcowie ($4.88 in chips) 
Seat 6: K.Yurka ($6.12 in chips) 
Seat 7: richard4848 ($5.07 in chips) 
Seat 8: webby170 ($8.37 in chips) 
Seat 9: Dorex2007 ($9.28 in chips) 
richard4848: posts small blind $0.02
webby170: posts big blind $0.05
*** HOLE CARDS ***
Dealt to Dorex2007 [2s As]
Dorex2007: folds 
dvdhmstar: folds 
alfcapone87: folds 
Hejter1337: folds 
enixblr: folds 
qcowie: calls $0.05
K.Yurka: folds 
richard4848: folds 
webby170: checks 
*** FLOP *** [5c 4d Jd]
webby170: checks 
qcowie: checks 
*** TURN *** [5c 4d Jd] [Ks]
webby170: checks 
qcowie: checks 
*** RIVER *** [5c 4d Jd Ks] [6s]
webby170: checks 
qcowie: checks 
*** SHOW DOWN ***
webby170: shows [6c Ts] (a pair of Sixes)
qcowie: mucks hand 
webby170 collected $0.12 from pot
*** SUMMARY ***
Total pot $0.12 | Rake $0 
Board [5c 4d Jd Ks 6s]
Seat 1: dvdhmstar folded before Flop (didn't bet)
Seat 2: alfcapone87 folded before Flop (didn't bet)
Seat 3: Hejter1337 folded before Flop (didn't bet)
Seat 4: enixblr folded before Flop (didn't bet)
Seat 5: qcowie mucked [2c 4c]
Seat 6: K.Yurka (button) folded before Flop (didn't bet)
Seat 7: richard4848 (small blind) folded before Flop
Seat 8: webby170 (big blind) showed [6c Ts] and won ($0.12) with a pair of Sixes
Seat 9: Dorex2007 folded before Flop (didn't bet)



PokerStars Hand #238468496745:  Hold'em No Limit ($0.02/$0.05 USD) - 2022/09/06 22:23:00 PT [2022/09/07 1:23:00 ET]
Table 'Grogler' 9-max Seat #7 is the button
Seat 1: dvdhmstar ($1.47 in chips) 
Seat 2: alfcapone87 ($8.84 in chips) 
Seat 3: Hejter1337 ($4.93 in chips) 
Seat 4: enixblr ($5.34 in chips) 
Seat 5: qcowie ($4.83 in chips) 
Seat 6: K.Yurka ($6.12 in chips) 
Seat 7: richard4848 ($5.05 in chips) 
Seat 8: webby170 ($8.44 in chips) 
Seat 9: Dorex2007 ($9.28 in chips) 
webby170: posts small blind $0.02
Dorex2007: posts big blind $0.05
*** HOLE CARDS ***
Dealt to Dorex2007 [Ac 6d]
dvdhmstar: folds 
alfcapone87: folds 
Hejter1337: folds 
enixblr: folds 
qcowie: calls $0.05
K.Yurka: folds 
richard4848: raises $0.15 to $0.20
webby170: calls $0.18
Dorex2007: folds 
qcowie: calls $0.15
*** FLOP *** [8h Tc 6s]
webby170: checks 
qcowie: checks 
richard4848: bets $0.40
webby170: folds 
qcowie: calls $0.40
*** TURN *** [8h Tc 6s] [6h]
qcowie: checks 
richard4848: checks 
*** RIVER *** [8h Tc 6s 6h] [Js]
qcowie: checks 
richard4848: checks 
*** SHOW DOWN ***
qcowie: shows [Kc Kh] (two pair, Kings and Sixes)
richard4848: mucks hand 
qcowie collected $1.39 from pot
*** SUMMARY ***
Total pot $1.45 | Rake $0.06 
Board [8h Tc 6s 6h Js]
Seat 1: dvdhmstar folded before Flop (didn't bet)
Seat 2: alfcapone87 folded before Flop (didn't bet)
Seat 3: Hejter1337 folded before Flop (didn't bet)
Seat 4: enixblr folded before Flop (didn't bet)
Seat 5: qcowie showed [Kc Kh] and won ($1.39) with two pair, Kings and Sixes
Seat 6: K.Yurka folded before Flop (didn't bet)
Seat 7: richard4848 (button) mucked [Ad 9s]
Seat 8: webby170 (small blind) folded on the Flop
Seat 9: Dorex2007 (big blind) folded before Flop



PokerStars Hand #238468504610:  Hold'em No Limit ($0.02/$0.05 USD) - 2022/09/06 22:24:11 PT [2022/09/07 1:24:11 ET]
Table 'Grogler' 9-max Seat #8 is the button
Seat 1: dvdhmstar ($1.47 in chips) 
Seat 2: alfcapone87 ($8.84 in chips) 
Seat 3: Hejter1337 ($4.93 in chips) 
Seat 4: enixblr ($5.34 in chips) 
Seat 5: qcowie ($5.62 in chips) 
Seat 6: K.Yurka ($6.12 in chips) 
Seat 7: richard4848 ($4.45 in chips) 
Seat 8: webby170 ($8.24 in chips) 
Seat 9: Dorex2007 ($9.23 in chips) 
Dorex2007: posts small blind $0.02
dvdhmstar: posts big blind $0.05
*** HOLE CARDS ***
Dealt to Dorex2007 [Kd 5h]
alfcapone87: folds 
Hejter1337: folds 
enixblr: folds 
qcowie: folds 
K.Yurka: folds 
richard4848: raises $0.10 to $0.15
webby170: raises $0.37 to $0.52
Dorex2007: folds 
dvdhmstar: folds 
richard4848: calls $0.37
*** FLOP *** [3c 4d Kc]
richard4848: bets $0.90
webby170: folds [Jd Jh]
Uncalled bet ($0.90) returned to richard4848
richard4848 collected $1.06 from pot
richard4848: doesn't show hand 
*** SUMMARY ***
Total pot $1.11 | Rake $0.05 
Board [3c 4d Kc]
Seat 1: dvdhmstar (big blind) folded before Flop
Seat 2: alfcapone87 folded before Flop (didn't bet)
Seat 3: Hejter1337 folded before Flop (didn't bet)
Seat 4: enixblr folded before Flop (didn't bet)
Seat 5: qcowie folded before Flop (didn't bet)
Seat 6: K.Yurka folded before Flop (didn't bet)
Seat 7: richard4848 collected ($1.06)
Seat 8: webby170 (button) folded on the Flop
Seat 9: Dorex2007 (small blind) folded before Flop



PokerStars Hand #238468509242:  Hold'em No Limit ($0.02/$0.05 USD) - 2022/09/06 22:24:54 PT [2022/09/07 1:24:54 ET]
Table 'Grogler' 9-max Seat #9 is the button
Seat 1: dvdhmstar ($1.42 in chips) 
Seat 2: alfcapone87 ($8.84 in chips) 
Seat 3: Hejter1337 ($4.93 in chips) 
Seat 4: enixblr ($5.34 in chips) 
Seat 5: qcowie ($5.62 in chips) 
Seat 6: K.Yurka ($6.12 in chips) 
Seat 7: richard4848 ($4.99 in chips) 
Seat 8: webby170 ($7.72 in chips) 
Seat 9: Dorex2007 ($9.21 in chips) 
dvdhmstar: posts small blind $0.02
alfcapone87: posts big blind $0.05
*** HOLE CARDS ***
Dealt to Dorex2007 [2s Kh]
Hejter1337: folds 
enixblr: folds 
qcowie: calls $0.05
K.Yurka: folds 
richard4848: folds 
webby170: folds 
Dorex2007: folds 
dvdhmstar: folds 
alfcapone87: checks 
*** FLOP *** [6c 3h Qc]
alfcapone87: checks 
qcowie: checks 
*** TURN *** [6c 3h Qc] [8c]
alfcapone87: checks 
qcowie: checks 
*** RIVER *** [6c 3h Qc 8c] [Kc]
alfcapone87: checks 
qcowie: bets $0.05
alfcapone87: folds 
Uncalled bet ($0.05) returned to qcowie
qcowie collected $0.12 from pot
qcowie: doesn't show hand 
*** SUMMARY ***
Total pot $0.12 | Rake $0 
Board [6c 3h Qc 8c Kc]
Seat 1: dvdhmstar (small blind) folded before Flop
Seat 2: alfcapone87 (big blind) folded on the River
Seat 3: Hejter1337 folded before Flop (didn't bet)
Seat 4: enixblr folded before Flop (didn't bet)
Seat 5: qcowie collected ($0.12)
Seat 6: K.Yurka folded before Flop (didn't bet)
Seat 7: richard4848 folded before Flop (didn't bet)
Seat 8: webby170 folded before Flop (didn't bet)
Seat 9: Dorex2007 (button) folded before Flop (didn't bet)



PokerStars Hand #238468514152:  Hold'em No Limit ($0.02/$0.05 USD) - 2022/09/06 22:25:38 PT [2022/09/07 1:25:38 ET]
Table 'Grogler' 9-max Seat #1 is the button
Seat 1: dvdhmstar ($1.40 in chips) 
Seat 2: alfcapone87 ($8.79 in chips) 
Seat 3: Hejter1337 ($4.93 in chips) 
Seat 4: enixblr ($5.34 in chips) 
Seat 5: qcowie ($5.69 in chips) 
Seat 6: K.Yurka ($6.12 in chips) 
Seat 7: richard4848 ($4.99 in chips) 
Seat 8: webby170 ($7.72 in chips) 
Seat 9: Dorex2007 ($9.21 in chips) 
alfcapone87: posts small blind $0.02
Hejter1337: posts big blind $0.05
*** HOLE CARDS ***
Dealt to Dorex2007 [2s 9h]
enixblr: folds 
qcowie: folds 
K.Yurka: folds 
richard4848: folds 
webby170: folds 
Dorex2007: folds 
dvdhmstar: folds 
alfcapone87: folds 
Uncalled bet ($0.03) returned to Hejter1337
Hejter1337 collected $0.04 from pot
Hejter1337: doesn't show hand 
*** SUMMARY ***
Total pot $0.04 | Rake $0 
Seat 1: dvdhmstar (button) folded before Flop (didn't bet)
Seat 2: alfcapone87 (small blind) folded before Flop
Seat 3: Hejter1337 (big blind) collected ($0.04)
Seat 4: enixblr folded before Flop (didn't bet)
Seat 5: qcowie folded before Flop (didn't bet)
Seat 6: K.Yurka folded before Flop (didn't bet)
Seat 7: richard4848 folded before Flop (didn't bet)
Seat 8: webby170 folded before Flop (didn't bet)
Seat 9: Dorex2007 folded before Flop (didn't bet)



