PokerStars Hand #234103595405:  Hold'em No Limit ($0.01/$0.02 USD) - 2022/02/15 14:58:43 PT [2022/02/15 17:58:43 ET]
Table 'Brita V' 9-max Seat #4 is the button
Seat 1: Icho Tolotos ($3.21 in chips) 
Seat 3: chrpok ($5.92 in chips) 
Seat 4: Dudusever ($1.99 in chips) 
Seat 5: dragon34564 ($1.65 in chips) 
Seat 6: Dorex2007 ($2 in chips) 
Seat 7: harbaka ($0.89 in chips) 
Seat 8: d.moura88 ($2 in chips) 
Seat 9: TP-Star100 ($2.30 in chips) 
dragon34564: posts small blind $0.01
Dorex2007: posts big blind $0.02
coba9029: sits out 
*** HOLE CARDS ***
Dealt to Dorex2007 [3s 9h]
harbaka: folds 
d.moura88: folds 
TP-Star100: calls $0.02
Icho Tolotos: folds 
chrpok: calls $0.02
Dudusever: calls $0.02
dragon34564: folds 
Dorex2007: checks 
*** FLOP *** [Jd 6d 6h]
Dorex2007: checks 
TP-Star100: checks 
chrpok: checks 
Dudusever: checks 
*** TURN *** [Jd 6d 6h] [Js]
Dorex2007: checks 
TP-Star100: checks 
chrpok: bets $0.06
Dudusever: calls $0.06
Dorex2007: folds 
TP-Star100: calls $0.06
*** RIVER *** [Jd 6d 6h Js] [8h]
TP-Star100: checks 
chrpok: checks 
Dudusever: checks 
*** SHOW DOWN ***
TP-Star100: shows [4d 9d] (two pair, Jacks and Sixes)
chrpok: shows [7c 7d] (two pair, Jacks and Sevens)
Dudusever: mucks hand 
chrpok collected $0.26 from pot
*** SUMMARY ***
Total pot $0.27 | Rake $0.01 
Board [Jd 6d 6h Js 8h]
Seat 1: Icho Tolotos folded before Flop (didn't bet)
Seat 3: chrpok showed [7c 7d] and won ($0.26) with two pair, Jacks and Sevens
Seat 4: Dudusever (button) mucked [Ah 4h]
Seat 5: dragon34564 (small blind) folded before Flop
Seat 6: Dorex2007 (big blind) folded on the Turn
Seat 7: harbaka folded before Flop (didn't bet)
Seat 8: d.moura88 folded before Flop (didn't bet)
Seat 9: TP-Star100 showed [4d 9d] and lost with two pair, Jacks and Sixes



PokerStars Hand #234103616496:  Hold'em No Limit ($0.01/$0.02 USD) - 2022/02/15 14:59:42 PT [2022/02/15 17:59:42 ET]
Table 'Brita V' 9-max Seat #5 is the button
Seat 1: Icho Tolotos ($3.21 in chips) 
Seat 3: chrpok ($6.10 in chips) 
Seat 4: Dudusever ($1.91 in chips) 
Seat 5: dragon34564 ($1.64 in chips) 
Seat 6: Dorex2007 ($2 in chips) 
Seat 7: harbaka ($0.89 in chips) 
Seat 8: d.moura88 ($2 in chips) 
Seat 9: TP-Star100 ($2.22 in chips) 
Dorex2007: posts small blind $0.01
harbaka: posts big blind $0.02
coba9029: sits out 
*** HOLE CARDS ***
Dealt to Dorex2007 [Qh Qd]
d.moura88: folds 
TP-Star100: calls $0.02
Icho Tolotos: folds 
chrpok: folds 
Dudusever: folds 
dragon34564: raises $0.04 to $0.06
Dorex2007: raises $0.12 to $0.18
harbaka: folds 
TP-Star100: folds 
dragon34564: calls $0.12
*** FLOP *** [7h 8s Td]
Dorex2007: bets $1.82 and is all-in
dragon34564: calls $1.46 and is all-in
Uncalled bet ($0.36) returned to Dorex2007
*** TURN *** [7h 8s Td] [9c]
*** RIVER *** [7h 8s Td 9c] [6h]
*** SHOW DOWN ***
Dorex2007: shows [Qh Qd] (a straight, Six to Ten)
dragon34564: shows [Qc Ac] (a straight, Six to Ten)
dragon34564 collected $1.60 from pot
Dorex2007 cashed out the hand for $2.66 | Cash Out Fee $0.03
*** SUMMARY ***
Total pot $3.32 | Rake $0.12 
Board [7h 8s Td 9c 6h]
Seat 1: Icho Tolotos folded before Flop (didn't bet)
Seat 3: chrpok folded before Flop (didn't bet)
Seat 4: Dudusever folded before Flop (didn't bet)
Seat 5: dragon34564 (button) showed [Qc Ac] and won ($1.60) with a straight, Six to Ten
Seat 6: Dorex2007 (small blind) showed [Qh Qd] and won ($1.60) with a straight, Six to Ten (pot not awarded as player cashed out)
Seat 7: harbaka (big blind) folded before Flop
Seat 8: d.moura88 folded before Flop (didn't bet)
Seat 9: TP-Star100 folded before Flop



PokerStars Hand #234103638407:  Hold'em No Limit ($0.01/$0.02 USD) - 2022/02/15 15:00:40 PT [2022/02/15 18:00:40 ET]
Table 'Brita V' 9-max Seat #6 is the button
Seat 1: Icho Tolotos ($3.21 in chips) 
Seat 3: chrpok ($6.10 in chips) 
Seat 4: Dudusever ($2 in chips) 
Seat 5: dragon34564 ($1.60 in chips) 
Seat 6: Dorex2007 ($3.02 in chips) 
Seat 7: harbaka ($0.87 in chips) 
Seat 8: d.moura88 ($2 in chips) 
Seat 9: TP-Star100 ($2.20 in chips) 
harbaka: posts small blind $0.01
d.moura88: posts big blind $0.02
coba9029: sits out 
*** HOLE CARDS ***
Dealt to Dorex2007 [6s 9c]
TP-Star100: calls $0.02
Icho Tolotos: calls $0.02
chrpok: raises $0.04 to $0.06
Dudusever: folds 
dragon34564: calls $0.06
Dorex2007: folds 
harbaka: folds 
d.moura88: folds 
TP-Star100: calls $0.04
Icho Tolotos: calls $0.04
*** FLOP *** [3h Ah 8h]
TP-Star100: checks 
Icho Tolotos: checks 
chrpok: bets $0.13
dragon34564: calls $0.13
TP-Star100: folds 
Icho Tolotos: folds 
*** TURN *** [3h Ah 8h] [8d]
chrpok: bets $0.30
dragon34564: calls $0.30
*** RIVER *** [3h Ah 8h 8d] [4h]
chrpok: checks 
dragon34564: bets $1.11 and is all-in
chrpok: folds 
Uncalled bet ($1.11) returned to dragon34564
dragon34564 collected $1.09 from pot
dragon34564: doesn't show hand 
*** SUMMARY ***
Total pot $1.13 | Rake $0.04 
Board [3h Ah 8h 8d 4h]
Seat 1: Icho Tolotos folded on the Flop
Seat 3: chrpok folded on the River
Seat 4: Dudusever folded before Flop (didn't bet)
Seat 5: dragon34564 collected ($1.09)
Seat 6: Dorex2007 (button) folded before Flop (didn't bet)
Seat 7: harbaka (small blind) folded before Flop
Seat 8: d.moura88 (big blind) folded before Flop
Seat 9: TP-Star100 folded on the Flop



PokerStars Hand #234103682844:  Hold'em No Limit ($0.01/$0.02 USD) - 2022/02/15 15:02:26 PT [2022/02/15 18:02:26 ET]
Table 'Brita V' 9-max Seat #7 is the button
Seat 1: Icho Tolotos ($3.15 in chips) 
Seat 3: chrpok ($5.61 in chips) 
Seat 4: Dudusever ($2 in chips) 
Seat 5: dragon34564 ($2.20 in chips) 
Seat 6: Dorex2007 ($3.02 in chips) 
Seat 7: harbaka ($0.86 in chips) 
Seat 8: d.moura88 ($2 in chips) 
Seat 9: TP-Star100 ($2.14 in chips) 
d.moura88: posts small blind $0.01
TP-Star100: posts big blind $0.02
coba9029: sits out 
*** HOLE CARDS ***
Dealt to Dorex2007 [3s 6s]
Icho Tolotos: folds 
chrpok: raises $0.02 to $0.04
Dudusever: folds 
dragon34564: folds 
Dorex2007: folds 
harbaka: folds 
d.moura88: folds 
TP-Star100: calls $0.02
*** FLOP *** [Js 9s 6d]
TP-Star100: checks 
chrpok: checks 
*** TURN *** [Js 9s 6d] [As]
TP-Star100: checks 
chrpok: checks 
*** RIVER *** [Js 9s 6d As] [5s]
TP-Star100: checks 
chrpok: checks 
*** SHOW DOWN ***
TP-Star100: shows [4h Ah] (a pair of Aces)
chrpok: mucks hand 
TP-Star100 collected $0.09 from pot
*** SUMMARY ***
Total pot $0.09 | Rake $0 
Board [Js 9s 6d As 5s]
Seat 1: Icho Tolotos folded before Flop (didn't bet)
Seat 3: chrpok mucked [Td Kh]
Seat 4: Dudusever folded before Flop (didn't bet)
Seat 5: dragon34564 folded before Flop (didn't bet)
Seat 6: Dorex2007 folded before Flop (didn't bet)
Seat 7: harbaka (button) folded before Flop (didn't bet)
Seat 8: d.moura88 (small blind) folded before Flop
Seat 9: TP-Star100 (big blind) showed [4h Ah] and won ($0.09) with a pair of Aces



PokerStars Hand #234103698767:  Hold'em No Limit ($0.01/$0.02 USD) - 2022/02/15 15:03:03 PT [2022/02/15 18:03:03 ET]
Table 'Brita V' 9-max Seat #8 is the button
Seat 1: Icho Tolotos ($3.15 in chips) 
Seat 3: chrpok ($5.57 in chips) 
Seat 4: Dudusever ($2 in chips) 
Seat 5: dragon34564 ($2.20 in chips) 
Seat 6: Dorex2007 ($3.02 in chips) 
Seat 7: harbaka ($0.86 in chips) 
Seat 8: d.moura88 ($2 in chips) 
Seat 9: TP-Star100 ($2.19 in chips) 
TP-Star100: posts small blind $0.01
Icho Tolotos: posts big blind $0.02
coba9029: sits out 
*** HOLE CARDS ***
Dealt to Dorex2007 [8s Qc]
chrpok: folds 
Dudusever: folds 
dragon34564: folds 
Dorex2007: folds 
harbaka: folds 
d.moura88: folds 
TP-Star100: calls $0.01
Icho Tolotos: checks 
*** FLOP *** [Qs 3s 3d]
TP-Star100: checks 
Icho Tolotos: checks 
*** TURN *** [Qs 3s 3d] [Jd]
TP-Star100: checks 
Icho Tolotos: bets $0.04
TP-Star100: folds 
Uncalled bet ($0.04) returned to Icho Tolotos
Icho Tolotos collected $0.04 from pot
Icho Tolotos: doesn't show hand 
*** SUMMARY ***
Total pot $0.04 | Rake $0 
Board [Qs 3s 3d Jd]
Seat 1: Icho Tolotos (big blind) collected ($0.04)
Seat 3: chrpok folded before Flop (didn't bet)
Seat 4: Dudusever folded before Flop (didn't bet)
Seat 5: dragon34564 folded before Flop (didn't bet)
Seat 6: Dorex2007 folded before Flop (didn't bet)
Seat 7: harbaka folded before Flop (didn't bet)
Seat 8: d.moura88 (button) folded before Flop (didn't bet)
Seat 9: TP-Star100 (small blind) folded on the Turn



PokerStars Hand #234103713497:  Hold'em No Limit ($0.01/$0.02 USD) - 2022/02/15 15:03:37 PT [2022/02/15 18:03:37 ET]
Table 'Brita V' 9-max Seat #9 is the button
Seat 1: Icho Tolotos ($3.17 in chips) 
Seat 2: coba9029 ($2 in chips) 
Seat 3: chrpok ($5.57 in chips) 
Seat 4: Dudusever ($2 in chips) 
Seat 5: dragon34564 ($2.20 in chips) 
Seat 6: Dorex2007 ($3.02 in chips) 
Seat 7: harbaka ($0.86 in chips) 
Seat 8: d.moura88 ($2 in chips) 
Seat 9: TP-Star100 ($2.17 in chips) 
Icho Tolotos: posts small blind $0.01
coba9029: posts big blind $0.02
*** HOLE CARDS ***
Dealt to Dorex2007 [Kh 9s]
chrpok: folds 
Dudusever: folds 
dragon34564: folds 
Dorex2007: folds 
harbaka: folds 
d.moura88: folds 
TP-Star100: calls $0.02
Icho Tolotos: folds 
coba9029: checks 
*** FLOP *** [4d Qc 8h]
coba9029: checks 
TP-Star100: checks 
*** TURN *** [4d Qc 8h] [6c]
coba9029: bets $0.04
TP-Star100: calls $0.04
*** RIVER *** [4d Qc 8h 6c] [Jh]
coba9029: bets $0.08
TP-Star100: folds 
Uncalled bet ($0.08) returned to coba9029
coba9029 collected $0.13 from pot
coba9029: doesn't show hand 
*** SUMMARY ***
Total pot $0.13 | Rake $0 
Board [4d Qc 8h 6c Jh]
Seat 1: Icho Tolotos (small blind) folded before Flop
Seat 2: coba9029 (big blind) collected ($0.13)
Seat 3: chrpok folded before Flop (didn't bet)
Seat 4: Dudusever folded before Flop (didn't bet)
Seat 5: dragon34564 folded before Flop (didn't bet)
Seat 6: Dorex2007 folded before Flop (didn't bet)
Seat 7: harbaka folded before Flop (didn't bet)
Seat 8: d.moura88 folded before Flop (didn't bet)
Seat 9: TP-Star100 (button) folded on the River



PokerStars Hand #234103736445:  Hold'em No Limit ($0.01/$0.02 USD) - 2022/02/15 15:04:29 PT [2022/02/15 18:04:29 ET]
Table 'Brita V' 9-max Seat #1 is the button
Seat 1: Icho Tolotos ($3.16 in chips) 
Seat 2: coba9029 ($2.07 in chips) 
Seat 3: chrpok ($5.57 in chips) 
Seat 4: Dudusever ($2 in chips) 
Seat 5: dragon34564 ($2.20 in chips) 
Seat 6: Dorex2007 ($3.02 in chips) 
Seat 7: harbaka ($0.86 in chips) 
Seat 8: d.moura88 ($2 in chips) 
Seat 9: TP-Star100 ($2.11 in chips) 
coba9029: posts small blind $0.01
chrpok: posts big blind $0.02
*** HOLE CARDS ***
Dealt to Dorex2007 [2d 3h]
Dudusever: folds 
dragon34564: folds 
Dorex2007: folds 
harbaka: folds 
d.moura88: folds 
TP-Star100: calls $0.02
Icho Tolotos: calls $0.02
coba9029: calls $0.01
chrpok: checks 
*** FLOP *** [9h 9s 8c]
coba9029: checks 
chrpok: checks 
TP-Star100: checks 
Icho Tolotos: checks 
*** TURN *** [9h 9s 8c] [7h]
coba9029: bets $0.04
chrpok: folds 
TP-Star100: calls $0.04
Icho Tolotos: folds 
*** RIVER *** [9h 9s 8c 7h] [Qs]
coba9029: bets $0.10
TP-Star100: calls $0.10
*** SHOW DOWN ***
coba9029: shows [Jc Qd] (two pair, Queens and Nines)
TP-Star100: mucks hand 
coba9029 collected $0.35 from pot
*** SUMMARY ***
Total pot $0.36 | Rake $0.01 
Board [9h 9s 8c 7h Qs]
Seat 1: Icho Tolotos (button) folded on the Turn
Seat 2: coba9029 (small blind) showed [Jc Qd] and won ($0.35) with two pair, Queens and Nines
Seat 3: chrpok (big blind) folded on the Turn
Seat 4: Dudusever folded before Flop (didn't bet)
Seat 5: dragon34564 folded before Flop (didn't bet)
Seat 6: Dorex2007 folded before Flop (didn't bet)
Seat 7: harbaka folded before Flop (didn't bet)
Seat 8: d.moura88 folded before Flop (didn't bet)
Seat 9: TP-Star100 mucked [Kd 7s]



PokerStars Hand #234103753493:  Hold'em No Limit ($0.01/$0.02 USD) - 2022/02/15 15:05:08 PT [2022/02/15 18:05:08 ET]
Table 'Brita V' 9-max Seat #2 is the button
Seat 1: Icho Tolotos ($3.14 in chips) 
Seat 2: coba9029 ($2.26 in chips) 
Seat 3: chrpok ($5.55 in chips) 
Seat 4: Dudusever ($2 in chips) 
Seat 5: dragon34564 ($2.20 in chips) 
Seat 6: Dorex2007 ($3.02 in chips) 
Seat 7: harbaka ($0.86 in chips) 
Seat 8: d.moura88 ($2 in chips) 
Seat 9: TP-Star100 ($1.95 in chips) 
chrpok: posts small blind $0.01
Dudusever: posts big blind $0.02
*** HOLE CARDS ***
Dealt to Dorex2007 [4c Ks]
dragon34564: raises $0.06 to $0.08
Dorex2007: folds 
harbaka: folds 
d.moura88: folds 
TP-Star100: folds 
Icho Tolotos: calls $0.08
coba9029: folds 
chrpok: folds 
Dudusever: folds 
*** FLOP *** [4d Kd Th]
dragon34564: bets $0.18
Icho Tolotos: folds 
Uncalled bet ($0.18) returned to dragon34564
dragon34564 collected $0.18 from pot
dragon34564: doesn't show hand 
*** SUMMARY ***
Total pot $0.19 | Rake $0.01 
Board [4d Kd Th]
Seat 1: Icho Tolotos folded on the Flop
Seat 2: coba9029 (button) folded before Flop (didn't bet)
Seat 3: chrpok (small blind) folded before Flop
Seat 4: Dudusever (big blind) folded before Flop
Seat 5: dragon34564 collected ($0.18)
Seat 6: Dorex2007 folded before Flop (didn't bet)
Seat 7: harbaka folded before Flop (didn't bet)
Seat 8: d.moura88 folded before Flop (didn't bet)
Seat 9: TP-Star100 folded before Flop (didn't bet)



PokerStars Hand #234103770220:  Hold'em No Limit ($0.01/$0.02 USD) - 2022/02/15 15:05:46 PT [2022/02/15 18:05:46 ET]
Table 'Brita V' 9-max Seat #3 is the button
Seat 1: Icho Tolotos ($3.06 in chips) 
Seat 2: coba9029 ($2.26 in chips) 
Seat 3: chrpok ($5.54 in chips) 
Seat 4: Dudusever ($1.98 in chips) 
Seat 5: dragon34564 ($2.30 in chips) 
Seat 6: Dorex2007 ($3.02 in chips) 
Seat 7: harbaka ($0.86 in chips) 
Seat 8: d.moura88 ($2 in chips) 
Seat 9: TP-Star100 ($1.95 in chips) 
Dudusever: posts small blind $0.01
dragon34564: posts big blind $0.02
*** HOLE CARDS ***
Dealt to Dorex2007 [Ts Ah]
Dorex2007: folds 
harbaka: folds 
d.moura88: folds 
TP-Star100: calls $0.02
Icho Tolotos: folds 
coba9029: folds 
chrpok: folds 
Dudusever: calls $0.01
dragon34564: raises $0.04 to $0.06
TP-Star100: calls $0.04
Dudusever: calls $0.04
*** FLOP *** [2s Ac Kh]
Dudusever: checks 
dragon34564: bets $0.18
TP-Star100: folds 
Dudusever: calls $0.18
*** TURN *** [2s Ac Kh] [Jh]
Dudusever: checks 
dragon34564: bets $0.26
Dudusever: calls $0.26
*** RIVER *** [2s Ac Kh Jh] [8s]
Dudusever: bets $0.51
dragon34564: folds 
Uncalled bet ($0.51) returned to Dudusever
Dudusever collected $1.02 from pot
Dudusever: doesn't show hand 
*** SUMMARY ***
Total pot $1.06 | Rake $0.04 
Board [2s Ac Kh Jh 8s]
Seat 1: Icho Tolotos folded before Flop (didn't bet)
Seat 2: coba9029 folded before Flop (didn't bet)
Seat 3: chrpok (button) folded before Flop (didn't bet)
Seat 4: Dudusever (small blind) collected ($1.02)
Seat 5: dragon34564 (big blind) folded on the River
Seat 6: Dorex2007 folded before Flop (didn't bet)
Seat 7: harbaka folded before Flop (didn't bet)
Seat 8: d.moura88 folded before Flop (didn't bet)
Seat 9: TP-Star100 folded on the Flop



PokerStars Hand #234103802057:  Hold'em No Limit ($0.01/$0.02 USD) - 2022/02/15 15:07:00 PT [2022/02/15 18:07:00 ET]
Table 'Brita V' 9-max Seat #4 is the button
Seat 1: Icho Tolotos ($3.06 in chips) 
Seat 2: coba9029 ($2.26 in chips) 
Seat 3: chrpok ($5.54 in chips) 
Seat 4: Dudusever ($2.50 in chips) 
Seat 5: dragon34564 ($1.80 in chips) 
Seat 6: Dorex2007 ($3.02 in chips) 
Seat 7: harbaka ($0.86 in chips) 
Seat 8: d.moura88 ($2 in chips) 
Seat 9: TP-Star100 ($1.89 in chips) 
dragon34564: posts small blind $0.01
Dorex2007: posts big blind $0.02
*** HOLE CARDS ***
Dealt to Dorex2007 [5h Kh]
harbaka: folds 
d.moura88: folds 
TP-Star100: folds 
Icho Tolotos: folds 
coba9029: folds 
chrpok: raises $0.04 to $0.06
Dudusever: folds 
dragon34564: calls $0.05
Dorex2007: folds 
*** FLOP *** [Ac 3c Ks]
dragon34564: bets $0.14
chrpok: calls $0.14
*** TURN *** [Ac 3c Ks] [7d]
dragon34564: checks 
chrpok: bets $0.20
dragon34564: calls $0.20
*** RIVER *** [Ac 3c Ks 7d] [2s]
dragon34564: bets $1.40 and is all-in
chrpok: folds 
Uncalled bet ($1.40) returned to dragon34564
dragon34564 collected $0.79 from pot
dragon34564: doesn't show hand 
*** SUMMARY ***
Total pot $0.82 | Rake $0.03 
Board [Ac 3c Ks 7d 2s]
Seat 1: Icho Tolotos folded before Flop (didn't bet)
Seat 2: coba9029 folded before Flop (didn't bet)
Seat 3: chrpok folded on the River
Seat 4: Dudusever (button) folded before Flop (didn't bet)
Seat 5: dragon34564 (small blind) collected ($0.79)
Seat 6: Dorex2007 (big blind) folded before Flop
Seat 7: harbaka folded before Flop (didn't bet)
Seat 8: d.moura88 folded before Flop (didn't bet)
Seat 9: TP-Star100 folded before Flop (didn't bet)



PokerStars Hand #234103835585:  Hold'em No Limit ($0.01/$0.02 USD) - 2022/02/15 15:08:17 PT [2022/02/15 18:08:17 ET]
Table 'Brita V' 9-max Seat #5 is the button
Seat 1: Icho Tolotos ($3.06 in chips) 
Seat 2: coba9029 ($2.26 in chips) 
Seat 3: chrpok ($5.14 in chips) 
Seat 4: Dudusever ($2.50 in chips) 
Seat 5: dragon34564 ($2.19 in chips) 
Seat 6: Dorex2007 ($3 in chips) 
Seat 7: harbaka ($0.86 in chips) 
Seat 8: d.moura88 ($2 in chips) 
Seat 9: TP-Star100 ($1.89 in chips) 
Dorex2007: posts small blind $0.01
harbaka: posts big blind $0.02
*** HOLE CARDS ***
Dealt to Dorex2007 [Qc 9s]
d.moura88: folds 
TP-Star100: calls $0.02
Icho Tolotos: folds 
coba9029: folds 
chrpok: calls $0.02
Dudusever: folds 
dragon34564: folds 
Dorex2007: folds 
harbaka: checks 
*** FLOP *** [5s 2h 3c]
harbaka: bets $0.04
TP-Star100: calls $0.04
chrpok: calls $0.04
*** TURN *** [5s 2h 3c] [4s]
harbaka: checks 
TP-Star100: checks 
chrpok: bets $0.09
harbaka: folds 
TP-Star100: folds 
Uncalled bet ($0.09) returned to chrpok
chrpok collected $0.18 from pot
chrpok: doesn't show hand 
*** SUMMARY ***
Total pot $0.19 | Rake $0.01 
Board [5s 2h 3c 4s]
Seat 1: Icho Tolotos folded before Flop (didn't bet)
Seat 2: coba9029 folded before Flop (didn't bet)
Seat 3: chrpok collected ($0.18)
Seat 4: Dudusever folded before Flop (didn't bet)
Seat 5: dragon34564 (button) folded before Flop (didn't bet)
Seat 6: Dorex2007 (small blind) folded before Flop
Seat 7: harbaka (big blind) folded on the Turn
Seat 8: d.moura88 folded before Flop (didn't bet)
Seat 9: TP-Star100 folded on the Turn



PokerStars Hand #234103855309:  Hold'em No Limit ($0.01/$0.02 USD) - 2022/02/15 15:09:03 PT [2022/02/15 18:09:03 ET]
Table 'Brita V' 9-max Seat #6 is the button
Seat 1: Icho Tolotos ($3.06 in chips) 
Seat 2: coba9029 ($2.26 in chips) 
Seat 3: chrpok ($5.26 in chips) 
Seat 4: Dudusever ($2.50 in chips) 
Seat 5: dragon34564 ($2.19 in chips) 
Seat 6: Dorex2007 ($2.99 in chips) 
Seat 7: harbaka ($0.80 in chips) 
Seat 9: TP-Star100 ($1.83 in chips) 
harbaka: posts small blind $0.01
d.moura88: is sitting out 
TP-Star100: posts big blind $0.02
*** HOLE CARDS ***
Dealt to Dorex2007 [4c 8h]
d.moura88 leaves the table
Icho Tolotos: folds 
coba9029: folds 
chrpok: folds 
Dudusever: folds 
dragon34564: folds 
Dorex2007: folds 
harbaka: folds 
Uncalled bet ($0.01) returned to TP-Star100
TP-Star100 collected $0.02 from pot
TP-Star100: doesn't show hand 
*** SUMMARY ***
Total pot $0.02 | Rake $0 
Seat 1: Icho Tolotos folded before Flop (didn't bet)
Seat 2: coba9029 folded before Flop (didn't bet)
Seat 3: chrpok folded before Flop (didn't bet)
Seat 4: Dudusever folded before Flop (didn't bet)
Seat 5: dragon34564 folded before Flop (didn't bet)
Seat 6: Dorex2007 (button) folded before Flop (didn't bet)
Seat 7: harbaka (small blind) folded before Flop
Seat 9: TP-Star100 (big blind) collected ($0.02)



PokerStars Hand #234103859647:  Hold'em No Limit ($0.01/$0.02 USD) - 2022/02/15 15:09:13 PT [2022/02/15 18:09:13 ET]
Table 'Brita V' 9-max Seat #7 is the button
Seat 2: coba9029 ($2.26 in chips) 
Seat 3: chrpok ($5.26 in chips) 
Seat 4: Dudusever ($2.50 in chips) 
Seat 5: dragon34564 ($2.19 in chips) 
Seat 6: Dorex2007 ($2.99 in chips) 
Seat 7: harbaka ($0.79 in chips) 
Seat 9: TP-Star100 ($1.84 in chips) 
TP-Star100: posts small blind $0.01
Icho Tolotos: is sitting out 
coba9029: posts big blind $0.02
*** HOLE CARDS ***
Dealt to Dorex2007 [6h Kh]
chrpok: folds 
Dudusever: folds 
dragon34564: raises $0.04 to $0.06
Dorex2007: folds 
Icho Tolotos leaves the table
harbaka: folds 
TP-Star100: calls $0.05
coba9029: folds 
*** FLOP *** [2c 5s Ah]
TP-Star100: checks 
dragon34564: bets $0.07
TP-Star100: calls $0.07
*** TURN *** [2c 5s Ah] [Th]
TP-Star100: checks 
dragon34564: checks 
*** RIVER *** [2c 5s Ah Th] [3c]
TP-Star100: checks 
dragon34564: checks 
*** SHOW DOWN ***
TP-Star100: shows [7d 3d] (a pair of Threes)
dragon34564: mucks hand 
TP-Star100 collected $0.27 from pot
*** SUMMARY ***
Total pot $0.28 | Rake $0.01 
Board [2c 5s Ah Th 3c]
Seat 2: coba9029 (big blind) folded before Flop
Seat 3: chrpok folded before Flop (didn't bet)
Seat 4: Dudusever folded before Flop (didn't bet)
Seat 5: dragon34564 mucked [7c 8h]
Seat 6: Dorex2007 folded before Flop (didn't bet)
Seat 7: harbaka (button) folded before Flop (didn't bet)
Seat 9: TP-Star100 (small blind) showed [7d 3d] and won ($0.27) with a pair of Threes



PokerStars Hand #234103874716:  Hold'em No Limit ($0.01/$0.02 USD) - 2022/02/15 15:09:48 PT [2022/02/15 18:09:48 ET]
Table 'Brita V' 9-max Seat #9 is the button
Seat 2: coba9029 ($2.24 in chips) 
Seat 3: chrpok ($5.26 in chips) 
Seat 4: Dudusever ($2.50 in chips) 
Seat 5: dragon34564 ($2.06 in chips) 
Seat 6: Dorex2007 ($2.99 in chips) 
Seat 7: harbaka ($0.79 in chips) 
Seat 9: TP-Star100 ($1.98 in chips) 
coba9029: posts small blind $0.01
chrpok: posts big blind $0.02
*** HOLE CARDS ***
Dealt to Dorex2007 [3h 8d]
Dudusever: folds 
dragon34564: raises $0.04 to $0.06
Dorex2007: folds 
harbaka: calls $0.06
TP-Star100: calls $0.06
coba9029: folds 
chrpok: calls $0.04
*** FLOP *** [2d Ah Qs]
chrpok: checks 
dragon34564: bets $0.12
harbaka: folds 
TP-Star100: calls $0.12
chrpok: folds 
*** TURN *** [2d Ah Qs] [4h]
dragon34564: bets $0.24
TP-Star100: calls $0.24
*** RIVER *** [2d Ah Qs 4h] [7c]
dragon34564: checks 
TP-Star100: checks 
*** SHOW DOWN ***
dragon34564: shows [Kd Jc] (high card Ace)
TP-Star100: shows [Qd 9c] (a pair of Queens)
TP-Star100 collected $0.94 from pot
*** SUMMARY ***
Total pot $0.97 | Rake $0.03 
Board [2d Ah Qs 4h 7c]
Seat 2: coba9029 (small blind) folded before Flop
Seat 3: chrpok (big blind) folded on the Flop
Seat 4: Dudusever folded before Flop (didn't bet)
Seat 5: dragon34564 showed [Kd Jc] and lost with high card Ace
Seat 6: Dorex2007 folded before Flop (didn't bet)
Seat 7: harbaka folded on the Flop
Seat 9: TP-Star100 (button) showed [Qd 9c] and won ($0.94) with a pair of Queens



PokerStars Hand #234103896387:  Hold'em No Limit ($0.01/$0.02 USD) - 2022/02/15 15:10:39 PT [2022/02/15 18:10:39 ET]
Table 'Brita V' 9-max Seat #2 is the button
Seat 2: coba9029 ($2.23 in chips) 
Seat 3: chrpok ($5.20 in chips) 
Seat 4: Dudusever ($2.50 in chips) 
Seat 5: dragon34564 ($1.64 in chips) 
Seat 6: Dorex2007 ($2.99 in chips) 
Seat 7: harbaka ($0.73 in chips) 
Seat 9: TP-Star100 ($2.50 in chips) 
chrpok: posts small blind $0.01
Dudusever: posts big blind $0.02
*** HOLE CARDS ***
Dealt to Dorex2007 [Td Ks]
dragon34564: folds 
Dorex2007: folds 
harbaka: folds 
TP-Star100: calls $0.02
coba9029: folds 
chrpok: folds 
Dudusever: checks 
*** FLOP *** [Kd 3d 2d]
Dudusever: bets $0.03
TP-Star100: calls $0.03
*** TURN *** [Kd 3d 2d] [8h]
Dudusever: bets $0.08
TP-Star100: calls $0.08
*** RIVER *** [Kd 3d 2d 8h] [Ts]
Dudusever: bets $0.14
TP-Star100: calls $0.14
*** SHOW DOWN ***
Dudusever: shows [7d Kh] (a pair of Kings)
TP-Star100: mucks hand 
Dudusever collected $0.53 from pot
*** SUMMARY ***
Total pot $0.55 | Rake $0.02 
Board [Kd 3d 2d 8h Ts]
Seat 2: coba9029 (button) folded before Flop (didn't bet)
Seat 3: chrpok (small blind) folded before Flop
Seat 4: Dudusever (big blind) showed [7d Kh] and won ($0.53) with a pair of Kings
Seat 5: dragon34564 folded before Flop (didn't bet)
Seat 6: Dorex2007 folded before Flop (didn't bet)
Seat 7: harbaka folded before Flop (didn't bet)
Seat 9: TP-Star100 mucked [2s Ac]



PokerStars Hand #234103912577:  Hold'em No Limit ($0.01/$0.02 USD) - 2022/02/15 15:11:17 PT [2022/02/15 18:11:17 ET]
Table 'Brita V' 9-max Seat #3 is the button
Seat 2: coba9029 ($2.23 in chips) 
Seat 3: chrpok ($5.19 in chips) 
Seat 4: Dudusever ($2.76 in chips) 
Seat 5: dragon34564 ($1.64 in chips) 
Seat 6: Dorex2007 ($2.99 in chips) 
Seat 7: harbaka ($0.73 in chips) 
Seat 9: TP-Star100 ($2.23 in chips) 
Dudusever: posts small blind $0.01
dragon34564: posts big blind $0.02
*** HOLE CARDS ***
Dealt to Dorex2007 [5s 8d]
Dorex2007: folds 
harbaka: folds 
TP-Star100: calls $0.02
coba9029: folds 
chrpok: folds 
Dudusever: folds 
dragon34564: checks 
*** FLOP *** [Td 5h Ts]
dragon34564: checks 
TP-Star100: checks 
*** TURN *** [Td 5h Ts] [Ad]
dragon34564: checks 
TP-Star100: checks 
*** RIVER *** [Td 5h Ts Ad] [Kd]
dragon34564: checks 
TP-Star100: checks 
*** SHOW DOWN ***
dragon34564: shows [7h Qc] (a pair of Tens)
TP-Star100: mucks hand 
dragon34564 collected $0.05 from pot
*** SUMMARY ***
Total pot $0.05 | Rake $0 
Board [Td 5h Ts Ad Kd]
Seat 2: coba9029 folded before Flop (didn't bet)
Seat 3: chrpok (button) folded before Flop (didn't bet)
Seat 4: Dudusever (small blind) folded before Flop
Seat 5: dragon34564 (big blind) showed [7h Qc] and won ($0.05) with a pair of Tens
Seat 6: Dorex2007 folded before Flop (didn't bet)
Seat 7: harbaka folded before Flop (didn't bet)
Seat 9: TP-Star100 mucked [2s 9s]



PokerStars Hand #234103925795:  Hold'em No Limit ($0.01/$0.02 USD) - 2022/02/15 15:11:48 PT [2022/02/15 18:11:48 ET]
Table 'Brita V' 9-max Seat #4 is the button
Seat 2: coba9029 ($2.23 in chips) 
Seat 3: chrpok ($5.19 in chips) 
Seat 4: Dudusever ($2.75 in chips) 
Seat 5: dragon34564 ($1.67 in chips) 
Seat 6: Dorex2007 ($2.99 in chips) 
Seat 7: harbaka ($0.73 in chips) 
Seat 9: TP-Star100 ($2.21 in chips) 
dragon34564: posts small blind $0.01
Dorex2007: posts big blind $0.02
*** HOLE CARDS ***
Dealt to Dorex2007 [3h 8d]
harbaka: folds 
TP-Star100: calls $0.02
coba9029: raises $0.04 to $0.06
chrpok: calls $0.06
Dudusever: folds 
dragon34564: folds 
Dorex2007: folds 
TP-Star100: calls $0.04
*** FLOP *** [Qc 7c Ts]
TP-Star100: checks 
coba9029: checks 
chrpok: checks 
*** TURN *** [Qc 7c Ts] [5c]
TP-Star100: checks 
coba9029: checks 
chrpok: bets $0.10
TP-Star100: calls $0.10
coba9029: folds 
*** RIVER *** [Qc 7c Ts 5c] [Ah]
TP-Star100: checks 
chrpok: checks 
*** SHOW DOWN ***
TP-Star100: shows [8h 6h] (high card Ace)
chrpok: shows [4d 4c] (a pair of Fours)
chrpok collected $0.40 from pot
*** SUMMARY ***
Total pot $0.41 | Rake $0.01 
Board [Qc 7c Ts 5c Ah]
Seat 2: coba9029 folded on the Turn
Seat 3: chrpok showed [4d 4c] and won ($0.40) with a pair of Fours
Seat 4: Dudusever (button) folded before Flop (didn't bet)
Seat 5: dragon34564 (small blind) folded before Flop
Seat 6: Dorex2007 (big blind) folded before Flop
Seat 7: harbaka folded before Flop (didn't bet)
Seat 9: TP-Star100 showed [8h 6h] and lost with high card Ace



PokerStars Hand #234103948055:  Hold'em No Limit ($0.01/$0.02 USD) - 2022/02/15 15:12:41 PT [2022/02/15 18:12:41 ET]
Table 'Brita V' 9-max Seat #5 is the button
Seat 2: coba9029 ($2.17 in chips) 
Seat 3: chrpok ($5.43 in chips) 
Seat 4: Dudusever ($2.75 in chips) 
Seat 5: dragon34564 ($1.66 in chips) 
Seat 6: Dorex2007 ($2.97 in chips) 
Seat 7: harbaka ($0.73 in chips) 
Seat 9: TP-Star100 ($2.05 in chips) 
Dorex2007: posts small blind $0.01
harbaka: posts big blind $0.02
*** HOLE CARDS ***
Dealt to Dorex2007 [Ah 7d]
amigo1404 joins the table at seat #8 
TP-Star100: calls $0.02
coba9029: folds 
chrpok: folds 
Dudusever: raises $0.06 to $0.08
dragon34564: calls $0.08
Dorex2007: folds 
harbaka: folds 
TP-Star100: calls $0.06
*** FLOP *** [7s 4h 2c]
SugarBenek joins the table at seat #1 
TP-Star100: bets $0.08
Dudusever: calls $0.08
dragon34564: calls $0.08
*** TURN *** [7s 4h 2c] [6c]
TP-Star100: bets $0.28
Dudusever: folds 
dragon34564: calls $0.28
*** RIVER *** [7s 4h 2c 6c] [Jc]
TP-Star100: bets $0.40
dragon34564: calls $0.40
*** SHOW DOWN ***
TP-Star100: shows [7c Tc] (a flush, Jack high)
dragon34564: mucks hand 
TP-Star100 collected $1.80 from pot
*** SUMMARY ***
Total pot $1.87 | Rake $0.07 
Board [7s 4h 2c 6c Jc]
Seat 2: coba9029 folded before Flop (didn't bet)
Seat 3: chrpok folded before Flop (didn't bet)
Seat 4: Dudusever folded on the Turn
Seat 5: dragon34564 (button) mucked [Kc 2s]
Seat 6: Dorex2007 (small blind) folded before Flop
Seat 7: harbaka (big blind) folded before Flop
Seat 9: TP-Star100 showed [7c Tc] and won ($1.80) with a flush, Jack high



PokerStars Hand #234103968853:  Hold'em No Limit ($0.01/$0.02 USD) - 2022/02/15 15:13:30 PT [2022/02/15 18:13:30 ET]
Table 'Brita V' 9-max Seat #6 is the button
Seat 2: coba9029 ($2.17 in chips) 
Seat 3: chrpok ($5.43 in chips) 
Seat 4: Dudusever ($2.59 in chips) 
Seat 5: dragon34564 ($0.82 in chips) 
Seat 6: Dorex2007 ($2.96 in chips) 
Seat 7: harbaka ($0.71 in chips) 
Seat 8: amigo1404 ($2 in chips) 
Seat 9: TP-Star100 ($3.01 in chips) 
harbaka: posts small blind $0.01
amigo1404: posts big blind $0.02
SugarBenek: sits out 
*** HOLE CARDS ***
Dealt to Dorex2007 [8c Qs]
TP-Star100: calls $0.02
coba9029: folds 
chrpok: raises $0.04 to $0.06
Dudusever: calls $0.06
dragon34564: folds 
Dorex2007: folds 
dragon34564 leaves the table
harbaka: folds 
amigo1404: folds 
TP-Star100: calls $0.04
*** FLOP *** [9d 6d 2h]
TP-Star100: checks 
chrpok: checks 
Dudusever: checks 
*** TURN *** [9d 6d 2h] [7c]
TP-Star100: checks 
chrpok: checks 
Dudusever: checks 
*** RIVER *** [9d 6d 2h 7c] [Js]
TP-Star100: checks 
chrpok: checks 
Dudusever: bets $0.20
TP-Star100: folds 
chrpok: calls $0.20
*** SHOW DOWN ***
Dudusever: shows [Ad Jh] (a pair of Jacks)
chrpok: mucks hand 
Dudusever collected $0.59 from pot
*** SUMMARY ***
Total pot $0.61 | Rake $0.02 
Board [9d 6d 2h 7c Js]
Seat 2: coba9029 folded before Flop (didn't bet)
Seat 3: chrpok mucked [2d Kd]
Seat 4: Dudusever showed [Ad Jh] and won ($0.59) with a pair of Jacks
Seat 5: dragon34564 folded before Flop (didn't bet)
Seat 6: Dorex2007 (button) folded before Flop (didn't bet)
Seat 7: harbaka (small blind) folded before Flop
Seat 8: amigo1404 (big blind) folded before Flop
Seat 9: TP-Star100 folded on the River



PokerStars Hand #234104003814:  Hold'em No Limit ($0.01/$0.02 USD) - 2022/02/15 15:14:38 PT [2022/02/15 18:14:38 ET]
Table 'Brita V' 9-max Seat #7 is the button
Seat 1: SugarBenek ($2 in chips) 
Seat 2: coba9029 ($2.17 in chips) 
Seat 3: chrpok ($5.17 in chips) 
Seat 4: Dudusever ($2.92 in chips) 
Seat 6: Dorex2007 ($2.96 in chips) 
Seat 7: harbaka ($0.70 in chips) 
Seat 8: amigo1404 ($1.98 in chips) 
Seat 9: TP-Star100 ($2.95 in chips) 
amigo1404: posts small blind $0.01
TP-Star100: posts big blind $0.02
SugarBenek: posts big blind $0.02
*** HOLE CARDS ***
Dealt to Dorex2007 [7s 8d]
hgpperez joins the table at seat #5 
SugarBenek: checks 
coba9029: folds 
chrpok: raises $0.02 to $0.04
Dudusever: folds 
Dorex2007: folds 
harbaka: folds 
amigo1404: calls $0.03
TP-Star100: calls $0.02
SugarBenek: folds 
*** FLOP *** [5c 3s 4h]
amigo1404: checks 
TP-Star100: checks 
chrpok: bets $0.06
amigo1404: calls $0.06
TP-Star100: calls $0.06
*** TURN *** [5c 3s 4h] [2d]
amigo1404: checks 
TP-Star100: bets $0.06
chrpok: calls $0.06
amigo1404: calls $0.06
*** RIVER *** [5c 3s 4h 2d] [Ah]
amigo1404: checks 
TP-Star100: bets $2.79 and is all-in
chrpok: folds 
amigo1404: folds 
Uncalled bet ($2.79) returned to TP-Star100
TP-Star100 collected $0.48 from pot
TP-Star100: doesn't show hand 
*** SUMMARY ***
Total pot $0.50 | Rake $0.02 
Board [5c 3s 4h 2d Ah]
Seat 1: SugarBenek folded before Flop (didn't bet)
Seat 2: coba9029 folded before Flop (didn't bet)
Seat 3: chrpok folded on the River
Seat 4: Dudusever folded before Flop (didn't bet)
Seat 6: Dorex2007 folded before Flop (didn't bet)
Seat 7: harbaka (button) folded before Flop (didn't bet)
Seat 8: amigo1404 (small blind) folded on the River
Seat 9: TP-Star100 (big blind) collected ($0.48)



PokerStars Hand #234104041006:  Hold'em No Limit ($0.01/$0.02 USD) - 2022/02/15 15:16:07 PT [2022/02/15 18:16:07 ET]
Table 'Brita V' 9-max Seat #8 is the button
Seat 1: SugarBenek ($1.98 in chips) 
Seat 2: coba9029 ($2.17 in chips) 
Seat 3: chrpok ($5.01 in chips) 
Seat 4: Dudusever ($2.92 in chips) 
Seat 6: Dorex2007 ($2.96 in chips) 
Seat 7: harbaka ($0.70 in chips) 
Seat 8: amigo1404 ($1.82 in chips) 
Seat 9: TP-Star100 ($3.27 in chips) 
TP-Star100: posts small blind $0.01
SugarBenek: posts big blind $0.02
hgpperez: sits out 
*** HOLE CARDS ***
Dealt to Dorex2007 [7s 3d]
coba9029: folds 
chrpok: raises $0.02 to $0.04
Dudusever: folds 
Dorex2007: folds 
harbaka: folds 
amigo1404: folds 
TP-Star100: calls $0.03
SugarBenek: raises $0.04 to $0.08
chrpok: calls $0.04
TP-Star100: calls $0.04
*** FLOP *** [Jd Js Kd]
TP-Star100: checks 
SugarBenek: bets $0.14
chrpok: folds 
TP-Star100: folds 
Uncalled bet ($0.14) returned to SugarBenek
SugarBenek collected $0.23 from pot
SugarBenek: doesn't show hand 
*** SUMMARY ***
Total pot $0.24 | Rake $0.01 
Board [Jd Js Kd]
Seat 1: SugarBenek (big blind) collected ($0.23)
Seat 2: coba9029 folded before Flop (didn't bet)
Seat 3: chrpok folded on the Flop
Seat 4: Dudusever folded before Flop (didn't bet)
Seat 6: Dorex2007 folded before Flop (didn't bet)
Seat 7: harbaka folded before Flop (didn't bet)
Seat 8: amigo1404 (button) folded before Flop (didn't bet)
Seat 9: TP-Star100 (small blind) folded on the Flop



PokerStars Hand #234104064209:  Hold'em No Limit ($0.01/$0.02 USD) - 2022/02/15 15:17:03 PT [2022/02/15 18:17:03 ET]
Table 'Brita V' 9-max Seat #9 is the button
Seat 1: SugarBenek ($2.13 in chips) 
Seat 2: coba9029 ($2.17 in chips) 
Seat 3: chrpok ($4.93 in chips) 
Seat 4: Dudusever ($2.92 in chips) 
Seat 6: Dorex2007 ($2.96 in chips) 
Seat 7: harbaka ($0.70 in chips) 
Seat 8: amigo1404 ($2 in chips) 
Seat 9: TP-Star100 ($3.19 in chips) 
SugarBenek: posts small blind $0.01
coba9029: posts big blind $0.02
hgpperez: sits out 
*** HOLE CARDS ***
Dealt to Dorex2007 [6s 9h]
chrpok: folds 
Dudusever: folds 
Dorex2007: folds 
harbaka: folds 
chrpok leaves the table
amigo1404: raises $0.04 to $0.06
TP-Star100: folds 
SugarBenek: folds 
coba9029: folds 
Uncalled bet ($0.04) returned to amigo1404
amigo1404 collected $0.05 from pot
*** SUMMARY ***
Total pot $0.05 | Rake $0 
Seat 1: SugarBenek (small blind) folded before Flop
Seat 2: coba9029 (big blind) folded before Flop
Seat 3: chrpok folded before Flop (didn't bet)
Seat 4: Dudusever folded before Flop (didn't bet)
Seat 6: Dorex2007 folded before Flop (didn't bet)
Seat 7: harbaka folded before Flop (didn't bet)
Seat 8: amigo1404 collected ($0.05)
Seat 9: TP-Star100 (button) folded before Flop (didn't bet)



PokerStars Hand #234104072400:  Hold'em No Limit ($0.01/$0.02 USD) - 2022/02/15 15:17:22 PT [2022/02/15 18:17:22 ET]
Table 'Brita V' 9-max Seat #1 is the button
Seat 1: SugarBenek ($2.12 in chips) 
Seat 2: coba9029 ($2.15 in chips) 
Seat 4: Dudusever ($2.92 in chips) 
Seat 6: Dorex2007 ($2.96 in chips) 
Seat 7: harbaka ($0.70 in chips) 
Seat 8: amigo1404 ($2.03 in chips) 
Seat 9: TP-Star100 ($3.19 in chips) 
coba9029: posts small blind $0.01
Dudusever: posts big blind $0.02
hgpperez: sits out 
*** HOLE CARDS ***
Dealt to Dorex2007 [2h 9d]
Dorex2007: folds 
harbaka: folds 
amigo1404: folds 
TP-Star100: calls $0.02
SugarBenek: raises $0.04 to $0.06
kallpop joins the table at seat #3 
coba9029: folds 
Dudusever: folds 
TP-Star100: calls $0.04
*** FLOP *** [8s Ac Ts]
TP-Star100: checks 
SugarBenek: bets $0.06
TP-Star100: calls $0.06
*** TURN *** [8s Ac Ts] [5h]
TP-Star100: checks 
SugarBenek: bets $0.16
TP-Star100: calls $0.16
*** RIVER *** [8s Ac Ts 5h] [7s]
TP-Star100: checks 
SugarBenek: bets $0.18
TP-Star100: calls $0.18
*** SHOW DOWN ***
SugarBenek: shows [4d As] (a pair of Aces)
TP-Star100: mucks hand 
SugarBenek collected $0.92 from pot
*** SUMMARY ***
Total pot $0.95 | Rake $0.03 
Board [8s Ac Ts 5h 7s]
Seat 1: SugarBenek (button) showed [4d As] and won ($0.92) with a pair of Aces
Seat 2: coba9029 (small blind) folded before Flop
Seat 4: Dudusever (big blind) folded before Flop
Seat 6: Dorex2007 folded before Flop (didn't bet)
Seat 7: harbaka folded before Flop (didn't bet)
Seat 8: amigo1404 folded before Flop (didn't bet)
Seat 9: TP-Star100 mucked [4c 8c]



PokerStars Hand #234104106129:  Hold'em No Limit ($0.01/$0.02 USD) - 2022/02/15 15:18:43 PT [2022/02/15 18:18:43 ET]
Table 'Brita V' 9-max Seat #2 is the button
Seat 1: SugarBenek ($2.58 in chips) 
Seat 2: coba9029 ($2.14 in chips) 
Seat 4: Dudusever ($2.90 in chips) 
Seat 5: hgpperez ($2 in chips) 
Seat 6: Dorex2007 ($2.96 in chips) 
Seat 7: harbaka ($0.70 in chips) 
Seat 8: amigo1404 ($2.03 in chips) 
Seat 9: TP-Star100 ($2.73 in chips) 
Dudusever: posts small blind $0.01
hgpperez: posts big blind $0.02
*** HOLE CARDS ***
Dealt to Dorex2007 [6d 3s]
Dorex2007: folds 
harbaka: folds 
amigo1404: folds 
TP-Star100: calls $0.02
SugarBenek: folds 
coba9029: folds 
Dudusever: folds 
hgpperez: checks 
*** FLOP *** [8s 6s 5c]
hgpperez: checks 
TP-Star100: checks 
*** TURN *** [8s 6s 5c] [Ah]
hgpperez: checks 
TP-Star100: checks 
*** RIVER *** [8s 6s 5c Ah] [6c]
hgpperez: checks 
TP-Star100: checks 
*** SHOW DOWN ***
hgpperez: shows [9h Qh] (a pair of Sixes)
TP-Star100: mucks hand 
hgpperez collected $0.05 from pot
*** SUMMARY ***
Total pot $0.05 | Rake $0 
Board [8s 6s 5c Ah 6c]
Seat 1: SugarBenek folded before Flop (didn't bet)
Seat 2: coba9029 (button) folded before Flop (didn't bet)
Seat 4: Dudusever (small blind) folded before Flop
Seat 5: hgpperez (big blind) showed [9h Qh] and won ($0.05) with a pair of Sixes
Seat 6: Dorex2007 folded before Flop (didn't bet)
Seat 7: harbaka folded before Flop (didn't bet)
Seat 8: amigo1404 folded before Flop (didn't bet)
Seat 9: TP-Star100 mucked [9c 2c]



PokerStars Hand #234104125765:  Hold'em No Limit ($0.01/$0.02 USD) - 2022/02/15 15:19:31 PT [2022/02/15 18:19:31 ET]
Table 'Brita V' 9-max Seat #4 is the button
Seat 1: SugarBenek ($2.58 in chips) 
Seat 2: coba9029 ($2.14 in chips) 
Seat 3: kallpop ($0.80 in chips) 
Seat 4: Dudusever ($2.89 in chips) 
Seat 5: hgpperez ($2.03 in chips) 
Seat 6: Dorex2007 ($2.96 in chips) 
Seat 7: harbaka ($0.70 in chips) 
Seat 8: amigo1404 ($2.03 in chips) 
Seat 9: TP-Star100 ($2.71 in chips) 
hgpperez: posts small blind $0.01
Dorex2007: posts big blind $0.02
kallpop: posts big blind $0.02
*** HOLE CARDS ***
Dealt to Dorex2007 [3d Kd]
harbaka: folds 
amigo1404 has timed out
amigo1404: folds 
TP-Star100: folds 
SugarBenek: folds 
coba9029: folds 
kallpop: checks 
Dudusever: folds 
hgpperez: calls $0.01
Dorex2007: checks 
*** FLOP *** [Ks 2d Kc]
hgpperez: checks 
Dorex2007: checks 
kallpop: checks 
*** TURN *** [Ks 2d Kc] [As]
hgpperez: checks 
Dorex2007: checks 
kallpop: checks 
*** RIVER *** [Ks 2d Kc As] [Td]
hgpperez: checks 
Dorex2007: bets $0.06
kallpop: folds 
hgpperez: calls $0.06
*** SHOW DOWN ***
Dorex2007: shows [3d Kd] (three of a kind, Kings)
hgpperez: mucks hand 
Dorex2007 collected $0.17 from pot
*** SUMMARY ***
Total pot $0.18 | Rake $0.01 
Board [Ks 2d Kc As Td]
Seat 1: SugarBenek folded before Flop (didn't bet)
Seat 2: coba9029 folded before Flop (didn't bet)
Seat 3: kallpop folded on the River (didn't bet)
Seat 4: Dudusever (button) folded before Flop (didn't bet)
Seat 5: hgpperez (small blind) mucked [5s Th]
Seat 6: Dorex2007 (big blind) showed [3d Kd] and won ($0.17) with three of a kind, Kings
Seat 7: harbaka folded before Flop (didn't bet)
Seat 8: amigo1404 folded before Flop (didn't bet)
Seat 9: TP-Star100 folded before Flop (didn't bet)



PokerStars Hand #234104157144:  Hold'em No Limit ($0.01/$0.02 USD) - 2022/02/15 15:20:47 PT [2022/02/15 18:20:47 ET]
Table 'Brita V' 9-max Seat #5 is the button
Seat 1: SugarBenek ($2.58 in chips) 
Seat 2: coba9029 ($2.14 in chips) 
Seat 3: kallpop ($0.78 in chips) 
Seat 4: Dudusever ($2.89 in chips) 
Seat 5: hgpperez ($1.95 in chips) 
Seat 6: Dorex2007 ($3.05 in chips) 
Seat 7: harbaka ($0.70 in chips) 
Seat 8: amigo1404 ($2.03 in chips) 
Seat 9: TP-Star100 ($2.71 in chips) 
Dorex2007: posts small blind $0.01
harbaka: posts big blind $0.02
*** HOLE CARDS ***
Dealt to Dorex2007 [Js Kd]
amigo1404: folds 
TP-Star100: folds 
SugarBenek: folds 
coba9029: folds 
kallpop has timed out
kallpop: folds 
Dudusever: folds 
hgpperez: raises $0.04 to $0.06
Dorex2007: folds 
harbaka: folds 
Uncalled bet ($0.04) returned to hgpperez
hgpperez collected $0.05 from pot
hgpperez: doesn't show hand 
*** SUMMARY ***
Total pot $0.05 | Rake $0 
Seat 1: SugarBenek folded before Flop (didn't bet)
Seat 2: coba9029 folded before Flop (didn't bet)
Seat 3: kallpop folded before Flop (didn't bet)
Seat 4: Dudusever folded before Flop (didn't bet)
Seat 5: hgpperez (button) collected ($0.05)
Seat 6: Dorex2007 (small blind) folded before Flop
Seat 7: harbaka (big blind) folded before Flop
Seat 8: amigo1404 folded before Flop (didn't bet)
Seat 9: TP-Star100 folded before Flop (didn't bet)



PokerStars Hand #234104168345:  Hold'em No Limit ($0.01/$0.02 USD) - 2022/02/15 15:21:14 PT [2022/02/15 18:21:14 ET]
Table 'Brita V' 9-max Seat #6 is the button
Seat 1: SugarBenek ($2.58 in chips) 
Seat 2: coba9029 ($2.14 in chips) 
Seat 3: kallpop ($0.78 in chips) 
Seat 4: Dudusever ($2.89 in chips) 
Seat 5: hgpperez ($1.98 in chips) 
Seat 6: Dorex2007 ($3.04 in chips) 
Seat 7: harbaka ($0.68 in chips) 
Seat 8: amigo1404 ($2.03 in chips) 
Seat 9: TP-Star100 ($2.71 in chips) 
harbaka: posts small blind $0.01
amigo1404: posts big blind $0.02
*** HOLE CARDS ***
Dealt to Dorex2007 [Kd 6h]
TP-Star100: calls $0.02
SugarBenek: folds 
coba9029: folds 
kallpop: calls $0.02
Dudusever: calls $0.02
hgpperez: calls $0.02
Dorex2007: folds 
harbaka: folds 
amigo1404: checks 
*** FLOP *** [Qc Qs 7d]
amigo1404: checks 
TP-Star100: checks 
kallpop: checks 
Dudusever: checks 
hgpperez: checks 
*** TURN *** [Qc Qs 7d] [Th]
amigo1404: checks 
TP-Star100: checks 
kallpop: bets $0.04
Dudusever: folds 
hgpperez: folds 
amigo1404: folds 
TP-Star100: calls $0.04
*** RIVER *** [Qc Qs 7d Th] [5h]
TP-Star100: checks 
kallpop: bets $0.18
TP-Star100: calls $0.18
*** SHOW DOWN ***
kallpop: shows [Tc Qh] (a full house, Queens full of Tens)
TP-Star100: mucks hand 
kallpop collected $0.53 from pot
*** SUMMARY ***
Total pot $0.55 | Rake $0.02 
Board [Qc Qs 7d Th 5h]
Seat 1: SugarBenek folded before Flop (didn't bet)
Seat 2: coba9029 folded before Flop (didn't bet)
Seat 3: kallpop showed [Tc Qh] and won ($0.53) with a full house, Queens full of Tens
Seat 4: Dudusever folded on the Turn
Seat 5: hgpperez folded on the Turn
Seat 6: Dorex2007 (button) folded before Flop (didn't bet)
Seat 7: harbaka (small blind) folded before Flop
Seat 8: amigo1404 (big blind) folded on the Turn
Seat 9: TP-Star100 mucked [Td Js]



PokerStars Hand #234104248300:  Hold'em No Limit ($0.01/$0.02 USD) - 2022/02/15 15:24:26 PT [2022/02/15 18:24:26 ET]
Table 'Brita V' 9-max Seat #8 is the button
Seat 1: SugarBenek ($2.67 in chips) 
Seat 2: coba9029 ($2.14 in chips) 
Seat 3: kallpop ($1.03 in chips) 
Seat 4: Dudusever ($2.87 in chips) 
Seat 5: hgpperez ($1.96 in chips) 
Seat 6: Dorex2007 ($3.04 in chips) 
Seat 7: harbaka ($0.67 in chips) 
Seat 8: amigo1404 ($2 in chips) 
Seat 9: TP-Star100 ($2.43 in chips) 
TP-Star100: posts small blind $0.01
SugarBenek: posts big blind $0.02
*** HOLE CARDS ***
Dealt to Dorex2007 [Ah 5d]
coba9029: folds 
kallpop: folds 
Dudusever: folds 
hgpperez: folds 
Dorex2007: folds 
harbaka: folds 
amigo1404: raises $0.04 to $0.06
TP-Star100: folds 
SugarBenek: raises $0.13 to $0.19
amigo1404: folds 
Uncalled bet ($0.13) returned to SugarBenek
SugarBenek collected $0.13 from pot
SugarBenek: doesn't show hand 
*** SUMMARY ***
Total pot $0.13 | Rake $0 
Seat 1: SugarBenek (big blind) collected ($0.13)
Seat 2: coba9029 folded before Flop (didn't bet)
Seat 3: kallpop folded before Flop (didn't bet)
Seat 4: Dudusever folded before Flop (didn't bet)
Seat 5: hgpperez folded before Flop (didn't bet)
Seat 6: Dorex2007 folded before Flop (didn't bet)
Seat 7: harbaka folded before Flop (didn't bet)
Seat 8: amigo1404 (button) folded before Flop
Seat 9: TP-Star100 (small blind) folded before Flop



PokerStars Hand #234104266961:  Hold'em No Limit ($0.01/$0.02 USD) - 2022/02/15 15:25:11 PT [2022/02/15 18:25:11 ET]
Table 'Brita V' 9-max Seat #9 is the button
Seat 1: SugarBenek ($2.74 in chips) 
Seat 2: coba9029 ($2.14 in chips) 
Seat 3: kallpop ($1.03 in chips) 
Seat 4: Dudusever ($2.87 in chips) 
Seat 5: hgpperez ($1.96 in chips) 
Seat 6: Dorex2007 ($3.04 in chips) 
Seat 7: harbaka ($0.67 in chips) 
Seat 8: amigo1404 ($1.94 in chips) 
Seat 9: TP-Star100 ($2.42 in chips) 
SugarBenek: posts small blind $0.01
coba9029: posts big blind $0.02
*** HOLE CARDS ***
Dealt to Dorex2007 [2s 2h]
kallpop: folds 
Dudusever: folds 
hgpperez: folds 
Dorex2007: folds 
harbaka: folds 
amigo1404: raises $0.04 to $0.06
TP-Star100: calls $0.06
SugarBenek: raises $0.06 to $0.12
coba9029: folds 
amigo1404: raises $0.16 to $0.28
TP-Star100: calls $0.22
SugarBenek: raises $2.46 to $2.74 and is all-in
amigo1404: folds 
TP-Star100: calls $2.14 and is all-in
Uncalled bet ($0.32) returned to SugarBenek
*** FLOP *** [7s 4h Kd]
*** TURN *** [7s 4h Kd] [Jc]
*** RIVER *** [7s 4h Kd Jc] [As]
*** SHOW DOWN ***
SugarBenek: shows [Ad Qh] (a pair of Aces)
TP-Star100: shows [8s Qs] (high card Ace)
SugarBenek collected $4.96 from pot
*** SUMMARY ***
Total pot $5.14 | Rake $0.18 
Board [7s 4h Kd Jc As]
Seat 1: SugarBenek (small blind) showed [Ad Qh] and won ($4.96) with a pair of Aces
Seat 2: coba9029 (big blind) folded before Flop
Seat 3: kallpop folded before Flop (didn't bet)
Seat 4: Dudusever folded before Flop (didn't bet)
Seat 5: hgpperez folded before Flop (didn't bet)
Seat 6: Dorex2007 folded before Flop (didn't bet)
Seat 7: harbaka folded before Flop (didn't bet)
Seat 8: amigo1404 folded before Flop
Seat 9: TP-Star100 (button) showed [8s Qs] and lost with high card Ace



PokerStars Hand #234104291056:  Hold'em No Limit ($0.01/$0.02 USD) - 2022/02/15 15:26:10 PT [2022/02/15 18:26:10 ET]
Table 'Brita V' 9-max Seat #1 is the button
Seat 1: SugarBenek ($5.28 in chips) 
Seat 2: coba9029 ($2.12 in chips) 
Seat 3: kallpop ($1.03 in chips) 
Seat 4: Dudusever ($2.87 in chips) 
Seat 5: hgpperez ($1.96 in chips) 
Seat 6: Dorex2007 ($3.04 in chips) 
Seat 7: harbaka ($0.67 in chips) 
Seat 8: amigo1404 ($2 in chips) 
coba9029: posts small blind $0.01
kallpop: posts big blind $0.02
*** HOLE CARDS ***
Dealt to Dorex2007 [3c Qs]
Dudusever: folds 
hgpperez: folds 
Dorex2007: folds 
harbaka: folds 
amigo1404: folds 
SugarBenek: folds 
coba9029: raises $0.02 to $0.04
kallpop: calls $0.02
*** FLOP *** [3h 2s 2d]
coba9029: bets $0.04
kallpop: folds 
Uncalled bet ($0.04) returned to coba9029
coba9029 collected $0.08 from pot
coba9029: doesn't show hand 
*** SUMMARY ***
Total pot $0.08 | Rake $0 
Board [3h 2s 2d]
Seat 1: SugarBenek (button) folded before Flop (didn't bet)
Seat 2: coba9029 (small blind) collected ($0.08)
Seat 3: kallpop (big blind) folded on the Flop
Seat 4: Dudusever folded before Flop (didn't bet)
Seat 5: hgpperez folded before Flop (didn't bet)
Seat 6: Dorex2007 folded before Flop (didn't bet)
Seat 7: harbaka folded before Flop (didn't bet)
Seat 8: amigo1404 folded before Flop (didn't bet)



PokerStars Hand #234104303469:  Hold'em No Limit ($0.01/$0.02 USD) - 2022/02/15 15:26:41 PT [2022/02/15 18:26:41 ET]
Table 'Brita V' 9-max Seat #2 is the button
Seat 1: SugarBenek ($5.28 in chips) 
Seat 2: coba9029 ($2.16 in chips) 
Seat 3: kallpop ($0.99 in chips) 
Seat 4: Dudusever ($2.87 in chips) 
Seat 5: hgpperez ($1.96 in chips) 
Seat 6: Dorex2007 ($3.04 in chips) 
Seat 7: harbaka ($0.67 in chips) 
Seat 8: amigo1404 ($2 in chips) 
kallpop: posts small blind $0.01
Dudusever: posts big blind $0.02
*** HOLE CARDS ***
Dealt to Dorex2007 [9d Qd]
hgpperez: calls $0.02
Dorex2007: folds 
harbaka: folds 
amigo1404: folds 
SugarBenek: folds 
coba9029: folds 
kallpop: calls $0.01
Dudusever: checks 
*** FLOP *** [Qh 4h 3c]
kallpop: checks 
Dudusever: checks 
hgpperez: bets $0.03
kallpop: calls $0.03
Dudusever: folds 
*** TURN *** [Qh 4h 3c] [9c]
kallpop: checks 
hgpperez: bets $0.07
kallpop: calls $0.07
*** RIVER *** [Qh 4h 3c 9c] [Ac]
kallpop: checks 
hgpperez: bets $0.18
kallpop: raises $0.31 to $0.49
hgpperez: raises $1.35 to $1.84 and is all-in
kallpop: calls $0.38 and is all-in
Uncalled bet ($0.97) returned to hgpperez
*** SHOW DOWN ***
hgpperez: shows [Tc Qc] (a flush, Ace high)
kallpop: shows [Kc 5c] (a flush, Ace high - King higher)
kallpop collected $1.93 from pot
*** SUMMARY ***
Total pot $2 | Rake $0.07 
Board [Qh 4h 3c 9c Ac]
Seat 1: SugarBenek folded before Flop (didn't bet)
Seat 2: coba9029 (button) folded before Flop (didn't bet)
Seat 3: kallpop (small blind) showed [Kc 5c] and won ($1.93) with a flush, Ace high
Seat 4: Dudusever (big blind) folded on the Flop
Seat 5: hgpperez showed [Tc Qc] and lost with a flush, Ace high
Seat 6: Dorex2007 folded before Flop (didn't bet)
Seat 7: harbaka folded before Flop (didn't bet)
Seat 8: amigo1404 folded before Flop (didn't bet)



PokerStars Hand #234104331758:  Hold'em No Limit ($0.01/$0.02 USD) - 2022/02/15 15:27:42 PT [2022/02/15 18:27:42 ET]
Table 'Brita V' 9-max Seat #3 is the button
Seat 1: SugarBenek ($5.28 in chips) 
Seat 2: coba9029 ($2.16 in chips) 
Seat 3: kallpop ($1.93 in chips) 
Seat 4: Dudusever ($2.85 in chips) 
Seat 5: hgpperez ($0.97 in chips) 
Seat 6: Dorex2007 ($3.04 in chips) 
Seat 7: harbaka ($0.67 in chips) 
Seat 8: amigo1404 ($2 in chips) 
Dudusever: posts small blind $0.01
hgpperez: posts big blind $0.02
*** HOLE CARDS ***
Dealt to Dorex2007 [Ks 5c]
Dorex2007: folds 
harbaka: folds 
amigo1404: folds 
SugarBenek: raises $0.02 to $0.04
coba9029: folds 
TP-Star100 is disconnected 
kallpop: folds 
Dudusever: folds 
hgpperez: folds 
Uncalled bet ($0.02) returned to SugarBenek
SugarBenek collected $0.05 from pot
SugarBenek: doesn't show hand 
*** SUMMARY ***
Total pot $0.05 | Rake $0 
Seat 1: SugarBenek collected ($0.05)
Seat 2: coba9029 folded before Flop (didn't bet)
Seat 3: kallpop (button) folded before Flop (didn't bet)
Seat 4: Dudusever (small blind) folded before Flop
Seat 5: hgpperez (big blind) folded before Flop
Seat 6: Dorex2007 folded before Flop (didn't bet)
Seat 7: harbaka folded before Flop (didn't bet)
Seat 8: amigo1404 folded before Flop (didn't bet)



PokerStars Hand #234104343271:  Hold'em No Limit ($0.01/$0.02 USD) - 2022/02/15 15:28:11 PT [2022/02/15 18:28:11 ET]
Table 'Brita V' 9-max Seat #4 is the button
Seat 1: SugarBenek ($5.31 in chips) 
Seat 2: coba9029 ($2.16 in chips) 
Seat 3: kallpop ($1.93 in chips) 
Seat 4: Dudusever ($2.84 in chips) 
Seat 5: hgpperez ($0.95 in chips) 
Seat 6: Dorex2007 ($3.04 in chips) 
Seat 7: harbaka ($0.67 in chips) 
Seat 8: amigo1404 ($2 in chips) 
hgpperez: posts small blind $0.01
Dorex2007: posts big blind $0.02
*** HOLE CARDS ***
Dealt to Dorex2007 [Js 4c]
harbaka: folds 
amigo1404: folds 
SugarBenek: folds 
coba9029: folds 
kallpop: folds 
Dudusever: raises $0.04 to $0.06
hgpperez: folds 
Dorex2007: folds 
Uncalled bet ($0.04) returned to Dudusever
Dudusever collected $0.05 from pot
Dudusever: doesn't show hand 
*** SUMMARY ***
Total pot $0.05 | Rake $0 
Seat 1: SugarBenek folded before Flop (didn't bet)
Seat 2: coba9029 folded before Flop (didn't bet)
Seat 3: kallpop folded before Flop (didn't bet)
Seat 4: Dudusever (button) collected ($0.05)
Seat 5: hgpperez (small blind) folded before Flop
Seat 6: Dorex2007 (big blind) folded before Flop
Seat 7: harbaka folded before Flop (didn't bet)
Seat 8: amigo1404 folded before Flop (didn't bet)



PokerStars Hand #234104350289:  Hold'em No Limit ($0.01/$0.02 USD) - 2022/02/15 15:28:28 PT [2022/02/15 18:28:28 ET]
Table 'Brita V' 9-max Seat #5 is the button
Seat 1: SugarBenek ($5.31 in chips) 
Seat 2: coba9029 ($2.16 in chips) 
Seat 3: kallpop ($1.93 in chips) 
Seat 4: Dudusever ($2.87 in chips) 
Seat 5: hgpperez ($1.99 in chips) 
Seat 6: Dorex2007 ($3.02 in chips) 
Seat 7: harbaka ($0.67 in chips) 
Seat 8: amigo1404 ($2 in chips) 
Dorex2007: posts small blind $0.01
harbaka: posts big blind $0.02
*** HOLE CARDS ***
Dealt to Dorex2007 [7d Qc]
amigo1404: folds 
SugarBenek: folds 
coba9029: folds 
kallpop: folds 
Dudusever: folds 
hgpperez: calls $0.02
Dorex2007: folds 
harbaka: checks 
*** FLOP *** [Tc 8d 8s]
harbaka: checks 
hgpperez: checks 
*** TURN *** [Tc 8d 8s] [Js]
harbaka: checks 
hgpperez: checks 
*** RIVER *** [Tc 8d 8s Js] [7h]
harbaka: checks 
hgpperez: checks 
*** SHOW DOWN ***
harbaka: shows [5c 3c] (a pair of Eights)
hgpperez: shows [2d Kd] (a pair of Eights - King kicker)
hgpperez collected $0.05 from pot
*** SUMMARY ***
Total pot $0.05 | Rake $0 
Board [Tc 8d 8s Js 7h]
Seat 1: SugarBenek folded before Flop (didn't bet)
Seat 2: coba9029 folded before Flop (didn't bet)
Seat 3: kallpop folded before Flop (didn't bet)
Seat 4: Dudusever folded before Flop (didn't bet)
Seat 5: hgpperez (button) showed [2d Kd] and won ($0.05) with a pair of Eights
Seat 6: Dorex2007 (small blind) folded before Flop
Seat 7: harbaka (big blind) showed [5c 3c] and lost with a pair of Eights
Seat 8: amigo1404 folded before Flop (didn't bet)



PokerStars Hand #234104365149:  Hold'em No Limit ($0.01/$0.02 USD) - 2022/02/15 15:29:05 PT [2022/02/15 18:29:05 ET]
Table 'Brita V' 9-max Seat #6 is the button
Seat 1: SugarBenek ($5.31 in chips) 
Seat 2: coba9029 ($2.16 in chips) 
Seat 3: kallpop ($1.93 in chips) 
Seat 4: Dudusever ($2.87 in chips) 
Seat 5: hgpperez ($2.02 in chips) 
Seat 6: Dorex2007 ($3.01 in chips) 
Seat 7: harbaka ($0.65 in chips) 
Seat 8: amigo1404 ($2 in chips) 
harbaka: posts small blind $0.01
amigo1404: posts big blind $0.02
*** HOLE CARDS ***
Dealt to Dorex2007 [5h 9s]
SugarBenek: folds 
coba9029: folds 
kallpop: folds 
Dudusever: raises $0.04 to $0.06
hgpperez: folds 
Dorex2007: folds 
harbaka: folds 
amigo1404: calls $0.04
*** FLOP *** [6h 7s Jd]
amigo1404: checks 
Dudusever: bets $0.07
amigo1404: raises $0.17 to $0.24
Dudusever: calls $0.17
*** TURN *** [6h 7s Jd] [8s]
amigo1404: bets $0.27
Dudusever: calls $0.27
*** RIVER *** [6h 7s Jd 8s] [Th]
amigo1404: bets $0.89
Dudusever: folds 
Uncalled bet ($0.89) returned to amigo1404
amigo1404 collected $1.11 from pot
amigo1404: doesn't show hand 
*** SUMMARY ***
Total pot $1.15 | Rake $0.04 
Board [6h 7s Jd 8s Th]
Seat 1: SugarBenek folded before Flop (didn't bet)
Seat 2: coba9029 folded before Flop (didn't bet)
Seat 3: kallpop folded before Flop (didn't bet)
Seat 4: Dudusever folded on the River
Seat 5: hgpperez folded before Flop (didn't bet)
Seat 6: Dorex2007 (button) folded before Flop (didn't bet)
Seat 7: harbaka (small blind) folded before Flop
Seat 8: amigo1404 (big blind) collected ($1.11)



PokerStars Hand #234104383382:  Hold'em No Limit ($0.01/$0.02 USD) - 2022/02/15 15:29:51 PT [2022/02/15 18:29:51 ET]
Table 'Brita V' 9-max Seat #7 is the button
Seat 1: SugarBenek ($5.31 in chips) 
Seat 2: coba9029 ($2.16 in chips) 
Seat 3: kallpop ($1.93 in chips) 
Seat 4: Dudusever ($2.30 in chips) 
Seat 5: hgpperez ($2.02 in chips) 
Seat 6: Dorex2007 ($3.01 in chips) 
Seat 7: harbaka ($0.64 in chips) 
Seat 8: amigo1404 ($2.54 in chips) 
amigo1404: posts small blind $0.01
SugarBenek: posts big blind $0.02
*** HOLE CARDS ***
Dealt to Dorex2007 [Js Ks]
coba9029: folds 
kallpop: raises $0.02 to $0.04
Dudusever: folds 
hgpperez: folds 
Dorex2007: calls $0.04
harbaka: folds 
amigo1404: folds 
SugarBenek: raises $0.04 to $0.08
kallpop: calls $0.04
Dorex2007: calls $0.04
*** FLOP *** [9s Qc 8h]
SugarBenek: bets $0.12
kallpop: calls $0.12
Dorex2007: folds 
*** TURN *** [9s Qc 8h] [4d]
SugarBenek: bets $0.26
kallpop: folds 
Uncalled bet ($0.26) returned to SugarBenek
SugarBenek collected $0.47 from pot
SugarBenek: doesn't show hand 
*** SUMMARY ***
Total pot $0.49 | Rake $0.02 
Board [9s Qc 8h 4d]
Seat 1: SugarBenek (big blind) collected ($0.47)
Seat 2: coba9029 folded before Flop (didn't bet)
Seat 3: kallpop folded on the Turn
Seat 4: Dudusever folded before Flop (didn't bet)
Seat 5: hgpperez folded before Flop (didn't bet)
Seat 6: Dorex2007 folded on the Flop
Seat 7: harbaka (button) folded before Flop (didn't bet)
Seat 8: amigo1404 (small blind) folded before Flop



PokerStars Hand #234104407296:  Hold'em No Limit ($0.01/$0.02 USD) - 2022/02/15 15:30:43 PT [2022/02/15 18:30:43 ET]
Table 'Brita V' 9-max Seat #8 is the button
Seat 1: SugarBenek ($5.58 in chips) 
Seat 2: coba9029 ($2.16 in chips) 
Seat 3: kallpop ($1.73 in chips) 
Seat 4: Dudusever ($2.30 in chips) 
Seat 5: hgpperez ($2.02 in chips) 
Seat 6: Dorex2007 ($2.93 in chips) 
Seat 7: harbaka ($0.64 in chips) 
Seat 8: amigo1404 ($2.53 in chips) 
SugarBenek: posts small blind $0.01
coba9029: posts big blind $0.02
*** HOLE CARDS ***
Dealt to Dorex2007 [7h 8c]
kallpop: folds 
Dudusever: raises $0.04 to $0.06
hgpperez: folds 
Dorex2007: folds 
harbaka: raises $0.12 to $0.18
amigo1404: folds 
SugarBenek: folds 
coba9029: folds 
Dudusever: calls $0.12
*** FLOP *** [8s 2s 6h]
Dudusever: checks 
harbaka: checks 
*** TURN *** [8s 2s 6h] [Ks]
Dudusever: checks 
harbaka: bets $0.19
Dudusever: folds 
Uncalled bet ($0.19) returned to harbaka
harbaka collected $0.38 from pot
harbaka: doesn't show hand 
*** SUMMARY ***
Total pot $0.39 | Rake $0.01 
Board [8s 2s 6h Ks]
Seat 1: SugarBenek (small blind) folded before Flop
Seat 2: coba9029 (big blind) folded before Flop
Seat 3: kallpop folded before Flop (didn't bet)
Seat 4: Dudusever folded on the Turn
Seat 5: hgpperez folded before Flop (didn't bet)
Seat 6: Dorex2007 folded before Flop (didn't bet)
Seat 7: harbaka collected ($0.38)
Seat 8: amigo1404 (button) folded before Flop (didn't bet)



PokerStars Hand #234104421485:  Hold'em No Limit ($0.01/$0.02 USD) - 2022/02/15 15:31:18 PT [2022/02/15 18:31:18 ET]
Table 'Brita V' 9-max Seat #1 is the button
Seat 1: SugarBenek ($5.57 in chips) 
Seat 2: coba9029 ($2.14 in chips) 
Seat 3: kallpop ($1.73 in chips) 
Seat 4: Dudusever ($2.12 in chips) 
Seat 5: hgpperez ($2.02 in chips) 
Seat 6: Dorex2007 ($2.93 in chips) 
Seat 7: harbaka ($0.84 in chips) 
Seat 8: amigo1404 ($2.53 in chips) 
coba9029: posts small blind $0.01
kallpop: posts big blind $0.02
*** HOLE CARDS ***
Dealt to Dorex2007 [7d Kh]
Dudusever: folds 
hgpperez: folds 
Dorex2007: folds 
harbaka: folds 
Dudusever leaves the table
amigo1404 has timed out
amigo1404: folds 
SugarBenek: folds 
coba9029: raises $0.02 to $0.04
CherT678 joins the table at seat #4 
kallpop: folds 
Uncalled bet ($0.02) returned to coba9029
coba9029 collected $0.04 from pot
coba9029: doesn't show hand 
*** SUMMARY ***
Total pot $0.04 | Rake $0 
Seat 1: SugarBenek (button) folded before Flop (didn't bet)
Seat 2: coba9029 (small blind) collected ($0.04)
Seat 3: kallpop (big blind) folded before Flop
Seat 4: Dudusever folded before Flop (didn't bet)
Seat 5: hgpperez folded before Flop (didn't bet)
Seat 6: Dorex2007 folded before Flop (didn't bet)
Seat 7: harbaka folded before Flop (didn't bet)
Seat 8: amigo1404 folded before Flop (didn't bet)



PokerStars Hand #234104436966:  Hold'em No Limit ($0.01/$0.02 USD) - 2022/02/15 15:31:41 PT [2022/02/15 18:31:41 ET]
Table 'Brita V' 9-max Seat #2 is the button
Seat 1: SugarBenek ($5.57 in chips) 
Seat 2: coba9029 ($2.16 in chips) 
Seat 3: kallpop ($1.71 in chips) 
Seat 4: CherT678 ($2 in chips) 
Seat 5: hgpperez ($2.02 in chips) 
Seat 6: Dorex2007 ($2.93 in chips) 
Seat 7: harbaka ($0.84 in chips) 
kallpop: posts small blind $0.01
CherT678: posts big blind $0.02
*** HOLE CARDS ***
Dealt to Dorex2007 [6c Ts]
hgpperez: calls $0.02
Dorex2007: folds 
harbaka: folds 
SugarBenek: folds 
coba9029: raises $0.04 to $0.06
kallpop: folds 
CherT678: calls $0.04
hgpperez: calls $0.04
*** FLOP *** [5h 9s Ad]
CherT678: checks 
hgpperez: checks 
coba9029: checks 
*** TURN *** [5h 9s Ad] [6d]
CherT678: checks 
hgpperez: checks 
coba9029: checks 
*** RIVER *** [5h 9s Ad 6d] [5s]
CherT678: checks 
hgpperez: checks 
coba9029: checks 
*** SHOW DOWN ***
CherT678: shows [Kc Jd] (a pair of Fives)
hgpperez: shows [9c Qs] (two pair, Nines and Fives)
coba9029: mucks hand 
hgpperez collected $0.18 from pot
*** SUMMARY ***
Total pot $0.19 | Rake $0.01 
Board [5h 9s Ad 6d 5s]
Seat 1: SugarBenek folded before Flop (didn't bet)
Seat 2: coba9029 (button) mucked [Qh Js]
Seat 3: kallpop (small blind) folded before Flop
Seat 4: CherT678 (big blind) showed [Kc Jd] and lost with a pair of Fives
Seat 5: hgpperez showed [9c Qs] and won ($0.18) with two pair, Nines and Fives
Seat 6: Dorex2007 folded before Flop (didn't bet)
Seat 7: harbaka folded before Flop (didn't bet)



PokerStars Hand #234104457956:  Hold'em No Limit ($0.01/$0.02 USD) - 2022/02/15 15:32:33 PT [2022/02/15 18:32:33 ET]
Table 'Brita V' 9-max Seat #3 is the button
Seat 1: SugarBenek ($5.57 in chips) 
Seat 2: coba9029 ($2.10 in chips) 
Seat 3: kallpop ($1.70 in chips) 
Seat 4: CherT678 ($2 in chips) 
Seat 5: hgpperez ($2.14 in chips) 
Seat 6: Dorex2007 ($2.93 in chips) 
Seat 7: harbaka ($0.84 in chips) 
Seat 8: amigo1404 ($2.53 in chips) 
CherT678: posts small blind $0.01
hgpperez: posts big blind $0.02
*** HOLE CARDS ***
Dealt to Dorex2007 [Qc 5h]
Dorex2007: folds 
harbaka: folds 
amigo1404: folds 
SugarBenek: folds 
coba9029: folds 
kallpop: calls $0.02
CherT678: folds 
hgpperez: checks 
*** FLOP *** [8c Ac 3d]
hgpperez: checks 
kallpop: checks 
*** TURN *** [8c Ac 3d] [Jc]
hgpperez: checks 
kallpop: checks 
*** RIVER *** [8c Ac 3d Jc] [Ks]
hgpperez: checks 
kallpop: checks 
*** SHOW DOWN ***
hgpperez: shows [Tc 8h] (a pair of Eights)
kallpop: shows [8d 9d] (a pair of Eights)
hgpperez collected $0.03 from pot
kallpop collected $0.02 from pot
*** SUMMARY ***
Total pot $0.05 | Rake $0 
Board [8c Ac 3d Jc Ks]
Seat 1: SugarBenek folded before Flop (didn't bet)
Seat 2: coba9029 folded before Flop (didn't bet)
Seat 3: kallpop (button) showed [8d 9d] and won ($0.02) with a pair of Eights
Seat 4: CherT678 (small blind) folded before Flop
Seat 5: hgpperez (big blind) showed [Tc 8h] and won ($0.03) with a pair of Eights
Seat 6: Dorex2007 folded before Flop (didn't bet)
Seat 7: harbaka folded before Flop (didn't bet)
Seat 8: amigo1404 folded before Flop (didn't bet)



PokerStars Hand #234104485897:  Hold'em No Limit ($0.01/$0.02 USD) - 2022/02/15 15:33:42 PT [2022/02/15 18:33:42 ET]
Table 'Brita V' 9-max Seat #4 is the button
Seat 1: SugarBenek ($5.57 in chips) 
Seat 2: coba9029 ($2.10 in chips) 
Seat 3: kallpop ($1.70 in chips) 
Seat 4: CherT678 ($2 in chips) 
Seat 5: hgpperez ($2.15 in chips) 
Seat 6: Dorex2007 ($2.93 in chips) 
Seat 7: harbaka ($0.84 in chips) 
Seat 8: amigo1404 ($2.53 in chips) 
hgpperez: posts small blind $0.01
Dorex2007: posts big blind $0.02
*** HOLE CARDS ***
Dealt to Dorex2007 [5s Jc]
harbaka: folds 
amigo1404: folds 
SugarBenek: folds 
coba9029: folds 
kallpop: calls $0.02
CherT678 has timed out
CherT678: folds 
hgpperez: calls $0.01
Dorex2007: checks 
*** FLOP *** [8h Qd Qs]
hgpperez: checks 
Dorex2007: checks 
kallpop: checks 
*** TURN *** [8h Qd Qs] [6d]
hgpperez: checks 
Dorex2007: checks 
kallpop: checks 
*** RIVER *** [8h Qd Qs 6d] [9s]
hgpperez: checks 
Dorex2007: bets $0.06
kallpop: calls $0.06
hgpperez: folds 
*** SHOW DOWN ***
Dorex2007: shows [5s Jc] (a pair of Queens)
kallpop: shows [Ah 9h] (two pair, Queens and Nines)
kallpop collected $0.17 from pot
*** SUMMARY ***
Total pot $0.18 | Rake $0.01 
Board [8h Qd Qs 6d 9s]
Seat 1: SugarBenek folded before Flop (didn't bet)
Seat 2: coba9029 folded before Flop (didn't bet)
Seat 3: kallpop showed [Ah 9h] and won ($0.17) with two pair, Queens and Nines
Seat 4: CherT678 (button) folded before Flop (didn't bet)
Seat 5: hgpperez (small blind) folded on the River
Seat 6: Dorex2007 (big blind) showed [5s Jc] and lost with a pair of Queens
Seat 7: harbaka folded before Flop (didn't bet)
Seat 8: amigo1404 folded before Flop (didn't bet)



PokerStars Hand #234104514520:  Hold'em No Limit ($0.01/$0.02 USD) - 2022/02/15 15:34:53 PT [2022/02/15 18:34:53 ET]
Table 'Brita V' 9-max Seat #5 is the button
Seat 1: SugarBenek ($5.57 in chips) 
Seat 2: coba9029 ($2.10 in chips) 
Seat 3: kallpop ($1.79 in chips) 
Seat 4: CherT678 ($2 in chips) 
Seat 5: hgpperez ($2.13 in chips) 
Seat 6: Dorex2007 ($2.85 in chips) 
Seat 7: harbaka ($0.84 in chips) 
Seat 8: amigo1404 ($2.53 in chips) 
Dorex2007: posts small blind $0.01
harbaka: posts big blind $0.02
*** HOLE CARDS ***
Dealt to Dorex2007 [7d Th]
amigo1404: folds 
SugarBenek: folds 
coba9029: folds 
kallpop: folds 
CherT678: folds 
hgpperez: folds 
Dorex2007: folds 
Uncalled bet ($0.01) returned to harbaka
harbaka collected $0.02 from pot
harbaka: doesn't show hand 
*** SUMMARY ***
Total pot $0.02 | Rake $0 
Seat 1: SugarBenek folded before Flop (didn't bet)
Seat 2: coba9029 folded before Flop (didn't bet)
Seat 3: kallpop folded before Flop (didn't bet)
Seat 4: CherT678 folded before Flop (didn't bet)
Seat 5: hgpperez (button) folded before Flop (didn't bet)
Seat 6: Dorex2007 (small blind) folded before Flop
Seat 7: harbaka (big blind) collected ($0.02)
Seat 8: amigo1404 folded before Flop (didn't bet)



PokerStars Hand #234104521691:  Hold'em No Limit ($0.01/$0.02 USD) - 2022/02/15 15:35:11 PT [2022/02/15 18:35:11 ET]
Table 'Brita V' 9-max Seat #6 is the button
Seat 1: SugarBenek ($5.57 in chips) 
Seat 2: coba9029 ($2.10 in chips) 
Seat 3: kallpop ($1.79 in chips) 
Seat 4: CherT678 ($2 in chips) 
Seat 5: hgpperez ($2.13 in chips) 
Seat 6: Dorex2007 ($2.84 in chips) 
Seat 7: harbaka ($0.85 in chips) 
Seat 8: amigo1404 ($2.53 in chips) 
TP-Star100 is disconnected 
harbaka: posts small blind $0.01
amigo1404: posts big blind $0.02
*** HOLE CARDS ***
Dealt to Dorex2007 [6c Kh]
SugarBenek: folds 
coba9029: folds 
kallpop: calls $0.02
CherT678: folds 
hgpperez: folds 
Dorex2007: folds 
harbaka: calls $0.01
amigo1404: checks 
*** FLOP *** [Kd As 9h]
harbaka: checks 
amigo1404: checks 
kallpop: bets $0.03
harbaka: folds 
amigo1404: folds 
Uncalled bet ($0.03) returned to kallpop
kallpop collected $0.06 from pot
kallpop: doesn't show hand 
*** SUMMARY ***
Total pot $0.06 | Rake $0 
Board [Kd As 9h]
Seat 1: SugarBenek folded before Flop (didn't bet)
Seat 2: coba9029 folded before Flop (didn't bet)
Seat 3: kallpop collected ($0.06)
Seat 4: CherT678 folded before Flop (didn't bet)
Seat 5: hgpperez folded before Flop (didn't bet)
Seat 6: Dorex2007 (button) folded before Flop (didn't bet)
Seat 7: harbaka (small blind) folded on the Flop
Seat 8: amigo1404 (big blind) folded on the Flop



PokerStars Hand #234104550763:  Hold'em No Limit ($0.01/$0.02 USD) - 2022/02/15 15:36:24 PT [2022/02/15 18:36:24 ET]
Table 'Brita V' 9-max Seat #7 is the button
Seat 1: SugarBenek ($5.57 in chips) 
Seat 2: coba9029 ($2.10 in chips) 
Seat 3: kallpop ($1.83 in chips) 
Seat 4: CherT678 ($2 in chips) 
Seat 5: hgpperez ($2.13 in chips) 
Seat 6: Dorex2007 ($2.84 in chips) 
Seat 7: harbaka ($0.83 in chips) 
Seat 8: amigo1404 ($2.51 in chips) 
amigo1404: posts small blind $0.01
SugarBenek: posts big blind $0.02
*** HOLE CARDS ***
Dealt to Dorex2007 [Kc 4c]
coba9029: folds 
kallpop: folds 
CherT678: raises $0.03 to $0.05
hgpperez: calls $0.05
Dorex2007: folds 
harbaka: folds 
amigo1404: folds 
SugarBenek: calls $0.03
*** FLOP *** [6d 9s Jh]
SugarBenek: checks 
CherT678: checks 
hgpperez: bets $0.09
SugarBenek: folds 
CherT678: folds 
Uncalled bet ($0.09) returned to hgpperez
hgpperez collected $0.15 from pot
hgpperez: doesn't show hand 
*** SUMMARY ***
Total pot $0.16 | Rake $0.01 
Board [6d 9s Jh]
Seat 1: SugarBenek (big blind) folded on the Flop
Seat 2: coba9029 folded before Flop (didn't bet)
Seat 3: kallpop folded before Flop (didn't bet)
Seat 4: CherT678 folded on the Flop
Seat 5: hgpperez collected ($0.15)
Seat 6: Dorex2007 folded before Flop (didn't bet)
Seat 7: harbaka (button) folded before Flop (didn't bet)
Seat 8: amigo1404 (small blind) folded before Flop



PokerStars Hand #234104570334:  Hold'em No Limit ($0.01/$0.02 USD) - 2022/02/15 15:37:14 PT [2022/02/15 18:37:14 ET]
Table 'Brita V' 9-max Seat #8 is the button
Seat 1: SugarBenek ($5.52 in chips) 
Seat 2: coba9029 ($2.10 in chips) 
Seat 3: kallpop ($1.83 in chips) 
Seat 4: CherT678 ($2 in chips) 
Seat 5: hgpperez ($2.23 in chips) 
Seat 6: Dorex2007 ($2.84 in chips) 
Seat 7: harbaka ($0.83 in chips) 
Seat 8: amigo1404 ($2.50 in chips) 
SugarBenek: posts small blind $0.01
coba9029: posts big blind $0.02
*** HOLE CARDS ***
Dealt to Dorex2007 [2c 7c]
kallpop: folds 
CherT678: raises $0.03 to $0.05
hgpperez: folds 
Dorex2007: folds 
harbaka: folds 
amigo1404: folds 
SugarBenek: folds 
coba9029: folds 
Uncalled bet ($0.03) returned to CherT678
CherT678 collected $0.05 from pot
*** SUMMARY ***
Total pot $0.05 | Rake $0 
Seat 1: SugarBenek (small blind) folded before Flop
Seat 2: coba9029 (big blind) folded before Flop
Seat 3: kallpop folded before Flop (didn't bet)
Seat 4: CherT678 collected ($0.05)
Seat 5: hgpperez folded before Flop (didn't bet)
Seat 6: Dorex2007 folded before Flop (didn't bet)
Seat 7: harbaka folded before Flop (didn't bet)
Seat 8: amigo1404 (button) folded before Flop (didn't bet)



PokerStars Hand #234104586878:  Hold'em No Limit ($0.01/$0.02 USD) - 2022/02/15 15:37:33 PT [2022/02/15 18:37:33 ET]
Table 'Brita V' 9-max Seat #1 is the button
Seat 1: SugarBenek ($5.51 in chips) 
Seat 2: coba9029 ($2.08 in chips) 
Seat 3: kallpop ($1.83 in chips) 
Seat 4: CherT678 ($2.03 in chips) 
Seat 5: hgpperez ($2.23 in chips) 
Seat 6: Dorex2007 ($2.84 in chips) 
Seat 7: harbaka ($0.83 in chips) 
Seat 8: amigo1404 ($2.50 in chips) 
coba9029: posts small blind $0.01
kallpop: posts big blind $0.02
*** HOLE CARDS ***
Dealt to Dorex2007 [Kd Qh]
CherT678: folds 
hgpperez: calls $0.02
Dorex2007: folds 
harbaka: folds 
amigo1404: folds 
SugarBenek: folds 
coba9029: folds 
kallpop: checks 
*** FLOP *** [9c 4h 3s]
kallpop: checks 
hgpperez: checks 
*** TURN *** [9c 4h 3s] [6d]
kallpop: bets $0.02
hgpperez: folds 
Uncalled bet ($0.02) returned to kallpop
kallpop collected $0.05 from pot
kallpop: doesn't show hand 
*** SUMMARY ***
Total pot $0.05 | Rake $0 
Board [9c 4h 3s 6d]
Seat 1: SugarBenek (button) folded before Flop (didn't bet)
Seat 2: coba9029 (small blind) folded before Flop
Seat 3: kallpop (big blind) collected ($0.05)
Seat 4: CherT678 folded before Flop (didn't bet)
Seat 5: hgpperez folded on the Turn
Seat 6: Dorex2007 folded before Flop (didn't bet)
Seat 7: harbaka folded before Flop (didn't bet)
Seat 8: amigo1404 folded before Flop (didn't bet)



PokerStars Hand #234104601807:  Hold'em No Limit ($0.01/$0.02 USD) - 2022/02/15 15:38:11 PT [2022/02/15 18:38:11 ET]
Table 'Brita V' 9-max Seat #2 is the button
Seat 1: SugarBenek ($5.51 in chips) 
Seat 2: coba9029 ($2.07 in chips) 
Seat 3: kallpop ($1.86 in chips) 
Seat 4: CherT678 ($2.03 in chips) 
Seat 5: hgpperez ($2.21 in chips) 
Seat 6: Dorex2007 ($2.84 in chips) 
Seat 7: harbaka ($0.83 in chips) 
Seat 8: amigo1404 ($2.50 in chips) 
kallpop: posts small blind $0.01
CherT678: posts big blind $0.02
*** HOLE CARDS ***
Dealt to Dorex2007 [Jh Jd]
hgpperez: folds 
Dorex2007: raises $0.04 to $0.06
harbaka: folds 
amigo1404: folds 
SugarBenek: folds 
coba9029: folds 
kallpop: calls $0.05
CherT678: folds 
*** FLOP *** [3c 3d Kc]
kallpop: checks 
Dorex2007: bets $0.09
kallpop: folds 
Uncalled bet ($0.09) returned to Dorex2007
Dorex2007 collected $0.14 from pot
Dorex2007: doesn't show hand 
*** SUMMARY ***
Total pot $0.14 | Rake $0 
Board [3c 3d Kc]
Seat 1: SugarBenek folded before Flop (didn't bet)
Seat 2: coba9029 (button) folded before Flop (didn't bet)
Seat 3: kallpop (small blind) folded on the Flop
Seat 4: CherT678 (big blind) folded before Flop
Seat 5: hgpperez folded before Flop (didn't bet)
Seat 6: Dorex2007 collected ($0.14)
Seat 7: harbaka folded before Flop (didn't bet)
Seat 8: amigo1404 folded before Flop (didn't bet)



PokerStars Hand #234104613429:  Hold'em No Limit ($0.01/$0.02 USD) - 2022/02/15 15:38:40 PT [2022/02/15 18:38:40 ET]
Table 'Brita V' 9-max Seat #3 is the button
Seat 1: SugarBenek ($5.51 in chips) 
Seat 2: coba9029 ($2.07 in chips) 
Seat 3: kallpop ($1.80 in chips) 
Seat 4: CherT678 ($2.01 in chips) 
Seat 5: hgpperez ($2.21 in chips) 
Seat 6: Dorex2007 ($2.92 in chips) 
Seat 7: harbaka ($0.83 in chips) 
Seat 8: amigo1404 ($2.50 in chips) 
CherT678: posts small blind $0.01
hgpperez: posts big blind $0.02
*** HOLE CARDS ***
Dealt to Dorex2007 [Ah 7d]
Dorex2007: folds 
harbaka: folds 
amigo1404 has timed out
amigo1404: folds 
SugarBenek: raises $0.02 to $0.04
coba9029: folds 
kallpop: calls $0.04
CherT678: folds 
hgpperez: calls $0.02
*** FLOP *** [Js Kc 7h]
hgpperez: checks 
SugarBenek: checks 
kallpop: checks 
*** TURN *** [Js Kc 7h] [7s]
hgpperez: checks 
SugarBenek: checks 
kallpop: checks 
*** RIVER *** [Js Kc 7h 7s] [7c]
hgpperez: checks 
SugarBenek: checks 
kallpop: checks 
*** SHOW DOWN ***
hgpperez: shows [4d Ad] (three of a kind, Sevens)
SugarBenek: shows [9c As] (three of a kind, Sevens)
kallpop: mucks hand 
hgpperez collected $0.07 from pot
SugarBenek collected $0.06 from pot
*** SUMMARY ***
Total pot $0.13 | Rake $0 
Board [Js Kc 7h 7s 7c]
Seat 1: SugarBenek showed [9c As] and won ($0.06) with three of a kind, Sevens
Seat 2: coba9029 folded before Flop (didn't bet)
Seat 3: kallpop (button) mucked [Th Qh]
Seat 4: CherT678 (small blind) folded before Flop
Seat 5: hgpperez (big blind) showed [4d Ad] and won ($0.07) with three of a kind, Sevens
Seat 6: Dorex2007 folded before Flop (didn't bet)
Seat 7: harbaka folded before Flop (didn't bet)
Seat 8: amigo1404 folded before Flop (didn't bet)



PokerStars Hand #234104638734:  Hold'em No Limit ($0.01/$0.02 USD) - 2022/02/15 15:39:44 PT [2022/02/15 18:39:44 ET]
Table 'Brita V' 9-max Seat #4 is the button
Seat 1: SugarBenek ($5.53 in chips) 
Seat 2: coba9029 ($2.07 in chips) 
Seat 3: kallpop ($1.76 in chips) 
Seat 4: CherT678 ($2 in chips) 
Seat 5: hgpperez ($2.24 in chips) 
Seat 6: Dorex2007 ($2.92 in chips) 
Seat 7: harbaka ($0.83 in chips) 
Seat 8: amigo1404 ($2.50 in chips) 
hgpperez: posts small blind $0.01
Dorex2007: posts big blind $0.02
*** HOLE CARDS ***
Dealt to Dorex2007 [4s 2h]
harbaka: folds 
amigo1404: folds 
SugarBenek: raises $0.06 to $0.08
coba9029: folds 
kallpop: calls $0.08
CherT678: folds 
hgpperez: calls $0.07
Dorex2007: folds 
*** FLOP *** [7d 8s Kc]
TP-Star100 is disconnected 
hgpperez: checks 
SugarBenek: checks 
kallpop: checks 
*** TURN *** [7d 8s Kc] [Qd]
hgpperez: checks 
SugarBenek: checks 
kallpop: checks 
*** RIVER *** [7d 8s Kc Qd] [6c]
hgpperez: bets $0.09
SugarBenek: folds 
kallpop: folds 
Uncalled bet ($0.09) returned to hgpperez
hgpperez collected $0.25 from pot
hgpperez: doesn't show hand 
*** SUMMARY ***
Total pot $0.26 | Rake $0.01 
Board [7d 8s Kc Qd 6c]
Seat 1: SugarBenek folded on the River
Seat 2: coba9029 folded before Flop (didn't bet)
Seat 3: kallpop folded on the River
Seat 4: CherT678 (button) folded before Flop (didn't bet)
Seat 5: hgpperez (small blind) collected ($0.25)
Seat 6: Dorex2007 (big blind) folded before Flop
Seat 7: harbaka folded before Flop (didn't bet)
Seat 8: amigo1404 folded before Flop (didn't bet)



PokerStars Hand #234104668976:  Hold'em No Limit ($0.01/$0.02 USD) - 2022/02/15 15:41:01 PT [2022/02/15 18:41:01 ET]
Table 'Brita V' 9-max Seat #5 is the button
Seat 1: SugarBenek ($5.45 in chips) 
Seat 2: coba9029 ($2.07 in chips) 
Seat 3: kallpop ($1.68 in chips) 
Seat 4: CherT678 ($2 in chips) 
Seat 5: hgpperez ($2.41 in chips) 
Seat 6: Dorex2007 ($2.90 in chips) 
Seat 7: harbaka ($0.83 in chips) 
Seat 8: amigo1404 ($2.50 in chips) 
Dorex2007: posts small blind $0.01
harbaka: posts big blind $0.02
*** HOLE CARDS ***
Dealt to Dorex2007 [2d 9h]
amigo1404: folds 
SugarBenek: raises $0.04 to $0.06
coba9029: calls $0.06
kallpop: folds 
CherT678: folds 
hgpperez: calls $0.06
Dorex2007: folds 
harbaka: folds 
*** FLOP *** [Qs 2c Th]
SugarBenek: checks 
coba9029: checks 
hgpperez: checks 
*** TURN *** [Qs 2c Th] [3d]
SugarBenek: checks 
coba9029: checks 
hgpperez: checks 
*** RIVER *** [Qs 2c Th 3d] [7h]
SugarBenek: checks 
coba9029: bets $0.10
hgpperez: calls $0.10
SugarBenek: folds 
*** SHOW DOWN ***
coba9029: shows [4s 4c] (a pair of Fours)
hgpperez: shows [8d 7s] (a pair of Sevens)
hgpperez collected $0.40 from pot
*** SUMMARY ***
Total pot $0.41 | Rake $0.01 
Board [Qs 2c Th 3d 7h]
Seat 1: SugarBenek folded on the River
Seat 2: coba9029 showed [4s 4c] and lost with a pair of Fours
Seat 3: kallpop folded before Flop (didn't bet)
Seat 4: CherT678 folded before Flop (didn't bet)
Seat 5: hgpperez (button) showed [8d 7s] and won ($0.40) with a pair of Sevens
Seat 6: Dorex2007 (small blind) folded before Flop
Seat 7: harbaka (big blind) folded before Flop
Seat 8: amigo1404 folded before Flop (didn't bet)



PokerStars Hand #234104691835:  Hold'em No Limit ($0.01/$0.02 USD) - 2022/02/15 15:41:59 PT [2022/02/15 18:41:59 ET]
Table 'Brita V' 9-max Seat #6 is the button
Seat 1: SugarBenek ($5.39 in chips) 
Seat 2: coba9029 ($1.91 in chips) 
Seat 3: kallpop ($1.68 in chips) 
Seat 4: CherT678 ($2 in chips) 
Seat 5: hgpperez ($2.65 in chips) 
Seat 6: Dorex2007 ($2.89 in chips) 
Seat 7: harbaka ($0.81 in chips) 
Seat 8: amigo1404 ($2.50 in chips) 
harbaka: posts small blind $0.01
amigo1404: posts big blind $0.02
*** HOLE CARDS ***
Dealt to Dorex2007 [Ad 8h]
SugarBenek: raises $0.04 to $0.06
coba9029: folds 
kallpop: folds 
CherT678: folds 
hgpperez: folds 
Dorex2007: folds 
harbaka: folds 
amigo1404: folds 
Uncalled bet ($0.04) returned to SugarBenek
SugarBenek collected $0.05 from pot
SugarBenek: doesn't show hand 
*** SUMMARY ***
Total pot $0.05 | Rake $0 
Seat 1: SugarBenek collected ($0.05)
Seat 2: coba9029 folded before Flop (didn't bet)
Seat 3: kallpop folded before Flop (didn't bet)
Seat 4: CherT678 folded before Flop (didn't bet)
Seat 5: hgpperez folded before Flop (didn't bet)
Seat 6: Dorex2007 (button) folded before Flop (didn't bet)
Seat 7: harbaka (small blind) folded before Flop
Seat 8: amigo1404 (big blind) folded before Flop



PokerStars Hand #234104700662:  Hold'em No Limit ($0.01/$0.02 USD) - 2022/02/15 15:42:22 PT [2022/02/15 18:42:22 ET]
Table 'Brita V' 9-max Seat #7 is the button
Seat 1: SugarBenek ($5.42 in chips) 
Seat 2: coba9029 ($1.91 in chips) 
Seat 3: kallpop ($1.68 in chips) 
Seat 4: CherT678 ($2 in chips) 
Seat 5: hgpperez ($2.65 in chips) 
Seat 6: Dorex2007 ($2.89 in chips) 
Seat 7: harbaka ($0.80 in chips) 
Seat 8: amigo1404 ($2.48 in chips) 
amigo1404: posts small blind $0.01
SugarBenek: posts big blind $0.02
*** HOLE CARDS ***
Dealt to Dorex2007 [9s 4d]
coba9029: folds 
kallpop: folds 
CherT678: folds 
hgpperez: folds 
Dorex2007: folds 
harbaka: folds 
amigo1404: calls $0.01
SugarBenek: checks 
*** FLOP *** [8d 3s 7c]
amigo1404: bets $0.02
SugarBenek: folds 
Uncalled bet ($0.02) returned to amigo1404
amigo1404 collected $0.04 from pot
amigo1404: doesn't show hand 
*** SUMMARY ***
Total pot $0.04 | Rake $0 
Board [8d 3s 7c]
Seat 1: SugarBenek (big blind) folded on the Flop
Seat 2: coba9029 folded before Flop (didn't bet)
Seat 3: kallpop folded before Flop (didn't bet)
Seat 4: CherT678 folded before Flop (didn't bet)
Seat 5: hgpperez folded before Flop (didn't bet)
Seat 6: Dorex2007 folded before Flop (didn't bet)
Seat 7: harbaka (button) folded before Flop (didn't bet)
Seat 8: amigo1404 (small blind) collected ($0.04)



PokerStars Hand #234104724793:  Hold'em No Limit ($0.01/$0.02 USD) - 2022/02/15 15:43:02 PT [2022/02/15 18:43:02 ET]
Table 'Brita V' 9-max Seat #8 is the button
Seat 1: SugarBenek ($5.40 in chips) 
Seat 2: coba9029 ($1.91 in chips) 
Seat 3: kallpop ($1.68 in chips) 
Seat 4: CherT678 ($2 in chips) 
Seat 5: hgpperez ($2.65 in chips) 
Seat 6: Dorex2007 ($2.89 in chips) 
Seat 7: harbaka ($0.80 in chips) 
Seat 8: amigo1404 ($2.50 in chips) 
SugarBenek: posts small blind $0.01
coba9029: posts big blind $0.02
*** HOLE CARDS ***
Dealt to Dorex2007 [7h Ah]
kallpop: folds 
CherT678: raises $0.03 to $0.05
hgpperez: folds 
Dorex2007: folds 
harbaka: folds 
amigo1404: folds 
SugarBenek: folds 
coba9029: calls $0.03
*** FLOP *** [8c 7d Jh]
coba9029: checks 
CherT678: checks 
*** TURN *** [8c 7d Jh] [Jd]
coba9029: checks 
CherT678: bets $0.07
coba9029: folds 
Uncalled bet ($0.07) returned to CherT678
CherT678 collected $0.11 from pot
*** SUMMARY ***
Total pot $0.11 | Rake $0 
Board [8c 7d Jh Jd]
Seat 1: SugarBenek (small blind) folded before Flop
Seat 2: coba9029 (big blind) folded on the Turn
Seat 3: kallpop folded before Flop (didn't bet)
Seat 4: CherT678 collected ($0.11)
Seat 5: hgpperez folded before Flop (didn't bet)
Seat 6: Dorex2007 folded before Flop (didn't bet)
Seat 7: harbaka folded before Flop (didn't bet)
Seat 8: amigo1404 (button) folded before Flop (didn't bet)



PokerStars Hand #234104738312:  Hold'em No Limit ($0.01/$0.02 USD) - 2022/02/15 15:43:36 PT [2022/02/15 18:43:36 ET]
Table 'Brita V' 9-max Seat #1 is the button
Seat 1: SugarBenek ($5.39 in chips) 
Seat 2: coba9029 ($1.86 in chips) 
Seat 3: kallpop ($1.68 in chips) 
Seat 4: CherT678 ($2.06 in chips) 
Seat 5: hgpperez ($2.65 in chips) 
Seat 6: Dorex2007 ($2.89 in chips) 
Seat 7: harbaka ($0.80 in chips) 
Seat 8: amigo1404 ($2.50 in chips) 
coba9029: posts small blind $0.01
kallpop: posts big blind $0.02
*** HOLE CARDS ***
Dealt to Dorex2007 [Qc 8h]
CherT678: folds 
hgpperez: folds 
Dorex2007: folds 
harbaka: folds 
amigo1404: folds 
SugarBenek: raises $0.04 to $0.06
coba9029: folds 
kallpop: calls $0.04
*** FLOP *** [3h 3c 9d]
kallpop: checks 
SugarBenek: checks 
*** TURN *** [3h 3c 9d] [4s]
kallpop: checks 
SugarBenek: checks 
*** RIVER *** [3h 3c 9d 4s] [6h]
kallpop: bets $0.06
SugarBenek: folds 
Uncalled bet ($0.06) returned to kallpop
kallpop collected $0.13 from pot
kallpop: doesn't show hand 
*** SUMMARY ***
Total pot $0.13 | Rake $0 
Board [3h 3c 9d 4s 6h]
Seat 1: SugarBenek (button) folded on the River
Seat 2: coba9029 (small blind) folded before Flop
Seat 3: kallpop (big blind) collected ($0.13)
Seat 4: CherT678 folded before Flop (didn't bet)
Seat 5: hgpperez folded before Flop (didn't bet)
Seat 6: Dorex2007 folded before Flop (didn't bet)
Seat 7: harbaka folded before Flop (didn't bet)
Seat 8: amigo1404 folded before Flop (didn't bet)



PokerStars Hand #234104761976:  Hold'em No Limit ($0.01/$0.02 USD) - 2022/02/15 15:44:37 PT [2022/02/15 18:44:37 ET]
Table 'Brita V' 9-max Seat #2 is the button
Seat 1: SugarBenek ($5.33 in chips) 
Seat 2: coba9029 ($1.85 in chips) 
Seat 3: kallpop ($1.75 in chips) 
Seat 4: CherT678 ($2.06 in chips) 
Seat 5: hgpperez ($2.65 in chips) 
Seat 6: Dorex2007 ($2.89 in chips) 
Seat 7: harbaka ($0.80 in chips) 
Seat 8: amigo1404 ($2.50 in chips) 
kallpop: posts small blind $0.01
CherT678: posts big blind $0.02
*** HOLE CARDS ***
Dealt to Dorex2007 [2h Kh]
hgpperez: folds 
Dorex2007: folds 
harbaka: folds 
amigo1404: raises $0.04 to $0.06
SugarBenek: calls $0.06
coba9029: calls $0.06
kallpop: raises $0.20 to $0.26
CherT678: folds 
amigo1404: folds 
SugarBenek: folds 
coba9029: calls $0.20
*** FLOP *** [8c 4h 3c]
kallpop: bets $0.64
coba9029: raises $0.95 to $1.59 and is all-in
kallpop: calls $0.85 and is all-in
Uncalled bet ($0.10) returned to coba9029
*** TURN *** [8c 4h 3c] [5s]
*** RIVER *** [8c 4h 3c 5s] [9s]
*** SHOW DOWN ***
kallpop: shows [Qc Qh] (a pair of Queens)
coba9029: shows [Td 8d] (a pair of Eights)
kallpop cashed out the hand for $2.87 | Cash Out Fee $0.03
*** SUMMARY ***
Total pot $3.64 | Rake $0.13 
Board [8c 4h 3c 5s 9s]
Seat 1: SugarBenek folded before Flop
Seat 2: coba9029 (button) showed [Td 8d] and lost with a pair of Eights
Seat 3: kallpop (small blind) showed [Qc Qh] and won ($3.51) with a pair of Queens (pot not awarded as player cashed out)
Seat 4: CherT678 (big blind) folded before Flop
Seat 5: hgpperez folded before Flop (didn't bet)
Seat 6: Dorex2007 folded before Flop (didn't bet)
Seat 7: harbaka folded before Flop (didn't bet)
Seat 8: amigo1404 folded before Flop



PokerStars Hand #234104787204:  Hold'em No Limit ($0.01/$0.02 USD) - 2022/02/15 15:45:42 PT [2022/02/15 18:45:42 ET]
Table 'Brita V' 9-max Seat #3 is the button
Seat 1: SugarBenek ($5.27 in chips) 
Seat 3: kallpop ($2.87 in chips) 
Seat 4: CherT678 ($2.04 in chips) 
Seat 5: hgpperez ($2.65 in chips) 
Seat 6: Dorex2007 ($2.89 in chips) 
Seat 7: harbaka ($0.80 in chips) 
Seat 8: amigo1404 ($2.44 in chips) 
CherT678: posts small blind $0.01
hgpperez: posts big blind $0.02
*** HOLE CARDS ***
Dealt to Dorex2007 [Ah 5c]
coba9029 leaves the table
Dorex2007: folds 
harbaka: folds 
amigo1404: folds 
SugarBenek: folds 
kallpop: raises $0.05 to $0.07
CherT678: folds 
hgpperez: folds 
Uncalled bet ($0.05) returned to kallpop
kallpop collected $0.05 from pot
kallpop: doesn't show hand 
*** SUMMARY ***
Total pot $0.05 | Rake $0 
Seat 1: SugarBenek folded before Flop (didn't bet)
Seat 3: kallpop (button) collected ($0.05)
Seat 4: CherT678 (small blind) folded before Flop
Seat 5: hgpperez (big blind) folded before Flop
Seat 6: Dorex2007 folded before Flop (didn't bet)
Seat 7: harbaka folded before Flop (didn't bet)
Seat 8: amigo1404 folded before Flop (didn't bet)



PokerStars Hand #234104794763:  Hold'em No Limit ($0.01/$0.02 USD) - 2022/02/15 15:46:02 PT [2022/02/15 18:46:02 ET]
Table 'Brita V' 9-max Seat #4 is the button
Seat 1: SugarBenek ($5.27 in chips) 
Seat 3: kallpop ($2.90 in chips) 
Seat 4: CherT678 ($2.03 in chips) 
Seat 5: hgpperez ($2.63 in chips) 
Seat 6: Dorex2007 ($2.89 in chips) 
Seat 7: harbaka ($0.80 in chips) 
Seat 8: amigo1404 ($2.44 in chips) 
hgpperez: posts small blind $0.01
Dorex2007: posts big blind $0.02
*** HOLE CARDS ***
Dealt to Dorex2007 [8c 8h]
harbaka: folds 
amigo1404: raises $0.04 to $0.06
SugarBenek: calls $0.06
kallpop: folds 
CherT678: folds 
hgpperez: folds 
Dorex2007: calls $0.04
*** FLOP *** [2h 8d Qs]
Dorex2007: checks 
amigo1404: checks 
SugarBenek: bets $0.06
Dorex2007: calls $0.06
amigo1404: calls $0.06
*** TURN *** [2h 8d Qs] [2s]
Dorex2007: bets $0.18
amigo1404: calls $0.18
SugarBenek: calls $0.18
*** RIVER *** [2h 8d Qs 2s] [4c]
Dorex2007: bets $0.59
amigo1404: folds 
SugarBenek: calls $0.59
*** SHOW DOWN ***
Dorex2007: shows [8c 8h] (a full house, Eights full of Deuces)
SugarBenek: mucks hand 
Dorex2007 collected $2.02 from pot
*** SUMMARY ***
Total pot $2.09 | Rake $0.07 
Board [2h 8d Qs 2s 4c]
Seat 1: SugarBenek mucked [Qh Kh]
Seat 3: kallpop folded before Flop (didn't bet)
Seat 4: CherT678 (button) folded before Flop (didn't bet)
Seat 5: hgpperez (small blind) folded before Flop
Seat 6: Dorex2007 (big blind) showed [8c 8h] and won ($2.02) with a full house, Eights full of Deuces
Seat 7: harbaka folded before Flop (didn't bet)
Seat 8: amigo1404 folded on the River



PokerStars Hand #234104831177:  Hold'em No Limit ($0.01/$0.02 USD) - 2022/02/15 15:47:37 PT [2022/02/15 18:47:37 ET]
Table 'Brita V' 9-max Seat #5 is the button
Seat 1: SugarBenek ($4.38 in chips) 
Seat 3: kallpop ($2.90 in chips) 
Seat 4: CherT678 ($2.03 in chips) 
Seat 5: hgpperez ($2.62 in chips) 
Seat 6: Dorex2007 ($4.02 in chips) 
Seat 7: harbaka ($0.80 in chips) 
Seat 8: amigo1404 ($2.14 in chips) 
Dorex2007: posts small blind $0.01
harbaka: posts big blind $0.02
*** HOLE CARDS ***
Dealt to Dorex2007 [Th 4s]
amigo1404: folds 
SugarBenek: raises $0.02 to $0.04
kallpop: folds 
CherT678: folds 
hgpperez: folds 
Dorex2007: folds 
harbaka: folds 
Uncalled bet ($0.02) returned to SugarBenek
SugarBenek collected $0.05 from pot
SugarBenek: doesn't show hand 
*** SUMMARY ***
Total pot $0.05 | Rake $0 
Seat 1: SugarBenek collected ($0.05)
Seat 3: kallpop folded before Flop (didn't bet)
Seat 4: CherT678 folded before Flop (didn't bet)
Seat 5: hgpperez (button) folded before Flop (didn't bet)
Seat 6: Dorex2007 (small blind) folded before Flop
Seat 7: harbaka (big blind) folded before Flop
Seat 8: amigo1404 folded before Flop (didn't bet)



PokerStars Hand #234104843696:  Hold'em No Limit ($0.01/$0.02 USD) - 2022/02/15 15:48:10 PT [2022/02/15 18:48:10 ET]
Table 'Brita V' 9-max Seat #6 is the button
Seat 1: SugarBenek ($4.41 in chips) 
Seat 3: kallpop ($2.90 in chips) 
Seat 5: hgpperez ($2.62 in chips) 
Seat 6: Dorex2007 ($4.01 in chips) 
Seat 7: harbaka ($0.78 in chips) 
Seat 8: amigo1404 ($2.14 in chips) 
harbaka: posts small blind $0.01
amigo1404: posts big blind $0.02
*** HOLE CARDS ***
Dealt to Dorex2007 [6s Jc]
CherT678 leaves the table
SugarBenek: folds 
kallpop: folds 
hgpperez: calls $0.02
Dorex2007: folds 
harbaka: calls $0.01
amigo1404: checks 
*** FLOP *** [6c 8d 9d]
harbaka: checks 
amigo1404: checks 
hgpperez: checks 
*** TURN *** [6c 8d 9d] [3d]
harbaka: checks 
amigo1404: bets $0.05
hgpperez: folds 
harbaka: folds 
Uncalled bet ($0.05) returned to amigo1404
amigo1404 collected $0.06 from pot
*** SUMMARY ***
Total pot $0.06 | Rake $0 
Board [6c 8d 9d 3d]
Seat 1: SugarBenek folded before Flop (didn't bet)
Seat 3: kallpop folded before Flop (didn't bet)
Seat 5: hgpperez folded on the Turn
Seat 6: Dorex2007 (button) folded before Flop (didn't bet)
Seat 7: harbaka (small blind) folded on the Turn
Seat 8: amigo1404 (big blind) collected ($0.06)



PokerStars Hand #234104861303:  Hold'em No Limit ($0.01/$0.02 USD) - 2022/02/15 15:48:56 PT [2022/02/15 18:48:56 ET]
Table 'Brita V' 9-max Seat #7 is the button
Seat 1: SugarBenek ($4.41 in chips) 
Seat 3: kallpop ($2.90 in chips) 
Seat 5: hgpperez ($2.60 in chips) 
Seat 6: Dorex2007 ($4.01 in chips) 
Seat 7: harbaka ($0.76 in chips) 
Seat 8: amigo1404 ($2.18 in chips) 
amigo1404: posts small blind $0.01
SugarBenek: posts big blind $0.02
*** HOLE CARDS ***
Dealt to Dorex2007 [Th 9d]
kallpop: folds 
hgpperez: raises $0.04 to $0.06
Dorex2007: folds 
harbaka: folds 
amigo1404: folds 
SugarBenek: folds 
Uncalled bet ($0.04) returned to hgpperez
hgpperez collected $0.05 from pot
TP-Star100 leaves the table
hgpperez: doesn't show hand 
*** SUMMARY ***
Total pot $0.05 | Rake $0 
Seat 1: SugarBenek (big blind) folded before Flop
Seat 3: kallpop folded before Flop (didn't bet)
Seat 5: hgpperez collected ($0.05)
Seat 6: Dorex2007 folded before Flop (didn't bet)
Seat 7: harbaka (button) folded before Flop (didn't bet)
Seat 8: amigo1404 (small blind) folded before Flop



PokerStars Hand #234104868545:  Hold'em No Limit ($0.01/$0.02 USD) - 2022/02/15 15:49:15 PT [2022/02/15 18:49:15 ET]
Table 'Brita V' 9-max Seat #8 is the button
Seat 1: SugarBenek ($4.39 in chips) 
Seat 3: kallpop ($2.90 in chips) 
Seat 5: hgpperez ($2.63 in chips) 
Seat 6: Dorex2007 ($4.01 in chips) 
Seat 7: harbaka ($0.76 in chips) 
Seat 8: amigo1404 ($2.17 in chips) 
SugarBenek: posts small blind $0.01
kallpop: posts big blind $0.02
*** HOLE CARDS ***
Dealt to Dorex2007 [9c 8c]
hgpperez: folds 
Dorex2007: folds 
harbaka: folds 
amigo1404: raises $0.04 to $0.06
SugarBenek: calls $0.05
kallpop: calls $0.04
*** FLOP *** [2h 2s 7h]
SugarBenek: checks 
kallpop: checks 
amigo1404: bets $0.10
SugarBenek: folds 
kallpop: folds 
Uncalled bet ($0.10) returned to amigo1404
amigo1404 collected $0.17 from pot
amigo1404: doesn't show hand 
*** SUMMARY ***
Total pot $0.18 | Rake $0.01 
Board [2h 2s 7h]
Seat 1: SugarBenek (small blind) folded on the Flop
Seat 3: kallpop (big blind) folded on the Flop
Seat 5: hgpperez folded before Flop (didn't bet)
Seat 6: Dorex2007 folded before Flop (didn't bet)
Seat 7: harbaka folded before Flop (didn't bet)
Seat 8: amigo1404 (button) collected ($0.17)



PokerStars Hand #234104887584:  Hold'em No Limit ($0.01/$0.02 USD) - 2022/02/15 15:50:05 PT [2022/02/15 18:50:05 ET]
Table 'Brita V' 9-max Seat #1 is the button
Seat 1: SugarBenek ($4.33 in chips) 
Seat 3: kallpop ($2.84 in chips) 
Seat 6: Dorex2007 ($4.01 in chips) 
Seat 7: harbaka ($0.76 in chips) 
Seat 8: amigo1404 ($2.28 in chips) 
kallpop: posts small blind $0.01
hgpperez: is sitting out 
Dorex2007: posts big blind $0.02
*** HOLE CARDS ***
Dealt to Dorex2007 [3c Kh]
hgpperez leaves the table
harbaka: folds 
amigo1404: folds 
SugarBenek: raises $0.02 to $0.04
kallpop: folds 
Dorex2007: folds 
Uncalled bet ($0.02) returned to SugarBenek
SugarBenek collected $0.05 from pot
SugarBenek: doesn't show hand 
*** SUMMARY ***
Total pot $0.05 | Rake $0 
Seat 1: SugarBenek (button) collected ($0.05)
Seat 3: kallpop (small blind) folded before Flop
Seat 6: Dorex2007 (big blind) folded before Flop
Seat 7: harbaka folded before Flop (didn't bet)
Seat 8: amigo1404 folded before Flop (didn't bet)



PokerStars Hand #234104896208:  Hold'em No Limit ($0.01/$0.02 USD) - 2022/02/15 15:50:28 PT [2022/02/15 18:50:28 ET]
Table 'Brita V' 9-max Seat #3 is the button
Seat 1: SugarBenek ($4.36 in chips) 
Seat 3: kallpop ($2.83 in chips) 
Seat 6: Dorex2007 ($3.99 in chips) 
Seat 7: harbaka ($0.76 in chips) 
Seat 8: amigo1404 ($2.28 in chips) 
Dorex2007: posts small blind $0.01
harbaka: posts big blind $0.02
*** HOLE CARDS ***
Dealt to Dorex2007 [8h 6s]
amigo1404: folds 
SugarBenek: folds 
kallpop: folds 
Dorex2007: folds 
Uncalled bet ($0.01) returned to harbaka
harbaka collected $0.02 from pot
harbaka: doesn't show hand 
*** SUMMARY ***
Total pot $0.02 | Rake $0 
Seat 1: SugarBenek folded before Flop (didn't bet)
Seat 3: kallpop (button) folded before Flop (didn't bet)
Seat 6: Dorex2007 (small blind) folded before Flop
Seat 7: harbaka (big blind) collected ($0.02)
Seat 8: amigo1404 folded before Flop (didn't bet)



PokerStars Hand #234104905452:  Hold'em No Limit ($0.01/$0.02 USD) - 2022/02/15 15:50:52 PT [2022/02/15 18:50:52 ET]
Table 'Brita V' 9-max Seat #6 is the button
Seat 1: SugarBenek ($4.36 in chips) 
Seat 3: kallpop ($2.83 in chips) 
Seat 6: Dorex2007 ($3.98 in chips) 
Seat 7: harbaka ($0.77 in chips) 
Seat 8: amigo1404 ($2.28 in chips) 
harbaka: posts small blind $0.01
amigo1404: posts big blind $0.02
*** HOLE CARDS ***
Dealt to Dorex2007 [9c Ac]
SugarBenek: folds 
kallpop: raises $0.02 to $0.04
Dorex2007: calls $0.04
harbaka: folds 
amigo1404: folds 
*** FLOP *** [4c 2h 6s]
kallpop: checks 
Dorex2007: checks 
*** TURN *** [4c 2h 6s] [2c]
kallpop: checks 
Dorex2007: bets $0.07
kallpop: folds 
Uncalled bet ($0.07) returned to Dorex2007
Dorex2007 collected $0.11 from pot
Dorex2007: doesn't show hand 
*** SUMMARY ***
Total pot $0.11 | Rake $0 
Board [4c 2h 6s 2c]
Seat 1: SugarBenek folded before Flop (didn't bet)
Seat 3: kallpop folded on the Turn
Seat 6: Dorex2007 (button) collected ($0.11)
Seat 7: harbaka (small blind) folded before Flop
Seat 8: amigo1404 (big blind) folded before Flop



