PokerStars Hand #234487029655:  Hold'em No Limit ($0.01/$0.02 USD) - 2022/03/01 14:15:48 PT [2022/03/01 17:15:48 ET]
Table 'Swings II' 9-max Seat #2 is the button
Seat 1: Chiribasik9944 ($0.98 in chips) 
Seat 2: beddy80 ($1.32 in chips) 
Seat 3: tutanpoker ($2.13 in chips) 
Seat 4: Wizxrd ($2 in chips) 
Seat 5: airdestiny ($2.08 in chips) 
Seat 6: bigdudy666 ($1.38 in chips) 
Seat 8: guiptit ($2.75 in chips) 
Seat 9: Dorex2007 ($2 in chips) 
tutanpoker: posts small blind $0.01
Wizxrd: posts big blind $0.02
Dorex2007: posts big blind $0.02
Chiribasik9944: posts small blind $0.01
*** HOLE CARDS ***
Dealt to Dorex2007 [7s 7c]
airdestiny: folds 
bigdudy666: folds 
guiptit: calls $0.02
Dorex2007: raises $0.04 to $0.06
Chiribasik9944: folds 
beddy80: folds 
tutanpoker: raises $0.14 to $0.20
Wizxrd: folds 
guiptit: folds 
Dorex2007: folds 
Uncalled bet ($0.14) returned to tutanpoker
tutanpoker collected $0.17 from pot
*** SUMMARY ***
Total pot $0.17 | Rake $0 
Seat 1: Chiribasik9944 folded before Flop (didn't bet)
Seat 2: beddy80 (button) folded before Flop (didn't bet)
Seat 3: tutanpoker (small blind) collected ($0.17)
Seat 4: Wizxrd (big blind) folded before Flop
Seat 5: airdestiny folded before Flop (didn't bet)
Seat 6: bigdudy666 folded before Flop (didn't bet)
Seat 8: guiptit folded before Flop
Seat 9: Dorex2007 folded before Flop



PokerStars Hand #234487047392:  Hold'em No Limit ($0.01/$0.02 USD) - 2022/03/01 14:16:28 PT [2022/03/01 17:16:28 ET]
Table 'Swings II' 9-max Seat #3 is the button
Seat 1: Chiribasik9944 ($0.97 in chips) 
Seat 2: beddy80 ($1.32 in chips) 
Seat 3: tutanpoker ($2.24 in chips) 
Seat 4: Wizxrd ($1.98 in chips) 
Seat 5: airdestiny ($2.08 in chips) 
Seat 6: bigdudy666 ($1.38 in chips) 
Seat 8: guiptit ($2.73 in chips) 
Seat 9: Dorex2007 ($2 in chips) 
Wizxrd: posts small blind $0.01
airdestiny: posts big blind $0.02
*** HOLE CARDS ***
Dealt to Dorex2007 [Qd Kd]
bigdudy666: folds 
guiptit: raises $2.71 to $2.73 and is all-in
Dorex2007: folds 
Chiribasik9944: calls $0.97 and is all-in
beddy80: folds 
tutanpoker: folds 
Wizxrd: folds 
airdestiny: folds 
Uncalled bet ($1.76) returned to guiptit
*** FLOP *** [Tc 4s 9d]
valeriafim joins the table at seat #7 
*** TURN *** [Tc 4s 9d] [9h]
*** RIVER *** [Tc 4s 9d 9h] [9c]
*** SHOW DOWN ***
guiptit: shows [Qc Qs] (a full house, Nines full of Queens)
Chiribasik9944: shows [Ad 2h] (three of a kind, Nines)
guiptit collected $1.90 from pot
*** SUMMARY ***
Total pot $1.97 | Rake $0.07 
Board [Tc 4s 9d 9h 9c]
Seat 1: Chiribasik9944 showed [Ad 2h] and lost with three of a kind, Nines
Seat 2: beddy80 folded before Flop (didn't bet)
Seat 3: tutanpoker (button) folded before Flop (didn't bet)
Seat 4: Wizxrd (small blind) folded before Flop
Seat 5: airdestiny (big blind) folded before Flop
Seat 6: bigdudy666 folded before Flop (didn't bet)
Seat 8: guiptit showed [Qc Qs] and won ($1.90) with a full house, Nines full of Queens
Seat 9: Dorex2007 folded before Flop (didn't bet)



PokerStars Hand #234487060941:  Hold'em No Limit ($0.01/$0.02 USD) - 2022/03/01 14:16:57 PT [2022/03/01 17:16:57 ET]
Table 'Swings II' 9-max Seat #4 is the button
Seat 2: beddy80 ($1.32 in chips) 
Seat 3: tutanpoker ($2.24 in chips) 
Seat 4: Wizxrd ($1.97 in chips) 
Seat 5: airdestiny ($2.06 in chips) 
Seat 6: bigdudy666 ($1.38 in chips) 
Seat 8: guiptit ($3.66 in chips) 
Seat 9: Dorex2007 ($2 in chips) 
airdestiny: posts small blind $0.01
bigdudy666: posts big blind $0.02
valeriafim: sits out 
*** HOLE CARDS ***
Dealt to Dorex2007 [2d 5h]
guiptit: folds 
Dorex2007: folds 
beddy80: folds 
Chiribasik9944 leaves the table
tutanpoker: raises $0.06 to $0.08
Wizxrd: folds 
airdestiny: folds 
Sixwaywanning joins the table at seat #1 
bigdudy666: calls $0.06
*** FLOP *** [9s Ad 3s]
bigdudy666: checks 
tutanpoker: bets $0.13
bigdudy666: folds 
Uncalled bet ($0.13) returned to tutanpoker
tutanpoker collected $0.16 from pot
*** SUMMARY ***
Total pot $0.17 | Rake $0.01 
Board [9s Ad 3s]
Seat 2: beddy80 folded before Flop (didn't bet)
Seat 3: tutanpoker collected ($0.16)
Seat 4: Wizxrd (button) folded before Flop (didn't bet)
Seat 5: airdestiny (small blind) folded before Flop
Seat 6: bigdudy666 (big blind) folded on the Flop
Seat 8: guiptit folded before Flop (didn't bet)
Seat 9: Dorex2007 folded before Flop (didn't bet)



PokerStars Hand #234487078028:  Hold'em No Limit ($0.01/$0.02 USD) - 2022/03/01 14:17:35 PT [2022/03/01 17:17:35 ET]
Table 'Swings II' 9-max Seat #5 is the button
Seat 1: Sixwaywanning ($2 in chips) 
Seat 2: beddy80 ($1.32 in chips) 
Seat 3: tutanpoker ($2.32 in chips) 
Seat 4: Wizxrd ($1.97 in chips) 
Seat 5: airdestiny ($2.05 in chips) 
Seat 6: bigdudy666 ($1.30 in chips) 
Seat 7: valeriafim ($1.60 in chips) 
Seat 8: guiptit ($3.66 in chips) 
Seat 9: Dorex2007 ($2 in chips) 
bigdudy666: posts small blind $0.01
valeriafim: posts big blind $0.02
Sixwaywanning: posts big blind $0.02
*** HOLE CARDS ***
Dealt to Dorex2007 [6d Js]
guiptit: folds 
Dorex2007: folds 
Sixwaywanning: checks 
beddy80: folds 
tutanpoker: calls $0.02
Wizxrd: folds 
airdestiny: raises $0.08 to $0.10
bigdudy666: calls $0.09
valeriafim: calls $0.08
Sixwaywanning: folds 
tutanpoker: folds 
*** FLOP *** [2c As 7s]
bigdudy666: checks 
valeriafim: checks 
airdestiny: checks 
*** TURN *** [2c As 7s] [Jd]
bigdudy666: bets $0.02
valeriafim: calls $0.02
airdestiny: calls $0.02
*** RIVER *** [2c As 7s Jd] [9d]
bigdudy666: bets $0.02
valeriafim: calls $0.02
airdestiny: calls $0.02
*** SHOW DOWN ***
bigdudy666: shows [Ts Td] (a pair of Tens)
valeriafim: mucks hand 
airdestiny: mucks hand 
bigdudy666 collected $0.44 from pot
*** SUMMARY ***
Total pot $0.46 | Rake $0.02 
Board [2c As 7s Jd 9d]
Seat 1: Sixwaywanning folded before Flop (didn't bet)
Seat 2: beddy80 folded before Flop (didn't bet)
Seat 3: tutanpoker folded before Flop
Seat 4: Wizxrd folded before Flop (didn't bet)
Seat 5: airdestiny (button) mucked [8d 9h]
Seat 6: bigdudy666 (small blind) showed [Ts Td] and won ($0.44) with a pair of Tens
Seat 7: valeriafim (big blind) mucked [9s Ks]
Seat 8: guiptit folded before Flop (didn't bet)
Seat 9: Dorex2007 folded before Flop (didn't bet)



PokerStars Hand #234487110842:  Hold'em No Limit ($0.01/$0.02 USD) - 2022/03/01 14:18:43 PT [2022/03/01 17:18:43 ET]
Table 'Swings II' 9-max Seat #6 is the button
Seat 1: Sixwaywanning ($1.98 in chips) 
Seat 2: beddy80 ($1.32 in chips) 
Seat 3: tutanpoker ($2.30 in chips) 
Seat 4: Wizxrd ($1.97 in chips) 
Seat 5: airdestiny ($2 in chips) 
Seat 6: bigdudy666 ($1.60 in chips) 
Seat 7: valeriafim ($1.46 in chips) 
Seat 8: guiptit ($3.66 in chips) 
Seat 9: Dorex2007 ($2 in chips) 
valeriafim: posts small blind $0.01
guiptit: posts big blind $0.02
*** HOLE CARDS ***
Dealt to Dorex2007 [Ad Th]
Dorex2007: calls $0.02
Sixwaywanning: calls $0.02
beddy80: folds 
tutanpoker has timed out
tutanpoker: folds 
Wizxrd: folds 
airdestiny: folds 
bigdudy666: folds 
valeriafim: calls $0.01
guiptit: checks 
*** FLOP *** [As 3d Qd]
valeriafim: checks 
guiptit: checks 
Dorex2007: checks 
Sixwaywanning: bets $0.04
valeriafim: calls $0.04
guiptit: folds 
Dorex2007: calls $0.04
*** TURN *** [As 3d Qd] [7h]
valeriafim: checks 
Dorex2007: checks 
Sixwaywanning: bets $0.10
valeriafim: folds 
Dorex2007: calls $0.10
*** RIVER *** [As 3d Qd 7h] [6h]
Dorex2007: checks 
Sixwaywanning: bets $0.20
Dorex2007: calls $0.20
*** SHOW DOWN ***
Sixwaywanning: shows [Ah 8d] (a pair of Aces)
Dorex2007: shows [Ad Th] (a pair of Aces - Queen+Ten kicker)
Dorex2007 collected $0.77 from pot
*** SUMMARY ***
Total pot $0.80 | Rake $0.03 
Board [As 3d Qd 7h 6h]
Seat 1: Sixwaywanning showed [Ah 8d] and lost with a pair of Aces
Seat 2: beddy80 folded before Flop (didn't bet)
Seat 3: tutanpoker folded before Flop (didn't bet)
Seat 4: Wizxrd folded before Flop (didn't bet)
Seat 5: airdestiny folded before Flop (didn't bet)
Seat 6: bigdudy666 (button) folded before Flop (didn't bet)
Seat 7: valeriafim (small blind) folded on the Turn
Seat 8: guiptit (big blind) folded on the Flop
Seat 9: Dorex2007 showed [Ad Th] and won ($0.77) with a pair of Aces



PokerStars Hand #234487150356:  Hold'em No Limit ($0.01/$0.02 USD) - 2022/03/01 14:20:11 PT [2022/03/01 17:20:11 ET]
Table 'Swings II' 9-max Seat #7 is the button
Seat 1: Sixwaywanning ($1.62 in chips) 
Seat 2: beddy80 ($1.32 in chips) 
Seat 3: tutanpoker ($2.30 in chips) 
Seat 4: Wizxrd ($1.97 in chips) 
Seat 5: airdestiny ($2 in chips) 
Seat 6: bigdudy666 ($1.60 in chips) 
Seat 7: valeriafim ($1.40 in chips) 
Seat 8: guiptit ($3.64 in chips) 
Seat 9: Dorex2007 ($2.41 in chips) 
guiptit: posts small blind $0.01
Dorex2007: posts big blind $0.02
*** HOLE CARDS ***
Dealt to Dorex2007 [2h 2c]
Sixwaywanning: folds 
beddy80: folds 
tutanpoker: folds 
Wizxrd: folds 
airdestiny: raises $0.06 to $0.08
bigdudy666: calls $0.08
valeriafim: folds 
guiptit: folds 
Dorex2007: folds 
*** FLOP *** [9h Jd 7h]
airdestiny: bets $0.12
bigdudy666: calls $0.12
*** TURN *** [9h Jd 7h] [Ad]
airdestiny: bets $0.24
bigdudy666: calls $0.24
*** RIVER *** [9h Jd 7h Ad] [Ts]
airdestiny: bets $0.40
bigdudy666: calls $0.40
*** SHOW DOWN ***
airdestiny: shows [As Jh] (two pair, Aces and Jacks)
bigdudy666: mucks hand 
airdestiny collected $1.65 from pot
*** SUMMARY ***
Total pot $1.71 | Rake $0.06 
Board [9h Jd 7h Ad Ts]
Seat 1: Sixwaywanning folded before Flop (didn't bet)
Seat 2: beddy80 folded before Flop (didn't bet)
Seat 3: tutanpoker folded before Flop (didn't bet)
Seat 4: Wizxrd folded before Flop (didn't bet)
Seat 5: airdestiny showed [As Jh] and won ($1.65) with two pair, Aces and Jacks
Seat 6: bigdudy666 mucked [Qc Ac]
Seat 7: valeriafim (button) folded before Flop (didn't bet)
Seat 8: guiptit (small blind) folded before Flop
Seat 9: Dorex2007 (big blind) folded before Flop



PokerStars Hand #234487173767:  Hold'em No Limit ($0.01/$0.02 USD) - 2022/03/01 14:21:03 PT [2022/03/01 17:21:03 ET]
Table 'Swings II' 9-max Seat #8 is the button
Seat 1: Sixwaywanning ($2 in chips) 
Seat 2: beddy80 ($1.32 in chips) 
Seat 3: tutanpoker ($2.30 in chips) 
Seat 4: Wizxrd ($1.97 in chips) 
Seat 5: airdestiny ($2.81 in chips) 
Seat 6: bigdudy666 ($0.76 in chips) 
Seat 7: valeriafim ($1.40 in chips) 
Seat 8: guiptit ($3.63 in chips) 
Seat 9: Dorex2007 ($2.39 in chips) 
Dorex2007: posts small blind $0.01
Sixwaywanning: posts big blind $0.02
*** HOLE CARDS ***
Dealt to Dorex2007 [2d 5d]
beddy80: folds 
tutanpoker: folds 
Wizxrd: folds 
airdestiny: folds 
bigdudy666: calls $0.02
valeriafim: folds 
guiptit: calls $0.02
Dorex2007: folds 
Sixwaywanning: raises $0.04 to $0.06
bigdudy666: calls $0.04
guiptit: folds 
*** FLOP *** [Qh 8s 6s]
Sixwaywanning: bets $0.07
bigdudy666: folds 
Uncalled bet ($0.07) returned to Sixwaywanning
Sixwaywanning collected $0.14 from pot
Sixwaywanning: doesn't show hand 
*** SUMMARY ***
Total pot $0.15 | Rake $0.01 
Board [Qh 8s 6s]
Seat 1: Sixwaywanning (big blind) collected ($0.14)
Seat 2: beddy80 folded before Flop (didn't bet)
Seat 3: tutanpoker folded before Flop (didn't bet)
Seat 4: Wizxrd folded before Flop (didn't bet)
Seat 5: airdestiny folded before Flop (didn't bet)
Seat 6: bigdudy666 folded on the Flop
Seat 7: valeriafim folded before Flop (didn't bet)
Seat 8: guiptit (button) folded before Flop
Seat 9: Dorex2007 (small blind) folded before Flop



PokerStars Hand #234487196694:  Hold'em No Limit ($0.01/$0.02 USD) - 2022/03/01 14:21:55 PT [2022/03/01 17:21:55 ET]
Table 'Swings II' 9-max Seat #9 is the button
Seat 1: Sixwaywanning ($2.08 in chips) 
Seat 2: beddy80 ($1.32 in chips) 
Seat 3: tutanpoker ($2.30 in chips) 
Seat 4: Wizxrd ($1.97 in chips) 
Seat 5: airdestiny ($2.81 in chips) 
Seat 6: bigdudy666 ($0.70 in chips) 
Seat 7: valeriafim ($1.40 in chips) 
Seat 8: guiptit ($3.61 in chips) 
Seat 9: Dorex2007 ($2.38 in chips) 
Sixwaywanning: posts small blind $0.01
beddy80: posts big blind $0.02
*** HOLE CARDS ***
Dealt to Dorex2007 [9d As]
tutanpoker: folds 
Wizxrd: folds 
airdestiny: raises $0.06 to $0.08
bigdudy666: folds 
valeriafim: calls $0.08
guiptit: folds 
Dorex2007: folds 
Sixwaywanning: folds 
beddy80: folds 
*** FLOP *** [Ac Js Jh]
airdestiny: checks 
valeriafim: checks 
*** TURN *** [Ac Js Jh] [Qs]
airdestiny: bets $0.12
valeriafim: raises $1.20 to $1.32 and is all-in
airdestiny: calls $1.20
*** RIVER *** [Ac Js Jh Qs] [9h]
*** SHOW DOWN ***
airdestiny: shows [Qc Qd] (a full house, Queens full of Jacks)
valeriafim: shows [Jd Ts] (three of a kind, Jacks)
airdestiny collected $2.73 from pot
*** SUMMARY ***
Total pot $2.83 | Rake $0.10 
Board [Ac Js Jh Qs 9h]
Seat 1: Sixwaywanning (small blind) folded before Flop
Seat 2: beddy80 (big blind) folded before Flop
Seat 3: tutanpoker folded before Flop (didn't bet)
Seat 4: Wizxrd folded before Flop (didn't bet)
Seat 5: airdestiny showed [Qc Qd] and won ($2.73) with a full house, Queens full of Jacks
Seat 6: bigdudy666 folded before Flop (didn't bet)
Seat 7: valeriafim showed [Jd Ts] and lost with three of a kind, Jacks
Seat 8: guiptit folded before Flop (didn't bet)
Seat 9: Dorex2007 (button) folded before Flop (didn't bet)



PokerStars Hand #234487218382:  Hold'em No Limit ($0.01/$0.02 USD) - 2022/03/01 14:22:43 PT [2022/03/01 17:22:43 ET]
Table 'Swings II' 9-max Seat #1 is the button
Seat 1: Sixwaywanning ($2.07 in chips) 
Seat 2: beddy80 ($1.30 in chips) 
Seat 3: tutanpoker ($2.30 in chips) 
Seat 4: Wizxrd ($1.97 in chips) 
Seat 5: airdestiny ($4.14 in chips) 
Seat 6: bigdudy666 ($0.70 in chips) 
Seat 8: guiptit ($3.61 in chips) 
Seat 9: Dorex2007 ($2.38 in chips) 
beddy80: posts small blind $0.01
tutanpoker: posts big blind $0.02
*** HOLE CARDS ***
Dealt to Dorex2007 [Ts 2c]
Wizxrd: folds 
airdestiny: folds 
bigdudy666: calls $0.02
guiptit: folds 
Dorex2007: folds 
Sixwaywanning: raises $0.04 to $0.06
beddy80: folds 
tutanpoker: folds 
bigdudy666: calls $0.04
*** FLOP *** [Ah 7s Ac]
bigdudy666: checks 
Sixwaywanning: checks 
*** TURN *** [Ah 7s Ac] [2s]
bigdudy666: bets $0.02
Sixwaywanning: calls $0.02
*** RIVER *** [Ah 7s Ac 2s] [4d]
bigdudy666: bets $0.02
Sixwaywanning: raises $0.22 to $0.24
bigdudy666: folds 
Uncalled bet ($0.22) returned to Sixwaywanning
Sixwaywanning collected $0.22 from pot
Sixwaywanning: doesn't show hand 
*** SUMMARY ***
Total pot $0.23 | Rake $0.01 
Board [Ah 7s Ac 2s 4d]
Seat 1: Sixwaywanning (button) collected ($0.22)
Seat 2: beddy80 (small blind) folded before Flop
Seat 3: tutanpoker (big blind) folded before Flop
Seat 4: Wizxrd folded before Flop (didn't bet)
Seat 5: airdestiny folded before Flop (didn't bet)
Seat 6: bigdudy666 folded on the River
Seat 8: guiptit folded before Flop (didn't bet)
Seat 9: Dorex2007 folded before Flop (didn't bet)



PokerStars Hand #234487249890:  Hold'em No Limit ($0.01/$0.02 USD) - 2022/03/01 14:23:55 PT [2022/03/01 17:23:55 ET]
Table 'Swings II' 9-max Seat #2 is the button
Seat 1: Sixwaywanning ($2.19 in chips) 
Seat 2: beddy80 ($1.29 in chips) 
Seat 3: tutanpoker ($2.28 in chips) 
Seat 4: Wizxrd ($1.97 in chips) 
Seat 5: airdestiny ($4.14 in chips) 
Seat 6: bigdudy666 ($0.60 in chips) 
Seat 7: valeriafim ($2 in chips) 
Seat 8: guiptit ($3.61 in chips) 
Seat 9: Dorex2007 ($2.38 in chips) 
tutanpoker: posts small blind $0.01
Wizxrd: posts big blind $0.02
*** HOLE CARDS ***
Dealt to Dorex2007 [6h Jh]
airdestiny: raises $0.06 to $0.08
bigdudy666 has timed out
bigdudy666: folds 
valeriafim: calls $0.08
guiptit: folds 
Dorex2007: folds 
Sixwaywanning: folds 
Sixwaywanning leaves the table
beddy80: folds 
tutanpoker: folds 
Wizxrd: calls $0.06
*** FLOP *** [2h 9h Qc]
Wizxrd: checks 
airdestiny: checks 
valeriafim: checks 
*** TURN *** [2h 9h Qc] [4s]
Wizxrd: bets $0.16
airdestiny: folds 
valeriafim: folds 
Uncalled bet ($0.16) returned to Wizxrd
Wizxrd collected $0.24 from pot
Wizxrd: doesn't show hand 
*** SUMMARY ***
Total pot $0.25 | Rake $0.01 
Board [2h 9h Qc 4s]
Seat 1: Sixwaywanning folded before Flop (didn't bet)
Seat 2: beddy80 (button) folded before Flop (didn't bet)
Seat 3: tutanpoker (small blind) folded before Flop
Seat 4: Wizxrd (big blind) collected ($0.24)
Seat 5: airdestiny folded on the Turn
Seat 6: bigdudy666 folded before Flop (didn't bet)
Seat 7: valeriafim folded on the Turn
Seat 8: guiptit folded before Flop (didn't bet)
Seat 9: Dorex2007 folded before Flop (didn't bet)



PokerStars Hand #234487269918:  Hold'em No Limit ($0.01/$0.02 USD) - 2022/03/01 14:24:40 PT [2022/03/01 17:24:40 ET]
Table 'Swings II' 9-max Seat #3 is the button
Seat 2: beddy80 ($1.29 in chips) 
Seat 3: tutanpoker ($2.27 in chips) 
Seat 4: Wizxrd ($2.13 in chips) 
Seat 5: airdestiny ($4.06 in chips) 
Seat 6: bigdudy666 ($0.60 in chips) 
Seat 7: valeriafim ($1.92 in chips) 
Seat 8: guiptit ($3.61 in chips) 
Seat 9: Dorex2007 ($2.38 in chips) 
Wizxrd: posts small blind $0.01
airdestiny: posts big blind $0.02
*** HOLE CARDS ***
Dealt to Dorex2007 [Ac 2c]
Donckske joins the table at seat #1 
bigdudy666: folds 
valeriafim: calls $0.02
guiptit: calls $0.02
Dorex2007: calls $0.02
beddy80: raises $0.10 to $0.12
tutanpoker: folds 
Wizxrd: folds 
airdestiny: folds 
valeriafim: calls $0.10
guiptit: folds 
Dorex2007: folds 
*** FLOP *** [8h 4c 5h]
valeriafim: checks 
beddy80: bets $0.15
valeriafim: folds 
Uncalled bet ($0.15) returned to beddy80
beddy80 collected $0.30 from pot
beddy80: doesn't show hand 
*** SUMMARY ***
Total pot $0.31 | Rake $0.01 
Board [8h 4c 5h]
Seat 2: beddy80 collected ($0.30)
Seat 3: tutanpoker (button) folded before Flop (didn't bet)
Seat 4: Wizxrd (small blind) folded before Flop
Seat 5: airdestiny (big blind) folded before Flop
Seat 6: bigdudy666 folded before Flop (didn't bet)
Seat 7: valeriafim folded on the Flop
Seat 8: guiptit folded before Flop
Seat 9: Dorex2007 folded before Flop



PokerStars Hand #234487289486:  Hold'em No Limit ($0.01/$0.02 USD) - 2022/03/01 14:25:24 PT [2022/03/01 17:25:24 ET]
Table 'Swings II' 9-max Seat #4 is the button
Seat 1: Donckske ($1.60 in chips) 
Seat 2: beddy80 ($1.47 in chips) 
Seat 3: tutanpoker ($2.27 in chips) 
Seat 4: Wizxrd ($2.12 in chips) 
Seat 5: airdestiny ($4.04 in chips) 
Seat 6: bigdudy666 ($0.60 in chips) 
Seat 7: valeriafim ($1.80 in chips) 
Seat 8: guiptit ($3.59 in chips) 
Seat 9: Dorex2007 ($2.36 in chips) 
airdestiny: posts small blind $0.01
bigdudy666: posts big blind $0.02
Donckske: posts big blind $0.02
*** HOLE CARDS ***
Dealt to Dorex2007 [Kd Tc]
valeriafim: calls $0.02
guiptit: raises $0.02 to $0.04
Dorex2007: folds 
Donckske: folds 
beddy80: folds 
tutanpoker: folds 
Wizxrd: folds 
airdestiny: folds 
bigdudy666: calls $0.02
valeriafim: calls $0.02
*** FLOP *** [Kc 4c 3d]
bigdudy666: checks 
valeriafim: checks 
guiptit: checks 
*** TURN *** [Kc 4c 3d] [2h]
bigdudy666: bets $0.02
valeriafim: folds 
guiptit: calls $0.02
*** RIVER *** [Kc 4c 3d 2h] [8h]
bigdudy666: bets $0.02
guiptit: calls $0.02
*** SHOW DOWN ***
bigdudy666: shows [Jh 5h] (high card King)
guiptit: shows [2c Qc] (a pair of Deuces)
guiptit collected $0.22 from pot
*** SUMMARY ***
Total pot $0.23 | Rake $0.01 
Board [Kc 4c 3d 2h 8h]
Seat 1: Donckske folded before Flop (didn't bet)
Seat 2: beddy80 folded before Flop (didn't bet)
Seat 3: tutanpoker folded before Flop (didn't bet)
Seat 4: Wizxrd (button) folded before Flop (didn't bet)
Seat 5: airdestiny (small blind) folded before Flop
Seat 6: bigdudy666 (big blind) showed [Jh 5h] and lost with high card King
Seat 7: valeriafim folded on the Turn
Seat 8: guiptit showed [2c Qc] and won ($0.22) with a pair of Deuces
Seat 9: Dorex2007 folded before Flop (didn't bet)



PokerStars Hand #234487322142:  Hold'em No Limit ($0.01/$0.02 USD) - 2022/03/01 14:26:39 PT [2022/03/01 17:26:39 ET]
Table 'Swings II' 9-max Seat #5 is the button
Seat 1: Donckske ($1.58 in chips) 
Seat 2: beddy80 ($1.47 in chips) 
Seat 3: tutanpoker ($2.27 in chips) 
Seat 4: Wizxrd ($2.12 in chips) 
Seat 5: airdestiny ($4.03 in chips) 
Seat 6: bigdudy666 ($0.52 in chips) 
Seat 7: valeriafim ($1.76 in chips) 
Seat 8: guiptit ($3.73 in chips) 
Seat 9: Dorex2007 ($2.36 in chips) 
bigdudy666: posts small blind $0.01
valeriafim: posts big blind $0.02
*** HOLE CARDS ***
Dealt to Dorex2007 [Qd Ts]
guiptit: raises $0.02 to $0.04
Dorex2007: folds 
Donckske: folds 
beddy80: calls $0.04
tutanpoker: folds 
Wizxrd: folds 
airdestiny: folds 
bigdudy666: calls $0.03
valeriafim: calls $0.02
*** FLOP *** [Kh 3s 9s]
bigdudy666: checks 
valeriafim: checks 
guiptit: checks 
beddy80: checks 
*** TURN *** [Kh 3s 9s] [Kc]
bigdudy666: checks 
valeriafim: checks 
guiptit: bets $0.05
beddy80: folds 
bigdudy666: calls $0.05
valeriafim: folds 
*** RIVER *** [Kh 3s 9s Kc] [8s]
bigdudy666: checks 
guiptit: bets $0.12
bigdudy666: folds 
Uncalled bet ($0.12) returned to guiptit
guiptit collected $0.25 from pot
guiptit: doesn't show hand 
*** SUMMARY ***
Total pot $0.26 | Rake $0.01 
Board [Kh 3s 9s Kc 8s]
Seat 1: Donckske folded before Flop (didn't bet)
Seat 2: beddy80 folded on the Turn
Seat 3: tutanpoker folded before Flop (didn't bet)
Seat 4: Wizxrd folded before Flop (didn't bet)
Seat 5: airdestiny (button) folded before Flop (didn't bet)
Seat 6: bigdudy666 (small blind) folded on the River
Seat 7: valeriafim (big blind) folded on the Turn
Seat 8: guiptit collected ($0.25)
Seat 9: Dorex2007 folded before Flop (didn't bet)



PokerStars Hand #234487368852:  Hold'em No Limit ($0.01/$0.02 USD) - 2022/03/01 14:27:57 PT [2022/03/01 17:27:57 ET]
Table 'Swings II' 9-max Seat #6 is the button
Seat 1: Donckske ($1.58 in chips) 
Seat 2: beddy80 ($1.43 in chips) 
Seat 3: tutanpoker ($2.27 in chips) 
Seat 4: Wizxrd ($2.12 in chips) 
Seat 5: airdestiny ($4.03 in chips) 
Seat 6: bigdudy666 ($0.43 in chips) 
Seat 7: valeriafim ($1.72 in chips) 
Seat 8: guiptit ($3.89 in chips) 
Seat 9: Dorex2007 ($2.36 in chips) 
valeriafim: posts small blind $0.01
guiptit: posts big blind $0.02
*** HOLE CARDS ***
Dealt to Dorex2007 [3s 3d]
Dorex2007: folds 
Donckske: folds 
beddy80: folds 
tutanpoker: folds 
Wizxrd: folds 
airdestiny: folds 
bigdudy666: calls $0.02
valeriafim: calls $0.01
guiptit: checks 
*** FLOP *** [Ts 8s 8d]
valeriafim: checks 
guiptit: bets $0.06
bigdudy666: calls $0.06
valeriafim: folds 
*** TURN *** [Ts 8s 8d] [As]
guiptit: bets $0.08
bigdudy666: calls $0.08
*** RIVER *** [Ts 8s 8d As] [Ks]
guiptit: checks 
bigdudy666: bets $0.16
guiptit: folds 
Uncalled bet ($0.16) returned to bigdudy666
bigdudy666 collected $0.33 from pot
bigdudy666: doesn't show hand 
*** SUMMARY ***
Total pot $0.34 | Rake $0.01 
Board [Ts 8s 8d As Ks]
Seat 1: Donckske folded before Flop (didn't bet)
Seat 2: beddy80 folded before Flop (didn't bet)
Seat 3: tutanpoker folded before Flop (didn't bet)
Seat 4: Wizxrd folded before Flop (didn't bet)
Seat 5: airdestiny folded before Flop (didn't bet)
Seat 6: bigdudy666 (button) collected ($0.33)
Seat 7: valeriafim (small blind) folded on the Flop
Seat 8: guiptit (big blind) folded on the River
Seat 9: Dorex2007 folded before Flop (didn't bet)



PokerStars Hand #234487398992:  Hold'em No Limit ($0.01/$0.02 USD) - 2022/03/01 14:29:06 PT [2022/03/01 17:29:06 ET]
Table 'Swings II' 9-max Seat #7 is the button
Seat 1: Donckske ($1.58 in chips) 
Seat 2: beddy80 ($1.43 in chips) 
Seat 3: tutanpoker ($2.27 in chips) 
Seat 4: Wizxrd ($2.12 in chips) 
Seat 5: airdestiny ($4.03 in chips) 
Seat 6: bigdudy666 ($0.60 in chips) 
Seat 7: valeriafim ($1.70 in chips) 
Seat 8: guiptit ($3.73 in chips) 
Seat 9: Dorex2007 ($2.36 in chips) 
guiptit: posts small blind $0.01
Dorex2007: posts big blind $0.02
*** HOLE CARDS ***
Dealt to Dorex2007 [3s Jh]
Donckske has timed out
Donckske: folds 
beddy80: raises $0.04 to $0.06
tutanpoker: folds 
Wizxrd: raises $0.15 to $0.21
airdestiny: folds 
bigdudy666: folds 
valeriafim: folds 
guiptit: folds 
Dorex2007: folds 
beddy80: folds 
Uncalled bet ($0.15) returned to Wizxrd
Wizxrd collected $0.15 from pot
Wizxrd: doesn't show hand 
*** SUMMARY ***
Total pot $0.15 | Rake $0 
Seat 1: Donckske folded before Flop (didn't bet)
Seat 2: beddy80 folded before Flop
Seat 3: tutanpoker folded before Flop (didn't bet)
Seat 4: Wizxrd collected ($0.15)
Seat 5: airdestiny folded before Flop (didn't bet)
Seat 6: bigdudy666 folded before Flop (didn't bet)
Seat 7: valeriafim (button) folded before Flop (didn't bet)
Seat 8: guiptit (small blind) folded before Flop
Seat 9: Dorex2007 (big blind) folded before Flop



PokerStars Hand #234487417484:  Hold'em No Limit ($0.01/$0.02 USD) - 2022/03/01 14:29:50 PT [2022/03/01 17:29:50 ET]
Table 'Swings II' 9-max Seat #8 is the button
Seat 1: Donckske ($1.58 in chips) 
Seat 2: beddy80 ($1.37 in chips) 
Seat 3: tutanpoker ($2.27 in chips) 
Seat 4: Wizxrd ($2.21 in chips) 
Seat 5: airdestiny ($4.03 in chips) 
Seat 6: bigdudy666 ($0.60 in chips) 
Seat 7: valeriafim ($1.70 in chips) 
Seat 8: guiptit ($3.72 in chips) 
Seat 9: Dorex2007 ($2.34 in chips) 
Dorex2007: posts small blind $0.01
Donckske: posts big blind $0.02
*** HOLE CARDS ***
Dealt to Dorex2007 [8s Ah]
beddy80: folds 
tutanpoker: folds 
Wizxrd: folds 
airdestiny: folds 
bigdudy666: folds 
valeriafim: calls $0.02
guiptit: folds 
Dorex2007: calls $0.01
Donckske: raises $0.04 to $0.06
valeriafim: calls $0.04
Dorex2007: calls $0.04
*** FLOP *** [5d 2c Js]
Dorex2007: checks 
Donckske: bets $0.08
valeriafim: calls $0.08
Dorex2007: folds 
*** TURN *** [5d 2c Js] [2h]
Donckske: checks 
valeriafim: bets $0.10
Donckske: calls $0.10
*** RIVER *** [5d 2c Js 2h] [Kh]
Donckske: checks 
valeriafim: checks 
*** SHOW DOWN ***
Donckske: shows [8h 8c] (two pair, Eights and Deuces)
valeriafim: shows [Jh 4h] (two pair, Jacks and Deuces)
valeriafim collected $0.52 from pot
*** SUMMARY ***
Total pot $0.54 | Rake $0.02 
Board [5d 2c Js 2h Kh]
Seat 1: Donckske (big blind) showed [8h 8c] and lost with two pair, Eights and Deuces
Seat 2: beddy80 folded before Flop (didn't bet)
Seat 3: tutanpoker folded before Flop (didn't bet)
Seat 4: Wizxrd folded before Flop (didn't bet)
Seat 5: airdestiny folded before Flop (didn't bet)
Seat 6: bigdudy666 folded before Flop (didn't bet)
Seat 7: valeriafim showed [Jh 4h] and won ($0.52) with two pair, Jacks and Deuces
Seat 8: guiptit (button) folded before Flop (didn't bet)
Seat 9: Dorex2007 (small blind) folded on the Flop



PokerStars Hand #234487447941:  Hold'em No Limit ($0.01/$0.02 USD) - 2022/03/01 14:31:01 PT [2022/03/01 17:31:01 ET]
Table 'Swings II' 9-max Seat #9 is the button
Seat 1: Donckske ($1.34 in chips) 
Seat 2: beddy80 ($1.37 in chips) 
Seat 3: tutanpoker ($2.27 in chips) 
Seat 4: Wizxrd ($2.21 in chips) 
Seat 5: airdestiny ($4.03 in chips) 
Seat 6: bigdudy666 ($0.60 in chips) 
Seat 7: valeriafim ($1.98 in chips) 
Seat 8: guiptit ($3.72 in chips) 
Seat 9: Dorex2007 ($2.28 in chips) 
Donckske: posts small blind $0.01
beddy80: posts big blind $0.02
*** HOLE CARDS ***
Dealt to Dorex2007 [9c 5d]
tutanpoker: raises $0.04 to $0.06
Wizxrd: folds 
airdestiny: folds 
bigdudy666: calls $0.06
valeriafim: calls $0.06
guiptit: calls $0.06
Dorex2007: folds 
Donckske: calls $0.05
beddy80: folds 
*** FLOP *** [Kc 9h 8c]
Donckske: bets $0.15
tutanpoker: folds 
bigdudy666: calls $0.15
valeriafim: calls $0.15
guiptit: folds 
*** TURN *** [Kc 9h 8c] [8h]
Donckske: bets $0.20
bigdudy666: folds 
valeriafim: calls $0.20
*** RIVER *** [Kc 9h 8c 8h] [Ts]
Donckske: bets $0.93 and is all-in
valeriafim: calls $0.93
*** SHOW DOWN ***
Donckske: shows [9s 8s] (a full house, Eights full of Nines)
valeriafim: shows [3h Kh] (two pair, Kings and Eights)
Donckske collected $2.92 from pot
*** SUMMARY ***
Total pot $3.03 | Rake $0.11 
Board [Kc 9h 8c 8h Ts]
Seat 1: Donckske (small blind) showed [9s 8s] and won ($2.92) with a full house, Eights full of Nines
Seat 2: beddy80 (big blind) folded before Flop
Seat 3: tutanpoker folded on the Flop
Seat 4: Wizxrd folded before Flop (didn't bet)
Seat 5: airdestiny folded before Flop (didn't bet)
Seat 6: bigdudy666 folded on the Turn
Seat 7: valeriafim showed [3h Kh] and lost with two pair, Kings and Eights
Seat 8: guiptit folded on the Flop
Seat 9: Dorex2007 (button) folded before Flop (didn't bet)



PokerStars Hand #234487477588:  Hold'em No Limit ($0.01/$0.02 USD) - 2022/03/01 14:32:09 PT [2022/03/01 17:32:09 ET]
Table 'Swings II' 9-max Seat #1 is the button
Seat 1: Donckske ($2.92 in chips) 
Seat 2: beddy80 ($1.35 in chips) 
Seat 3: tutanpoker ($2.21 in chips) 
Seat 4: Wizxrd ($2.21 in chips) 
Seat 5: airdestiny ($4.03 in chips) 
Seat 6: bigdudy666 ($0.39 in chips) 
Seat 7: valeriafim ($0.64 in chips) 
Seat 8: guiptit ($3.66 in chips) 
Seat 9: Dorex2007 ($2.28 in chips) 
beddy80: posts small blind $0.01
tutanpoker: posts big blind $0.02
*** HOLE CARDS ***
Dealt to Dorex2007 [Kd 9h]
Wizxrd: folds 
airdestiny: folds 
bigdudy666: calls $0.02
valeriafim: raises $0.62 to $0.64 and is all-in
guiptit: folds 
Dorex2007: folds 
Donckske: folds 
Donckske leaves the table
beddy80: folds 
tutanpoker: folds 
bigdudy666: folds 
Uncalled bet ($0.62) returned to valeriafim
valeriafim collected $0.07 from pot
*** SUMMARY ***
Total pot $0.07 | Rake $0 
Seat 1: Donckske (button) folded before Flop (didn't bet)
Seat 2: beddy80 (small blind) folded before Flop
Seat 3: tutanpoker (big blind) folded before Flop
Seat 4: Wizxrd folded before Flop (didn't bet)
Seat 5: airdestiny folded before Flop (didn't bet)
Seat 6: bigdudy666 folded before Flop
Seat 7: valeriafim collected ($0.07)
Seat 8: guiptit folded before Flop (didn't bet)
Seat 9: Dorex2007 folded before Flop (didn't bet)



PokerStars Hand #234487500402:  Hold'em No Limit ($0.01/$0.02 USD) - 2022/03/01 14:32:48 PT [2022/03/01 17:32:48 ET]
Table 'Swings II' 9-max Seat #2 is the button
Seat 2: beddy80 ($1.34 in chips) 
Seat 3: tutanpoker ($2.19 in chips) 
Seat 4: Wizxrd ($2.21 in chips) 
Seat 5: airdestiny ($4.03 in chips) 
Seat 6: bigdudy666 ($0.37 in chips) 
Seat 7: valeriafim ($0.69 in chips) 
Seat 8: guiptit ($3.66 in chips) 
Seat 9: Dorex2007 ($2.28 in chips) 
tutanpoker: posts small blind $0.01
Wizxrd: posts big blind $0.02
*** HOLE CARDS ***
Dealt to Dorex2007 [2h 6s]
airdestiny: folds 
ThomassoCZE joins the table at seat #1 
bigdudy666: calls $0.02
valeriafim: calls $0.02
guiptit: calls $0.02
Dorex2007: folds 
beddy80: folds 
tutanpoker: calls $0.01
Wizxrd: checks 
*** FLOP *** [Qc 5h 7d]
tutanpoker: checks 
Wizxrd: checks 
bigdudy666: checks 
valeriafim: checks 
guiptit: checks 
*** TURN *** [Qc 5h 7d] [2c]
tutanpoker: bets $0.05
Wizxrd: folds 
bigdudy666: calls $0.05
valeriafim: calls $0.05
guiptit: folds 
*** RIVER *** [Qc 5h 7d 2c] [As]
tutanpoker: bets $0.13
bigdudy666: raises $0.13 to $0.26
valeriafim: folds 
valeriafim leaves the table
tutanpoker: calls $0.13
*** SHOW DOWN ***
bigdudy666: shows [4d 3h] (a straight, Ace to Five)
tutanpoker: mucks hand 
bigdudy666 collected $0.74 from pot
*** SUMMARY ***
Total pot $0.77 | Rake $0.03 
Board [Qc 5h 7d 2c As]
Seat 2: beddy80 (button) folded before Flop (didn't bet)
Seat 3: tutanpoker (small blind) mucked [Ad 7c]
Seat 4: Wizxrd (big blind) folded on the Turn
Seat 5: airdestiny folded before Flop (didn't bet)
Seat 6: bigdudy666 showed [4d 3h] and won ($0.74) with a straight, Ace to Five
Seat 7: valeriafim folded on the River
Seat 8: guiptit folded on the Turn
Seat 9: Dorex2007 folded before Flop (didn't bet)



PokerStars Hand #234487537712:  Hold'em No Limit ($0.01/$0.02 USD) - 2022/03/01 14:34:15 PT [2022/03/01 17:34:15 ET]
Table 'Swings II' 9-max Seat #3 is the button
Seat 2: beddy80 ($1.34 in chips) 
Seat 3: tutanpoker ($2 in chips) 
Seat 4: Wizxrd ($2.19 in chips) 
Seat 5: airdestiny ($4.03 in chips) 
Seat 6: bigdudy666 ($0.78 in chips) 
Seat 8: guiptit ($3.64 in chips) 
Seat 9: Dorex2007 ($2.28 in chips) 
Wizxrd: posts small blind $0.01
airdestiny: posts big blind $0.02
ThomassoCZE: sits out 
*** HOLE CARDS ***
Dealt to Dorex2007 [7h Th]
bigdudy666: folds 
guiptit: calls $0.02
Dorex2007: folds 
beddy80: calls $0.02
tutanpoker: calls $0.02
Wizxrd: folds 
airdestiny: checks 
*** FLOP *** [Jd 8h 7c]
airdestiny: checks 
guiptit: bets $0.04
beddy80: folds 
tutanpoker: calls $0.04
airdestiny: folds 
*** TURN *** [Jd 8h 7c] [9c]
guiptit: bets $0.08
Kali-ftw joins the table at seat #7 
tutanpoker: folds 
Uncalled bet ($0.08) returned to guiptit
guiptit collected $0.16 from pot
guiptit: doesn't show hand 
*** SUMMARY ***
Total pot $0.17 | Rake $0.01 
Board [Jd 8h 7c 9c]
Seat 2: beddy80 folded on the Flop
Seat 3: tutanpoker (button) folded on the Turn
Seat 4: Wizxrd (small blind) folded before Flop
Seat 5: airdestiny (big blind) folded on the Flop
Seat 6: bigdudy666 folded before Flop (didn't bet)
Seat 8: guiptit collected ($0.16)
Seat 9: Dorex2007 folded before Flop (didn't bet)



PokerStars Hand #234487561725:  Hold'em No Limit ($0.01/$0.02 USD) - 2022/03/01 14:35:11 PT [2022/03/01 17:35:11 ET]
Table 'Swings II' 9-max Seat #4 is the button
Seat 2: beddy80 ($1.32 in chips) 
Seat 3: tutanpoker ($2 in chips) 
Seat 4: Wizxrd ($2.18 in chips) 
Seat 5: airdestiny ($4.01 in chips) 
Seat 6: bigdudy666 ($0.78 in chips) 
Seat 8: guiptit ($3.74 in chips) 
Seat 9: Dorex2007 ($2.28 in chips) 
airdestiny: posts small blind $0.01
bigdudy666: posts big blind $0.02
Kali-ftw: sits out 
ThomassoCZE: sits out 
*** HOLE CARDS ***
Dealt to Dorex2007 [Ts 4d]
guiptit: folds 
Dorex2007: folds 
beddy80: folds 
tutanpoker: folds 
Wizxrd: raises $0.04 to $0.06
airdestiny: folds 
bigdudy666: folds 
Uncalled bet ($0.04) returned to Wizxrd
Wizxrd collected $0.05 from pot
Wizxrd: doesn't show hand 
*** SUMMARY ***
Total pot $0.05 | Rake $0 
Seat 2: beddy80 folded before Flop (didn't bet)
Seat 3: tutanpoker folded before Flop (didn't bet)
Seat 4: Wizxrd (button) collected ($0.05)
Seat 5: airdestiny (small blind) folded before Flop
Seat 6: bigdudy666 (big blind) folded before Flop
Seat 8: guiptit folded before Flop (didn't bet)
Seat 9: Dorex2007 folded before Flop (didn't bet)



PokerStars Hand #234487573512:  Hold'em No Limit ($0.01/$0.02 USD) - 2022/03/01 14:35:39 PT [2022/03/01 17:35:39 ET]
Table 'Swings II' 9-max Seat #5 is the button
Seat 2: beddy80 ($1.32 in chips) 
Seat 3: tutanpoker ($2 in chips) 
Seat 4: Wizxrd ($2.21 in chips) 
Seat 5: airdestiny ($4 in chips) 
Seat 6: bigdudy666 ($0.76 in chips) 
Seat 7: Kali-ftw ($1.99 in chips) 
Seat 8: guiptit ($3.74 in chips) 
Seat 9: Dorex2007 ($2.28 in chips) 
bigdudy666: posts small blind $0.01
Kali-ftw: posts big blind $0.02
ThomassoCZE: sits out 
*** HOLE CARDS ***
Dealt to Dorex2007 [4d 4c]
guiptit: calls $0.02
Dorex2007: calls $0.02
beddy80: folds 
tutanpoker: folds 
Wizxrd: folds 
airdestiny: folds 
bigdudy666: calls $0.01
Kali-ftw: raises $0.10 to $0.12
guiptit: folds 
Dorex2007: folds 
bigdudy666: folds 
Uncalled bet ($0.10) returned to Kali-ftw
Kali-ftw collected $0.08 from pot
Kali-ftw: doesn't show hand 
*** SUMMARY ***
Total pot $0.08 | Rake $0 
Seat 2: beddy80 folded before Flop (didn't bet)
Seat 3: tutanpoker folded before Flop (didn't bet)
Seat 4: Wizxrd folded before Flop (didn't bet)
Seat 5: airdestiny (button) folded before Flop (didn't bet)
Seat 6: bigdudy666 (small blind) folded before Flop
Seat 7: Kali-ftw (big blind) collected ($0.08)
Seat 8: guiptit folded before Flop
Seat 9: Dorex2007 folded before Flop



PokerStars Hand #234487590440:  Hold'em No Limit ($0.01/$0.02 USD) - 2022/03/01 14:36:19 PT [2022/03/01 17:36:19 ET]
Table 'Swings II' 9-max Seat #6 is the button
Seat 2: beddy80 ($1.32 in chips) 
Seat 3: tutanpoker ($2 in chips) 
Seat 4: Wizxrd ($2.21 in chips) 
Seat 5: airdestiny ($4 in chips) 
Seat 6: bigdudy666 ($0.74 in chips) 
Seat 7: Kali-ftw ($2.05 in chips) 
Seat 8: guiptit ($3.72 in chips) 
Seat 9: Dorex2007 ($2.26 in chips) 
Kali-ftw: posts small blind $0.01
guiptit: posts big blind $0.02
ThomassoCZE: sits out 
*** HOLE CARDS ***
Dealt to Dorex2007 [3c 5s]
Dorex2007: folds 
beddy80: folds 
tutanpoker: folds 
Wizxrd: folds 
airdestiny: folds 
bigdudy666 has timed out
bigdudy666: folds 
Kali-ftw: raises $0.04 to $0.06
guiptit: raises $3.66 to $3.72 and is all-in
Kali-ftw: folds 
Uncalled bet ($3.66) returned to guiptit
guiptit collected $0.12 from pot
guiptit: doesn't show hand 
*** SUMMARY ***
Total pot $0.12 | Rake $0 
Seat 2: beddy80 folded before Flop (didn't bet)
Seat 3: tutanpoker folded before Flop (didn't bet)
Seat 4: Wizxrd folded before Flop (didn't bet)
Seat 5: airdestiny folded before Flop (didn't bet)
Seat 6: bigdudy666 (button) folded before Flop (didn't bet)
Seat 7: Kali-ftw (small blind) folded before Flop
Seat 8: guiptit (big blind) collected ($0.12)
Seat 9: Dorex2007 folded before Flop (didn't bet)



PokerStars Hand #234487605286:  Hold'em No Limit ($0.01/$0.02 USD) - 2022/03/01 14:36:54 PT [2022/03/01 17:36:54 ET]
Table 'Swings II' 9-max Seat #7 is the button
Seat 2: beddy80 ($1.32 in chips) 
Seat 3: tutanpoker ($2 in chips) 
Seat 4: Wizxrd ($2.21 in chips) 
Seat 5: airdestiny ($4 in chips) 
Seat 6: bigdudy666 ($0.74 in chips) 
Seat 7: Kali-ftw ($1.99 in chips) 
Seat 8: guiptit ($3.78 in chips) 
Seat 9: Dorex2007 ($2.26 in chips) 
guiptit: posts small blind $0.01
Dorex2007: posts big blind $0.02
ThomassoCZE: sits out 
*** HOLE CARDS ***
Dealt to Dorex2007 [4s 8d]
beddy80: folds 
tutanpoker: folds 
Wizxrd: folds 
airdestiny: folds 
bigdudy666: folds 
Kali-ftw: folds 
guiptit: folds 
Uncalled bet ($0.01) returned to Dorex2007
Dorex2007 collected $0.02 from pot
Dorex2007: doesn't show hand 
*** SUMMARY ***
Total pot $0.02 | Rake $0 
Seat 2: beddy80 folded before Flop (didn't bet)
Seat 3: tutanpoker folded before Flop (didn't bet)
Seat 4: Wizxrd folded before Flop (didn't bet)
Seat 5: airdestiny folded before Flop (didn't bet)
Seat 6: bigdudy666 folded before Flop (didn't bet)
Seat 7: Kali-ftw (button) folded before Flop (didn't bet)
Seat 8: guiptit (small blind) folded before Flop
Seat 9: Dorex2007 (big blind) collected ($0.02)



PokerStars Hand #234487611644:  Hold'em No Limit ($0.01/$0.02 USD) - 2022/03/01 14:37:09 PT [2022/03/01 17:37:09 ET]
Table 'Swings II' 9-max Seat #8 is the button
Seat 1: ThomassoCZE ($2 in chips) 
Seat 2: beddy80 ($1.32 in chips) 
Seat 3: tutanpoker ($2 in chips) 
Seat 4: Wizxrd ($2.21 in chips) 
Seat 5: airdestiny ($4 in chips) 
Seat 6: bigdudy666 ($0.74 in chips) 
Seat 7: Kali-ftw ($1.99 in chips) 
Seat 8: guiptit ($3.77 in chips) 
Seat 9: Dorex2007 ($2.27 in chips) 
Dorex2007: posts small blind $0.01
ThomassoCZE: posts big blind $0.02
*** HOLE CARDS ***
Dealt to Dorex2007 [Ad Ks]
beddy80: raises $0.04 to $0.06
tutanpoker: calls $0.06
Wizxrd: folds 
airdestiny: calls $0.06
bigdudy666 has timed out
bigdudy666: folds 
Kali-ftw: calls $0.06
guiptit: folds 
Dorex2007: raises $0.32 to $0.38
ThomassoCZE: folds 
beddy80: folds 
tutanpoker: folds 
airdestiny: folds 
Kali-ftw: folds 
Uncalled bet ($0.32) returned to Dorex2007
Dorex2007 collected $0.32 from pot
Dorex2007: doesn't show hand 
*** SUMMARY ***
Total pot $0.32 | Rake $0 
Seat 1: ThomassoCZE (big blind) folded before Flop
Seat 2: beddy80 folded before Flop
Seat 3: tutanpoker folded before Flop
Seat 4: Wizxrd folded before Flop (didn't bet)
Seat 5: airdestiny folded before Flop
Seat 6: bigdudy666 folded before Flop (didn't bet)
Seat 7: Kali-ftw folded before Flop
Seat 8: guiptit (button) folded before Flop (didn't bet)
Seat 9: Dorex2007 (small blind) collected ($0.32)



PokerStars Hand #234487636769:  Hold'em No Limit ($0.01/$0.02 USD) - 2022/03/01 14:38:08 PT [2022/03/01 17:38:08 ET]
Table 'Swings II' 9-max Seat #9 is the button
Seat 1: ThomassoCZE ($2 in chips) 
Seat 2: beddy80 ($1.26 in chips) 
Seat 3: tutanpoker ($2 in chips) 
Seat 4: Wizxrd ($2.21 in chips) 
Seat 5: airdestiny ($3.94 in chips) 
Seat 6: bigdudy666 ($0.74 in chips) 
Seat 7: Kali-ftw ($1.93 in chips) 
Seat 8: guiptit ($3.77 in chips) 
Seat 9: Dorex2007 ($2.53 in chips) 
ThomassoCZE: posts small blind $0.01
beddy80: posts big blind $0.02
*** HOLE CARDS ***
Dealt to Dorex2007 [7s Js]
tutanpoker: folds 
Wizxrd: folds 
airdestiny: raises $0.06 to $0.08
bigdudy666: folds 
Kali-ftw: folds 
Kali-ftw leaves the table
guiptit: folds 
Dorex2007: folds 
ThomassoCZE: folds 
beddy80: folds 
Uncalled bet ($0.06) returned to airdestiny
airdestiny collected $0.05 from pot
airdestiny: doesn't show hand 
*** SUMMARY ***
Total pot $0.05 | Rake $0 
Seat 1: ThomassoCZE (small blind) folded before Flop
Seat 2: beddy80 (big blind) folded before Flop
Seat 3: tutanpoker folded before Flop (didn't bet)
Seat 4: Wizxrd folded before Flop (didn't bet)
Seat 5: airdestiny collected ($0.05)
Seat 6: bigdudy666 folded before Flop (didn't bet)
Seat 7: Kali-ftw folded before Flop (didn't bet)
Seat 8: guiptit folded before Flop (didn't bet)
Seat 9: Dorex2007 (button) folded before Flop (didn't bet)



PokerStars Hand #234487647068:  Hold'em No Limit ($0.01/$0.02 USD) - 2022/03/01 14:38:33 PT [2022/03/01 17:38:33 ET]
Table 'Swings II' 9-max Seat #1 is the button
Seat 1: ThomassoCZE ($2 in chips) 
Seat 2: beddy80 ($1.24 in chips) 
Seat 3: tutanpoker ($2 in chips) 
Seat 4: Wizxrd ($2.21 in chips) 
Seat 5: airdestiny ($3.97 in chips) 
Seat 6: bigdudy666 ($0.74 in chips) 
Seat 8: guiptit ($3.77 in chips) 
Seat 9: Dorex2007 ($2.53 in chips) 
beddy80: posts small blind $0.01
tutanpoker: posts big blind $0.02
*** HOLE CARDS ***
Dealt to Dorex2007 [4d As]
Wizxrd: folds 
airdestiny: raises $0.06 to $0.08
bser hase joins the table at seat #7 
bigdudy666: folds 
guiptit: folds 
Dorex2007: folds 
ThomassoCZE: folds 
beddy80: folds 
tutanpoker: folds 
Uncalled bet ($0.06) returned to airdestiny
airdestiny collected $0.05 from pot
airdestiny: doesn't show hand 
*** SUMMARY ***
Total pot $0.05 | Rake $0 
Seat 1: ThomassoCZE (button) folded before Flop (didn't bet)
Seat 2: beddy80 (small blind) folded before Flop
Seat 3: tutanpoker (big blind) folded before Flop
Seat 4: Wizxrd folded before Flop (didn't bet)
Seat 5: airdestiny collected ($0.05)
Seat 6: bigdudy666 folded before Flop (didn't bet)
Seat 8: guiptit folded before Flop (didn't bet)
Seat 9: Dorex2007 folded before Flop (didn't bet)



PokerStars Hand #234487659947:  Hold'em No Limit ($0.01/$0.02 USD) - 2022/03/01 14:39:04 PT [2022/03/01 17:39:04 ET]
Table 'Swings II' 9-max Seat #2 is the button
Seat 1: ThomassoCZE ($2 in chips) 
Seat 2: beddy80 ($1.23 in chips) 
Seat 3: tutanpoker ($2 in chips) 
Seat 4: Wizxrd ($2.21 in chips) 
Seat 5: airdestiny ($4 in chips) 
Seat 6: bigdudy666 ($0.74 in chips) 
Seat 7: bser hase ($1.60 in chips) 
Seat 8: guiptit ($3.77 in chips) 
Seat 9: Dorex2007 ($2.53 in chips) 
tutanpoker: posts small blind $0.01
Wizxrd: posts big blind $0.02
bser hase: posts big blind $0.02
*** HOLE CARDS ***
Dealt to Dorex2007 [2s 5d]
airdestiny: raises $0.06 to $0.08
bigdudy666: folds 
bser hase: folds 
guiptit: calls $0.08
Dorex2007: folds 
ThomassoCZE: folds 
beddy80: folds 
tutanpoker: folds 
Wizxrd: folds 
*** FLOP *** [7c 4d 3s]
airdestiny: checks 
guiptit: bets $0.10
airdestiny: folds 
Uncalled bet ($0.10) returned to guiptit
guiptit collected $0.20 from pot
guiptit: doesn't show hand 
*** SUMMARY ***
Total pot $0.21 | Rake $0.01 
Board [7c 4d 3s]
Seat 1: ThomassoCZE folded before Flop (didn't bet)
Seat 2: beddy80 (button) folded before Flop (didn't bet)
Seat 3: tutanpoker (small blind) folded before Flop
Seat 4: Wizxrd (big blind) folded before Flop
Seat 5: airdestiny folded on the Flop
Seat 6: bigdudy666 folded before Flop (didn't bet)
Seat 7: bser hase folded before Flop (didn't bet)
Seat 8: guiptit collected ($0.20)
Seat 9: Dorex2007 folded before Flop (didn't bet)



PokerStars Hand #234487673160:  Hold'em No Limit ($0.01/$0.02 USD) - 2022/03/01 14:39:35 PT [2022/03/01 17:39:35 ET]
Table 'Swings II' 9-max Seat #3 is the button
Seat 1: ThomassoCZE ($2 in chips) 
Seat 2: beddy80 ($1.23 in chips) 
Seat 3: tutanpoker ($2 in chips) 
Seat 4: Wizxrd ($2.19 in chips) 
Seat 5: airdestiny ($3.92 in chips) 
Seat 6: bigdudy666 ($0.74 in chips) 
Seat 7: bser hase ($1.58 in chips) 
Seat 8: guiptit ($3.89 in chips) 
Seat 9: Dorex2007 ($2.53 in chips) 
Wizxrd: posts small blind $0.01
airdestiny: posts big blind $0.02
*** HOLE CARDS ***
Dealt to Dorex2007 [Qd 3s]
bigdudy666: folds 
bser hase: calls $0.02
guiptit: folds 
Dorex2007 has timed out
Dorex2007: folds 
ThomassoCZE: folds 
beddy80: folds 
tutanpoker: raises $0.06 to $0.08
Wizxrd: raises $0.20 to $0.28
airdestiny: folds 
bser hase: folds 
tutanpoker: folds 
Uncalled bet ($0.20) returned to Wizxrd
Wizxrd collected $0.20 from pot
Wizxrd: doesn't show hand 
*** SUMMARY ***
Total pot $0.20 | Rake $0 
Seat 1: ThomassoCZE folded before Flop (didn't bet)
Seat 2: beddy80 folded before Flop (didn't bet)
Seat 3: tutanpoker (button) folded before Flop
Seat 4: Wizxrd (small blind) collected ($0.20)
Seat 5: airdestiny (big blind) folded before Flop
Seat 6: bigdudy666 folded before Flop (didn't bet)
Seat 7: bser hase folded before Flop
Seat 8: guiptit folded before Flop (didn't bet)
Seat 9: Dorex2007 folded before Flop (didn't bet)



PokerStars Hand #234487692476:  Hold'em No Limit ($0.01/$0.02 USD) - 2022/03/01 14:40:22 PT [2022/03/01 17:40:22 ET]
Table 'Swings II' 9-max Seat #4 is the button
Seat 1: ThomassoCZE ($2 in chips) 
Seat 2: beddy80 ($1.23 in chips) 
Seat 3: tutanpoker ($2 in chips) 
Seat 4: Wizxrd ($2.31 in chips) 
Seat 5: airdestiny ($3.90 in chips) 
Seat 6: bigdudy666 ($0.74 in chips) 
Seat 7: bser hase ($1.56 in chips) 
Seat 8: guiptit ($3.89 in chips) 
Seat 9: Dorex2007 ($2.53 in chips) 
airdestiny: posts small blind $0.01
bigdudy666: posts big blind $0.02
*** HOLE CARDS ***
Dealt to Dorex2007 [3d Kc]
bser hase: folds 
guiptit: calls $0.02
Dorex2007: folds 
ThomassoCZE: folds 
beddy80: folds 
tutanpoker: folds 
Wizxrd: folds 
airdestiny: calls $0.01
bigdudy666: checks 
*** FLOP *** [6h 2h 5h]
airdestiny: checks 
bigdudy666: checks 
guiptit: bets $0.03
airdestiny: folds 
bigdudy666: calls $0.03
*** TURN *** [6h 2h 5h] [3c]
bigdudy666: checks 
guiptit: bets $0.06
bigdudy666: calls $0.06
*** RIVER *** [6h 2h 5h 3c] [8d]
bigdudy666: checks 
guiptit: checks 
*** SHOW DOWN ***
bigdudy666: shows [Ah 7d] (high card Ace)
guiptit: shows [3h Ad] (a pair of Threes)
guiptit collected $0.23 from pot
*** SUMMARY ***
Total pot $0.24 | Rake $0.01 
Board [6h 2h 5h 3c 8d]
Seat 1: ThomassoCZE folded before Flop (didn't bet)
Seat 2: beddy80 folded before Flop (didn't bet)
Seat 3: tutanpoker folded before Flop (didn't bet)
Seat 4: Wizxrd (button) folded before Flop (didn't bet)
Seat 5: airdestiny (small blind) folded on the Flop
Seat 6: bigdudy666 (big blind) showed [Ah 7d] and lost with high card Ace
Seat 7: bser hase folded before Flop (didn't bet)
Seat 8: guiptit showed [3h Ad] and won ($0.23) with a pair of Threes
Seat 9: Dorex2007 folded before Flop (didn't bet)



PokerStars Hand #234487715148:  Hold'em No Limit ($0.01/$0.02 USD) - 2022/03/01 14:41:16 PT [2022/03/01 17:41:16 ET]
Table 'Swings II' 9-max Seat #5 is the button
Seat 1: ThomassoCZE ($2 in chips) 
Seat 2: beddy80 ($1.23 in chips) 
Seat 3: tutanpoker ($2 in chips) 
Seat 4: Wizxrd ($2.31 in chips) 
Seat 5: airdestiny ($3.88 in chips) 
Seat 6: bigdudy666 ($0.63 in chips) 
Seat 7: bser hase ($1.56 in chips) 
Seat 8: guiptit ($4.01 in chips) 
Seat 9: Dorex2007 ($2.53 in chips) 
bigdudy666: posts small blind $0.01
bser hase: posts big blind $0.02
*** HOLE CARDS ***
Dealt to Dorex2007 [Ah 3h]
guiptit: calls $0.02
Dorex2007: calls $0.02
ThomassoCZE: folds 
beddy80: folds 
tutanpoker: calls $0.02
Wizxrd: folds 
airdestiny: folds 
bigdudy666: calls $0.01
bser hase: checks 
*** FLOP *** [Th Jc Qc]
bigdudy666: checks 
bser hase: checks 
guiptit: bets $0.02
Dorex2007: calls $0.02
tutanpoker: folds 
bigdudy666: calls $0.02
bser hase: folds 
*** TURN *** [Th Jc Qc] [9h]
bigdudy666: bets $0.04
guiptit: folds 
Dorex2007: calls $0.04
*** RIVER *** [Th Jc Qc 9h] [7s]
bigdudy666: bets $0.06
Dorex2007: raises $0.23 to $0.29
bigdudy666: calls $0.23
*** SHOW DOWN ***
Dorex2007: shows [Ah 3h] (high card Ace)
bigdudy666: shows [6d Kd] (a straight, Nine to King)
bigdudy666 collected $0.79 from pot
*** SUMMARY ***
Total pot $0.82 | Rake $0.03 
Board [Th Jc Qc 9h 7s]
Seat 1: ThomassoCZE folded before Flop (didn't bet)
Seat 2: beddy80 folded before Flop (didn't bet)
Seat 3: tutanpoker folded on the Flop
Seat 4: Wizxrd folded before Flop (didn't bet)
Seat 5: airdestiny (button) folded before Flop (didn't bet)
Seat 6: bigdudy666 (small blind) showed [6d Kd] and won ($0.79) with a straight, Nine to King
Seat 7: bser hase (big blind) folded on the Flop
Seat 8: guiptit folded on the Turn
Seat 9: Dorex2007 showed [Ah 3h] and lost with high card Ace



PokerStars Hand #234487760118:  Hold'em No Limit ($0.01/$0.02 USD) - 2022/03/01 14:43:04 PT [2022/03/01 17:43:04 ET]
Table 'Swings II' 9-max Seat #6 is the button
Seat 1: ThomassoCZE ($2 in chips) 
Seat 2: beddy80 ($1.23 in chips) 
Seat 3: tutanpoker ($2 in chips) 
Seat 4: Wizxrd ($2.31 in chips) 
Seat 5: airdestiny ($3.88 in chips) 
Seat 6: bigdudy666 ($1.05 in chips) 
Seat 7: bser hase ($1.54 in chips) 
Seat 8: guiptit ($3.97 in chips) 
Seat 9: Dorex2007 ($2.16 in chips) 
bser hase: posts small blind $0.01
guiptit: posts big blind $0.02
*** HOLE CARDS ***
Dealt to Dorex2007 [9d Qs]
Dorex2007: folds 
ThomassoCZE: folds 
beddy80: folds 
tutanpoker: raises $0.05 to $0.07
Wizxrd: calls $0.07
airdestiny: folds 
bigdudy666: folds 
bser hase: folds 
guiptit: folds 
*** FLOP *** [Ac 4s 3c]
tutanpoker: bets $0.08
Wizxrd: calls $0.08
*** TURN *** [Ac 4s 3c] [7d]
tutanpoker: checks 
Wizxrd: bets $0.21
tutanpoker: calls $0.21
*** RIVER *** [Ac 4s 3c 7d] [Js]
tutanpoker: checks 
Wizxrd: checks 
*** SHOW DOWN ***
tutanpoker: shows [8h Ah] (a pair of Aces)
Wizxrd: mucks hand 
tutanpoker collected $0.72 from pot
*** SUMMARY ***
Total pot $0.75 | Rake $0.03 
Board [Ac 4s 3c 7d Js]
Seat 1: ThomassoCZE folded before Flop (didn't bet)
Seat 2: beddy80 folded before Flop (didn't bet)
Seat 3: tutanpoker showed [8h Ah] and won ($0.72) with a pair of Aces
Seat 4: Wizxrd mucked [6s 6h]
Seat 5: airdestiny folded before Flop (didn't bet)
Seat 6: bigdudy666 (button) folded before Flop (didn't bet)
Seat 7: bser hase (small blind) folded before Flop
Seat 8: guiptit (big blind) folded before Flop
Seat 9: Dorex2007 folded before Flop (didn't bet)



PokerStars Hand #234487790184:  Hold'em No Limit ($0.01/$0.02 USD) - 2022/03/01 14:44:17 PT [2022/03/01 17:44:17 ET]
Table 'Swings II' 9-max Seat #7 is the button
Seat 1: ThomassoCZE ($2 in chips) 
Seat 2: beddy80 ($1.23 in chips) 
Seat 3: tutanpoker ($2.36 in chips) 
Seat 4: Wizxrd ($1.95 in chips) 
Seat 5: airdestiny ($3.88 in chips) 
Seat 6: bigdudy666 ($1.05 in chips) 
Seat 7: bser hase ($1.53 in chips) 
Seat 8: guiptit ($3.95 in chips) 
Seat 9: Dorex2007 ($2.16 in chips) 
guiptit: posts small blind $0.01
Dorex2007: posts big blind $0.02
*** HOLE CARDS ***
Dealt to Dorex2007 [2c 8d]
ThomassoCZE: folds 
beddy80: folds 
tutanpoker: folds 
Wizxrd: folds 
Wizxrd leaves the table
airdestiny: folds 
bigdudy666: folds 
bser hase: folds 
guiptit: raises $0.02 to $0.04
Dorex2007: folds 
Uncalled bet ($0.02) returned to guiptit
guiptit collected $0.04 from pot
guiptit: doesn't show hand 
*** SUMMARY ***
Total pot $0.04 | Rake $0 
Seat 1: ThomassoCZE folded before Flop (didn't bet)
Seat 2: beddy80 folded before Flop (didn't bet)
Seat 3: tutanpoker folded before Flop (didn't bet)
Seat 4: Wizxrd folded before Flop (didn't bet)
Seat 5: airdestiny folded before Flop (didn't bet)
Seat 6: bigdudy666 folded before Flop (didn't bet)
Seat 7: bser hase (button) folded before Flop (didn't bet)
Seat 8: guiptit (small blind) collected ($0.04)
Seat 9: Dorex2007 (big blind) folded before Flop



PokerStars Hand #234487808625:  Hold'em No Limit ($0.01/$0.02 USD) - 2022/03/01 14:44:42 PT [2022/03/01 17:44:42 ET]
Table 'Swings II' 9-max Seat #8 is the button
Seat 2: beddy80 ($1.23 in chips) 
Seat 3: tutanpoker ($2.36 in chips) 
Seat 5: airdestiny ($3.88 in chips) 
Seat 6: bigdudy666 ($1.05 in chips) 
Seat 7: bser hase ($1.53 in chips) 
Seat 8: guiptit ($3.97 in chips) 
Seat 9: Dorex2007 ($2.14 in chips) 
Dorex2007: posts small blind $0.01
ThomassoCZE: is sitting out 
beddy80: posts big blind $0.02
*** HOLE CARDS ***
Dealt to Dorex2007 [Qc 9d]
tutanpoker: folds 
airdestiny: folds 
ThomassoCZE leaves the table
bigdudy666: calls $0.02
bser hase: calls $0.02
guiptit: calls $0.02
Dorex2007: folds 
beddy80: checks 
*** FLOP *** [Kd 7c 8c]
beddy80: bets $0.04
bigdudy666: calls $0.04
bser hase: calls $0.04
guiptit: calls $0.04
*** TURN *** [Kd 7c 8c] [7h]
beddy80: bets $0.06
bigdudy666: calls $0.06
bser hase: calls $0.06
guiptit: calls $0.06
*** RIVER *** [Kd 7c 8c 7h] [Qs]
beddy80: checks 
bigdudy666: checks 
bser hase: checks 
guiptit: bets $0.47
beddy80: folds 
bigdudy666: folds 
bser hase: folds 
Uncalled bet ($0.47) returned to guiptit
guiptit collected $0.47 from pot
guiptit: doesn't show hand 
*** SUMMARY ***
Total pot $0.49 | Rake $0.02 
Board [Kd 7c 8c 7h Qs]
Seat 2: beddy80 (big blind) folded on the River
Seat 3: tutanpoker folded before Flop (didn't bet)
Seat 5: airdestiny folded before Flop (didn't bet)
Seat 6: bigdudy666 folded on the River
Seat 7: bser hase folded on the River
Seat 8: guiptit (button) collected ($0.47)
Seat 9: Dorex2007 (small blind) folded before Flop



PokerStars Hand #234487849371:  Hold'em No Limit ($0.01/$0.02 USD) - 2022/03/01 14:46:21 PT [2022/03/01 17:46:21 ET]
Table 'Swings II' 9-max Seat #9 is the button
Seat 2: beddy80 ($1.11 in chips) 
Seat 3: tutanpoker ($2.36 in chips) 
Seat 5: airdestiny ($3.88 in chips) 
Seat 6: bigdudy666 ($0.93 in chips) 
Seat 7: bser hase ($1.41 in chips) 
Seat 8: guiptit ($4.32 in chips) 
Seat 9: Dorex2007 ($2.13 in chips) 
beddy80: posts small blind $0.01
tutanpoker: posts big blind $0.02
*** HOLE CARDS ***
Dealt to Dorex2007 [9d 9h]
airdestiny: folds 
bigdudy666: folds 
bser hase: folds 
guiptit: raises $0.02 to $0.04
Dorex2007: calls $0.04
beddy80: folds 
mc_hara91 joins the table at seat #4 
tutanpoker: calls $0.02
*** FLOP *** [Th 4h 7h]
tutanpoker: checks 
guiptit: checks 
Dorex2007: checks 
*** TURN *** [Th 4h 7h] [8h]
tutanpoker: checks 
guiptit: bets $0.02
Dorex2007: calls $0.02
tutanpoker: folds 
*** RIVER *** [Th 4h 7h 8h] [7s]
guiptit: bets $0.02
Dorex2007: calls $0.02
*** SHOW DOWN ***
guiptit: shows [3d 3s] (two pair, Sevens and Threes)
Dorex2007: shows [9d 9h] (a flush, Ten high)
Dorex2007 collected $0.20 from pot
*** SUMMARY ***
Total pot $0.21 | Rake $0.01 
Board [Th 4h 7h 8h 7s]
Seat 2: beddy80 (small blind) folded before Flop
Seat 3: tutanpoker (big blind) folded on the Turn
Seat 5: airdestiny folded before Flop (didn't bet)
Seat 6: bigdudy666 folded before Flop (didn't bet)
Seat 7: bser hase folded before Flop (didn't bet)
Seat 8: guiptit showed [3d 3s] and lost with two pair, Sevens and Threes
Seat 9: Dorex2007 (button) showed [9d 9h] and won ($0.20) with a flush, Ten high



PokerStars Hand #234487882006:  Hold'em No Limit ($0.01/$0.02 USD) - 2022/03/01 14:47:40 PT [2022/03/01 17:47:40 ET]
Table 'Swings II' 9-max Seat #2 is the button
Seat 2: beddy80 ($1.10 in chips) 
Seat 3: tutanpoker ($2.32 in chips) 
Seat 4: mc_hara91 ($1.10 in chips) 
Seat 5: airdestiny ($3.88 in chips) 
Seat 6: bigdudy666 ($0.93 in chips) 
Seat 7: bser hase ($1.41 in chips) 
Seat 8: guiptit ($4.24 in chips) 
Seat 9: Dorex2007 ($2.25 in chips) 
tutanpoker: posts small blind $0.01
mc_hara91: posts big blind $0.02
*** HOLE CARDS ***
Dealt to Dorex2007 [4d 5c]
airdestiny: folds 
bigdudy666: calls $0.02
bser hase has timed out
bser hase: folds 
guiptit: calls $0.02
Dorex2007: folds 
beddy80: raises $0.08 to $0.10
Sonyland joins the table at seat #1 
tutanpoker: folds 
mc_hara91: folds 
bigdudy666: folds 
guiptit: folds 
Uncalled bet ($0.08) returned to beddy80
beddy80 collected $0.09 from pot
beddy80: doesn't show hand 
*** SUMMARY ***
Total pot $0.09 | Rake $0 
Seat 2: beddy80 (button) collected ($0.09)
Seat 3: tutanpoker (small blind) folded before Flop
Seat 4: mc_hara91 (big blind) folded before Flop
Seat 5: airdestiny folded before Flop (didn't bet)
Seat 6: bigdudy666 folded before Flop
Seat 7: bser hase folded before Flop (didn't bet)
Seat 8: guiptit folded before Flop
Seat 9: Dorex2007 folded before Flop (didn't bet)



PokerStars Hand #234487915863:  Hold'em No Limit ($0.01/$0.02 USD) - 2022/03/01 14:49:02 PT [2022/03/01 17:49:02 ET]
Table 'Swings II' 9-max Seat #3 is the button
Seat 2: beddy80 ($1.17 in chips) 
Seat 3: tutanpoker ($2.31 in chips) 
Seat 4: mc_hara91 ($1.08 in chips) 
Seat 5: airdestiny ($3.88 in chips) 
Seat 6: bigdudy666 ($0.91 in chips) 
Seat 7: bser hase ($1.41 in chips) 
Seat 8: guiptit ($4.22 in chips) 
Seat 9: Dorex2007 ($2.25 in chips) 
mc_hara91: posts small blind $0.01
airdestiny: posts big blind $0.02
Sonyland: sits out 
*** HOLE CARDS ***
Dealt to Dorex2007 [3c 4h]
bigdudy666: calls $0.02
bser hase: folds 
guiptit: raises $0.07 to $0.09
Dorex2007: folds 
beddy80: folds 
tutanpoker: folds 
mc_hara91: folds 
airdestiny: folds 
bigdudy666: calls $0.07
*** FLOP *** [Qc 8h Qs]
bigdudy666: checks 
guiptit: bets $0.20
bigdudy666: calls $0.20
*** TURN *** [Qc 8h Qs] [4s]
bigdudy666: checks 
guiptit: checks 
*** RIVER *** [Qc 8h Qs 4s] [9d]
bigdudy666: bets $0.29
guiptit: folds 
Uncalled bet ($0.29) returned to bigdudy666
bigdudy666 collected $0.59 from pot
bigdudy666: doesn't show hand 
*** SUMMARY ***
Total pot $0.61 | Rake $0.02 
Board [Qc 8h Qs 4s 9d]
Seat 2: beddy80 folded before Flop (didn't bet)
Seat 3: tutanpoker (button) folded before Flop (didn't bet)
Seat 4: mc_hara91 (small blind) folded before Flop
Seat 5: airdestiny (big blind) folded before Flop
Seat 6: bigdudy666 collected ($0.59)
Seat 7: bser hase folded before Flop (didn't bet)
Seat 8: guiptit folded on the River
Seat 9: Dorex2007 folded before Flop (didn't bet)



PokerStars Hand #234487943166:  Hold'em No Limit ($0.01/$0.02 USD) - 2022/03/01 14:50:08 PT [2022/03/01 17:50:08 ET]
Table 'Swings II' 9-max Seat #4 is the button
Seat 2: beddy80 ($1.17 in chips) 
Seat 3: tutanpoker ($2.31 in chips) 
Seat 4: mc_hara91 ($1.07 in chips) 
Seat 5: airdestiny ($3.86 in chips) 
Seat 6: bigdudy666 ($1.21 in chips) 
Seat 7: bser hase ($1.41 in chips) 
Seat 8: guiptit ($3.93 in chips) 
Seat 9: Dorex2007 ($2.25 in chips) 
airdestiny: posts small blind $0.01
bigdudy666: posts big blind $0.02
Sonyland: sits out 
*** HOLE CARDS ***
Dealt to Dorex2007 [3d 5s]
bser hase: folds 
guiptit: folds 
Dorex2007: folds 
beddy80: folds 
tutanpoker: folds 
mc_hara91: calls $0.02
airdestiny: folds 
bigdudy666: checks 
*** FLOP *** [3c Kc 6s]
bigdudy666: checks 
mc_hara91: bets $0.06
bigdudy666: calls $0.06
*** TURN *** [3c Kc 6s] [7d]
bigdudy666: checks 
mc_hara91: bets $0.06
bigdudy666: calls $0.06
*** RIVER *** [3c Kc 6s 7d] [Td]
bigdudy666: bets $0.14
mc_hara91: calls $0.14
*** SHOW DOWN ***
bigdudy666: shows [Ts Kd] (two pair, Kings and Tens)
mc_hara91: mucks hand 
bigdudy666 collected $0.55 from pot
*** SUMMARY ***
Total pot $0.57 | Rake $0.02 
Board [3c Kc 6s 7d Td]
Seat 2: beddy80 folded before Flop (didn't bet)
Seat 3: tutanpoker folded before Flop (didn't bet)
Seat 4: mc_hara91 (button) mucked [Kh Ad]
Seat 5: airdestiny (small blind) folded before Flop
Seat 6: bigdudy666 (big blind) showed [Ts Kd] and won ($0.55) with two pair, Kings and Tens
Seat 7: bser hase folded before Flop (didn't bet)
Seat 8: guiptit folded before Flop (didn't bet)
Seat 9: Dorex2007 folded before Flop (didn't bet)



PokerStars Hand #234487959406:  Hold'em No Limit ($0.01/$0.02 USD) - 2022/03/01 14:50:48 PT [2022/03/01 17:50:48 ET]
Table 'Swings II' 9-max Seat #5 is the button
Seat 2: beddy80 ($1.17 in chips) 
Seat 3: tutanpoker ($2.31 in chips) 
Seat 4: mc_hara91 ($0.79 in chips) 
Seat 5: airdestiny ($3.85 in chips) 
Seat 6: bigdudy666 ($1.48 in chips) 
Seat 7: bser hase ($1.41 in chips) 
Seat 8: guiptit ($3.93 in chips) 
Seat 9: Dorex2007 ($2.25 in chips) 
bigdudy666: posts small blind $0.01
bser hase: posts big blind $0.02
Sonyland: sits out 
*** HOLE CARDS ***
Dealt to Dorex2007 [Qc 3h]
guiptit: raises $0.05 to $0.07
Dorex2007: folds 
beddy80: folds 
tutanpoker: folds 
mc_hara91: calls $0.07
airdestiny: folds 
bigdudy666: folds 
bser hase: folds 
*** FLOP *** [5c Js 2c]
guiptit: bets $0.08
mc_hara91: folds 
Uncalled bet ($0.08) returned to guiptit
guiptit collected $0.16 from pot
guiptit: doesn't show hand 
*** SUMMARY ***
Total pot $0.17 | Rake $0.01 
Board [5c Js 2c]
Seat 2: beddy80 folded before Flop (didn't bet)
Seat 3: tutanpoker folded before Flop (didn't bet)
Seat 4: mc_hara91 folded on the Flop
Seat 5: airdestiny (button) folded before Flop (didn't bet)
Seat 6: bigdudy666 (small blind) folded before Flop
Seat 7: bser hase (big blind) folded before Flop
Seat 8: guiptit collected ($0.16)
Seat 9: Dorex2007 folded before Flop (didn't bet)



PokerStars Hand #234487971743:  Hold'em No Limit ($0.01/$0.02 USD) - 2022/03/01 14:51:19 PT [2022/03/01 17:51:19 ET]
Table 'Swings II' 9-max Seat #6 is the button
Seat 2: beddy80 ($1.17 in chips) 
Seat 3: tutanpoker ($2.31 in chips) 
Seat 4: mc_hara91 ($0.72 in chips) 
Seat 5: airdestiny ($3.85 in chips) 
Seat 6: bigdudy666 ($1.47 in chips) 
Seat 7: bser hase ($1.39 in chips) 
Seat 8: guiptit ($4.02 in chips) 
Seat 9: Dorex2007 ($2.25 in chips) 
bser hase: posts small blind $0.01
guiptit: posts big blind $0.02
Sonyland: sits out 
*** HOLE CARDS ***
Dealt to Dorex2007 [6s Ks]
Dorex2007: folds 
beddy80: folds 
tutanpoker: raises $0.05 to $0.07
mc_hara91: calls $0.07
airdestiny: folds 
bigdudy666: calls $0.07
bser hase: folds 
guiptit: folds 
*** FLOP *** [2c 8s 2h]
tutanpoker: bets $0.15
mc_hara91: folds 
bigdudy666: folds 
Uncalled bet ($0.15) returned to tutanpoker
tutanpoker collected $0.23 from pot
*** SUMMARY ***
Total pot $0.24 | Rake $0.01 
Board [2c 8s 2h]
Seat 2: beddy80 folded before Flop (didn't bet)
Seat 3: tutanpoker collected ($0.23)
Seat 4: mc_hara91 folded on the Flop
Seat 5: airdestiny folded before Flop (didn't bet)
Seat 6: bigdudy666 (button) folded on the Flop
Seat 7: bser hase (small blind) folded before Flop
Seat 8: guiptit (big blind) folded before Flop
Seat 9: Dorex2007 folded before Flop (didn't bet)



PokerStars Hand #234487985326:  Hold'em No Limit ($0.01/$0.02 USD) - 2022/03/01 14:51:53 PT [2022/03/01 17:51:53 ET]
Table 'Swings II' 9-max Seat #7 is the button
Seat 2: beddy80 ($1.17 in chips) 
Seat 3: tutanpoker ($2.47 in chips) 
Seat 4: mc_hara91 ($0.65 in chips) 
Seat 5: airdestiny ($3.85 in chips) 
Seat 6: bigdudy666 ($1.40 in chips) 
Seat 7: bser hase ($1.38 in chips) 
Seat 8: guiptit ($4 in chips) 
Seat 9: Dorex2007 ($2.25 in chips) 
guiptit: posts small blind $0.01
Dorex2007: posts big blind $0.02
Sonyland: sits out 
*** HOLE CARDS ***
Dealt to Dorex2007 [3h 5s]
beddy80: folds 
tutanpoker: folds 
mc_hara91: folds 
airdestiny: raises $0.06 to $0.08
bigdudy666: folds 
bser hase: calls $0.08
bigdudy666 leaves the table
guiptit: raises $3.92 to $4 and is all-in
Dorex2007: folds 
airdestiny: folds 
bser hase: folds 
Uncalled bet ($3.92) returned to guiptit
guiptit collected $0.26 from pot
guiptit: doesn't show hand 
*** SUMMARY ***
Total pot $0.26 | Rake $0 
Seat 2: beddy80 folded before Flop (didn't bet)
Seat 3: tutanpoker folded before Flop (didn't bet)
Seat 4: mc_hara91 folded before Flop (didn't bet)
Seat 5: airdestiny folded before Flop
Seat 6: bigdudy666 folded before Flop (didn't bet)
Seat 7: bser hase (button) folded before Flop
Seat 8: guiptit (small blind) collected ($0.26)
Seat 9: Dorex2007 (big blind) folded before Flop



PokerStars Hand #234487994943:  Hold'em No Limit ($0.01/$0.02 USD) - 2022/03/01 14:52:17 PT [2022/03/01 17:52:17 ET]
Table 'Swings II' 9-max Seat #8 is the button
Seat 1: Sonyland ($0.80 in chips) 
Seat 2: beddy80 ($1.17 in chips) 
Seat 3: tutanpoker ($2.47 in chips) 
Seat 4: mc_hara91 ($0.65 in chips) 
Seat 5: airdestiny ($3.77 in chips) 
Seat 7: bser hase ($1.30 in chips) 
Seat 8: guiptit ($4.18 in chips) 
Seat 9: Dorex2007 ($2.23 in chips) 
Dorex2007: posts small blind $0.01
Sonyland: posts big blind $0.02
*** HOLE CARDS ***
Dealt to Dorex2007 [7h 6h]
beddy80: folds 
tutanpoker: raises $0.04 to $0.06
Jacon2905 joins the table at seat #6 
mc_hara91: folds 
airdestiny: folds 
bser hase: calls $0.06
guiptit: folds 
Dorex2007: folds 
Sonyland: folds 
*** FLOP *** [Th Kc 3h]
tutanpoker: bets $0.08
bser hase: calls $0.08
*** TURN *** [Th Kc 3h] [5h]
tutanpoker: checks 
bser hase: bets $0.06
tutanpoker: folds 
Uncalled bet ($0.06) returned to bser hase
bser hase collected $0.30 from pot
bser hase: doesn't show hand 
*** SUMMARY ***
Total pot $0.31 | Rake $0.01 
Board [Th Kc 3h 5h]
Seat 1: Sonyland (big blind) folded before Flop
Seat 2: beddy80 folded before Flop (didn't bet)
Seat 3: tutanpoker folded on the Turn
Seat 4: mc_hara91 folded before Flop (didn't bet)
Seat 5: airdestiny folded before Flop (didn't bet)
Seat 7: bser hase collected ($0.30)
Seat 8: guiptit (button) folded before Flop (didn't bet)
Seat 9: Dorex2007 (small blind) folded before Flop



PokerStars Hand #234488019681:  Hold'em No Limit ($0.01/$0.02 USD) - 2022/03/01 14:53:18 PT [2022/03/01 17:53:18 ET]
Table 'Swings II' 9-max Seat #9 is the button
Seat 1: Sonyland ($0.80 in chips) 
Seat 2: beddy80 ($1.17 in chips) 
Seat 3: tutanpoker ($2.33 in chips) 
Seat 4: mc_hara91 ($0.65 in chips) 
Seat 5: airdestiny ($3.77 in chips) 
Seat 7: bser hase ($1.46 in chips) 
Seat 8: guiptit ($4.18 in chips) 
Seat 9: Dorex2007 ($2.22 in chips) 
Sonyland: posts small blind $0.01
beddy80: posts big blind $0.02
Jacon2905: sits out 
*** HOLE CARDS ***
Dealt to Dorex2007 [9s Tc]
tutanpoker: folds 
mc_hara91: calls $0.02
airdestiny: raises $0.08 to $0.10
bser hase: folds 
guiptit: folds 
Dorex2007: folds 
Sonyland: folds 
beddy80: folds 
mc_hara91: calls $0.08
*** FLOP *** [Js 6c 5h]
mc_hara91: checks 
airdestiny: bets $0.14
mc_hara91: folds 
Uncalled bet ($0.14) returned to airdestiny
airdestiny collected $0.22 from pot
airdestiny: doesn't show hand 
*** SUMMARY ***
Total pot $0.23 | Rake $0.01 
Board [Js 6c 5h]
Seat 1: Sonyland (small blind) folded before Flop
Seat 2: beddy80 (big blind) folded before Flop
Seat 3: tutanpoker folded before Flop (didn't bet)
Seat 4: mc_hara91 folded on the Flop
Seat 5: airdestiny collected ($0.22)
Seat 7: bser hase folded before Flop (didn't bet)
Seat 8: guiptit folded before Flop (didn't bet)
Seat 9: Dorex2007 (button) folded before Flop (didn't bet)



PokerStars Hand #234488036800:  Hold'em No Limit ($0.01/$0.02 USD) - 2022/03/01 14:54:00 PT [2022/03/01 17:54:00 ET]
Table 'Swings II' 9-max Seat #1 is the button
Seat 1: Sonyland ($0.80 in chips) 
Seat 2: beddy80 ($1.15 in chips) 
Seat 3: tutanpoker ($2.33 in chips) 
Seat 4: mc_hara91 ($0.55 in chips) 
Seat 5: airdestiny ($3.89 in chips) 
Seat 7: bser hase ($1.46 in chips) 
Seat 8: guiptit ($4.18 in chips) 
Seat 9: Dorex2007 ($2.22 in chips) 
beddy80: posts small blind $0.01
tutanpoker: posts big blind $0.02
Jacon2905: sits out 
*** HOLE CARDS ***
Dealt to Dorex2007 [8d 7h]
mc_hara91: calls $0.02
airdestiny: folds 
bser hase: raises $0.02 to $0.04
guiptit: raises $0.13 to $0.17
Dorex2007: folds 
Sonyland: folds 
beddy80: folds 
tutanpoker: folds 
mc_hara91: folds 
bser hase: calls $0.13
*** FLOP *** [Ts 9s Ad]
bser hase: checks 
guiptit: checks 
*** TURN *** [Ts 9s Ad] [5d]
bser hase: bets $0.06
guiptit: raises $0.06 to $0.12
bser hase: calls $0.06
*** RIVER *** [Ts 9s Ad 5d] [9h]
bser hase: bets $0.30
guiptit: raises $0.30 to $0.60
bser hase: calls $0.30
*** SHOW DOWN ***
guiptit: shows [Ks Qs] (a pair of Nines)
bser hase: shows [Th Ac] (two pair, Aces and Tens)
bser hase collected $1.75 from pot
*** SUMMARY ***
Total pot $1.83 | Rake $0.08 
Board [Ts 9s Ad 5d 9h]
Seat 1: Sonyland (button) folded before Flop (didn't bet)
Seat 2: beddy80 (small blind) folded before Flop
Seat 3: tutanpoker (big blind) folded before Flop
Seat 4: mc_hara91 folded before Flop
Seat 5: airdestiny folded before Flop (didn't bet)
Seat 7: bser hase showed [Th Ac] and won ($1.75) with two pair, Aces and Tens
Seat 8: guiptit showed [Ks Qs] and lost with a pair of Nines
Seat 9: Dorex2007 folded before Flop (didn't bet)



PokerStars Hand #234488071295:  Hold'em No Limit ($0.01/$0.02 USD) - 2022/03/01 14:55:34 PT [2022/03/01 17:55:34 ET]
Table 'Swings II' 9-max Seat #2 is the button
Seat 1: Sonyland ($0.80 in chips) 
Seat 2: beddy80 ($1.14 in chips) 
Seat 3: tutanpoker ($2.31 in chips) 
Seat 4: mc_hara91 ($0.53 in chips) 
Seat 5: airdestiny ($3.89 in chips) 
Seat 7: bser hase ($2.32 in chips) 
Seat 8: guiptit ($3.29 in chips) 
Seat 9: Dorex2007 ($2.22 in chips) 
tutanpoker: posts small blind $0.01
mc_hara91: posts big blind $0.02
Jacon2905: sits out 
*** HOLE CARDS ***
Dealt to Dorex2007 [2s 9d]
airdestiny: raises $0.06 to $0.08
bser hase: calls $0.08
guiptit: raises $3.21 to $3.29 and is all-in
Dorex2007: folds 
Sonyland: folds 
beddy80: folds 
tutanpoker: folds 
mc_hara91: folds 
airdestiny: folds 
bser hase: folds 
Uncalled bet ($3.21) returned to guiptit
guiptit collected $0.27 from pot
guiptit: doesn't show hand 
*** SUMMARY ***
Total pot $0.27 | Rake $0 
Seat 1: Sonyland folded before Flop (didn't bet)
Seat 2: beddy80 (button) folded before Flop (didn't bet)
Seat 3: tutanpoker (small blind) folded before Flop
Seat 4: mc_hara91 (big blind) folded before Flop
Seat 5: airdestiny folded before Flop
Seat 7: bser hase folded before Flop
Seat 8: guiptit collected ($0.27)
Seat 9: Dorex2007 folded before Flop (didn't bet)



PokerStars Hand #234488081512:  Hold'em No Limit ($0.01/$0.02 USD) - 2022/03/01 14:56:07 PT [2022/03/01 17:56:07 ET]
Table 'Swings II' 9-max Seat #3 is the button
Seat 1: Sonyland ($0.80 in chips) 
Seat 2: beddy80 ($1.14 in chips) 
Seat 3: tutanpoker ($2.30 in chips) 
Seat 4: mc_hara91 ($0.51 in chips) 
Seat 5: airdestiny ($3.81 in chips) 
Seat 7: bser hase ($2.24 in chips) 
Seat 8: guiptit ($3.48 in chips) 
Seat 9: Dorex2007 ($2.22 in chips) 
mc_hara91: posts small blind $0.01
airdestiny: posts big blind $0.02
Jacon2905: sits out 
*** HOLE CARDS ***
Dealt to Dorex2007 [2h Kc]
bser hase: calls $0.02
guiptit: folds 
Dorex2007: folds 
Sonyland: folds 
beddy80: folds 
tutanpoker: folds 
mc_hara91: calls $0.01
airdestiny: raises $0.08 to $0.10
bser hase: calls $0.08
mc_hara91: folds 
*** FLOP *** [4c Ks 9s]
airdestiny: checks 
bser hase: bets $0.04
airdestiny: folds 
Uncalled bet ($0.04) returned to bser hase
bser hase collected $0.21 from pot
bser hase: doesn't show hand 
*** SUMMARY ***
Total pot $0.22 | Rake $0.01 
Board [4c Ks 9s]
Seat 1: Sonyland folded before Flop (didn't bet)
Seat 2: beddy80 folded before Flop (didn't bet)
Seat 3: tutanpoker (button) folded before Flop (didn't bet)
Seat 4: mc_hara91 (small blind) folded before Flop
Seat 5: airdestiny (big blind) folded on the Flop
Seat 7: bser hase collected ($0.21)
Seat 8: guiptit folded before Flop (didn't bet)
Seat 9: Dorex2007 folded before Flop (didn't bet)



PokerStars Hand #234488094783:  Hold'em No Limit ($0.01/$0.02 USD) - 2022/03/01 14:56:42 PT [2022/03/01 17:56:42 ET]
Table 'Swings II' 9-max Seat #4 is the button
Seat 1: Sonyland ($0.80 in chips) 
Seat 2: beddy80 ($1.14 in chips) 
Seat 3: tutanpoker ($2.30 in chips) 
Seat 4: mc_hara91 ($0.49 in chips) 
Seat 5: airdestiny ($3.71 in chips) 
Seat 6: Jacon2905 ($1.60 in chips) 
Seat 7: bser hase ($2.35 in chips) 
Seat 8: guiptit ($3.48 in chips) 
Seat 9: Dorex2007 ($2.22 in chips) 
airdestiny: posts small blind $0.01
Jacon2905: posts big blind $0.02
*** HOLE CARDS ***
Dealt to Dorex2007 [Kd Jc]
bser hase: calls $0.02
guiptit: raises $0.02 to $0.04
Dorex2007: folds 
Sonyland: calls $0.04
beddy80: folds 
tutanpoker: calls $0.04
mc_hara91: raises $0.06 to $0.10
airdestiny: folds 
Jacon2905: folds 
bser hase: calls $0.08
guiptit: calls $0.06
Sonyland: calls $0.06
tutanpoker: calls $0.06
*** FLOP *** [Js Jd Qc]
bser hase: checks 
guiptit: checks 
Sonyland: checks 
tutanpoker: checks 
mc_hara91: bets $0.39 and is all-in
bser hase: folds 
guiptit: raises $2.99 to $3.38 and is all-in
Sonyland: calls $0.70 and is all-in
tutanpoker: folds 
Uncalled bet ($2.68) returned to guiptit
*** TURN *** [Js Jd Qc] [5s]
*** RIVER *** [Js Jd Qc 5s] [2c]
*** SHOW DOWN ***
guiptit: shows [7h Jh] (three of a kind, Jacks)
Sonyland: shows [Qh Kc] (two pair, Queens and Jacks)
guiptit collected $0.60 from side pot
mc_hara91: shows [Ks As] (a pair of Jacks)
guiptit collected $1.64 from main pot
Sonyland cashed out the hand for $0.23
*** SUMMARY ***
Total pot $2.32 Main pot $1.64. Side pot $0.60. | Rake $0.08 
Board [Js Jd Qc 5s 2c]
Seat 1: Sonyland showed [Qh Kc] and lost with two pair, Queens and Jacks (cashed out).
Seat 2: beddy80 folded before Flop (didn't bet)
Seat 3: tutanpoker folded on the Flop
Seat 4: mc_hara91 (button) showed [Ks As] and lost with a pair of Jacks
Seat 5: airdestiny (small blind) folded before Flop
Seat 6: Jacon2905 (big blind) folded before Flop
Seat 7: bser hase folded on the Flop
Seat 8: guiptit showed [7h Jh] and won ($2.24) with three of a kind, Jacks
Seat 9: Dorex2007 folded before Flop (didn't bet)



PokerStars Hand #234488130528:  Hold'em No Limit ($0.01/$0.02 USD) - 2022/03/01 14:58:38 PT [2022/03/01 17:58:38 ET]
Table 'Swings II' 9-max Seat #5 is the button
Seat 1: Sonyland ($0.80 in chips) 
Seat 2: beddy80 ($1.14 in chips) 
Seat 3: tutanpoker ($2.20 in chips) 
Seat 5: airdestiny ($3.70 in chips) 
Seat 6: Jacon2905 ($1.58 in chips) 
Seat 8: guiptit ($4.92 in chips) 
Seat 9: Dorex2007 ($2.22 in chips) 
Jacon2905: posts small blind $0.01
guiptit: posts big blind $0.02
*** HOLE CARDS ***
Dealt to Dorex2007 [7d Kc]
Dorex2007: folds 
mc_hara91 leaves the table
Sonyland: folds 
beddy80: folds 
tutanpoker: folds 
airdestiny: raises $0.06 to $0.08
Jacon2905: folds 
guiptit: folds 
Uncalled bet ($0.06) returned to airdestiny
airdestiny collected $0.05 from pot
airdestiny: doesn't show hand 
*** SUMMARY ***
Total pot $0.05 | Rake $0 
Seat 1: Sonyland folded before Flop (didn't bet)
Seat 2: beddy80 folded before Flop (didn't bet)
Seat 3: tutanpoker folded before Flop (didn't bet)
Seat 5: airdestiny (button) collected ($0.05)
Seat 6: Jacon2905 (small blind) folded before Flop
Seat 8: guiptit (big blind) folded before Flop
Seat 9: Dorex2007 folded before Flop (didn't bet)



PokerStars Hand #234488137764:  Hold'em No Limit ($0.01/$0.02 USD) - 2022/03/01 14:59:02 PT [2022/03/01 17:59:02 ET]
Table 'Swings II' 9-max Seat #6 is the button
Seat 1: Sonyland ($0.80 in chips) 
Seat 2: beddy80 ($1.14 in chips) 
Seat 3: tutanpoker ($2.20 in chips) 
Seat 5: airdestiny ($3.73 in chips) 
Seat 6: Jacon2905 ($1.57 in chips) 
Seat 8: guiptit ($4.90 in chips) 
Seat 9: Dorex2007 ($2.22 in chips) 
guiptit: posts small blind $0.01
Dorex2007: posts big blind $0.02
*** HOLE CARDS ***
Dealt to Dorex2007 [Js Ah]
Sonyland: folds 
beddy80: folds 
Pepono101 joins the table at seat #4 
bser hase leaves the table
tutanpoker: folds 
airdestiny: raises $0.06 to $0.08
indie_max joins the table at seat #7 
Jacon2905: folds 
guiptit: folds 
Dorex2007: calls $0.06
*** FLOP *** [3s 8c 7c]
Dorex2007: checks 
airdestiny: checks 
*** TURN *** [3s 8c 7c] [7s]
Dorex2007: checks 
airdestiny: checks 
*** RIVER *** [3s 8c 7c 7s] [2c]
Dorex2007: bets $0.11
airdestiny: folds 
Uncalled bet ($0.11) returned to Dorex2007
Dorex2007 collected $0.16 from pot
Dorex2007: doesn't show hand 
*** SUMMARY ***
Total pot $0.17 | Rake $0.01 
Board [3s 8c 7c 7s 2c]
Seat 1: Sonyland folded before Flop (didn't bet)
Seat 2: beddy80 folded before Flop (didn't bet)
Seat 3: tutanpoker folded before Flop (didn't bet)
Seat 5: airdestiny folded on the River
Seat 6: Jacon2905 (button) folded before Flop (didn't bet)
Seat 8: guiptit (small blind) folded before Flop
Seat 9: Dorex2007 (big blind) collected ($0.16)



PokerStars Hand #234488147099:  Hold'em No Limit ($0.01/$0.02 USD) - 2022/03/01 14:59:33 PT [2022/03/01 17:59:33 ET]
Table 'Swings II' 9-max Seat #8 is the button
Seat 1: Sonyland ($0.80 in chips) 
Seat 2: beddy80 ($1.14 in chips) 
Seat 3: tutanpoker ($2.20 in chips) 
Seat 5: airdestiny ($3.65 in chips) 
Seat 6: Jacon2905 ($1.57 in chips) 
Seat 8: guiptit ($4.89 in chips) 
Seat 9: Dorex2007 ($2.30 in chips) 
Dorex2007: posts small blind $0.01
Sonyland: posts big blind $0.02
Pepono101: sits out 
indie_max: sits out 
*** HOLE CARDS ***
Dealt to Dorex2007 [As 3h]
beddy80: raises $0.04 to $0.06
tutanpoker: folds 
airdestiny: folds 
Jacon2905: calls $0.06
guiptit: folds 
Dorex2007: folds 
Sonyland: calls $0.04
*** FLOP *** [Ac Qs 2h]
Sonyland: checks 
beddy80: bets $0.09
Jacon2905: folds 
Sonyland: folds 
Uncalled bet ($0.09) returned to beddy80
beddy80 collected $0.18 from pot
beddy80: doesn't show hand 
*** SUMMARY ***
Total pot $0.19 | Rake $0.01 
Board [Ac Qs 2h]
Seat 1: Sonyland (big blind) folded on the Flop
Seat 2: beddy80 collected ($0.18)
Seat 3: tutanpoker folded before Flop (didn't bet)
Seat 5: airdestiny folded before Flop (didn't bet)
Seat 6: Jacon2905 folded on the Flop
Seat 8: guiptit (button) folded before Flop (didn't bet)
Seat 9: Dorex2007 (small blind) folded before Flop



PokerStars Hand #234488156612:  Hold'em No Limit ($0.01/$0.02 USD) - 2022/03/01 15:00:04 PT [2022/03/01 18:00:04 ET]
Table 'Swings II' 9-max Seat #9 is the button
Seat 1: Sonyland ($0.80 in chips) 
Seat 2: beddy80 ($1.26 in chips) 
Seat 3: tutanpoker ($2.20 in chips) 
Seat 4: Pepono101 ($2 in chips) 
Seat 5: airdestiny ($3.65 in chips) 
Seat 6: Jacon2905 ($1.51 in chips) 
Seat 8: guiptit ($4.89 in chips) 
Seat 9: Dorex2007 ($2.29 in chips) 
Sonyland: posts small blind $0.01
beddy80: posts big blind $0.02
Pepono101: posts big blind $0.02
indie_max: sits out 
*** HOLE CARDS ***
Dealt to Dorex2007 [Kh Kc]
tutanpoker: folds 
Pepono101: checks 
airdestiny: calls $0.02
Jacon2905: folds 
guiptit: calls $0.02
Dorex2007: raises $0.12 to $0.14
Sonyland: folds 
beddy80: folds 
Pepono101: folds 
airdestiny: folds 
guiptit: calls $0.12
*** FLOP *** [4d 4s 2h]
guiptit: bets $0.17
Dorex2007: raises $0.68 to $0.85
guiptit: folds 
Uncalled bet ($0.68) returned to Dorex2007
Dorex2007 collected $0.67 from pot
Dorex2007: doesn't show hand 
*** SUMMARY ***
Total pot $0.69 | Rake $0.02 
Board [4d 4s 2h]
Seat 1: Sonyland (small blind) folded before Flop
Seat 2: beddy80 (big blind) folded before Flop
Seat 3: tutanpoker folded before Flop (didn't bet)
Seat 4: Pepono101 folded before Flop (didn't bet)
Seat 5: airdestiny folded before Flop
Seat 6: Jacon2905 folded before Flop (didn't bet)
Seat 8: guiptit folded on the Flop
Seat 9: Dorex2007 (button) collected ($0.67)



PokerStars Hand #234488169587:  Hold'em No Limit ($0.01/$0.02 USD) - 2022/03/01 15:00:44 PT [2022/03/01 18:00:44 ET]
Table 'Swings II' 9-max Seat #1 is the button
Seat 1: Sonyland ($0.80 in chips) 
Seat 2: beddy80 ($1.24 in chips) 
Seat 3: tutanpoker ($2.20 in chips) 
Seat 4: Pepono101 ($1.98 in chips) 
Seat 5: airdestiny ($3.63 in chips) 
Seat 6: Jacon2905 ($1.51 in chips) 
Seat 8: guiptit ($4.58 in chips) 
Seat 9: Dorex2007 ($2.65 in chips) 
beddy80: posts small blind $0.01
tutanpoker: posts big blind $0.02
indie_max: sits out 
*** HOLE CARDS ***
Dealt to Dorex2007 [7d 7h]
Pepono101: folds 
airdestiny: folds 
Jacon2905: folds 
guiptit: folds 
Dorex2007: raises $0.02 to $0.04
Sonyland: folds 
beddy80: folds 
tutanpoker: calls $0.02
*** FLOP *** [5c 3c 9d]
tutanpoker: checks 
Dorex2007: bets $0.09
tutanpoker: folds 
Uncalled bet ($0.09) returned to Dorex2007
Dorex2007 collected $0.09 from pot
Dorex2007: doesn't show hand 
*** SUMMARY ***
Total pot $0.09 | Rake $0 
Board [5c 3c 9d]
Seat 1: Sonyland (button) folded before Flop (didn't bet)
Seat 2: beddy80 (small blind) folded before Flop
Seat 3: tutanpoker (big blind) folded on the Flop
Seat 4: Pepono101 folded before Flop (didn't bet)
Seat 5: airdestiny folded before Flop (didn't bet)
Seat 6: Jacon2905 folded before Flop (didn't bet)
Seat 8: guiptit folded before Flop (didn't bet)
Seat 9: Dorex2007 collected ($0.09)



PokerStars Hand #234488183985:  Hold'em No Limit ($0.01/$0.02 USD) - 2022/03/01 15:01:24 PT [2022/03/01 18:01:24 ET]
Table 'Swings II' 9-max Seat #2 is the button
Seat 1: Sonyland ($0.80 in chips) 
Seat 2: beddy80 ($1.23 in chips) 
Seat 3: tutanpoker ($2.16 in chips) 
Seat 4: Pepono101 ($1.98 in chips) 
Seat 5: airdestiny ($3.63 in chips) 
Seat 6: Jacon2905 ($1.51 in chips) 
Seat 8: guiptit ($4.58 in chips) 
Seat 9: Dorex2007 ($2.70 in chips) 
tutanpoker: posts small blind $0.01
Pepono101: posts big blind $0.02
indie_max: sits out 
*** HOLE CARDS ***
Dealt to Dorex2007 [Qs 2c]
airdestiny: folds 
airdestiny leaves the table
Jacon2905: folds 
guiptit: raises $0.04 to $0.06
Dorex2007: folds 
Sonyland: folds 
beddy80: folds 
tutanpoker: folds 
Yuri Colmerauer joins the table at seat #5 
Pepono101: calls $0.04
*** FLOP *** [4c Ks 2s]
Pepono101: checks 
guiptit: bets $0.06
Pepono101: calls $0.06
*** TURN *** [4c Ks 2s] [8s]
Pepono101: checks 
guiptit: bets $0.12
Pepono101: folds 
Uncalled bet ($0.12) returned to guiptit
guiptit collected $0.24 from pot
guiptit: doesn't show hand 
*** SUMMARY ***
Total pot $0.25 | Rake $0.01 
Board [4c Ks 2s 8s]
Seat 1: Sonyland folded before Flop (didn't bet)
Seat 2: beddy80 (button) folded before Flop (didn't bet)
Seat 3: tutanpoker (small blind) folded before Flop
Seat 4: Pepono101 (big blind) folded on the Turn
Seat 5: airdestiny folded before Flop (didn't bet)
Seat 6: Jacon2905 folded before Flop (didn't bet)
Seat 8: guiptit collected ($0.24)
Seat 9: Dorex2007 folded before Flop (didn't bet)



PokerStars Hand #234488203015:  Hold'em No Limit ($0.01/$0.02 USD) - 2022/03/01 15:02:15 PT [2022/03/01 18:02:15 ET]
Table 'Swings II' 9-max Seat #3 is the button
Seat 1: Sonyland ($0.80 in chips) 
Seat 2: beddy80 ($1.23 in chips) 
Seat 3: tutanpoker ($2.15 in chips) 
Seat 4: Pepono101 ($1.86 in chips) 
Seat 5: Yuri Colmerauer ($2 in chips) 
Seat 6: Jacon2905 ($1.51 in chips) 
Seat 8: guiptit ($4.70 in chips) 
Seat 9: Dorex2007 ($2.70 in chips) 
Pepono101: posts small blind $0.01
Yuri Colmerauer: posts big blind $0.02
indie_max: sits out 
*** HOLE CARDS ***
Dealt to Dorex2007 [Qh 2s]
Jacon2905: folds 
guiptit: folds 
Dorex2007: folds 
Sonyland: folds 
beddy80: folds 
tutanpoker: folds 
Pepono101: calls $0.01
Yuri Colmerauer: checks 
*** FLOP *** [Ad Jc 8d]
Pepono101: checks 
Yuri Colmerauer: checks 
*** TURN *** [Ad Jc 8d] [4d]
Pepono101: checks 
Yuri Colmerauer: checks 
*** RIVER *** [Ad Jc 8d 4d] [Qc]
Pepono101: checks 
Yuri Colmerauer: checks 
*** SHOW DOWN ***
Pepono101: shows [7s Qd] (a pair of Queens)
Yuri Colmerauer: mucks hand 
Pepono101 collected $0.04 from pot
*** SUMMARY ***
Total pot $0.04 | Rake $0 
Board [Ad Jc 8d 4d Qc]
Seat 1: Sonyland folded before Flop (didn't bet)
Seat 2: beddy80 folded before Flop (didn't bet)
Seat 3: tutanpoker (button) folded before Flop (didn't bet)
Seat 4: Pepono101 (small blind) showed [7s Qd] and won ($0.04) with a pair of Queens
Seat 5: Yuri Colmerauer (big blind) mucked [3s Js]
Seat 6: Jacon2905 folded before Flop (didn't bet)
Seat 8: guiptit folded before Flop (didn't bet)
Seat 9: Dorex2007 folded before Flop (didn't bet)



PokerStars Hand #234488217542:  Hold'em No Limit ($0.01/$0.02 USD) - 2022/03/01 15:02:53 PT [2022/03/01 18:02:53 ET]
Table 'Swings II' 9-max Seat #4 is the button
Seat 1: Sonyland ($0.80 in chips) 
Seat 2: beddy80 ($1.23 in chips) 
Seat 3: tutanpoker ($2.15 in chips) 
Seat 4: Pepono101 ($1.88 in chips) 
Seat 5: Yuri Colmerauer ($2 in chips) 
Seat 6: Jacon2905 ($1.51 in chips) 
Seat 8: guiptit ($4.70 in chips) 
Seat 9: Dorex2007 ($2.70 in chips) 
Yuri Colmerauer: posts small blind $0.01
Jacon2905: posts big blind $0.02
indie_max: sits out 
*** HOLE CARDS ***
Dealt to Dorex2007 [Ts 3d]
guiptit: folds 
Dorex2007: folds 
Sonyland: folds 
beddy80: folds 
tutanpoker: folds 
Pepono101: folds 
Yuri Colmerauer: raises $0.06 to $0.08
Jacon2905: folds 
Uncalled bet ($0.06) returned to Yuri Colmerauer
Yuri Colmerauer collected $0.04 from pot
Yuri Colmerauer: doesn't show hand 
*** SUMMARY ***
Total pot $0.04 | Rake $0 
Seat 1: Sonyland folded before Flop (didn't bet)
Seat 2: beddy80 folded before Flop (didn't bet)
Seat 3: tutanpoker folded before Flop (didn't bet)
Seat 4: Pepono101 (button) folded before Flop (didn't bet)
Seat 5: Yuri Colmerauer (small blind) collected ($0.04)
Seat 6: Jacon2905 (big blind) folded before Flop
Seat 8: guiptit folded before Flop (didn't bet)
Seat 9: Dorex2007 folded before Flop (didn't bet)



PokerStars Hand #234488224943:  Hold'em No Limit ($0.01/$0.02 USD) - 2022/03/01 15:03:12 PT [2022/03/01 18:03:12 ET]
Table 'Swings II' 9-max Seat #5 is the button
Seat 1: Sonyland ($0.80 in chips) 
Seat 2: beddy80 ($1.23 in chips) 
Seat 3: tutanpoker ($2.15 in chips) 
Seat 4: Pepono101 ($1.88 in chips) 
Seat 5: Yuri Colmerauer ($2.02 in chips) 
Seat 6: Jacon2905 ($1.49 in chips) 
Seat 7: indie_max ($6.67 in chips) 
Seat 8: guiptit ($4.70 in chips) 
Seat 9: Dorex2007 ($2.70 in chips) 
Jacon2905: posts small blind $0.01
indie_max: posts big blind $0.02
*** HOLE CARDS ***
Dealt to Dorex2007 [3s 4c]
guiptit has timed out
guiptit: folds 
Dorex2007: folds 
Sonyland: folds 
beddy80: folds 
tutanpoker: folds 
Pepono101: folds 
Yuri Colmerauer: raises $0.04 to $0.06
Jacon2905: calls $0.05
indie_max: folds 
*** FLOP *** [Th 4s As]
Jacon2905: checks 
Yuri Colmerauer: bets $0.07
Jacon2905: raises $0.13 to $0.20
Yuri Colmerauer: folds 
Uncalled bet ($0.13) returned to Jacon2905
Jacon2905 collected $0.27 from pot
Jacon2905: doesn't show hand 
*** SUMMARY ***
Total pot $0.28 | Rake $0.01 
Board [Th 4s As]
Seat 1: Sonyland folded before Flop (didn't bet)
Seat 2: beddy80 folded before Flop (didn't bet)
Seat 3: tutanpoker folded before Flop (didn't bet)
Seat 4: Pepono101 folded before Flop (didn't bet)
Seat 5: Yuri Colmerauer (button) folded on the Flop
Seat 6: Jacon2905 (small blind) collected ($0.27)
Seat 7: indie_max (big blind) folded before Flop
Seat 8: guiptit folded before Flop (didn't bet)
Seat 9: Dorex2007 folded before Flop (didn't bet)



PokerStars Hand #234488238187:  Hold'em No Limit ($0.01/$0.02 USD) - 2022/03/01 15:03:47 PT [2022/03/01 18:03:47 ET]
Table 'Swings II' 9-max Seat #6 is the button
Seat 1: Sonyland ($0.80 in chips) 
Seat 2: beddy80 ($1.23 in chips) 
Seat 3: tutanpoker ($2.15 in chips) 
Seat 4: Pepono101 ($1.88 in chips) 
Seat 5: Yuri Colmerauer ($2 in chips) 
Seat 6: Jacon2905 ($1.63 in chips) 
Seat 7: indie_max ($6.65 in chips) 
Seat 8: guiptit ($4.70 in chips) 
Seat 9: Dorex2007 ($2.70 in chips) 
indie_max: posts small blind $0.01
guiptit: posts big blind $0.02
*** HOLE CARDS ***
Dealt to Dorex2007 [Th 2d]
Dorex2007: folds 
Sonyland: raises $0.04 to $0.06
beddy80: folds 
tutanpoker: folds 
Pepono101: calls $0.06
Yuri Colmerauer: folds 
Jacon2905: folds 
indie_max: folds 
guiptit: folds 
*** FLOP *** [Ts 4h 5d]
Sonyland: checks 
Pepono101: checks 
*** TURN *** [Ts 4h 5d] [3d]
Sonyland: checks 
Pepono101: checks 
*** RIVER *** [Ts 4h 5d 3d] [4d]
beddy80 leaves the table
Sonyland: checks 
Pepono101: bets $0.18
Sonyland: calls $0.18
*** SHOW DOWN ***
Pepono101: shows [8s 9s] (a pair of Fours)
Sonyland: shows [Qd Ah] (a pair of Fours - Ace kicker)
Sonyland collected $0.49 from pot
*** SUMMARY ***
Total pot $0.51 | Rake $0.02 
Board [Ts 4h 5d 3d 4d]
Seat 1: Sonyland showed [Qd Ah] and won ($0.49) with a pair of Fours
Seat 2: beddy80 folded before Flop (didn't bet)
Seat 3: tutanpoker folded before Flop (didn't bet)
Seat 4: Pepono101 showed [8s 9s] and lost with a pair of Fours
Seat 5: Yuri Colmerauer folded before Flop (didn't bet)
Seat 6: Jacon2905 (button) folded before Flop (didn't bet)
Seat 7: indie_max (small blind) folded before Flop
Seat 8: guiptit (big blind) folded before Flop
Seat 9: Dorex2007 folded before Flop (didn't bet)



PokerStars Hand #234488255530:  Hold'em No Limit ($0.01/$0.02 USD) - 2022/03/01 15:04:32 PT [2022/03/01 18:04:32 ET]
Table 'Swings II' 9-max Seat #7 is the button
Seat 1: Sonyland ($1.05 in chips) 
Seat 3: tutanpoker ($2.15 in chips) 
Seat 4: Pepono101 ($1.64 in chips) 
Seat 5: Yuri Colmerauer ($2 in chips) 
Seat 6: Jacon2905 ($1.63 in chips) 
Seat 7: indie_max ($6.64 in chips) 
Seat 8: guiptit ($4.68 in chips) 
Seat 9: Dorex2007 ($2.70 in chips) 
guiptit: posts small blind $0.01
Dorex2007: posts big blind $0.02
*** HOLE CARDS ***
Dealt to Dorex2007 [3d 2s]
Sonyland: folds 
schani11 joins the table at seat #2 
tutanpoker: raises $0.04 to $0.06
Pepono101: folds 
Yuri Colmerauer: folds 
Jacon2905: folds 
indie_max: calls $0.06
guiptit: calls $0.05
Dorex2007: folds 
*** FLOP *** [As 5s Jh]
guiptit: checks 
tutanpoker: checks 
indie_max: checks 
*** TURN *** [As 5s Jh] [Ah]
guiptit: bets $0.02
tutanpoker: calls $0.02
indie_max: calls $0.02
*** RIVER *** [As 5s Jh Ah] [6s]
guiptit: checks 
tutanpoker: checks 
indie_max: checks 
*** SHOW DOWN ***
guiptit: shows [9c Kh] (a pair of Aces)
tutanpoker: shows [2c 2h] (two pair, Aces and Deuces)
indie_max: shows [Tc Td] (two pair, Aces and Tens)
indie_max collected $0.25 from pot
*** SUMMARY ***
Total pot $0.26 | Rake $0.01 
Board [As 5s Jh Ah 6s]
Seat 1: Sonyland folded before Flop (didn't bet)
Seat 3: tutanpoker showed [2c 2h] and lost with two pair, Aces and Deuces
Seat 4: Pepono101 folded before Flop (didn't bet)
Seat 5: Yuri Colmerauer folded before Flop (didn't bet)
Seat 6: Jacon2905 folded before Flop (didn't bet)
Seat 7: indie_max (button) showed [Tc Td] and won ($0.25) with two pair, Aces and Tens
Seat 8: guiptit (small blind) showed [9c Kh] and lost with a pair of Aces
Seat 9: Dorex2007 (big blind) folded before Flop



PokerStars Hand #234488279355:  Hold'em No Limit ($0.01/$0.02 USD) - 2022/03/01 15:05:34 PT [2022/03/01 18:05:34 ET]
Table 'Swings II' 9-max Seat #8 is the button
Seat 1: Sonyland ($1.05 in chips) 
Seat 3: tutanpoker ($2.07 in chips) 
Seat 4: Pepono101 ($1.64 in chips) 
Seat 5: Yuri Colmerauer ($2 in chips) 
Seat 6: Jacon2905 ($1.63 in chips) 
Seat 7: indie_max ($6.81 in chips) 
Seat 8: guiptit ($4.60 in chips) 
Seat 9: Dorex2007 ($2.68 in chips) 
Dorex2007: posts small blind $0.01
Sonyland: posts big blind $0.02
schani11: sits out 
*** HOLE CARDS ***
Dealt to Dorex2007 [9d Ad]
tutanpoker: calls $0.02
Pepono101: folds 
Yuri Colmerauer: folds 
Jacon2905: folds 
indie_max: folds 
guiptit: calls $0.02
Dorex2007: calls $0.01
Sonyland: raises $0.06 to $0.08
tutanpoker: calls $0.06
guiptit: folds 
Dorex2007: calls $0.06
*** FLOP *** [5h Ac 6d]
Dorex2007: checks 
Sonyland: checks 
tutanpoker: checks 
*** TURN *** [5h Ac 6d] [3d]
Dorex2007: bets $0.17
Sonyland: folds 
tutanpoker: calls $0.17
*** RIVER *** [5h Ac 6d 3d] [3c]
Dorex2007: bets $0.29
tutanpoker: raises $0.71 to $1
Dorex2007: folds 
Uncalled bet ($0.71) returned to tutanpoker
tutanpoker collected $1.14 from pot
*** SUMMARY ***
Total pot $1.18 | Rake $0.04 
Board [5h Ac 6d 3d 3c]
Seat 1: Sonyland (big blind) folded on the Turn
Seat 3: tutanpoker collected ($1.14)
Seat 4: Pepono101 folded before Flop (didn't bet)
Seat 5: Yuri Colmerauer folded before Flop (didn't bet)
Seat 6: Jacon2905 folded before Flop (didn't bet)
Seat 7: indie_max folded before Flop (didn't bet)
Seat 8: guiptit (button) folded before Flop
Seat 9: Dorex2007 (small blind) folded on the River



PokerStars Hand #234488313313:  Hold'em No Limit ($0.01/$0.02 USD) - 2022/03/01 15:07:03 PT [2022/03/01 18:07:03 ET]
Table 'Swings II' 9-max Seat #9 is the button
Seat 1: Sonyland ($0.97 in chips) 
Seat 2: schani11 ($1.60 in chips) 
Seat 3: tutanpoker ($2.67 in chips) 
Seat 4: Pepono101 ($1.64 in chips) 
Seat 5: Yuri Colmerauer ($2 in chips) 
Seat 6: Jacon2905 ($1.63 in chips) 
Seat 7: indie_max ($6.81 in chips) 
Seat 8: guiptit ($4.58 in chips) 
Seat 9: Dorex2007 ($2.14 in chips) 
Sonyland: posts small blind $0.01
schani11: posts big blind $0.02
*** HOLE CARDS ***
Dealt to Dorex2007 [8h 5d]
tutanpoker: folds 
Pepono101: folds 
Yuri Colmerauer: folds 
Jacon2905: folds 
indie_max: calls $0.02
guiptit is disconnected 
guiptit has timed out while being disconnected
guiptit: folds 
Dorex2007: folds 
Sonyland: folds 
schani11: checks 
*** FLOP *** [8d Ah 7s]
schani11: checks 
indie_max: checks 
*** TURN *** [8d Ah 7s] [Qc]
schani11: checks 
indie_max: checks 
*** RIVER *** [8d Ah 7s Qc] [4c]
schani11: checks 
indie_max: checks 
*** SHOW DOWN ***
schani11: shows [Ts Jh] (high card Ace)
indie_max: shows [2h 2c] (a pair of Deuces)
indie_max collected $0.05 from pot
*** SUMMARY ***
Total pot $0.05 | Rake $0 
Board [8d Ah 7s Qc 4c]
Seat 1: Sonyland (small blind) folded before Flop
Seat 2: schani11 (big blind) showed [Ts Jh] and lost with high card Ace
Seat 3: tutanpoker folded before Flop (didn't bet)
Seat 4: Pepono101 folded before Flop (didn't bet)
Seat 5: Yuri Colmerauer folded before Flop (didn't bet)
Seat 6: Jacon2905 folded before Flop (didn't bet)
Seat 7: indie_max showed [2h 2c] and won ($0.05) with a pair of Deuces
Seat 8: guiptit folded before Flop (didn't bet)
Seat 9: Dorex2007 (button) folded before Flop (didn't bet)



PokerStars Hand #234488342491:  Hold'em No Limit ($0.01/$0.02 USD) - 2022/03/01 15:08:10 PT [2022/03/01 18:08:10 ET]
Table 'Swings II' 9-max Seat #1 is the button
Seat 1: Sonyland ($0.96 in chips) 
Seat 2: schani11 ($1.58 in chips) 
Seat 3: tutanpoker ($2.67 in chips) 
Seat 4: Pepono101 ($1.64 in chips) 
Seat 5: Yuri Colmerauer ($2 in chips) 
Seat 6: Jacon2905 ($1.63 in chips) 
Seat 7: indie_max ($6.84 in chips) 
Seat 9: Dorex2007 ($2.14 in chips) 
schani11: posts small blind $0.01
tutanpoker: posts big blind $0.02
*** HOLE CARDS ***
Dealt to Dorex2007 [2h 4c]
Pepono101: calls $0.02
Yuri Colmerauer: folds 
Jacon2905: folds 
indie_max: folds 
Dorex2007: folds 
Sonyland: folds 
schani11: calls $0.01
tutanpoker: checks 
*** FLOP *** [Ad 4s 5h]
schani11: bets $0.06
tutanpoker: calls $0.06
Pepono101: calls $0.06
*** TURN *** [Ad 4s 5h] [Ts]
schani11: bets $0.23
tutanpoker: folds 
Pepono101: folds 
Uncalled bet ($0.23) returned to schani11
schani11 collected $0.23 from pot
schani11: doesn't show hand 
*** SUMMARY ***
Total pot $0.24 | Rake $0.01 
Board [Ad 4s 5h Ts]
Seat 1: Sonyland (button) folded before Flop (didn't bet)
Seat 2: schani11 (small blind) collected ($0.23)
Seat 3: tutanpoker (big blind) folded on the Turn
Seat 4: Pepono101 folded on the Turn
Seat 5: Yuri Colmerauer folded before Flop (didn't bet)
Seat 6: Jacon2905 folded before Flop (didn't bet)
Seat 7: indie_max folded before Flop (didn't bet)
Seat 9: Dorex2007 folded before Flop (didn't bet)



PokerStars Hand #234488355773:  Hold'em No Limit ($0.01/$0.02 USD) - 2022/03/01 15:08:45 PT [2022/03/01 18:08:45 ET]
Table 'Swings II' 9-max Seat #2 is the button
Seat 1: Sonyland ($0.96 in chips) 
Seat 2: schani11 ($1.73 in chips) 
Seat 3: tutanpoker ($2.59 in chips) 
Seat 4: Pepono101 ($1.56 in chips) 
Seat 5: Yuri Colmerauer ($2 in chips) 
Seat 6: Jacon2905 ($1.63 in chips) 
Seat 7: indie_max ($6.84 in chips) 
Seat 9: Dorex2007 ($2.14 in chips) 
tutanpoker: posts small blind $0.01
Pepono101: posts big blind $0.02
*** HOLE CARDS ***
Dealt to Dorex2007 [7h 9c]
Yuri Colmerauer: folds 
Jacon2905: folds 
indie_max: folds 
Dorex2007: folds 
Sonyland: folds 
schani11: folds 
tutanpoker: calls $0.01
Pepono101 has timed out
Pepono101: checks 
*** FLOP *** [2s Qh 6d]
tutanpoker: checks 
Sonyland leaves the table
Pepono101: checks 
*** TURN *** [2s Qh 6d] [4s]
tutanpoker: checks 
Pepono101: bets $0.08
tutanpoker: folds 
Uncalled bet ($0.08) returned to Pepono101
Pepono101 collected $0.04 from pot
Pepono101: doesn't show hand 
*** SUMMARY ***
Total pot $0.04 | Rake $0 
Board [2s Qh 6d 4s]
Seat 1: Sonyland folded before Flop (didn't bet)
Seat 2: schani11 (button) folded before Flop (didn't bet)
Seat 3: tutanpoker (small blind) folded on the Turn
Seat 4: Pepono101 (big blind) collected ($0.04)
Seat 5: Yuri Colmerauer folded before Flop (didn't bet)
Seat 6: Jacon2905 folded before Flop (didn't bet)
Seat 7: indie_max folded before Flop (didn't bet)
Seat 9: Dorex2007 folded before Flop (didn't bet)



PokerStars Hand #234488389796:  Hold'em No Limit ($0.01/$0.02 USD) - 2022/03/01 15:10:15 PT [2022/03/01 18:10:15 ET]
Table 'Swings II' 9-max Seat #3 is the button
Seat 2: schani11 ($1.73 in chips) 
Seat 3: tutanpoker ($2.57 in chips) 
Seat 4: Pepono101 ($1.58 in chips) 
Seat 5: Yuri Colmerauer ($2 in chips) 
Seat 6: Jacon2905 ($1.63 in chips) 
Seat 7: indie_max ($6.84 in chips) 
Seat 8: guiptit ($4.58 in chips) 
Seat 9: Dorex2007 ($2.14 in chips) 
Pepono101: posts small blind $0.01
Yuri Colmerauer: posts big blind $0.02
*** HOLE CARDS ***
Dealt to Dorex2007 [Kd 2d]
Jacon2905: folds 
indie_max: folds 
guiptit: raises $0.02 to $0.04
Dorex2007: folds 
schani11: calls $0.04
tutanpoker: calls $0.04
Pepono101: calls $0.03
Yuri Colmerauer: folds 
*** FLOP *** [Ac 7s 5d]
Pepono101: bets $0.06
guiptit: folds 
schani11: calls $0.06
tutanpoker: folds 
*** TURN *** [Ac 7s 5d] [6c]
Pepono101: bets $0.38
schani11: folds 
Uncalled bet ($0.38) returned to Pepono101
Pepono101 collected $0.29 from pot
Pepono101: doesn't show hand 
*** SUMMARY ***
Total pot $0.30 | Rake $0.01 
Board [Ac 7s 5d 6c]
Seat 2: schani11 folded on the Turn
Seat 3: tutanpoker (button) folded on the Flop
Seat 4: Pepono101 (small blind) collected ($0.29)
Seat 5: Yuri Colmerauer (big blind) folded before Flop
Seat 6: Jacon2905 folded before Flop (didn't bet)
Seat 7: indie_max folded before Flop (didn't bet)
Seat 8: guiptit folded on the Flop
Seat 9: Dorex2007 folded before Flop (didn't bet)



PokerStars Hand #234488419464:  Hold'em No Limit ($0.01/$0.02 USD) - 2022/03/01 15:11:25 PT [2022/03/01 18:11:25 ET]
Table 'Swings II' 9-max Seat #4 is the button
Seat 2: schani11 ($1.63 in chips) 
Seat 3: tutanpoker ($2.53 in chips) 
Seat 4: Pepono101 ($1.77 in chips) 
Seat 5: Yuri Colmerauer ($2 in chips) 
Seat 6: Jacon2905 ($1.63 in chips) 
Seat 7: indie_max ($6.84 in chips) 
Seat 8: guiptit ($4.54 in chips) 
Seat 9: Dorex2007 ($2.14 in chips) 
Yuri Colmerauer: posts small blind $0.01
Jacon2905: posts big blind $0.02
*** HOLE CARDS ***
Dealt to Dorex2007 [Th 5h]
indie_max: folds 
guiptit: folds 
Dorex2007: folds 
indie_max leaves the table
schani11: folds 
tutanpoker: raises $0.06 to $0.08
Pepono101: folds 
Yuri Colmerauer: folds 
Jacon2905: folds 
Uncalled bet ($0.06) returned to tutanpoker
tutanpoker collected $0.05 from pot
*** SUMMARY ***
Total pot $0.05 | Rake $0 
Seat 2: schani11 folded before Flop (didn't bet)
Seat 3: tutanpoker collected ($0.05)
Seat 4: Pepono101 (button) folded before Flop (didn't bet)
Seat 5: Yuri Colmerauer (small blind) folded before Flop
Seat 6: Jacon2905 (big blind) folded before Flop
Seat 7: indie_max folded before Flop (didn't bet)
Seat 8: guiptit folded before Flop (didn't bet)
Seat 9: Dorex2007 folded before Flop (didn't bet)



PokerStars Hand #234488433054:  Hold'em No Limit ($0.01/$0.02 USD) - 2022/03/01 15:12:01 PT [2022/03/01 18:12:01 ET]
Table 'Swings II' 9-max Seat #5 is the button
Seat 2: schani11 ($1.63 in chips) 
Seat 3: tutanpoker ($2.56 in chips) 
Seat 4: Pepono101 ($1.77 in chips) 
Seat 5: Yuri Colmerauer ($2 in chips) 
Seat 6: Jacon2905 ($1.61 in chips) 
Seat 8: guiptit ($4.54 in chips) 
Seat 9: Dorex2007 ($2.14 in chips) 
Jacon2905: posts small blind $0.01
guiptit: posts big blind $0.02
*** HOLE CARDS ***
Dealt to Dorex2007 [4c 6d]
Dorex2007: folds 
schani11: folds 
tutanpoker: folds 
Pepono101: folds 
Yuri Colmerauer: folds 
Jacon2905: calls $0.01
guiptit: checks 
*** FLOP *** [9s Qh 5h]
Jacon2905: bets $0.02
guiptit: raises $0.02 to $0.04
Jacon2905: calls $0.02
*** TURN *** [9s Qh 5h] [9d]
Jacon2905: checks 
guiptit: checks 
*** RIVER *** [9s Qh 5h 9d] [Ah]
Jacon2905: bets $0.06
guiptit: raises $0.06 to $0.12
Jacon2905: calls $0.06
*** SHOW DOWN ***
guiptit: shows [9c 8h] (three of a kind, Nines)
Jacon2905: mucks hand 
guiptit collected $0.35 from pot
*** SUMMARY ***
Total pot $0.36 | Rake $0.01 
Board [9s Qh 5h 9d Ah]
Seat 2: schani11 folded before Flop (didn't bet)
Seat 3: tutanpoker folded before Flop (didn't bet)
Seat 4: Pepono101 folded before Flop (didn't bet)
Seat 5: Yuri Colmerauer (button) folded before Flop (didn't bet)
Seat 6: Jacon2905 (small blind) mucked [Qs 6s]
Seat 8: guiptit (big blind) showed [9c 8h] and won ($0.35) with three of a kind, Nines
Seat 9: Dorex2007 folded before Flop (didn't bet)



PokerStars Hand #234488450370:  Hold'em No Limit ($0.01/$0.02 USD) - 2022/03/01 15:12:48 PT [2022/03/01 18:12:48 ET]
Table 'Swings II' 9-max Seat #6 is the button
Seat 2: schani11 ($1.63 in chips) 
Seat 3: tutanpoker ($2.56 in chips) 
Seat 4: Pepono101 ($1.77 in chips) 
Seat 5: Yuri Colmerauer ($2 in chips) 
Seat 6: Jacon2905 ($1.43 in chips) 
Seat 8: guiptit ($4.71 in chips) 
Seat 9: Dorex2007 ($2.14 in chips) 
guiptit: posts small blind $0.01
Dorex2007: posts big blind $0.02
*** HOLE CARDS ***
Dealt to Dorex2007 [7d 3s]
schani11 has timed out
schani11: folds 
tutanpoker: raises $0.05 to $0.07
Pepono101: folds 
Yuri Colmerauer: folds 
Jacon2905: folds 
guiptit: folds 
Dorex2007: folds 
Uncalled bet ($0.05) returned to tutanpoker
tutanpoker collected $0.05 from pot
*** SUMMARY ***
Total pot $0.05 | Rake $0 
Seat 2: schani11 folded before Flop (didn't bet)
Seat 3: tutanpoker collected ($0.05)
Seat 4: Pepono101 folded before Flop (didn't bet)
Seat 5: Yuri Colmerauer folded before Flop (didn't bet)
Seat 6: Jacon2905 (button) folded before Flop (didn't bet)
Seat 8: guiptit (small blind) folded before Flop
Seat 9: Dorex2007 (big blind) folded before Flop



PokerStars Hand #234488460408:  Hold'em No Limit ($0.01/$0.02 USD) - 2022/03/01 15:13:15 PT [2022/03/01 18:13:15 ET]
Table 'Swings II' 9-max Seat #8 is the button
Seat 2: schani11 ($1.63 in chips) 
Seat 3: tutanpoker ($2.59 in chips) 
Seat 4: Pepono101 ($1.77 in chips) 
Seat 5: Yuri Colmerauer ($2 in chips) 
Seat 6: Jacon2905 ($1.43 in chips) 
Seat 8: guiptit ($4.70 in chips) 
Seat 9: Dorex2007 ($2.12 in chips) 
Dorex2007: posts small blind $0.01
schani11: posts big blind $0.02
*** HOLE CARDS ***
Dealt to Dorex2007 [7c 3h]
tutanpoker: folds 
Pepono101: calls $0.02
Yuri Colmerauer: folds 
Jacon2905: raises $0.06 to $0.08
guiptit: folds 
Dorex2007: folds 
schani11: folds 
Pepono101: raises $0.19 to $0.27
Jacon2905: calls $0.19
*** FLOP *** [5d Tc Js]
Pepono101: bets $0.38
Jacon2905: folds 
Uncalled bet ($0.38) returned to Pepono101
Pepono101 collected $0.55 from pot
Pepono101: doesn't show hand 
*** SUMMARY ***
Total pot $0.57 | Rake $0.02 
Board [5d Tc Js]
Seat 2: schani11 (big blind) folded before Flop
Seat 3: tutanpoker folded before Flop (didn't bet)
Seat 4: Pepono101 collected ($0.55)
Seat 5: Yuri Colmerauer folded before Flop (didn't bet)
Seat 6: Jacon2905 folded on the Flop
Seat 8: guiptit (button) folded before Flop (didn't bet)
Seat 9: Dorex2007 (small blind) folded before Flop



PokerStars Hand #234488487751:  Hold'em No Limit ($0.01/$0.02 USD) - 2022/03/01 15:14:28 PT [2022/03/01 18:14:28 ET]
Table 'Swings II' 9-max Seat #9 is the button
Seat 2: schani11 ($1.61 in chips) 
Seat 3: tutanpoker ($2.59 in chips) 
Seat 4: Pepono101 ($2.05 in chips) 
Seat 5: Yuri Colmerauer ($2 in chips) 
Seat 6: Jacon2905 ($1.16 in chips) 
Seat 8: guiptit ($4.70 in chips) 
Seat 9: Dorex2007 ($2.11 in chips) 
schani11: posts small blind $0.01
tutanpoker: posts big blind $0.02
*** HOLE CARDS ***
Dealt to Dorex2007 [Ah Ac]
Pepono101: folds 
Yuri Colmerauer: folds 
Jacon2905: folds 
guiptit: raises $0.05 to $0.07
Dorex2007: raises $0.07 to $0.14
schani11: folds 
tutanpoker: folds 
guiptit: raises $0.07 to $0.21
Dorex2007: raises $0.45 to $0.66
guiptit: calls $0.45
*** FLOP *** [6s 7h 6d]
guiptit: bets $4.04 and is all-in
Dorex2007: calls $1.45 and is all-in
Uncalled bet ($2.59) returned to guiptit
*** TURN *** [6s 7h 6d] [9c]
*** RIVER *** [6s 7h 6d 9c] [Qd]
*** SHOW DOWN ***
guiptit: shows [Td Th] (two pair, Tens and Sixes)
Dorex2007: shows [Ah Ac] (two pair, Aces and Sixes)
guiptit cashed out the hand for $0.41
Dorex2007 cashed out the hand for $3.65 | Cash Out Fee $0.04
*** SUMMARY ***
Total pot $4.25 | Rake $0.15 
Board [6s 7h 6d 9c Qd]
Seat 2: schani11 (small blind) folded before Flop
Seat 3: tutanpoker (big blind) folded before Flop
Seat 4: Pepono101 folded before Flop (didn't bet)
Seat 5: Yuri Colmerauer folded before Flop (didn't bet)
Seat 6: Jacon2905 folded before Flop (didn't bet)
Seat 8: guiptit showed [Td Th] and lost with two pair, Tens and Sixes (cashed out).
Seat 9: Dorex2007 (button) showed [Ah Ac] and won ($4.10) with two pair, Aces and Sixes (pot not awarded as player cashed out)



PokerStars Hand #234488507362:  Hold'em No Limit ($0.01/$0.02 USD) - 2022/03/01 15:15:20 PT [2022/03/01 18:15:20 ET]
Table 'Swings II' 9-max Seat #2 is the button
Seat 2: schani11 ($1.60 in chips) 
Seat 3: tutanpoker ($2.57 in chips) 
Seat 4: Pepono101 ($2.05 in chips) 
Seat 5: Yuri Colmerauer ($2 in chips) 
Seat 6: Jacon2905 ($1.16 in chips) 
Seat 8: guiptit ($3 in chips) 
Seat 9: Dorex2007 ($3.65 in chips) 
tutanpoker: posts small blind $0.01
Pepono101: posts big blind $0.02
*** HOLE CARDS ***
Dealt to Dorex2007 [Jh 6s]
Yuri Colmerauer: folds 
Jacon2905: folds 
guiptit: folds 
Dorex2007: folds 
schani11: folds 
tutanpoker: calls $0.01
Pepono101: checks 
*** FLOP *** [8c 2c 2d]
tutanpoker: checks 
Pepono101: checks 
*** TURN *** [8c 2c 2d] [9d]
tutanpoker: checks 
Pepono101: checks 
*** RIVER *** [8c 2c 2d 9d] [Ad]
tutanpoker: checks 
Pepono101: checks 
*** SHOW DOWN ***
tutanpoker: shows [4h Ah] (two pair, Aces and Deuces)
Pepono101: mucks hand 
tutanpoker collected $0.04 from pot
*** SUMMARY ***
Total pot $0.04 | Rake $0 
Board [8c 2c 2d 9d Ad]
Seat 2: schani11 (button) folded before Flop (didn't bet)
Seat 3: tutanpoker (small blind) showed [4h Ah] and won ($0.04) with two pair, Aces and Deuces
Seat 4: Pepono101 (big blind) mucked [Jc Kd]
Seat 5: Yuri Colmerauer folded before Flop (didn't bet)
Seat 6: Jacon2905 folded before Flop (didn't bet)
Seat 8: guiptit folded before Flop (didn't bet)
Seat 9: Dorex2007 folded before Flop (didn't bet)



PokerStars Hand #234488528358:  Hold'em No Limit ($0.01/$0.02 USD) - 2022/03/01 15:16:17 PT [2022/03/01 18:16:17 ET]
Table 'Swings II' 9-max Seat #3 is the button
Seat 2: schani11 ($1.60 in chips) 
Seat 3: tutanpoker ($2.59 in chips) 
Seat 4: Pepono101 ($2.03 in chips) 
Seat 5: Yuri Colmerauer ($2 in chips) 
Seat 6: Jacon2905 ($1.16 in chips) 
Seat 8: guiptit ($3 in chips) 
Seat 9: Dorex2007 ($3.65 in chips) 
Pepono101: posts small blind $0.01
Yuri Colmerauer: posts big blind $0.02
*** HOLE CARDS ***
Dealt to Dorex2007 [6s 7c]
Jacon2905: folds 
guiptit: folds 
Dorex2007: folds 
schani11: folds 
tutanpoker has timed out
tutanpoker: folds 
Pepono101: calls $0.01
Yuri Colmerauer: checks 
*** FLOP *** [7s Qs 4c]
Pepono101: checks 
Yuri Colmerauer: checks 
*** TURN *** [7s Qs 4c] [8d]
Pepono101: checks 
Yuri Colmerauer: checks 
*** RIVER *** [7s Qs 4c 8d] [4s]
Pepono101: checks 
Yuri Colmerauer: checks 
*** SHOW DOWN ***
Pepono101: shows [7d 9s] (two pair, Sevens and Fours)
Yuri Colmerauer: mucks hand 
Pepono101 collected $0.04 from pot
*** SUMMARY ***
Total pot $0.04 | Rake $0 
Board [7s Qs 4c 8d 4s]
Seat 2: schani11 folded before Flop (didn't bet)
Seat 3: tutanpoker (button) folded before Flop (didn't bet)
Seat 4: Pepono101 (small blind) showed [7d 9s] and won ($0.04) with two pair, Sevens and Fours
Seat 5: Yuri Colmerauer (big blind) mucked [3h 2c]
Seat 6: Jacon2905 folded before Flop (didn't bet)
Seat 8: guiptit folded before Flop (didn't bet)
Seat 9: Dorex2007 folded before Flop (didn't bet)



PokerStars Hand #234488547732:  Hold'em No Limit ($0.01/$0.02 USD) - 2022/03/01 15:17:09 PT [2022/03/01 18:17:09 ET]
Table 'Swings II' 9-max Seat #4 is the button
Seat 2: schani11 ($1.60 in chips) 
Seat 3: tutanpoker ($2.59 in chips) 
Seat 4: Pepono101 ($2.05 in chips) 
Seat 5: Yuri Colmerauer ($2 in chips) 
Seat 6: Jacon2905 ($1.16 in chips) 
Seat 8: guiptit ($3 in chips) 
Seat 9: Dorex2007 ($3.65 in chips) 
Yuri Colmerauer: posts small blind $0.01
Jacon2905: posts big blind $0.02
*** HOLE CARDS ***
Dealt to Dorex2007 [4d Jd]
guiptit: raises $0.05 to $0.07
Dorex2007: folds 
schani11: folds 
tutanpoker: folds 
Pepono101: folds 
Yuri Colmerauer: folds 
Jacon2905: folds 
Uncalled bet ($0.05) returned to guiptit
guiptit collected $0.05 from pot
guiptit: doesn't show hand 
*** SUMMARY ***
Total pot $0.05 | Rake $0 
Seat 2: schani11 folded before Flop (didn't bet)
Seat 3: tutanpoker folded before Flop (didn't bet)
Seat 4: Pepono101 (button) folded before Flop (didn't bet)
Seat 5: Yuri Colmerauer (small blind) folded before Flop
Seat 6: Jacon2905 (big blind) folded before Flop
Seat 8: guiptit collected ($0.05)
Seat 9: Dorex2007 folded before Flop (didn't bet)



PokerStars Hand #234488554162:  Hold'em No Limit ($0.01/$0.02 USD) - 2022/03/01 15:17:27 PT [2022/03/01 18:17:27 ET]
Table 'Swings II' 9-max Seat #5 is the button
Seat 2: schani11 ($1.60 in chips) 
Seat 3: tutanpoker ($2.59 in chips) 
Seat 4: Pepono101 ($2.05 in chips) 
Seat 5: Yuri Colmerauer ($2 in chips) 
Seat 6: Jacon2905 ($1.14 in chips) 
Seat 8: guiptit ($3.03 in chips) 
Seat 9: Dorex2007 ($3.65 in chips) 
Jacon2905: posts small blind $0.01
guiptit: posts big blind $0.02
*** HOLE CARDS ***
Dealt to Dorex2007 [4h 6d]
Dorex2007: folds 
schani11: calls $0.02
tutanpoker: folds 
Pepono101: folds 
Yuri Colmerauer: raises $0.06 to $0.08
VillasBoas17 joins the table at seat #1 
Jacon2905: folds 
guiptit: folds 
schani11: calls $0.06
*** FLOP *** [3h Jc 7c]
victordyfox joins the table at seat #7 
schani11: checks 
Yuri Colmerauer: bets $0.12
schani11: calls $0.12
*** TURN *** [3h Jc 7c] [Js]
schani11: checks 
Yuri Colmerauer: bets $0.27
schani11: calls $0.27
*** RIVER *** [3h Jc 7c Js] [Qd]
schani11: checks 
Yuri Colmerauer: bets $1.53 and is all-in
schani11: folds 
Uncalled bet ($1.53) returned to Yuri Colmerauer
Yuri Colmerauer collected $0.94 from pot
Yuri Colmerauer: doesn't show hand 
*** SUMMARY ***
Total pot $0.97 | Rake $0.03 
Board [3h Jc 7c Js Qd]
Seat 2: schani11 folded on the River
Seat 3: tutanpoker folded before Flop (didn't bet)
Seat 4: Pepono101 folded before Flop (didn't bet)
Seat 5: Yuri Colmerauer (button) collected ($0.94)
Seat 6: Jacon2905 (small blind) folded before Flop
Seat 8: guiptit (big blind) folded before Flop
Seat 9: Dorex2007 folded before Flop (didn't bet)



PokerStars Hand #234488575355:  Hold'em No Limit ($0.01/$0.02 USD) - 2022/03/01 15:18:24 PT [2022/03/01 18:18:24 ET]
Table 'Swings II' 9-max Seat #6 is the button
Seat 2: schani11 ($1.13 in chips) 
Seat 3: tutanpoker ($2.59 in chips) 
Seat 4: Pepono101 ($2.05 in chips) 
Seat 5: Yuri Colmerauer ($2.47 in chips) 
Seat 6: Jacon2905 ($1.13 in chips) 
Seat 8: guiptit ($3.01 in chips) 
Seat 9: Dorex2007 ($3.65 in chips) 
guiptit: posts small blind $0.01
Dorex2007: posts big blind $0.02
VillasBoas17: sits out 
*** HOLE CARDS ***
Dealt to Dorex2007 [4h 4d]
schani11: folds 
tutanpoker has timed out
tutanpoker: folds 
Pepono101: folds 
Yuri Colmerauer: folds 
Jacon2905: folds 
guiptit: raises $0.04 to $0.06
Dorex2007: calls $0.04
*** FLOP *** [2s 4c 6c]
guiptit: bets $0.06
Dorex2007: raises $0.08 to $0.14
guiptit: raises $0.08 to $0.22
Dorex2007: raises $0.56 to $0.78
guiptit: raises $0.56 to $1.34
Dorex2007: raises $2.25 to $3.59 and is all-in
guiptit: calls $1.61 and is all-in
Uncalled bet ($0.64) returned to Dorex2007
*** TURN *** [2s 4c 6c] [6h]
*** RIVER *** [2s 4c 6c 6h] [9s]
*** SHOW DOWN ***
guiptit: shows [Qh Qd] (two pair, Queens and Sixes)
Dorex2007: shows [4h 4d] (a full house, Fours full of Sixes)
Dorex2007 cashed out the hand for $5.19 | Cash Out Fee $0.05
*** SUMMARY ***
Total pot $6.02 | Rake $0.21 
Board [2s 4c 6c 6h 9s]
Seat 2: schani11 folded before Flop (didn't bet)
Seat 3: tutanpoker folded before Flop (didn't bet)
Seat 4: Pepono101 folded before Flop (didn't bet)
Seat 5: Yuri Colmerauer folded before Flop (didn't bet)
Seat 6: Jacon2905 (button) folded before Flop (didn't bet)
Seat 8: guiptit (small blind) showed [Qh Qd] and lost with two pair, Queens and Sixes
Seat 9: Dorex2007 (big blind) showed [4h 4d] and won ($5.81) with a full house, Fours full of Sixes (pot not awarded as player cashed out)



PokerStars Hand #234488599870:  Hold'em No Limit ($0.01/$0.02 USD) - 2022/03/01 15:19:32 PT [2022/03/01 18:19:32 ET]
Table 'Swings II' 9-max Seat #9 is the button
Seat 2: schani11 ($1.13 in chips) 
Seat 3: tutanpoker ($2.59 in chips) 
Seat 4: Pepono101 ($2.05 in chips) 
Seat 5: Yuri Colmerauer ($2.47 in chips) 
Seat 6: Jacon2905 ($1.13 in chips) 
Seat 7: victordyfox ($1.60 in chips) 
Seat 9: Dorex2007 ($5.83 in chips) 
schani11: posts small blind $0.01
tutanpoker: posts big blind $0.02
victordyfox: posts big blind $0.02
*** HOLE CARDS ***
Dealt to Dorex2007 [Jh 3d]
Pepono101: folds 
Yuri Colmerauer: folds 
Jacon2905: calls $0.02
victordyfox: checks 
Dorex2007: folds 
guiptit leaves the table
schani11: folds 
tutanpoker: checks 
*** FLOP *** [7h 8d 7s]
tutanpoker: checks 
Jacon2905: checks 
victordyfox: checks 
*** TURN *** [7h 8d 7s] [Kc]
Jozer joins the table at seat #8 
tutanpoker: bets $0.05
Jacon2905: folds 
victordyfox: folds 
Uncalled bet ($0.05) returned to tutanpoker
tutanpoker collected $0.07 from pot
*** SUMMARY ***
Total pot $0.07 | Rake $0 
Board [7h 8d 7s Kc]
Seat 2: schani11 (small blind) folded before Flop
Seat 3: tutanpoker (big blind) collected ($0.07)
Seat 4: Pepono101 folded before Flop (didn't bet)
Seat 5: Yuri Colmerauer folded before Flop (didn't bet)
Seat 6: Jacon2905 folded on the Turn
Seat 7: victordyfox folded on the Turn (didn't bet)
Seat 9: Dorex2007 (button) folded before Flop (didn't bet)



PokerStars Hand #234488617318:  Hold'em No Limit ($0.01/$0.02 USD) - 2022/03/01 15:20:20 PT [2022/03/01 18:20:20 ET]
Table 'Swings II' 9-max Seat #2 is the button
Seat 2: schani11 ($1.12 in chips) 
Seat 3: tutanpoker ($2.64 in chips) 
Seat 4: Pepono101 ($2.05 in chips) 
Seat 5: Yuri Colmerauer ($2.47 in chips) 
Seat 6: Jacon2905 ($1.11 in chips) 
Seat 7: victordyfox ($1.58 in chips) 
Seat 9: Dorex2007 ($5.83 in chips) 
tutanpoker: posts small blind $0.01
Pepono101: posts big blind $0.02
Jozer: sits out 
VillasBoas17: sits out 
*** HOLE CARDS ***
Dealt to Dorex2007 [Js As]
Yuri Colmerauer: raises $0.04 to $0.06
Jacon2905: folds 
victordyfox: folds 
Dorex2007: calls $0.06
schani11: folds 
tutanpoker: folds 
Pepono101: folds 
*** FLOP *** [9h Qd 7c]
Yuri Colmerauer: bets $0.08
Dorex2007: folds 
Uncalled bet ($0.08) returned to Yuri Colmerauer
Yuri Colmerauer collected $0.14 from pot
Yuri Colmerauer: doesn't show hand 
*** SUMMARY ***
Total pot $0.15 | Rake $0.01 
Board [9h Qd 7c]
Seat 2: schani11 (button) folded before Flop (didn't bet)
Seat 3: tutanpoker (small blind) folded before Flop
Seat 4: Pepono101 (big blind) folded before Flop
Seat 5: Yuri Colmerauer collected ($0.14)
Seat 6: Jacon2905 folded before Flop (didn't bet)
Seat 7: victordyfox folded before Flop (didn't bet)
Seat 9: Dorex2007 folded on the Flop



PokerStars Hand #234488628208:  Hold'em No Limit ($0.01/$0.02 USD) - 2022/03/01 15:20:50 PT [2022/03/01 18:20:50 ET]
Table 'Swings II' 9-max Seat #3 is the button
Seat 2: schani11 ($1.12 in chips) 
Seat 3: tutanpoker ($2.63 in chips) 
Seat 4: Pepono101 ($2.03 in chips) 
Seat 5: Yuri Colmerauer ($2.55 in chips) 
Seat 6: Jacon2905 ($1.11 in chips) 
Seat 7: victordyfox ($1.58 in chips) 
Seat 9: Dorex2007 ($5.77 in chips) 
Pepono101: posts small blind $0.01
Yuri Colmerauer: posts big blind $0.02
Jozer: sits out 
VillasBoas17: sits out 
*** HOLE CARDS ***
Dealt to Dorex2007 [8d Th]
Jacon2905: folds 
victordyfox: folds 
Dorex2007: folds 
schani11: folds 
tutanpoker: raises $0.05 to $0.07
Pepono101: folds 
Yuri Colmerauer: folds 
Uncalled bet ($0.05) returned to tutanpoker
tutanpoker collected $0.05 from pot
*** SUMMARY ***
Total pot $0.05 | Rake $0 
Seat 2: schani11 folded before Flop (didn't bet)
Seat 3: tutanpoker (button) collected ($0.05)
Seat 4: Pepono101 (small blind) folded before Flop
Seat 5: Yuri Colmerauer (big blind) folded before Flop
Seat 6: Jacon2905 folded before Flop (didn't bet)
Seat 7: victordyfox folded before Flop (didn't bet)
Seat 9: Dorex2007 folded before Flop (didn't bet)



PokerStars Hand #234488638095:  Hold'em No Limit ($0.01/$0.02 USD) - 2022/03/01 15:21:17 PT [2022/03/01 18:21:17 ET]
Table 'Swings II' 9-max Seat #4 is the button
Seat 2: schani11 ($1.12 in chips) 
Seat 3: tutanpoker ($2.66 in chips) 
Seat 4: Pepono101 ($2.02 in chips) 
Seat 5: Yuri Colmerauer ($2.53 in chips) 
Seat 7: victordyfox ($1.58 in chips) 
Seat 9: Dorex2007 ($5.77 in chips) 
Yuri Colmerauer: posts small blind $0.01
victordyfox: posts big blind $0.02
Jozer: sits out 
VillasBoas17: sits out 
*** HOLE CARDS ***
Dealt to Dorex2007 [9s Qc]
Dorex2007: folds 
schani11: folds 
tutanpoker: calls $0.02
Pepono101: calls $0.02
Yuri Colmerauer: folds 
victordyfox: checks 
*** FLOP *** [6d Jh 9h]
victordyfox: checks 
tutanpoker: checks 
Pepono101: bets $0.07
victordyfox: folds 
tutanpoker: folds 
Uncalled bet ($0.07) returned to Pepono101
Pepono101 collected $0.07 from pot
Pepono101: doesn't show hand 
*** SUMMARY ***
Total pot $0.07 | Rake $0 
Board [6d Jh 9h]
Seat 2: schani11 folded before Flop (didn't bet)
Seat 3: tutanpoker folded on the Flop
Seat 4: Pepono101 (button) collected ($0.07)
Seat 5: Yuri Colmerauer (small blind) folded before Flop
Seat 7: victordyfox (big blind) folded on the Flop
Seat 9: Dorex2007 folded before Flop (didn't bet)



PokerStars Hand #234488662538:  Hold'em No Limit ($0.01/$0.02 USD) - 2022/03/01 15:21:57 PT [2022/03/01 18:21:57 ET]
Table 'Swings II' 9-max Seat #5 is the button
Seat 2: schani11 ($1.12 in chips) 
Seat 3: tutanpoker ($2.64 in chips) 
Seat 4: Pepono101 ($2.07 in chips) 
Seat 5: Yuri Colmerauer ($2.52 in chips) 
Seat 7: victordyfox ($1.56 in chips) 
Seat 8: Jozer ($0.80 in chips) 
Seat 9: Dorex2007 ($5.77 in chips) 
victordyfox: posts small blind $0.01
Jozer: posts big blind $0.02
VillasBoas17: sits out 
*** HOLE CARDS ***
Dealt to Dorex2007 [4d 5d]
Dorex2007: folds 
schani11: calls $0.02
tutanpoker: raises $0.06 to $0.08
Pepono101: folds 
Yuri Colmerauer: folds 
victordyfox: folds 
Jozer: folds 
schani11: calls $0.06
*** FLOP *** [7c Jd 8d]
schani11: checks 
tutanpoker: bets $0.14
schani11: folds 
Uncalled bet ($0.14) returned to tutanpoker
tutanpoker collected $0.18 from pot
*** SUMMARY ***
Total pot $0.19 | Rake $0.01 
Board [7c Jd 8d]
Seat 2: schani11 folded on the Flop
Seat 3: tutanpoker collected ($0.18)
Seat 4: Pepono101 folded before Flop (didn't bet)
Seat 5: Yuri Colmerauer (button) folded before Flop (didn't bet)
Seat 7: victordyfox (small blind) folded before Flop
Seat 8: Jozer (big blind) folded before Flop
Seat 9: Dorex2007 folded before Flop (didn't bet)



PokerStars Hand #234488679161:  Hold'em No Limit ($0.01/$0.02 USD) - 2022/03/01 15:22:42 PT [2022/03/01 18:22:42 ET]
Table 'Swings II' 9-max Seat #7 is the button
Seat 2: schani11 ($1.04 in chips) 
Seat 3: tutanpoker ($2.74 in chips) 
Seat 4: Pepono101 ($2.07 in chips) 
Seat 5: Yuri Colmerauer ($2.52 in chips) 
Seat 7: victordyfox ($1.55 in chips) 
Seat 8: Jozer ($0.78 in chips) 
Seat 9: Dorex2007 ($5.77 in chips) 
Jozer: posts small blind $0.01
Dorex2007: posts big blind $0.02
VillasBoas17: sits out 
*** HOLE CARDS ***
Dealt to Dorex2007 [Ts 6s]
schani11: folds 
tutanpoker: calls $0.02
Pepono101: folds 
Yuri Colmerauer: folds 
victordyfox: folds 
Jozer: calls $0.01
Dorex2007: checks 
*** FLOP *** [As 9s 4d]
Jozer: bets $0.02
Dorex2007: calls $0.02
tutanpoker: raises $0.08 to $0.10
Jozer: folds 
Dorex2007: folds 
Uncalled bet ($0.08) returned to tutanpoker
tutanpoker collected $0.12 from pot
*** SUMMARY ***
Total pot $0.12 | Rake $0 
Board [As 9s 4d]
Seat 2: schani11 folded before Flop (didn't bet)
Seat 3: tutanpoker collected ($0.12)
Seat 4: Pepono101 folded before Flop (didn't bet)
Seat 5: Yuri Colmerauer folded before Flop (didn't bet)
Seat 7: victordyfox (button) folded before Flop (didn't bet)
Seat 8: Jozer (small blind) folded on the Flop
Seat 9: Dorex2007 (big blind) folded on the Flop



PokerStars Hand #234488696225:  Hold'em No Limit ($0.01/$0.02 USD) - 2022/03/01 15:23:24 PT [2022/03/01 18:23:24 ET]
Table 'Swings II' 9-max Seat #8 is the button
Seat 1: VillasBoas17 ($0.80 in chips) 
Seat 2: schani11 ($1.04 in chips) 
Seat 3: tutanpoker ($2.82 in chips) 
Seat 4: Pepono101 ($2.07 in chips) 
Seat 5: Yuri Colmerauer ($2.52 in chips) 
Seat 7: victordyfox ($1.55 in chips) 
Seat 8: Jozer ($0.74 in chips) 
Seat 9: Dorex2007 ($5.73 in chips) 
Dorex2007: posts small blind $0.01
VillasBoas17: posts big blind $0.02
Jacon2905: sits out 
*** HOLE CARDS ***
Dealt to Dorex2007 [Th Jh]
schani11 has timed out
schani11: folds 
tutanpoker: folds 
Pepono101: raises $0.05 to $0.07
Yuri Colmerauer: folds 
victordyfox: folds 
Jozer: folds 
Dorex2007: folds 
VillasBoas17: folds 
Uncalled bet ($0.05) returned to Pepono101
Pepono101 collected $0.05 from pot
Pepono101: doesn't show hand 
*** SUMMARY ***
Total pot $0.05 | Rake $0 
Seat 1: VillasBoas17 (big blind) folded before Flop
Seat 2: schani11 folded before Flop (didn't bet)
Seat 3: tutanpoker folded before Flop (didn't bet)
Seat 4: Pepono101 collected ($0.05)
Seat 5: Yuri Colmerauer folded before Flop (didn't bet)
Seat 7: victordyfox folded before Flop (didn't bet)
Seat 8: Jozer (button) folded before Flop (didn't bet)
Seat 9: Dorex2007 (small blind) folded before Flop



PokerStars Hand #234488710973:  Hold'em No Limit ($0.01/$0.02 USD) - 2022/03/01 15:24:05 PT [2022/03/01 18:24:05 ET]
Table 'Swings II' 9-max Seat #9 is the button
Seat 1: VillasBoas17 ($0.78 in chips) 
Seat 2: schani11 ($1.04 in chips) 
Seat 3: tutanpoker ($2.82 in chips) 
Seat 4: Pepono101 ($2.10 in chips) 
Seat 5: Yuri Colmerauer ($2.52 in chips) 
Seat 7: victordyfox ($1.55 in chips) 
Seat 8: Jozer ($0.74 in chips) 
Seat 9: Dorex2007 ($5.72 in chips) 
VillasBoas17: posts small blind $0.01
schani11: posts big blind $0.02
Jacon2905: sits out 
*** HOLE CARDS ***
Dealt to Dorex2007 [Ac 4d]
tutanpoker: folds 
Pepono101: calls $0.02
Yuri Colmerauer: folds 
victordyfox: folds 
Jozer: folds 
Dorex2007: folds 
VillasBoas17: folds 
schani11: checks 
*** FLOP *** [7c 3s Js]
schani11: bets $0.05
Pepono101: folds 
Uncalled bet ($0.05) returned to schani11
schani11 collected $0.05 from pot
schani11: doesn't show hand 
*** SUMMARY ***
Total pot $0.05 | Rake $0 
Board [7c 3s Js]
Seat 1: VillasBoas17 (small blind) folded before Flop
Seat 2: schani11 (big blind) collected ($0.05)
Seat 3: tutanpoker folded before Flop (didn't bet)
Seat 4: Pepono101 folded on the Flop
Seat 5: Yuri Colmerauer folded before Flop (didn't bet)
Seat 7: victordyfox folded before Flop (didn't bet)
Seat 8: Jozer folded before Flop (didn't bet)
Seat 9: Dorex2007 (button) folded before Flop (didn't bet)



PokerStars Hand #234488726299:  Hold'em No Limit ($0.01/$0.02 USD) - 2022/03/01 15:24:48 PT [2022/03/01 18:24:48 ET]
Table 'Swings II' 9-max Seat #1 is the button
Seat 1: VillasBoas17 ($0.77 in chips) 
Seat 2: schani11 ($1.07 in chips) 
Seat 3: tutanpoker ($2.82 in chips) 
Seat 4: Pepono101 ($2.08 in chips) 
Seat 5: Yuri Colmerauer ($2.52 in chips) 
Seat 7: victordyfox ($1.55 in chips) 
Seat 8: Jozer ($0.74 in chips) 
Seat 9: Dorex2007 ($5.72 in chips) 
schani11: posts small blind $0.01
tutanpoker: posts big blind $0.02
Jacon2905: sits out 
*** HOLE CARDS ***
Dealt to Dorex2007 [4d Ts]
Pepono101: folds 
Yuri Colmerauer: folds 
victordyfox: folds 
Jozer: calls $0.02
Dorex2007: folds 
VillasBoas17: calls $0.02
schani11: calls $0.01
tutanpoker: checks 
*** FLOP *** [7s 8s Qc]
schani11: checks 
tutanpoker: checks 
Jozer: checks 
VillasBoas17: checks 
*** TURN *** [7s 8s Qc] [Td]
schani11: checks 
tutanpoker: checks 
Jozer: checks 
VillasBoas17: checks 
*** RIVER *** [7s 8s Qc Td] [2h]
schani11: checks 
tutanpoker: checks 
Jozer: checks 
VillasBoas17: bets $0.08
schani11: folds 
tutanpoker: folds 
Jozer: folds 
Uncalled bet ($0.08) returned to VillasBoas17
VillasBoas17 collected $0.08 from pot
VillasBoas17: doesn't show hand 
*** SUMMARY ***
Total pot $0.08 | Rake $0 
Board [7s 8s Qc Td 2h]
Seat 1: VillasBoas17 (button) collected ($0.08)
Seat 2: schani11 (small blind) folded on the River
Seat 3: tutanpoker (big blind) folded on the River
Seat 4: Pepono101 folded before Flop (didn't bet)
Seat 5: Yuri Colmerauer folded before Flop (didn't bet)
Seat 7: victordyfox folded before Flop (didn't bet)
Seat 8: Jozer folded on the River
Seat 9: Dorex2007 folded before Flop (didn't bet)



PokerStars Hand #234488773616:  Hold'em No Limit ($0.01/$0.02 USD) - 2022/03/01 15:27:01 PT [2022/03/01 18:27:01 ET]
Table 'Swings II' 9-max Seat #2 is the button
Seat 1: VillasBoas17 ($0.83 in chips) 
Seat 2: schani11 ($1.05 in chips) 
Seat 3: tutanpoker ($2.80 in chips) 
Seat 4: Pepono101 ($2.08 in chips) 
Seat 5: Yuri Colmerauer ($2.52 in chips) 
Seat 7: victordyfox ($1.55 in chips) 
Seat 8: Jozer ($0.72 in chips) 
Seat 9: Dorex2007 ($5.72 in chips) 
tutanpoker: posts small blind $0.01
Pepono101: posts big blind $0.02
Jacon2905: sits out 
*** HOLE CARDS ***
Dealt to Dorex2007 [Js Kc]
Yuri Colmerauer: folds 
victordyfox: folds 
Jozer: raises $0.02 to $0.04
Dorex2007: folds 
VillasBoas17: folds 
schani11: folds 
tutanpoker: folds 
Pepono101: calls $0.02
*** FLOP *** [2d 7d Jd]
Pepono101: checks 
Jozer: bets $0.02
Pepono101: calls $0.02
*** TURN *** [2d 7d Jd] [2s]
Pepono101: checks 
Jozer: bets $0.02
Pepono101: calls $0.02
*** RIVER *** [2d 7d Jd 2s] [Jc]
Pepono101: checks 
Jozer: bets $0.02
Pepono101: folds 
Uncalled bet ($0.02) returned to Jozer
Jozer collected $0.16 from pot
Jozer: doesn't show hand 
*** SUMMARY ***
Total pot $0.17 | Rake $0.01 
Board [2d 7d Jd 2s Jc]
Seat 1: VillasBoas17 folded before Flop (didn't bet)
Seat 2: schani11 (button) folded before Flop (didn't bet)
Seat 3: tutanpoker (small blind) folded before Flop
Seat 4: Pepono101 (big blind) folded on the River
Seat 5: Yuri Colmerauer folded before Flop (didn't bet)
Seat 7: victordyfox folded before Flop (didn't bet)
Seat 8: Jozer collected ($0.16)
Seat 9: Dorex2007 folded before Flop (didn't bet)



PokerStars Hand #234488804817:  Hold'em No Limit ($0.01/$0.02 USD) - 2022/03/01 15:28:30 PT [2022/03/01 18:28:30 ET]
Table 'Swings II' 9-max Seat #3 is the button
Seat 1: VillasBoas17 ($0.83 in chips) 
Seat 2: schani11 ($1.05 in chips) 
Seat 3: tutanpoker ($2.79 in chips) 
Seat 4: Pepono101 ($2 in chips) 
Seat 5: Yuri Colmerauer ($2.52 in chips) 
Seat 7: victordyfox ($1.55 in chips) 
Seat 8: Jozer ($0.80 in chips) 
Seat 9: Dorex2007 ($5.72 in chips) 
Pepono101: posts small blind $0.01
Yuri Colmerauer: posts big blind $0.02
Jacon2905: sits out 
*** HOLE CARDS ***
Dealt to Dorex2007 [Ac 3c]
victordyfox: folds 
Jozer: folds 
Dorex2007: raises $0.02 to $0.04
VillasBoas17: folds 
schani11: folds 
tutanpoker: calls $0.04
Pepono101: calls $0.03
Yuri Colmerauer: calls $0.02
*** FLOP *** [Kd Ts 4c]
Pepono101: checks 
Yuri Colmerauer: checks 
Dorex2007: checks 
tutanpoker: checks 
*** TURN *** [Kd Ts 4c] [6c]
Pepono101: checks 
Yuri Colmerauer: bets $0.08
Dorex2007: calls $0.08
tutanpoker: folds 
Pepono101: folds 
*** RIVER *** [Kd Ts 4c 6c] [4s]
Yuri Colmerauer: bets $0.16
Dorex2007: folds 
Uncalled bet ($0.16) returned to Yuri Colmerauer
Yuri Colmerauer collected $0.31 from pot
Yuri Colmerauer: doesn't show hand 
*** SUMMARY ***
Total pot $0.32 | Rake $0.01 
Board [Kd Ts 4c 6c 4s]
Seat 1: VillasBoas17 folded before Flop (didn't bet)
Seat 2: schani11 folded before Flop (didn't bet)
Seat 3: tutanpoker (button) folded on the Turn
Seat 4: Pepono101 (small blind) folded on the Turn
Seat 5: Yuri Colmerauer (big blind) collected ($0.31)
Seat 7: victordyfox folded before Flop (didn't bet)
Seat 8: Jozer folded before Flop (didn't bet)
Seat 9: Dorex2007 folded on the River



PokerStars Hand #234488825864:  Hold'em No Limit ($0.01/$0.02 USD) - 2022/03/01 15:29:31 PT [2022/03/01 18:29:31 ET]
Table 'Swings II' 9-max Seat #4 is the button
Seat 1: VillasBoas17 ($0.83 in chips) 
Seat 2: schani11 ($1.05 in chips) 
Seat 3: tutanpoker ($2.75 in chips) 
Seat 4: Pepono101 ($1.96 in chips) 
Seat 5: Yuri Colmerauer ($2.71 in chips) 
Seat 6: Jacon2905 ($1.11 in chips) 
Seat 7: victordyfox ($1.55 in chips) 
Seat 8: Jozer ($0.80 in chips) 
Seat 9: Dorex2007 ($5.60 in chips) 
Yuri Colmerauer: posts small blind $0.01
Jacon2905: posts big blind $0.02
*** HOLE CARDS ***
Dealt to Dorex2007 [6d 6c]
victordyfox: folds 
Jozer: raises $0.02 to $0.04
Dorex2007: calls $0.04
VillasBoas17: folds 
schani11: folds 
tutanpoker: folds 
Pepono101: calls $0.04
Yuri Colmerauer: calls $0.03
Jacon2905: calls $0.02
*** FLOP *** [Ks Th 6h]
Yuri Colmerauer: checks 
Jacon2905: checks 
Jozer: checks 
Dorex2007: bets $0.19
Pepono101: folds 
Yuri Colmerauer: raises $0.38 to $0.57
Jacon2905: folds 
Jozer: folds 
Dorex2007: raises $4.99 to $5.56 and is all-in
Yuri Colmerauer: calls $2.10 and is all-in
Uncalled bet ($2.89) returned to Dorex2007
*** TURN *** [Ks Th 6h] [Qs]
*** RIVER *** [Ks Th 6h Qs] [2s]
*** SHOW DOWN ***
Yuri Colmerauer: shows [2h Kh] (two pair, Kings and Deuces)
Dorex2007: shows [6d 6c] (three of a kind, Sixes)
Dorex2007 cashed out the hand for $3.71 | Cash Out Fee $0.04
*** SUMMARY ***
Total pot $5.54 | Rake $0.19 
Board [Ks Th 6h Qs 2s]
Seat 1: VillasBoas17 folded before Flop (didn't bet)
Seat 2: schani11 folded before Flop (didn't bet)
Seat 3: tutanpoker folded before Flop (didn't bet)
Seat 4: Pepono101 (button) folded on the Flop
Seat 5: Yuri Colmerauer (small blind) showed [2h Kh] and lost with two pair, Kings and Deuces
Seat 6: Jacon2905 (big blind) folded on the Flop
Seat 7: victordyfox folded before Flop (didn't bet)
Seat 8: Jozer folded on the Flop
Seat 9: Dorex2007 showed [6d 6c] and won ($5.35) with three of a kind, Sixes (pot not awarded as player cashed out)



PokerStars Hand #234488851630:  Hold'em No Limit ($0.01/$0.02 USD) - 2022/03/01 15:30:43 PT [2022/03/01 18:30:43 ET]
Table 'Swings II' 9-max Seat #5 is the button
Seat 1: VillasBoas17 ($0.83 in chips) 
Seat 2: schani11 ($1.05 in chips) 
Seat 3: tutanpoker ($2.75 in chips) 
Seat 4: Pepono101 ($1.92 in chips) 
Seat 5: Yuri Colmerauer ($2 in chips) 
Seat 6: Jacon2905 ($1.07 in chips) 
Seat 7: victordyfox ($1.55 in chips) 
Seat 8: Jozer ($0.76 in chips) 
Seat 9: Dorex2007 ($6.60 in chips) 
Jacon2905: posts small blind $0.01
victordyfox: posts big blind $0.02
*** HOLE CARDS ***
Dealt to Dorex2007 [4c 3h]
Jozer: calls $0.02
Dorex2007: folds 
VillasBoas17: folds 
schani11: folds 
tutanpoker: folds 
Pepono101: calls $0.02
Yuri Colmerauer: folds 
Jacon2905: calls $0.01
victordyfox: checks 
*** FLOP *** [Ad 4h Td]
Jacon2905: checks 
victordyfox: checks 
Jozer: checks 
Pepono101: checks 
*** TURN *** [Ad 4h Td] [5h]
Jacon2905: bets $0.04
victordyfox: calls $0.04
Jozer: calls $0.04
Pepono101: calls $0.04
*** RIVER *** [Ad 4h Td 5h] [Qc]
Jacon2905: checks 
victordyfox: checks 
Jozer: bets $0.23
Pepono101: folds 
Jacon2905: calls $0.23
victordyfox: folds 
*** SHOW DOWN ***
Jozer: shows [Ks Jh] (a straight, Ten to Ace)
Jacon2905: mucks hand 
Jozer collected $0.68 from pot
*** SUMMARY ***
Total pot $0.70 | Rake $0.02 
Board [Ad 4h Td 5h Qc]
Seat 1: VillasBoas17 folded before Flop (didn't bet)
Seat 2: schani11 folded before Flop (didn't bet)
Seat 3: tutanpoker folded before Flop (didn't bet)
Seat 4: Pepono101 folded on the River
Seat 5: Yuri Colmerauer (button) folded before Flop (didn't bet)
Seat 6: Jacon2905 (small blind) mucked [2d Qd]
Seat 7: victordyfox (big blind) folded on the River
Seat 8: Jozer showed [Ks Jh] and won ($0.68) with a straight, Ten to Ace
Seat 9: Dorex2007 folded before Flop (didn't bet)



PokerStars Hand #234488893151:  Hold'em No Limit ($0.01/$0.02 USD) - 2022/03/01 15:32:15 PT [2022/03/01 18:32:15 ET]
Table 'Swings II' 9-max Seat #6 is the button
Seat 1: VillasBoas17 ($0.83 in chips) 
Seat 2: schani11 ($1.05 in chips) 
Seat 3: tutanpoker ($2.75 in chips) 
Seat 4: Pepono101 ($1.86 in chips) 
Seat 5: Yuri Colmerauer ($2 in chips) 
Seat 6: Jacon2905 ($0.78 in chips) 
Seat 7: victordyfox ($1.49 in chips) 
Seat 8: Jozer ($1.15 in chips) 
Seat 9: Dorex2007 ($6.60 in chips) 
victordyfox: posts small blind $0.01
Jozer: posts big blind $0.02
*** HOLE CARDS ***
Dealt to Dorex2007 [6s 9s]
Dorex2007: folds 
VillasBoas17: folds 
schani11: calls $0.02
tutanpoker: calls $0.02
Pepono101: calls $0.02
Yuri Colmerauer: folds 
Jacon2905: folds 
victordyfox: folds 
Jozer: checks 
*** FLOP *** [Kc Kh 6d]
Jozer: checks 
schani11: checks 
tutanpoker: bets $0.05
Pepono101: folds 
Jozer: folds 
schani11: calls $0.05
*** TURN *** [Kc Kh 6d] [8d]
schani11: checks 
tutanpoker: checks 
*** RIVER *** [Kc Kh 6d 8d] [Qc]
schani11: bets $0.18
tutanpoker: calls $0.18
*** SHOW DOWN ***
schani11: shows [7d Kd] (three of a kind, Kings)
tutanpoker: shows [Ks 3s] (three of a kind, Kings)
schani11 collected $0.27 from pot
tutanpoker collected $0.26 from pot
*** SUMMARY ***
Total pot $0.55 | Rake $0.02 
Board [Kc Kh 6d 8d Qc]
Seat 1: VillasBoas17 folded before Flop (didn't bet)
Seat 2: schani11 showed [7d Kd] and won ($0.27) with three of a kind, Kings
Seat 3: tutanpoker showed [Ks 3s] and won ($0.26) with three of a kind, Kings
Seat 4: Pepono101 folded on the Flop
Seat 5: Yuri Colmerauer folded before Flop (didn't bet)
Seat 6: Jacon2905 (button) folded before Flop (didn't bet)
Seat 7: victordyfox (small blind) folded before Flop
Seat 8: Jozer (big blind) folded on the Flop
Seat 9: Dorex2007 folded before Flop (didn't bet)



