PokerStars Hand #238349791836:  Hold'em No Limit ($0.02/$0.05 USD) - 2022/09/01 9:23:02 PT [2022/09/01 12:23:02 ET]
Table 'Poincare' 9-max Seat #8 is the button
Seat 1: Dakota521 ($5.20 in chips) 
Seat 2: twk7 ($5.18 in chips) 
Seat 3: Miller195 ($6.13 in chips) 
Seat 4: ProudDad2009 ($2.31 in chips) 
Seat 5: BezDopinga ($3.73 in chips) 
Seat 6: Swaz85 ($5.60 in chips) 
Seat 7: Dorex2007 ($5 in chips) 
Seat 8: Schdoerrchen ($5 in chips) 
Seat 9: randomgezzer ($5.80 in chips) 
randomgezzer: posts small blind $0.02
Dakota521: posts big blind $0.05
Dorex2007: posts big blind $0.05
*** HOLE CARDS ***
Dealt to Dorex2007 [9c 7c]
twk7: folds 
Miller195: folds 
ProudDad2009: folds 
BezDopinga: raises $0.10 to $0.15
Swaz85: folds 
Dorex2007: folds 
Schdoerrchen: calls $0.15
randomgezzer: calls $0.13
Dakota521: folds 
*** FLOP *** [3s Qh 7s]
randomgezzer: checks 
BezDopinga: bets $0.53
Schdoerrchen: folds 
randomgezzer: folds 
Uncalled bet ($0.53) returned to BezDopinga
BezDopinga collected $0.53 from pot
BezDopinga: doesn't show hand 
*** SUMMARY ***
Total pot $0.55 | Rake $0.02 
Board [3s Qh 7s]
Seat 1: Dakota521 (big blind) folded before Flop
Seat 2: twk7 folded before Flop (didn't bet)
Seat 3: Miller195 folded before Flop (didn't bet)
Seat 4: ProudDad2009 folded before Flop (didn't bet)
Seat 5: BezDopinga collected ($0.53)
Seat 6: Swaz85 folded before Flop (didn't bet)
Seat 7: Dorex2007 folded before Flop (didn't bet)
Seat 8: Schdoerrchen (button) folded on the Flop
Seat 9: randomgezzer (small blind) folded on the Flop



PokerStars Hand #238349803960:  Hold'em No Limit ($0.02/$0.05 USD) - 2022/09/01 9:23:44 PT [2022/09/01 12:23:44 ET]
Table 'Poincare' 9-max Seat #9 is the button
Seat 1: Dakota521 ($5.15 in chips) 
Seat 3: Miller195 ($6.13 in chips) 
Seat 4: ProudDad2009 ($2.31 in chips) 
Seat 5: BezDopinga ($4.11 in chips) 
Seat 6: Swaz85 ($5.60 in chips) 
Seat 7: Dorex2007 ($5 in chips) 
Seat 8: Schdoerrchen ($5 in chips) 
Seat 9: randomgezzer ($5.65 in chips) 
Dakota521: posts small blind $0.02
twk7: is sitting out 
Miller195: posts big blind $0.05
*** HOLE CARDS ***
Dealt to Dorex2007 [6h 6d]
twk7 leaves the table
ProudDad2009: calls $0.05
BezDopinga: calls $0.05
Swaz85: calls $0.05
Dorex2007: calls $0.05
Schdoerrchen: folds 
randomgezzer: folds 
Dakota521: folds 
Miller195: checks 
*** FLOP *** [4s Th 9c]
Miller195: checks 
ProudDad2009: checks 
BezDopinga: bets $0.13
Swaz85: folds 
Dorex2007: folds 
Miller195: folds 
ProudDad2009: folds 
Uncalled bet ($0.13) returned to BezDopinga
BezDopinga collected $0.26 from pot
BezDopinga: doesn't show hand 
*** SUMMARY ***
Total pot $0.27 | Rake $0.01 
Board [4s Th 9c]
Seat 1: Dakota521 (small blind) folded before Flop
Seat 3: Miller195 (big blind) folded on the Flop
Seat 4: ProudDad2009 folded on the Flop
Seat 5: BezDopinga collected ($0.26)
Seat 6: Swaz85 folded on the Flop
Seat 7: Dorex2007 folded on the Flop
Seat 8: Schdoerrchen folded before Flop (didn't bet)
Seat 9: randomgezzer (button) folded before Flop (didn't bet)



PokerStars Hand #238349815219:  Hold'em No Limit ($0.02/$0.05 USD) - 2022/09/01 9:24:23 PT [2022/09/01 12:24:23 ET]
Table 'Poincare' 9-max Seat #1 is the button
Seat 1: Dakota521 ($5.13 in chips) 
Seat 3: Miller195 ($6.08 in chips) 
Seat 4: ProudDad2009 ($2.26 in chips) 
Seat 5: BezDopinga ($4.32 in chips) 
Seat 6: Swaz85 ($5.55 in chips) 
Seat 7: Dorex2007 ($5 in chips) 
Seat 8: Schdoerrchen ($5 in chips) 
Seat 9: randomgezzer ($5.65 in chips) 
Miller195: posts small blind $0.02
ProudDad2009: posts big blind $0.05
*** HOLE CARDS ***
Dealt to Dorex2007 [9d Qc]
BezDopinga: folds 
Swaz85: calls $0.05
xicle joins the table at seat #2 
Dorex2007: folds 
Schdoerrchen: folds 
randomgezzer: folds 
Dakota521: folds 
Miller195: calls $0.03
ProudDad2009: raises $0.10 to $0.15
Swaz85: calls $0.10
Miller195: calls $0.10
*** FLOP *** [Kh 9c 8s]
Miller195: checks 
ProudDad2009: bets $0.15
Swaz85: calls $0.15
Miller195: folds 
*** TURN *** [Kh 9c 8s] [As]
ProudDad2009: checks 
Swaz85: checks 
*** RIVER *** [Kh 9c 8s As] [4h]
ProudDad2009: bets $0.41
Swaz85: folds 
Uncalled bet ($0.41) returned to ProudDad2009
ProudDad2009 collected $0.72 from pot
*** SUMMARY ***
Total pot $0.75 | Rake $0.03 
Board [Kh 9c 8s As 4h]
Seat 1: Dakota521 (button) folded before Flop (didn't bet)
Seat 3: Miller195 (small blind) folded on the Flop
Seat 4: ProudDad2009 (big blind) collected ($0.72)
Seat 5: BezDopinga folded before Flop (didn't bet)
Seat 6: Swaz85 folded on the River
Seat 7: Dorex2007 folded before Flop (didn't bet)
Seat 8: Schdoerrchen folded before Flop (didn't bet)
Seat 9: randomgezzer folded before Flop (didn't bet)



PokerStars Hand #238349841115:  Hold'em No Limit ($0.02/$0.05 USD) - 2022/09/01 9:25:51 PT [2022/09/01 12:25:51 ET]
Table 'Poincare' 9-max Seat #4 is the button
Seat 1: Dakota521 ($5.13 in chips) 
Seat 2: xicle ($4 in chips) 
Seat 4: ProudDad2009 ($2.68 in chips) 
Seat 5: BezDopinga ($4.32 in chips) 
Seat 6: Swaz85 ($5.25 in chips) 
Seat 7: Dorex2007 ($5 in chips) 
Seat 8: Schdoerrchen ($5 in chips) 
Seat 9: randomgezzer ($5.65 in chips) 
BezDopinga: posts small blind $0.02
Swaz85: posts big blind $0.05
xicle: posts big blind $0.05
*** HOLE CARDS ***
Dealt to Dorex2007 [5h Kc]
Dorex2007: folds 
Schdoerrchen: folds 
randomgezzer: folds 
Dakota521: folds 
xicle: raises $0.10 to $0.15
ProudDad2009: folds 
BezDopinga: folds 
Swaz85: calls $0.10
*** FLOP *** [3s Jh Qs]
Swaz85: checks 
xicle: bets $0.20
Swaz85: calls $0.20
*** TURN *** [3s Jh Qs] [3d]
Swaz85: checks 
xicle: bets $0.25
Swaz85: calls $0.25
*** RIVER *** [3s Jh Qs 3d] [9c]
Swaz85: checks 
xicle: checks 
*** SHOW DOWN ***
Swaz85: shows [7h Qh] (two pair, Queens and Threes)
xicle: mucks hand 
Swaz85 collected $1.16 from pot
*** SUMMARY ***
Total pot $1.22 | Rake $0.06 
Board [3s Jh Qs 3d 9c]
Seat 1: Dakota521 folded before Flop (didn't bet)
Seat 2: xicle mucked [Jc As]
Seat 4: ProudDad2009 (button) folded before Flop (didn't bet)
Seat 5: BezDopinga (small blind) folded before Flop
Seat 6: Swaz85 (big blind) showed [7h Qh] and won ($1.16) with two pair, Queens and Threes
Seat 7: Dorex2007 folded before Flop (didn't bet)
Seat 8: Schdoerrchen folded before Flop (didn't bet)
Seat 9: randomgezzer folded before Flop (didn't bet)



PokerStars Hand #238349860198:  Hold'em No Limit ($0.02/$0.05 USD) - 2022/09/01 9:26:54 PT [2022/09/01 12:26:54 ET]
Table 'Poincare' 9-max Seat #5 is the button
Seat 1: Dakota521 ($5.13 in chips) 
Seat 2: xicle ($3.40 in chips) 
Seat 3: Miller195 ($5.93 in chips) 
Seat 4: ProudDad2009 ($2.68 in chips) 
Seat 5: BezDopinga ($4.30 in chips) 
Seat 6: Swaz85 ($5.81 in chips) 
Seat 7: Dorex2007 ($5 in chips) 
Seat 8: Schdoerrchen ($5 in chips) 
Seat 9: randomgezzer ($5.65 in chips) 
Swaz85: posts small blind $0.02
Dorex2007: posts big blind $0.05
*** HOLE CARDS ***
Dealt to Dorex2007 [8h 4h]
Schdoerrchen: folds 
randomgezzer: folds 
Dakota521: folds 
xicle: calls $0.05
Miller195: folds 
ProudDad2009: calls $0.05
BezDopinga: calls $0.05
Swaz85: calls $0.03
Dorex2007: checks 
*** FLOP *** [6c Tc 4d]
Swaz85: checks 
Dorex2007: checks 
xicle: checks 
ProudDad2009: checks 
BezDopinga: checks 
*** TURN *** [6c Tc 4d] [5d]
Swaz85: bets $0.14
Dorex2007: folds 
xicle: raises $0.52 to $0.66
ProudDad2009: calls $0.66
BezDopinga: folds 
Swaz85: raises $1.64 to $2.30
xicle: folds 
ProudDad2009: calls $1.64
*** RIVER *** [6c Tc 4d 5d] [3c]
Swaz85: bets $3.16
ProudDad2009: calls $0.33 and is all-in
Uncalled bet ($2.83) returned to Swaz85
*** SHOW DOWN ***
Swaz85: shows [2c 3s] (a straight, Deuce to Six)
ProudDad2009: shows [Ad 2d] (a straight, Deuce to Six)
Swaz85 collected $2.93 from pot
ProudDad2009 collected $2.95 from pot
*** SUMMARY ***
Total pot $6.17 | Rake $0.29 
Board [6c Tc 4d 5d 3c]
Seat 1: Dakota521 folded before Flop (didn't bet)
Seat 2: xicle folded on the Turn
Seat 3: Miller195 folded before Flop (didn't bet)
Seat 4: ProudDad2009 showed [Ad 2d] and won ($2.95) with a straight, Deuce to Six
Seat 5: BezDopinga (button) folded on the Turn
Seat 6: Swaz85 (small blind) showed [2c 3s] and won ($2.93) with a straight, Deuce to Six
Seat 7: Dorex2007 (big blind) folded on the Turn
Seat 8: Schdoerrchen folded before Flop (didn't bet)
Seat 9: randomgezzer folded before Flop (didn't bet)



PokerStars Hand #238349890718:  Hold'em No Limit ($0.02/$0.05 USD) - 2022/09/01 9:28:34 PT [2022/09/01 12:28:34 ET]
Table 'Poincare' 9-max Seat #6 is the button
Seat 1: Dakota521 ($5.13 in chips) 
Seat 2: xicle ($2.69 in chips) 
Seat 3: Miller195 ($5.93 in chips) 
Seat 4: ProudDad2009 ($2.95 in chips) 
Seat 5: BezDopinga ($4.25 in chips) 
Seat 6: Swaz85 ($6.06 in chips) 
Seat 7: Dorex2007 ($5 in chips) 
Seat 8: Schdoerrchen ($5 in chips) 
Seat 9: randomgezzer ($5.65 in chips) 
Dorex2007: posts small blind $0.02
Schdoerrchen: posts big blind $0.05
*** HOLE CARDS ***
Dealt to Dorex2007 [4s 7s]
randomgezzer: folds 
Dakota521: folds 
xicle: folds 
Miller195: folds 
ProudDad2009: calls $0.05
BezDopinga: folds 
Swaz85: folds 
Dorex2007: folds 
Schdoerrchen: raises $0.12 to $0.17
ProudDad2009: calls $0.12
*** FLOP *** [2c 4h 7h]
Schdoerrchen: bets $0.17
ProudDad2009: calls $0.17
*** TURN *** [2c 4h 7h] [4d]
Schdoerrchen: bets $0.33
ProudDad2009: calls $0.33
*** RIVER *** [2c 4h 7h 4d] [Th]
Schdoerrchen: bets $1.30
ProudDad2009: calls $1.30
*** SHOW DOWN ***
Schdoerrchen: shows [Kh Ad] (a pair of Fours)
ProudDad2009: shows [Td 7d] (two pair, Tens and Sevens)
ProudDad2009 collected $3.80 from pot
*** SUMMARY ***
Total pot $3.96 | Rake $0.16 
Board [2c 4h 7h 4d Th]
Seat 1: Dakota521 folded before Flop (didn't bet)
Seat 2: xicle folded before Flop (didn't bet)
Seat 3: Miller195 folded before Flop (didn't bet)
Seat 4: ProudDad2009 showed [Td 7d] and won ($3.80) with two pair, Tens and Sevens
Seat 5: BezDopinga folded before Flop (didn't bet)
Seat 6: Swaz85 (button) folded before Flop (didn't bet)
Seat 7: Dorex2007 (small blind) folded before Flop
Seat 8: Schdoerrchen (big blind) showed [Kh Ad] and lost with a pair of Fours
Seat 9: randomgezzer folded before Flop (didn't bet)



PokerStars Hand #238349903548:  Hold'em No Limit ($0.02/$0.05 USD) - 2022/09/01 9:29:16 PT [2022/09/01 12:29:16 ET]
Table 'Poincare' 9-max Seat #7 is the button
Seat 1: Dakota521 ($5.13 in chips) 
Seat 2: xicle ($2.69 in chips) 
Seat 3: Miller195 ($5.93 in chips) 
Seat 4: ProudDad2009 ($4.78 in chips) 
Seat 5: BezDopinga ($4.25 in chips) 
Seat 6: Swaz85 ($6.06 in chips) 
Seat 7: Dorex2007 ($5 in chips) 
Seat 8: Schdoerrchen ($5 in chips) 
Seat 9: randomgezzer ($5.65 in chips) 
Schdoerrchen: posts small blind $0.02
randomgezzer: posts big blind $0.05
*** HOLE CARDS ***
Dealt to Dorex2007 [6c 3c]
Dakota521: folds 
xicle: folds 
Miller195: raises $0.10 to $0.15
ProudDad2009: folds 
BezDopinga: folds 
Swaz85: calls $0.15
Dorex2007: folds 
Schdoerrchen: folds 
randomgezzer: folds 
*** FLOP *** [Ts 5c 7h]
Miller195: bets $0.20
Swaz85: calls $0.20
*** TURN *** [Ts 5c 7h] [Qd]
Miller195: checks 
Swaz85: checks 
*** RIVER *** [Ts 5c 7h Qd] [8h]
Miller195: bets $0.37
Swaz85: calls $0.37
*** SHOW DOWN ***
Miller195: shows [Qc Qs] (three of a kind, Queens)
Swaz85: mucks hand 
Miller195 collected $1.45 from pot
*** SUMMARY ***
Total pot $1.51 | Rake $0.06 
Board [Ts 5c 7h Qd 8h]
Seat 1: Dakota521 folded before Flop (didn't bet)
Seat 2: xicle folded before Flop (didn't bet)
Seat 3: Miller195 showed [Qc Qs] and won ($1.45) with three of a kind, Queens
Seat 4: ProudDad2009 folded before Flop (didn't bet)
Seat 5: BezDopinga folded before Flop (didn't bet)
Seat 6: Swaz85 mucked [9d 9c]
Seat 7: Dorex2007 (button) folded before Flop (didn't bet)
Seat 8: Schdoerrchen (small blind) folded before Flop
Seat 9: randomgezzer (big blind) folded before Flop



PokerStars Hand #238349920459:  Hold'em No Limit ($0.02/$0.05 USD) - 2022/09/01 9:30:11 PT [2022/09/01 12:30:11 ET]
Table 'Poincare' 9-max Seat #8 is the button
Seat 1: Dakota521 ($5.13 in chips) 
Seat 2: xicle ($2.69 in chips) 
Seat 3: Miller195 ($6.66 in chips) 
Seat 4: ProudDad2009 ($4.78 in chips) 
Seat 5: BezDopinga ($4.25 in chips) 
Seat 6: Swaz85 ($5.34 in chips) 
Seat 7: Dorex2007 ($5 in chips) 
Seat 8: Schdoerrchen ($5 in chips) 
Seat 9: randomgezzer ($5.60 in chips) 
randomgezzer: posts small blind $0.02
Dakota521: posts big blind $0.05
*** HOLE CARDS ***
Dealt to Dorex2007 [Qs Jc]
xicle: calls $0.05
Miller195: folds 
ProudDad2009: folds 
BezDopinga: folds 
Swaz85: folds 
Dorex2007: raises $0.10 to $0.15
Schdoerrchen: folds 
randomgezzer: folds 
Dakota521: folds 
xicle: calls $0.10
*** FLOP *** [Ac Kh Ks]
xicle: checks 
Dorex2007: checks 
*** TURN *** [Ac Kh Ks] [Jd]
xicle: bets $0.05
Dorex2007: calls $0.05
*** RIVER *** [Ac Kh Ks Jd] [8c]
xicle: bets $0.45
Dorex2007: folds 
Uncalled bet ($0.45) returned to xicle
xicle collected $0.45 from pot
xicle: doesn't show hand 
*** SUMMARY ***
Total pot $0.47 | Rake $0.02 
Board [Ac Kh Ks Jd 8c]
Seat 1: Dakota521 (big blind) folded before Flop
Seat 2: xicle collected ($0.45)
Seat 3: Miller195 folded before Flop (didn't bet)
Seat 4: ProudDad2009 folded before Flop (didn't bet)
Seat 5: BezDopinga folded before Flop (didn't bet)
Seat 6: Swaz85 folded before Flop (didn't bet)
Seat 7: Dorex2007 folded on the River
Seat 8: Schdoerrchen (button) folded before Flop (didn't bet)
Seat 9: randomgezzer (small blind) folded before Flop



PokerStars Hand #238349935641:  Hold'em No Limit ($0.02/$0.05 USD) - 2022/09/01 9:31:01 PT [2022/09/01 12:31:01 ET]
Table 'Poincare' 9-max Seat #9 is the button
Seat 1: Dakota521 ($5.08 in chips) 
Seat 2: xicle ($2.94 in chips) 
Seat 3: Miller195 ($6.66 in chips) 
Seat 4: ProudDad2009 ($4.78 in chips) 
Seat 5: BezDopinga ($4.25 in chips) 
Seat 6: Swaz85 ($5.34 in chips) 
Seat 7: Dorex2007 ($5 in chips) 
Seat 8: Schdoerrchen ($5 in chips) 
Seat 9: randomgezzer ($5.58 in chips) 
Dakota521: posts small blind $0.02
xicle: posts big blind $0.05
*** HOLE CARDS ***
Dealt to Dorex2007 [Jc 6h]
Miller195: folds 
ProudDad2009: calls $0.05
BezDopinga: folds 
Swaz85: folds 
Dorex2007: folds 
Schdoerrchen: folds 
randomgezzer: folds 
Dakota521: calls $0.03
xicle: checks 
*** FLOP *** [Jd 2c Ac]
Dakota521: checks 
xicle: checks 
ProudDad2009: bets $0.07
Dakota521: folds 
xicle: folds 
Uncalled bet ($0.07) returned to ProudDad2009
ProudDad2009 collected $0.14 from pot
*** SUMMARY ***
Total pot $0.15 | Rake $0.01 
Board [Jd 2c Ac]
Seat 1: Dakota521 (small blind) folded on the Flop
Seat 2: xicle (big blind) folded on the Flop
Seat 3: Miller195 folded before Flop (didn't bet)
Seat 4: ProudDad2009 collected ($0.14)
Seat 5: BezDopinga folded before Flop (didn't bet)
Seat 6: Swaz85 folded before Flop (didn't bet)
Seat 7: Dorex2007 folded before Flop (didn't bet)
Seat 8: Schdoerrchen folded before Flop (didn't bet)
Seat 9: randomgezzer (button) folded before Flop (didn't bet)



PokerStars Hand #238349945442:  Hold'em No Limit ($0.02/$0.05 USD) - 2022/09/01 9:31:33 PT [2022/09/01 12:31:33 ET]
Table 'Poincare' 9-max Seat #1 is the button
Seat 1: Dakota521 ($5.03 in chips) 
Seat 2: xicle ($2.89 in chips) 
Seat 3: Miller195 ($6.66 in chips) 
Seat 4: ProudDad2009 ($4.87 in chips) 
Seat 5: BezDopinga ($4.25 in chips) 
Seat 6: Swaz85 ($5.34 in chips) 
Seat 7: Dorex2007 ($5 in chips) 
Seat 8: Schdoerrchen ($5 in chips) 
Seat 9: randomgezzer ($5.58 in chips) 
xicle: posts small blind $0.02
Miller195: posts big blind $0.05
*** HOLE CARDS ***
Dealt to Dorex2007 [Ah 7s]
ProudDad2009: folds 
BezDopinga: folds 
Swaz85: folds 
Dorex2007: folds 
Schdoerrchen: folds 
randomgezzer: folds 
Dakota521: raises $0.10 to $0.15
xicle: raises $0.10 to $0.25
Miller195: folds 
Dakota521: calls $0.10
*** FLOP *** [3s 7d 6c]
xicle: checks 
Dakota521: checks 
*** TURN *** [3s 7d 6c] [7h]
xicle: bets $0.26
Dakota521: folds 
Uncalled bet ($0.26) returned to xicle
xicle collected $0.53 from pot
xicle: doesn't show hand 
*** SUMMARY ***
Total pot $0.55 | Rake $0.02 
Board [3s 7d 6c 7h]
Seat 1: Dakota521 (button) folded on the Turn
Seat 2: xicle (small blind) collected ($0.53)
Seat 3: Miller195 (big blind) folded before Flop
Seat 4: ProudDad2009 folded before Flop (didn't bet)
Seat 5: BezDopinga folded before Flop (didn't bet)
Seat 6: Swaz85 folded before Flop (didn't bet)
Seat 7: Dorex2007 folded before Flop (didn't bet)
Seat 8: Schdoerrchen folded before Flop (didn't bet)
Seat 9: randomgezzer folded before Flop (didn't bet)



PokerStars Hand #238349956301:  Hold'em No Limit ($0.02/$0.05 USD) - 2022/09/01 9:32:08 PT [2022/09/01 12:32:08 ET]
Table 'Poincare' 9-max Seat #2 is the button
Seat 1: Dakota521 ($5 in chips) 
Seat 2: xicle ($3.17 in chips) 
Seat 3: Miller195 ($6.61 in chips) 
Seat 4: ProudDad2009 ($4.87 in chips) 
Seat 5: BezDopinga ($4.25 in chips) 
Seat 6: Swaz85 ($5.34 in chips) 
Seat 7: Dorex2007 ($5 in chips) 
Seat 8: Schdoerrchen ($5 in chips) 
Seat 9: randomgezzer ($5.58 in chips) 
Miller195: posts small blind $0.02
ProudDad2009: posts big blind $0.05
*** HOLE CARDS ***
Dealt to Dorex2007 [5s 2h]
BezDopinga: folds 
Swaz85: folds 
Dorex2007: folds 
Schdoerrchen: folds 
randomgezzer has timed out
randomgezzer: folds 
Dakota521: folds 
xicle: calls $0.05
Miller195: calls $0.03
ProudDad2009: raises $0.15 to $0.20
xicle: calls $0.15
Miller195: calls $0.15
*** FLOP *** [Tc 7s Qc]
Miller195: checks 
ProudDad2009: bets $0.24
xicle: calls $0.24
Miller195: folds 
*** TURN *** [Tc 7s Qc] [Th]
ProudDad2009: checks 
xicle: bets $0.53
ProudDad2009: calls $0.53
*** RIVER *** [Tc 7s Qc Th] [4s]
ProudDad2009: checks 
xicle: bets $1.20
ProudDad2009: folds 
Uncalled bet ($1.20) returned to xicle
xicle collected $2.05 from pot
xicle: doesn't show hand 
*** SUMMARY ***
Total pot $2.14 | Rake $0.09 
Board [Tc 7s Qc Th 4s]
Seat 1: Dakota521 folded before Flop (didn't bet)
Seat 2: xicle (button) collected ($2.05)
Seat 3: Miller195 (small blind) folded on the Flop
Seat 4: ProudDad2009 (big blind) folded on the River
Seat 5: BezDopinga folded before Flop (didn't bet)
Seat 6: Swaz85 folded before Flop (didn't bet)
Seat 7: Dorex2007 folded before Flop (didn't bet)
Seat 8: Schdoerrchen folded before Flop (didn't bet)
Seat 9: randomgezzer folded before Flop (didn't bet)



PokerStars Hand #238349985769:  Hold'em No Limit ($0.02/$0.05 USD) - 2022/09/01 9:33:43 PT [2022/09/01 12:33:43 ET]
Table 'Poincare' 9-max Seat #3 is the button
Seat 1: Dakota521 ($5 in chips) 
Seat 2: xicle ($4.25 in chips) 
Seat 3: Miller195 ($6.41 in chips) 
Seat 4: ProudDad2009 ($3.90 in chips) 
Seat 5: BezDopinga ($4.25 in chips) 
Seat 6: Swaz85 ($5.34 in chips) 
Seat 7: Dorex2007 ($5 in chips) 
Seat 8: Schdoerrchen ($5 in chips) 
Seat 9: randomgezzer ($5.58 in chips) 
ProudDad2009: posts small blind $0.02
BezDopinga: posts big blind $0.05
*** HOLE CARDS ***
Dealt to Dorex2007 [4d 7h]
Swaz85: folds 
Dorex2007: folds 
Schdoerrchen: folds 
randomgezzer: folds 
Dakota521: folds 
xicle: folds 
Miller195: folds 
ProudDad2009: raises $0.10 to $0.15
BezDopinga: folds 
Uncalled bet ($0.10) returned to ProudDad2009
ProudDad2009 collected $0.10 from pot
*** SUMMARY ***
Total pot $0.10 | Rake $0 
Seat 1: Dakota521 folded before Flop (didn't bet)
Seat 2: xicle folded before Flop (didn't bet)
Seat 3: Miller195 (button) folded before Flop (didn't bet)
Seat 4: ProudDad2009 (small blind) collected ($0.10)
Seat 5: BezDopinga (big blind) folded before Flop
Seat 6: Swaz85 folded before Flop (didn't bet)
Seat 7: Dorex2007 folded before Flop (didn't bet)
Seat 8: Schdoerrchen folded before Flop (didn't bet)
Seat 9: randomgezzer folded before Flop (didn't bet)



PokerStars Hand #238349991201:  Hold'em No Limit ($0.02/$0.05 USD) - 2022/09/01 9:34:01 PT [2022/09/01 12:34:01 ET]
Table 'Poincare' 9-max Seat #4 is the button
Seat 1: Dakota521 ($5 in chips) 
Seat 2: xicle ($4.25 in chips) 
Seat 3: Miller195 ($6.41 in chips) 
Seat 4: ProudDad2009 ($3.95 in chips) 
Seat 5: BezDopinga ($4.20 in chips) 
Seat 6: Swaz85 ($5.34 in chips) 
Seat 7: Dorex2007 ($5 in chips) 
Seat 8: Schdoerrchen ($5 in chips) 
Seat 9: randomgezzer ($5.58 in chips) 
BezDopinga: posts small blind $0.02
Swaz85: posts big blind $0.05
*** HOLE CARDS ***
Dealt to Dorex2007 [Jc 8c]
Dorex2007: folds 
Schdoerrchen: folds 
randomgezzer: folds 
Dakota521: folds 
xicle: calls $0.05
Miller195: folds 
ProudDad2009: calls $0.05
BezDopinga: folds 
Swaz85: checks 
*** FLOP *** [Jd Ks 5s]
Swaz85: checks 
xicle: checks 
ProudDad2009: checks 
*** TURN *** [Jd Ks 5s] [8d]
Swaz85: checks 
xicle: checks 
ProudDad2009: checks 
*** RIVER *** [Jd Ks 5s 8d] [Ad]
Swaz85: checks 
xicle: bets $0.16
ProudDad2009: raises $0.36 to $0.52
Swaz85: folds 
xicle: calls $0.36
*** SHOW DOWN ***
ProudDad2009: shows [Qd 6d] (a flush, Ace high)
xicle: mucks hand 
ProudDad2009 collected $1.16 from pot
*** SUMMARY ***
Total pot $1.21 | Rake $0.05 
Board [Jd Ks 5s 8d Ad]
Seat 1: Dakota521 folded before Flop (didn't bet)
Seat 2: xicle mucked [Ah 6h]
Seat 3: Miller195 folded before Flop (didn't bet)
Seat 4: ProudDad2009 (button) showed [Qd 6d] and won ($1.16) with a flush, Ace high
Seat 5: BezDopinga (small blind) folded before Flop
Seat 6: Swaz85 (big blind) folded on the River
Seat 7: Dorex2007 folded before Flop (didn't bet)
Seat 8: Schdoerrchen folded before Flop (didn't bet)
Seat 9: randomgezzer folded before Flop (didn't bet)



PokerStars Hand #238350013801:  Hold'em No Limit ($0.02/$0.05 USD) - 2022/09/01 9:35:12 PT [2022/09/01 12:35:12 ET]
Table 'Poincare' 9-max Seat #5 is the button
Seat 1: Dakota521 ($5 in chips) 
Seat 2: xicle ($3.68 in chips) 
Seat 3: Miller195 ($6.41 in chips) 
Seat 4: ProudDad2009 ($4.54 in chips) 
Seat 5: BezDopinga ($4.18 in chips) 
Seat 6: Swaz85 ($5.29 in chips) 
Seat 7: Dorex2007 ($5 in chips) 
Seat 8: Schdoerrchen ($5 in chips) 
Seat 9: randomgezzer ($5.58 in chips) 
Swaz85: posts small blind $0.02
Dorex2007: posts big blind $0.05
*** HOLE CARDS ***
Dealt to Dorex2007 [Ks 9c]
Schdoerrchen: folds 
randomgezzer: calls $0.05
Dakota521: raises $0.17 to $0.22
xicle: folds 
Miller195: folds 
ProudDad2009: folds 
BezDopinga: calls $0.22
Swaz85: folds 
Dorex2007: folds 
randomgezzer: calls $0.17
*** FLOP *** [5h 6c 4c]
randomgezzer: bets $0.40
Dakota521: folds 
BezDopinga: folds 
Uncalled bet ($0.40) returned to randomgezzer
randomgezzer collected $0.70 from pot
randomgezzer: doesn't show hand 
*** SUMMARY ***
Total pot $0.73 | Rake $0.03 
Board [5h 6c 4c]
Seat 1: Dakota521 folded on the Flop
Seat 2: xicle folded before Flop (didn't bet)
Seat 3: Miller195 folded before Flop (didn't bet)
Seat 4: ProudDad2009 folded before Flop (didn't bet)
Seat 5: BezDopinga (button) folded on the Flop
Seat 6: Swaz85 (small blind) folded before Flop
Seat 7: Dorex2007 (big blind) folded before Flop
Seat 8: Schdoerrchen folded before Flop (didn't bet)
Seat 9: randomgezzer collected ($0.70)



PokerStars Hand #238350024993:  Hold'em No Limit ($0.02/$0.05 USD) - 2022/09/01 9:35:47 PT [2022/09/01 12:35:47 ET]
Table 'Poincare' 9-max Seat #6 is the button
Seat 1: Dakota521 ($5 in chips) 
Seat 2: xicle ($3.68 in chips) 
Seat 3: Miller195 ($6.41 in chips) 
Seat 4: ProudDad2009 ($4.54 in chips) 
Seat 5: BezDopinga ($3.96 in chips) 
Seat 6: Swaz85 ($5.27 in chips) 
Seat 7: Dorex2007 ($5 in chips) 
Seat 8: Schdoerrchen ($5 in chips) 
Seat 9: randomgezzer ($6.06 in chips) 
Dorex2007: posts small blind $0.02
Schdoerrchen: posts big blind $0.05
*** HOLE CARDS ***
Dealt to Dorex2007 [Jc 3s]
randomgezzer: folds 
Dakota521: folds 
xicle: calls $0.05
Miller195: folds 
ProudDad2009: folds 
BezDopinga: folds 
Swaz85: folds 
Dorex2007: folds 
Schdoerrchen: checks 
*** FLOP *** [6d 3c 2c]
Schdoerrchen: checks 
xicle: bets $0.05
Schdoerrchen: folds 
Uncalled bet ($0.05) returned to xicle
xicle collected $0.12 from pot
xicle: doesn't show hand 
*** SUMMARY ***
Total pot $0.12 | Rake $0 
Board [6d 3c 2c]
Seat 1: Dakota521 folded before Flop (didn't bet)
Seat 2: xicle collected ($0.12)
Seat 3: Miller195 folded before Flop (didn't bet)
Seat 4: ProudDad2009 folded before Flop (didn't bet)
Seat 5: BezDopinga folded before Flop (didn't bet)
Seat 6: Swaz85 (button) folded before Flop (didn't bet)
Seat 7: Dorex2007 (small blind) folded before Flop
Seat 8: Schdoerrchen (big blind) folded on the Flop
Seat 9: randomgezzer folded before Flop (didn't bet)



PokerStars Hand #238350034159:  Hold'em No Limit ($0.02/$0.05 USD) - 2022/09/01 9:36:16 PT [2022/09/01 12:36:16 ET]
Table 'Poincare' 9-max Seat #7 is the button
Seat 1: Dakota521 ($5 in chips) 
Seat 2: xicle ($3.75 in chips) 
Seat 3: Miller195 ($6.41 in chips) 
Seat 4: ProudDad2009 ($4.54 in chips) 
Seat 5: BezDopinga ($3.96 in chips) 
Seat 6: Swaz85 ($5.27 in chips) 
Seat 7: Dorex2007 ($5 in chips) 
Seat 8: Schdoerrchen ($5 in chips) 
Seat 9: randomgezzer ($6.06 in chips) 
Schdoerrchen: posts small blind $0.02
randomgezzer: posts big blind $0.05
*** HOLE CARDS ***
Dealt to Dorex2007 [4c Qh]
Dakota521: folds 
xicle: folds 
Miller195: folds 
ProudDad2009: folds 
BezDopinga: raises $0.10 to $0.15
Swaz85: folds 
Dorex2007: folds 
Schdoerrchen: folds 
randomgezzer: calls $0.10
*** FLOP *** [5h 5s 4h]
randomgezzer: checks 
BezDopinga: bets $0.20
randomgezzer: folds 
Uncalled bet ($0.20) returned to BezDopinga
BezDopinga collected $0.31 from pot
BezDopinga: doesn't show hand 
*** SUMMARY ***
Total pot $0.32 | Rake $0.01 
Board [5h 5s 4h]
Seat 1: Dakota521 folded before Flop (didn't bet)
Seat 2: xicle folded before Flop (didn't bet)
Seat 3: Miller195 folded before Flop (didn't bet)
Seat 4: ProudDad2009 folded before Flop (didn't bet)
Seat 5: BezDopinga collected ($0.31)
Seat 6: Swaz85 folded before Flop (didn't bet)
Seat 7: Dorex2007 (button) folded before Flop (didn't bet)
Seat 8: Schdoerrchen (small blind) folded before Flop
Seat 9: randomgezzer (big blind) folded on the Flop



PokerStars Hand #238350041050:  Hold'em No Limit ($0.02/$0.05 USD) - 2022/09/01 9:36:38 PT [2022/09/01 12:36:38 ET]
Table 'Poincare' 9-max Seat #8 is the button
Seat 1: Dakota521 ($5 in chips) 
Seat 2: xicle ($3.75 in chips) 
Seat 3: Miller195 ($6.41 in chips) 
Seat 4: ProudDad2009 ($4.54 in chips) 
Seat 5: BezDopinga ($4.12 in chips) 
Seat 6: Swaz85 ($5.27 in chips) 
Seat 7: Dorex2007 ($5 in chips) 
Seat 8: Schdoerrchen ($5 in chips) 
Seat 9: randomgezzer ($5.91 in chips) 
randomgezzer: posts small blind $0.02
Dakota521: posts big blind $0.05
*** HOLE CARDS ***
Dealt to Dorex2007 [As 9h]
xicle: folds 
Miller195: raises $0.10 to $0.15
ProudDad2009: folds 
BezDopinga: folds 
Swaz85: calls $0.15
Dorex2007: folds 
Schdoerrchen: folds 
randomgezzer: folds 
Dakota521: folds 
*** FLOP *** [7d 6c 8h]
Miller195: bets $0.17
Swaz85: folds 
Uncalled bet ($0.17) returned to Miller195
Miller195 collected $0.35 from pot
*** SUMMARY ***
Total pot $0.37 | Rake $0.02 
Board [7d 6c 8h]
Seat 1: Dakota521 (big blind) folded before Flop
Seat 2: xicle folded before Flop (didn't bet)
Seat 3: Miller195 collected ($0.35)
Seat 4: ProudDad2009 folded before Flop (didn't bet)
Seat 5: BezDopinga folded before Flop (didn't bet)
Seat 6: Swaz85 folded on the Flop
Seat 7: Dorex2007 folded before Flop (didn't bet)
Seat 8: Schdoerrchen (button) folded before Flop (didn't bet)
Seat 9: randomgezzer (small blind) folded before Flop



PokerStars Hand #238350051713:  Hold'em No Limit ($0.02/$0.05 USD) - 2022/09/01 9:37:11 PT [2022/09/01 12:37:11 ET]
Table 'Poincare' 9-max Seat #9 is the button
Seat 1: Dakota521 ($5 in chips) 
Seat 2: xicle ($3.75 in chips) 
Seat 3: Miller195 ($6.61 in chips) 
Seat 4: ProudDad2009 ($4.54 in chips) 
Seat 5: BezDopinga ($4.12 in chips) 
Seat 6: Swaz85 ($5.12 in chips) 
Seat 7: Dorex2007 ($5 in chips) 
Seat 8: Schdoerrchen ($5 in chips) 
Seat 9: randomgezzer ($5.89 in chips) 
Dakota521: posts small blind $0.02
xicle: posts big blind $0.05
*** HOLE CARDS ***
Dealt to Dorex2007 [Qs 3h]
Miller195: folds 
ProudDad2009: folds 
BezDopinga: folds 
Swaz85: folds 
Dorex2007: folds 
Schdoerrchen: folds 
randomgezzer: folds 
Dakota521: folds 
Uncalled bet ($0.03) returned to xicle
xicle collected $0.04 from pot
xicle: doesn't show hand 
*** SUMMARY ***
Total pot $0.04 | Rake $0 
Seat 1: Dakota521 (small blind) folded before Flop
Seat 2: xicle (big blind) collected ($0.04)
Seat 3: Miller195 folded before Flop (didn't bet)
Seat 4: ProudDad2009 folded before Flop (didn't bet)
Seat 5: BezDopinga folded before Flop (didn't bet)
Seat 6: Swaz85 folded before Flop (didn't bet)
Seat 7: Dorex2007 folded before Flop (didn't bet)
Seat 8: Schdoerrchen folded before Flop (didn't bet)
Seat 9: randomgezzer (button) folded before Flop (didn't bet)



PokerStars Hand #238350058875:  Hold'em No Limit ($0.02/$0.05 USD) - 2022/09/01 9:37:33 PT [2022/09/01 12:37:33 ET]
Table 'Poincare' 9-max Seat #1 is the button
Seat 1: Dakota521 ($5 in chips) 
Seat 2: xicle ($3.77 in chips) 
Seat 3: Miller195 ($6.61 in chips) 
Seat 4: ProudDad2009 ($4.54 in chips) 
Seat 5: BezDopinga ($4.12 in chips) 
Seat 6: Swaz85 ($5.12 in chips) 
Seat 7: Dorex2007 ($5 in chips) 
Seat 8: Schdoerrchen ($5 in chips) 
Seat 9: randomgezzer ($5.89 in chips) 
xicle: posts small blind $0.02
Miller195: posts big blind $0.05
*** HOLE CARDS ***
Dealt to Dorex2007 [6d 5c]
ProudDad2009: calls $0.05
BezDopinga: folds 
Swaz85: folds 
Dorex2007: folds 
Schdoerrchen: folds 
randomgezzer: raises $0.10 to $0.15
Dakota521: folds 
xicle: folds 
Miller195: folds 
ProudDad2009: calls $0.10
*** FLOP *** [Ac 8h 3h]
ProudDad2009: checks 
randomgezzer: bets $0.20
ProudDad2009: folds 
Uncalled bet ($0.20) returned to randomgezzer
randomgezzer collected $0.35 from pot
randomgezzer: doesn't show hand 
*** SUMMARY ***
Total pot $0.37 | Rake $0.02 
Board [Ac 8h 3h]
Seat 1: Dakota521 (button) folded before Flop (didn't bet)
Seat 2: xicle (small blind) folded before Flop
Seat 3: Miller195 (big blind) folded before Flop
Seat 4: ProudDad2009 folded on the Flop
Seat 5: BezDopinga folded before Flop (didn't bet)
Seat 6: Swaz85 folded before Flop (didn't bet)
Seat 7: Dorex2007 folded before Flop (didn't bet)
Seat 8: Schdoerrchen folded before Flop (didn't bet)
Seat 9: randomgezzer collected ($0.35)



PokerStars Hand #238350070206:  Hold'em No Limit ($0.02/$0.05 USD) - 2022/09/01 9:38:09 PT [2022/09/01 12:38:09 ET]
Table 'Poincare' 9-max Seat #2 is the button
Seat 1: Dakota521 ($5 in chips) 
Seat 2: xicle ($3.75 in chips) 
Seat 3: Miller195 ($6.56 in chips) 
Seat 4: ProudDad2009 ($4.39 in chips) 
Seat 5: BezDopinga ($4.12 in chips) 
Seat 6: Swaz85 ($5.12 in chips) 
Seat 7: Dorex2007 ($5 in chips) 
Seat 8: Schdoerrchen ($5 in chips) 
Seat 9: randomgezzer ($6.09 in chips) 
Miller195: posts small blind $0.02
ProudDad2009: posts big blind $0.05
*** HOLE CARDS ***
Dealt to Dorex2007 [6s Qs]
BezDopinga: folds 
Swaz85: calls $0.05
Dorex2007: folds 
Schdoerrchen: calls $0.05
randomgezzer: calls $0.05
Dakota521: raises $0.27 to $0.32
xicle: folds 
Miller195: folds 
ProudDad2009: folds 
Swaz85: folds 
Schdoerrchen: calls $0.27
randomgezzer: folds 
*** FLOP *** [4h Kc 3c]
Schdoerrchen: checks 
Dakota521: bets $0.62
Schdoerrchen: calls $0.62
*** TURN *** [4h Kc 3c] [8c]
Schdoerrchen: checks 
Dakota521: checks 
*** RIVER *** [4h Kc 3c 8c] [5h]
Schdoerrchen: bets $1.96
Dakota521: folds 
Uncalled bet ($1.96) returned to Schdoerrchen
Schdoerrchen collected $1.94 from pot
Schdoerrchen: doesn't show hand 
*** SUMMARY ***
Total pot $2.05 | Rake $0.11 
Board [4h Kc 3c 8c 5h]
Seat 1: Dakota521 folded on the River
Seat 2: xicle (button) folded before Flop (didn't bet)
Seat 3: Miller195 (small blind) folded before Flop
Seat 4: ProudDad2009 (big blind) folded before Flop
Seat 5: BezDopinga folded before Flop (didn't bet)
Seat 6: Swaz85 folded before Flop
Seat 7: Dorex2007 folded before Flop (didn't bet)
Seat 8: Schdoerrchen collected ($1.94)
Seat 9: randomgezzer folded before Flop



PokerStars Hand #238350088327:  Hold'em No Limit ($0.02/$0.05 USD) - 2022/09/01 9:39:06 PT [2022/09/01 12:39:06 ET]
Table 'Poincare' 9-max Seat #3 is the button
Seat 1: Dakota521 ($5 in chips) 
Seat 2: xicle ($3.75 in chips) 
Seat 3: Miller195 ($6.54 in chips) 
Seat 4: ProudDad2009 ($4.34 in chips) 
Seat 5: BezDopinga ($4.12 in chips) 
Seat 6: Swaz85 ($5.07 in chips) 
Seat 7: Dorex2007 ($5 in chips) 
Seat 8: Schdoerrchen ($6 in chips) 
Seat 9: randomgezzer ($6.04 in chips) 
ProudDad2009: posts small blind $0.02
BezDopinga: posts big blind $0.05
*** HOLE CARDS ***
Dealt to Dorex2007 [Jh 7s]
Swaz85: folds 
Dorex2007: folds 
Schdoerrchen: folds 
randomgezzer: folds 
Dakota521: folds 
xicle: folds 
Miller195: folds 
ProudDad2009: calls $0.03
BezDopinga: checks 
*** FLOP *** [4s 6c 8h]
ProudDad2009: checks 
BezDopinga: checks 
*** TURN *** [4s 6c 8h] [Ac]
ProudDad2009: bets $0.10
BezDopinga: folds 
Uncalled bet ($0.10) returned to ProudDad2009
ProudDad2009 collected $0.10 from pot
*** SUMMARY ***
Total pot $0.10 | Rake $0 
Board [4s 6c 8h Ac]
Seat 1: Dakota521 folded before Flop (didn't bet)
Seat 2: xicle folded before Flop (didn't bet)
Seat 3: Miller195 (button) folded before Flop (didn't bet)
Seat 4: ProudDad2009 (small blind) collected ($0.10)
Seat 5: BezDopinga (big blind) folded on the Turn
Seat 6: Swaz85 folded before Flop (didn't bet)
Seat 7: Dorex2007 folded before Flop (didn't bet)
Seat 8: Schdoerrchen folded before Flop (didn't bet)
Seat 9: randomgezzer folded before Flop (didn't bet)



PokerStars Hand #238350096947:  Hold'em No Limit ($0.02/$0.05 USD) - 2022/09/01 9:39:33 PT [2022/09/01 12:39:33 ET]
Table 'Poincare' 9-max Seat #4 is the button
Seat 1: Dakota521 ($5 in chips) 
Seat 2: xicle ($3.75 in chips) 
Seat 3: Miller195 ($6.54 in chips) 
Seat 4: ProudDad2009 ($4.39 in chips) 
Seat 5: BezDopinga ($4.07 in chips) 
Seat 6: Swaz85 ($5.07 in chips) 
Seat 7: Dorex2007 ($5 in chips) 
Seat 8: Schdoerrchen ($6 in chips) 
Seat 9: randomgezzer ($6.04 in chips) 
BezDopinga: posts small blind $0.02
Swaz85: posts big blind $0.05
*** HOLE CARDS ***
Dealt to Dorex2007 [8h 5d]
Dorex2007: folds 
Schdoerrchen: folds 
randomgezzer: folds 
Dakota521: folds 
xicle: folds 
Miller195: folds 
ProudDad2009: folds 
BezDopinga: raises $0.10 to $0.15
Swaz85: calls $0.10
*** FLOP *** [4s Th 2s]
BezDopinga: bets $0.29
Swaz85: folds 
Uncalled bet ($0.29) returned to BezDopinga
BezDopinga collected $0.29 from pot
BezDopinga: doesn't show hand 
*** SUMMARY ***
Total pot $0.30 | Rake $0.01 
Board [4s Th 2s]
Seat 1: Dakota521 folded before Flop (didn't bet)
Seat 2: xicle folded before Flop (didn't bet)
Seat 3: Miller195 folded before Flop (didn't bet)
Seat 4: ProudDad2009 (button) folded before Flop (didn't bet)
Seat 5: BezDopinga (small blind) collected ($0.29)
Seat 6: Swaz85 (big blind) folded on the Flop
Seat 7: Dorex2007 folded before Flop (didn't bet)
Seat 8: Schdoerrchen folded before Flop (didn't bet)
Seat 9: randomgezzer folded before Flop (didn't bet)



PokerStars Hand #238350104942:  Hold'em No Limit ($0.02/$0.05 USD) - 2022/09/01 9:39:58 PT [2022/09/01 12:39:58 ET]
Table 'Poincare' 9-max Seat #5 is the button
Seat 1: Dakota521 ($5 in chips) 
Seat 2: xicle ($3.75 in chips) 
Seat 3: Miller195 ($6.54 in chips) 
Seat 4: ProudDad2009 ($4.39 in chips) 
Seat 5: BezDopinga ($4.21 in chips) 
Seat 6: Swaz85 ($4.92 in chips) 
Seat 7: Dorex2007 ($5 in chips) 
Seat 8: Schdoerrchen ($6 in chips) 
Seat 9: randomgezzer ($6.04 in chips) 
Swaz85: posts small blind $0.02
Dorex2007: posts big blind $0.05
*** HOLE CARDS ***
Dealt to Dorex2007 [4c Tc]
Schdoerrchen: folds 
randomgezzer: folds 
Dakota521: folds 
xicle: calls $0.05
Miller195: folds 
ProudDad2009: calls $0.05
BezDopinga: folds 
Swaz85: calls $0.03
Dorex2007: checks 
*** FLOP *** [Ad 8c 2c]
Swaz85: checks 
Dorex2007: checks 
xicle: bets $0.05
ProudDad2009: folds 
Swaz85: folds 
Dorex2007: calls $0.05
*** TURN *** [Ad 8c 2c] [Qh]
Dorex2007: checks 
xicle: bets $0.05
Dorex2007: calls $0.05
*** RIVER *** [Ad 8c 2c Qh] [Jh]
Dorex2007: checks 
xicle: checks 
*** SHOW DOWN ***
Dorex2007: shows [4c Tc] (high card Ace)
xicle: shows [9c Jc] (a pair of Jacks)
xicle collected $0.38 from pot
*** SUMMARY ***
Total pot $0.40 | Rake $0.02 
Board [Ad 8c 2c Qh Jh]
Seat 1: Dakota521 folded before Flop (didn't bet)
Seat 2: xicle showed [9c Jc] and won ($0.38) with a pair of Jacks
Seat 3: Miller195 folded before Flop (didn't bet)
Seat 4: ProudDad2009 folded on the Flop
Seat 5: BezDopinga (button) folded before Flop (didn't bet)
Seat 6: Swaz85 (small blind) folded on the Flop
Seat 7: Dorex2007 (big blind) showed [4c Tc] and lost with high card Ace
Seat 8: Schdoerrchen folded before Flop (didn't bet)
Seat 9: randomgezzer folded before Flop (didn't bet)



PokerStars Hand #238350121270:  Hold'em No Limit ($0.02/$0.05 USD) - 2022/09/01 9:40:50 PT [2022/09/01 12:40:50 ET]
Table 'Poincare' 9-max Seat #6 is the button
Seat 1: Dakota521 ($5 in chips) 
Seat 2: xicle ($3.98 in chips) 
Seat 3: Miller195 ($6.54 in chips) 
Seat 4: ProudDad2009 ($4.34 in chips) 
Seat 5: BezDopinga ($4.21 in chips) 
Seat 6: Swaz85 ($4.87 in chips) 
Seat 7: Dorex2007 ($5 in chips) 
Seat 8: Schdoerrchen ($6 in chips) 
Seat 9: randomgezzer ($6.04 in chips) 
Dorex2007: posts small blind $0.02
Schdoerrchen: posts big blind $0.05
*** HOLE CARDS ***
Dealt to Dorex2007 [Jd 5s]
randomgezzer: raises $0.10 to $0.15
Dakota521: folds 
xicle: folds 
Miller195: folds 
ProudDad2009: folds 
BezDopinga: folds 
Swaz85: folds 
Dorex2007: folds 
Schdoerrchen: folds 
Uncalled bet ($0.10) returned to randomgezzer
randomgezzer collected $0.12 from pot
randomgezzer: doesn't show hand 
*** SUMMARY ***
Total pot $0.12 | Rake $0 
Seat 1: Dakota521 folded before Flop (didn't bet)
Seat 2: xicle folded before Flop (didn't bet)
Seat 3: Miller195 folded before Flop (didn't bet)
Seat 4: ProudDad2009 folded before Flop (didn't bet)
Seat 5: BezDopinga folded before Flop (didn't bet)
Seat 6: Swaz85 (button) folded before Flop (didn't bet)
Seat 7: Dorex2007 (small blind) folded before Flop
Seat 8: Schdoerrchen (big blind) folded before Flop
Seat 9: randomgezzer collected ($0.12)



PokerStars Hand #238350125908:  Hold'em No Limit ($0.02/$0.05 USD) - 2022/09/01 9:41:05 PT [2022/09/01 12:41:05 ET]
Table 'Poincare' 9-max Seat #7 is the button
Seat 1: Dakota521 ($5 in chips) 
Seat 2: xicle ($3.98 in chips) 
Seat 3: Miller195 ($6.54 in chips) 
Seat 4: ProudDad2009 ($4.34 in chips) 
Seat 5: BezDopinga ($4.21 in chips) 
Seat 6: Swaz85 ($4.87 in chips) 
Seat 7: Dorex2007 ($5 in chips) 
Seat 8: Schdoerrchen ($5.95 in chips) 
Schdoerrchen: posts small blind $0.02
randomgezzer: is sitting out 
Dakota521: posts big blind $0.05
*** HOLE CARDS ***
Dealt to Dorex2007 [8h Kd]
randomgezzer leaves the table
xicle: folds 
Miller195: folds 
Larry-s1980 joins the table at seat #9 
ProudDad2009: calls $0.05
BezDopinga: folds 
Swaz85: folds 
Dorex2007: folds 
Schdoerrchen: folds 
Dakota521: checks 
*** FLOP *** [Tc 2c Ks]
Dakota521: checks 
ProudDad2009: bets $0.10
Dakota521: calls $0.10
*** TURN *** [Tc 2c Ks] [6h]
Dakota521: checks 
ProudDad2009: bets $0.20
Dakota521: folds 
Uncalled bet ($0.20) returned to ProudDad2009
ProudDad2009 collected $0.31 from pot
*** SUMMARY ***
Total pot $0.32 | Rake $0.01 
Board [Tc 2c Ks 6h]
Seat 1: Dakota521 (big blind) folded on the Turn
Seat 2: xicle folded before Flop (didn't bet)
Seat 3: Miller195 folded before Flop (didn't bet)
Seat 4: ProudDad2009 collected ($0.31)
Seat 5: BezDopinga folded before Flop (didn't bet)
Seat 6: Swaz85 folded before Flop (didn't bet)
Seat 7: Dorex2007 (button) folded before Flop (didn't bet)
Seat 8: Schdoerrchen (small blind) folded before Flop



PokerStars Hand #238350140049:  Hold'em No Limit ($0.02/$0.05 USD) - 2022/09/01 9:41:50 PT [2022/09/01 12:41:50 ET]
Table 'Poincare' 9-max Seat #8 is the button
Seat 1: Dakota521 ($5 in chips) 
Seat 2: xicle ($3.98 in chips) 
Seat 3: Miller195 ($6.54 in chips) 
Seat 4: ProudDad2009 ($4.50 in chips) 
Seat 5: BezDopinga ($4.21 in chips) 
Seat 6: Swaz85 ($4.87 in chips) 
Seat 7: Dorex2007 ($5 in chips) 
Seat 8: Schdoerrchen ($5.93 in chips) 
Dakota521: posts small blind $0.02
xicle: posts big blind $0.05
*** HOLE CARDS ***
Dealt to Dorex2007 [5c Ks]
Miller195: folds 
ProudDad2009: calls $0.05
BezDopinga: folds 
Swaz85: folds 
Dorex2007: folds 
Schdoerrchen: folds 
Dakota521: raises $0.15 to $0.20
xicle: folds 
ProudDad2009: calls $0.15
*** FLOP *** [Ts 6c 7s]
Dakota521: checks 
ProudDad2009: bets $0.21
Dakota521: folds 
Uncalled bet ($0.21) returned to ProudDad2009
ProudDad2009 collected $0.43 from pot
*** SUMMARY ***
Total pot $0.45 | Rake $0.02 
Board [Ts 6c 7s]
Seat 1: Dakota521 (small blind) folded on the Flop
Seat 2: xicle (big blind) folded before Flop
Seat 3: Miller195 folded before Flop (didn't bet)
Seat 4: ProudDad2009 collected ($0.43)
Seat 5: BezDopinga folded before Flop (didn't bet)
Seat 6: Swaz85 folded before Flop (didn't bet)
Seat 7: Dorex2007 folded before Flop (didn't bet)
Seat 8: Schdoerrchen (button) folded before Flop (didn't bet)



PokerStars Hand #238350148674:  Hold'em No Limit ($0.02/$0.05 USD) - 2022/09/01 9:42:16 PT [2022/09/01 12:42:16 ET]
Table 'Poincare' 9-max Seat #1 is the button
Seat 1: Dakota521 ($5 in chips) 
Seat 2: xicle ($3.93 in chips) 
Seat 3: Miller195 ($6.54 in chips) 
Seat 4: ProudDad2009 ($4.73 in chips) 
Seat 5: BezDopinga ($4.21 in chips) 
Seat 6: Swaz85 ($4.87 in chips) 
Seat 7: Dorex2007 ($5 in chips) 
Seat 8: Schdoerrchen ($5.93 in chips) 
xicle: posts small blind $0.02
Miller195: posts big blind $0.05
Larry-s1980: sits out 
*** HOLE CARDS ***
Dealt to Dorex2007 [8s Ah]
ProudDad2009: folds 
BezDopinga: folds 
Swaz85: folds 
Dorex2007: folds 
Schdoerrchen: folds 
Dakota521: folds 
xicle: calls $0.03
Miller195: checks 
*** FLOP *** [2s As 3d]
xicle: checks 
Miller195: bets $0.05
xicle: folds 
Uncalled bet ($0.05) returned to Miller195
Miller195 collected $0.10 from pot
*** SUMMARY ***
Total pot $0.10 | Rake $0 
Board [2s As 3d]
Seat 1: Dakota521 (button) folded before Flop (didn't bet)
Seat 2: xicle (small blind) folded on the Flop
Seat 3: Miller195 (big blind) collected ($0.10)
Seat 4: ProudDad2009 folded before Flop (didn't bet)
Seat 5: BezDopinga folded before Flop (didn't bet)
Seat 6: Swaz85 folded before Flop (didn't bet)
Seat 7: Dorex2007 folded before Flop (didn't bet)
Seat 8: Schdoerrchen folded before Flop (didn't bet)



PokerStars Hand #238350157851:  Hold'em No Limit ($0.02/$0.05 USD) - 2022/09/01 9:42:45 PT [2022/09/01 12:42:45 ET]
Table 'Poincare' 9-max Seat #2 is the button
Seat 1: Dakota521 ($5 in chips) 
Seat 2: xicle ($3.88 in chips) 
Seat 3: Miller195 ($6.59 in chips) 
Seat 4: ProudDad2009 ($4.73 in chips) 
Seat 5: BezDopinga ($4.21 in chips) 
Seat 6: Swaz85 ($4.87 in chips) 
Seat 7: Dorex2007 ($5 in chips) 
Seat 8: Schdoerrchen ($5.93 in chips) 
Miller195: posts small blind $0.02
ProudDad2009: posts big blind $0.05
Larry-s1980: sits out 
*** HOLE CARDS ***
Dealt to Dorex2007 [4s 8h]
BezDopinga: folds 
Swaz85: folds 
Dorex2007: folds 
Schdoerrchen: folds 
Dakota521: folds 
xicle: calls $0.05
Miller195: calls $0.03
ProudDad2009: checks 
*** FLOP *** [Jd 4d 6c]
Miller195: checks 
ProudDad2009: bets $0.07
xicle: folds 
Miller195: folds 
Uncalled bet ($0.07) returned to ProudDad2009
ProudDad2009 collected $0.14 from pot
*** SUMMARY ***
Total pot $0.15 | Rake $0.01 
Board [Jd 4d 6c]
Seat 1: Dakota521 folded before Flop (didn't bet)
Seat 2: xicle (button) folded on the Flop
Seat 3: Miller195 (small blind) folded on the Flop
Seat 4: ProudDad2009 (big blind) collected ($0.14)
Seat 5: BezDopinga folded before Flop (didn't bet)
Seat 6: Swaz85 folded before Flop (didn't bet)
Seat 7: Dorex2007 folded before Flop (didn't bet)
Seat 8: Schdoerrchen folded before Flop (didn't bet)



PokerStars Hand #238350169084:  Hold'em No Limit ($0.02/$0.05 USD) - 2022/09/01 9:43:20 PT [2022/09/01 12:43:20 ET]
Table 'Poincare' 9-max Seat #3 is the button
Seat 1: Dakota521 ($5 in chips) 
Seat 2: xicle ($3.83 in chips) 
Seat 3: Miller195 ($6.54 in chips) 
Seat 4: ProudDad2009 ($4.82 in chips) 
Seat 5: BezDopinga ($4.21 in chips) 
Seat 6: Swaz85 ($4.87 in chips) 
Seat 7: Dorex2007 ($5 in chips) 
Seat 8: Schdoerrchen ($5.93 in chips) 
ProudDad2009: posts small blind $0.02
BezDopinga: posts big blind $0.05
Larry-s1980: sits out 
*** HOLE CARDS ***
Dealt to Dorex2007 [Ac 9s]
Swaz85: folds 
Dorex2007: folds 
Schdoerrchen: folds 
Dakota521: folds 
xicle: calls $0.05
Miller195: folds 
ProudDad2009: calls $0.03
BezDopinga: checks 
*** FLOP *** [Qs 5d 7s]
ProudDad2009: checks 
BezDopinga: bets $0.05
xicle: folds 
ProudDad2009: folds 
Uncalled bet ($0.05) returned to BezDopinga
BezDopinga collected $0.14 from pot
BezDopinga: doesn't show hand 
*** SUMMARY ***
Total pot $0.15 | Rake $0.01 
Board [Qs 5d 7s]
Seat 1: Dakota521 folded before Flop (didn't bet)
Seat 2: xicle folded on the Flop
Seat 3: Miller195 (button) folded before Flop (didn't bet)
Seat 4: ProudDad2009 (small blind) folded on the Flop
Seat 5: BezDopinga (big blind) collected ($0.14)
Seat 6: Swaz85 folded before Flop (didn't bet)
Seat 7: Dorex2007 folded before Flop (didn't bet)
Seat 8: Schdoerrchen folded before Flop (didn't bet)



PokerStars Hand #238350179501:  Hold'em No Limit ($0.02/$0.05 USD) - 2022/09/01 9:43:53 PT [2022/09/01 12:43:53 ET]
Table 'Poincare' 9-max Seat #4 is the button
Seat 1: Dakota521 ($5 in chips) 
Seat 2: xicle ($3.78 in chips) 
Seat 3: Miller195 ($6.54 in chips) 
Seat 4: ProudDad2009 ($4.77 in chips) 
Seat 5: BezDopinga ($4.30 in chips) 
Seat 6: Swaz85 ($4.87 in chips) 
Seat 7: Dorex2007 ($5 in chips) 
Seat 8: Schdoerrchen ($5.93 in chips) 
BezDopinga: posts small blind $0.02
Swaz85: posts big blind $0.05
Larry-s1980: sits out 
*** HOLE CARDS ***
Dealt to Dorex2007 [Ts 3s]
Dorex2007: folds 
Schdoerrchen: folds 
Dakota521: folds 
xicle: folds 
Miller195: folds 
ProudDad2009: folds 
BezDopinga: folds 
Uncalled bet ($0.03) returned to Swaz85
Swaz85 collected $0.04 from pot
Swaz85: doesn't show hand 
*** SUMMARY ***
Total pot $0.04 | Rake $0 
Seat 1: Dakota521 folded before Flop (didn't bet)
Seat 2: xicle folded before Flop (didn't bet)
Seat 3: Miller195 folded before Flop (didn't bet)
Seat 4: ProudDad2009 (button) folded before Flop (didn't bet)
Seat 5: BezDopinga (small blind) folded before Flop
Seat 6: Swaz85 (big blind) collected ($0.04)
Seat 7: Dorex2007 folded before Flop (didn't bet)
Seat 8: Schdoerrchen folded before Flop (didn't bet)



PokerStars Hand #238350183270:  Hold'em No Limit ($0.02/$0.05 USD) - 2022/09/01 9:44:05 PT [2022/09/01 12:44:05 ET]
Table 'Poincare' 9-max Seat #5 is the button
Seat 1: Dakota521 ($5 in chips) 
Seat 2: xicle ($3.78 in chips) 
Seat 3: Miller195 ($6.54 in chips) 
Seat 4: ProudDad2009 ($4.77 in chips) 
Seat 5: BezDopinga ($4.28 in chips) 
Seat 6: Swaz85 ($4.89 in chips) 
Seat 7: Dorex2007 ($5 in chips) 
Seat 8: Schdoerrchen ($5.93 in chips) 
Swaz85: posts small blind $0.02
Dorex2007: posts big blind $0.05
Larry-s1980: sits out 
*** HOLE CARDS ***
Dealt to Dorex2007 [9c Ah]
Schdoerrchen: folds 
Dakota521: folds 
xicle: calls $0.05
Miller195: folds 
ProudDad2009: folds 
BezDopinga: folds 
Swaz85: calls $0.03
Dorex2007: checks 
*** FLOP *** [Jd 7h Kh]
Swaz85: checks 
Dorex2007: checks 
xicle: bets $0.05
Swaz85: calls $0.05
Dorex2007: folds 
*** TURN *** [Jd 7h Kh] [8s]
Swaz85: checks 
xicle: bets $0.05
Swaz85: calls $0.05
*** RIVER *** [Jd 7h Kh 8s] [Td]
Swaz85: checks 
xicle: checks 
*** SHOW DOWN ***
Swaz85: shows [8h 4h] (a pair of Eights)
xicle: mucks hand 
Swaz85 collected $0.34 from pot
*** SUMMARY ***
Total pot $0.35 | Rake $0.01 
Board [Jd 7h Kh 8s Td]
Seat 1: Dakota521 folded before Flop (didn't bet)
Seat 2: xicle mucked [7s 6h]
Seat 3: Miller195 folded before Flop (didn't bet)
Seat 4: ProudDad2009 folded before Flop (didn't bet)
Seat 5: BezDopinga (button) folded before Flop (didn't bet)
Seat 6: Swaz85 (small blind) showed [8h 4h] and won ($0.34) with a pair of Eights
Seat 7: Dorex2007 (big blind) folded on the Flop
Seat 8: Schdoerrchen folded before Flop (didn't bet)



PokerStars Hand #238350198122:  Hold'em No Limit ($0.02/$0.05 USD) - 2022/09/01 9:44:52 PT [2022/09/01 12:44:52 ET]
Table 'Poincare' 9-max Seat #6 is the button
Seat 1: Dakota521 ($5 in chips) 
Seat 2: xicle ($3.63 in chips) 
Seat 3: Miller195 ($6.54 in chips) 
Seat 4: ProudDad2009 ($4.77 in chips) 
Seat 5: BezDopinga ($4.28 in chips) 
Seat 6: Swaz85 ($5.08 in chips) 
Seat 7: Dorex2007 ($5 in chips) 
Seat 8: Schdoerrchen ($5.93 in chips) 
Dorex2007: posts small blind $0.02
Schdoerrchen: posts big blind $0.05
Larry-s1980: sits out 
*** HOLE CARDS ***
Dealt to Dorex2007 [8h 4c]
Dakota521: folds 
xicle: folds 
Miller195: folds 
ProudDad2009: folds 
BezDopinga: folds 
Swaz85: folds 
Dorex2007: folds 
Uncalled bet ($0.03) returned to Schdoerrchen
Schdoerrchen collected $0.04 from pot
Schdoerrchen: doesn't show hand 
*** SUMMARY ***
Total pot $0.04 | Rake $0 
Seat 1: Dakota521 folded before Flop (didn't bet)
Seat 2: xicle folded before Flop (didn't bet)
Seat 3: Miller195 folded before Flop (didn't bet)
Seat 4: ProudDad2009 folded before Flop (didn't bet)
Seat 5: BezDopinga folded before Flop (didn't bet)
Seat 6: Swaz85 (button) folded before Flop (didn't bet)
Seat 7: Dorex2007 (small blind) folded before Flop
Seat 8: Schdoerrchen (big blind) collected ($0.04)



PokerStars Hand #238350202496:  Hold'em No Limit ($0.02/$0.05 USD) - 2022/09/01 9:45:06 PT [2022/09/01 12:45:06 ET]
Table 'Poincare' 9-max Seat #7 is the button
Seat 1: Dakota521 ($5 in chips) 
Seat 2: xicle ($3.63 in chips) 
Seat 3: Miller195 ($6.54 in chips) 
Seat 4: ProudDad2009 ($4.77 in chips) 
Seat 5: BezDopinga ($4.28 in chips) 
Seat 6: Swaz85 ($5.08 in chips) 
Seat 7: Dorex2007 ($5 in chips) 
Seat 8: Schdoerrchen ($5.95 in chips) 
Seat 9: Larry-s1980 ($5 in chips) 
Schdoerrchen: posts small blind $0.02
Larry-s1980: posts big blind $0.05
*** HOLE CARDS ***
Dealt to Dorex2007 [Ac Td]
Dakota521: folds 
xicle: calls $0.05
Miller195: folds 
ProudDad2009: calls $0.05
BezDopinga: folds 
Swaz85: calls $0.05
Dorex2007: calls $0.05
Schdoerrchen: folds 
Larry-s1980: checks 
*** FLOP *** [Jh 8h Ah]
Larry-s1980: checks 
xicle: bets $0.13
ProudDad2009: folds 
Swaz85: folds 
Dorex2007: folds 
Larry-s1980: calls $0.13
*** TURN *** [Jh 8h Ah] [5d]
Larry-s1980: checks 
xicle: bets $0.15
Larry-s1980: calls $0.15
*** RIVER *** [Jh 8h Ah 5d] [3c]
Larry-s1980: checks 
xicle: bets $0.35
Larry-s1980: folds 
Uncalled bet ($0.35) returned to xicle
xicle collected $0.80 from pot
xicle: doesn't show hand 
*** SUMMARY ***
Total pot $0.83 | Rake $0.03 
Board [Jh 8h Ah 5d 3c]
Seat 1: Dakota521 folded before Flop (didn't bet)
Seat 2: xicle collected ($0.80)
Seat 3: Miller195 folded before Flop (didn't bet)
Seat 4: ProudDad2009 folded on the Flop
Seat 5: BezDopinga folded before Flop (didn't bet)
Seat 6: Swaz85 folded on the Flop
Seat 7: Dorex2007 (button) folded on the Flop
Seat 8: Schdoerrchen (small blind) folded before Flop
Seat 9: Larry-s1980 (big blind) folded on the River



PokerStars Hand #238350224672:  Hold'em No Limit ($0.02/$0.05 USD) - 2022/09/01 9:46:16 PT [2022/09/01 12:46:16 ET]
Table 'Poincare' 9-max Seat #8 is the button
Seat 1: Dakota521 ($5 in chips) 
Seat 2: xicle ($4.10 in chips) 
Seat 3: Miller195 ($6.54 in chips) 
Seat 4: ProudDad2009 ($4.72 in chips) 
Seat 5: BezDopinga ($4.28 in chips) 
Seat 6: Swaz85 ($5.03 in chips) 
Seat 7: Dorex2007 ($5 in chips) 
Seat 8: Schdoerrchen ($5.93 in chips) 
Seat 9: Larry-s1980 ($4.67 in chips) 
Larry-s1980: posts small blind $0.02
Dakota521: posts big blind $0.05
*** HOLE CARDS ***
Dealt to Dorex2007 [Kd Kh]
xicle: folds 
Miller195: folds 
ProudDad2009: folds 
BezDopinga: folds 
Swaz85: folds 
Dorex2007: raises $0.15 to $0.20
Schdoerrchen: folds 
Larry-s1980: folds 
Dakota521: folds 
Uncalled bet ($0.15) returned to Dorex2007
Dorex2007 collected $0.12 from pot
Dorex2007: doesn't show hand 
*** SUMMARY ***
Total pot $0.12 | Rake $0 
Seat 1: Dakota521 (big blind) folded before Flop
Seat 2: xicle folded before Flop (didn't bet)
Seat 3: Miller195 folded before Flop (didn't bet)
Seat 4: ProudDad2009 folded before Flop (didn't bet)
Seat 5: BezDopinga folded before Flop (didn't bet)
Seat 6: Swaz85 folded before Flop (didn't bet)
Seat 7: Dorex2007 collected ($0.12)
Seat 8: Schdoerrchen (button) folded before Flop (didn't bet)
Seat 9: Larry-s1980 (small blind) folded before Flop



PokerStars Hand #238350231517:  Hold'em No Limit ($0.02/$0.05 USD) - 2022/09/01 9:46:38 PT [2022/09/01 12:46:38 ET]
Table 'Poincare' 9-max Seat #9 is the button
Seat 1: Dakota521 ($5 in chips) 
Seat 2: xicle ($4.10 in chips) 
Seat 3: Miller195 ($6.54 in chips) 
Seat 4: ProudDad2009 ($4.72 in chips) 
Seat 5: BezDopinga ($4.28 in chips) 
Seat 6: Swaz85 ($5.03 in chips) 
Seat 7: Dorex2007 ($5.07 in chips) 
Seat 8: Schdoerrchen ($5.93 in chips) 
Seat 9: Larry-s1980 ($4.65 in chips) 
Dakota521: posts small blind $0.02
xicle: posts big blind $0.05
*** HOLE CARDS ***
Dealt to Dorex2007 [4s 6h]
Miller195: folds 
ProudDad2009: calls $0.05
BezDopinga: folds 
Swaz85: folds 
Dorex2007: folds 
Schdoerrchen: folds 
Larry-s1980: raises $0.05 to $0.10
Dakota521: folds 
xicle: calls $0.05
ProudDad2009: calls $0.05
*** FLOP *** [2c Td Jd]
xicle: checks 
ProudDad2009: checks 
Larry-s1980: checks 
*** TURN *** [2c Td Jd] [2d]
xicle: checks 
ProudDad2009: checks 
Larry-s1980: checks 
*** RIVER *** [2c Td Jd 2d] [8s]
xicle: checks 
ProudDad2009: checks 
Larry-s1980: checks 
*** SHOW DOWN ***
xicle: shows [8c As] (two pair, Eights and Deuces)
ProudDad2009: mucks hand 
Larry-s1980: mucks hand 
xicle collected $0.31 from pot
*** SUMMARY ***
Total pot $0.32 | Rake $0.01 
Board [2c Td Jd 2d 8s]
Seat 1: Dakota521 (small blind) folded before Flop
Seat 2: xicle (big blind) showed [8c As] and won ($0.31) with two pair, Eights and Deuces
Seat 3: Miller195 folded before Flop (didn't bet)
Seat 4: ProudDad2009 mucked [Ac 4c]
Seat 5: BezDopinga folded before Flop (didn't bet)
Seat 6: Swaz85 folded before Flop (didn't bet)
Seat 7: Dorex2007 folded before Flop (didn't bet)
Seat 8: Schdoerrchen folded before Flop (didn't bet)
Seat 9: Larry-s1980 (button) mucked [Kh 7h]



PokerStars Hand #238350251531:  Hold'em No Limit ($0.02/$0.05 USD) - 2022/09/01 9:47:41 PT [2022/09/01 12:47:41 ET]
Table 'Poincare' 9-max Seat #1 is the button
Seat 1: Dakota521 ($5 in chips) 
Seat 2: xicle ($4.31 in chips) 
Seat 3: Miller195 ($6.54 in chips) 
Seat 4: ProudDad2009 ($4.62 in chips) 
Seat 5: BezDopinga ($4.28 in chips) 
Seat 6: Swaz85 ($5.03 in chips) 
Seat 7: Dorex2007 ($5.07 in chips) 
Seat 8: Schdoerrchen ($5.93 in chips) 
Seat 9: Larry-s1980 ($4.55 in chips) 
xicle: posts small blind $0.02
Miller195: posts big blind $0.05
*** HOLE CARDS ***
Dealt to Dorex2007 [Ah 2d]
ProudDad2009: calls $0.05
BezDopinga: folds 
Swaz85: folds 
Dorex2007: folds 
Schdoerrchen: folds 
Larry-s1980: raises $0.15 to $0.20
Dakota521: folds 
xicle: folds 
Miller195: folds 
ProudDad2009: calls $0.15
*** FLOP *** [9h Ks As]
ProudDad2009: checks 
Larry-s1980: bets $0.22
ProudDad2009: calls $0.22
*** TURN *** [9h Ks As] [3h]
ProudDad2009: checks 
Larry-s1980: bets $0.65
ProudDad2009: calls $0.65
*** RIVER *** [9h Ks As 3h] [8h]
ProudDad2009: checks 
Larry-s1980: checks 
*** SHOW DOWN ***
ProudDad2009: shows [Ac 4d] (a pair of Aces)
Larry-s1980: mucks hand 
ProudDad2009 collected $2.12 from pot
*** SUMMARY ***
Total pot $2.21 | Rake $0.09 
Board [9h Ks As 3h 8h]
Seat 1: Dakota521 (button) folded before Flop (didn't bet)
Seat 2: xicle (small blind) folded before Flop
Seat 3: Miller195 (big blind) folded before Flop
Seat 4: ProudDad2009 showed [Ac 4d] and won ($2.12) with a pair of Aces
Seat 5: BezDopinga folded before Flop (didn't bet)
Seat 6: Swaz85 folded before Flop (didn't bet)
Seat 7: Dorex2007 folded before Flop (didn't bet)
Seat 8: Schdoerrchen folded before Flop (didn't bet)
Seat 9: Larry-s1980 mucked [Kc Jc]



PokerStars Hand #238350274280:  Hold'em No Limit ($0.02/$0.05 USD) - 2022/09/01 9:48:53 PT [2022/09/01 12:48:53 ET]
Table 'Poincare' 9-max Seat #2 is the button
Seat 1: Dakota521 ($5 in chips) 
Seat 2: xicle ($4.29 in chips) 
Seat 3: Miller195 ($6.49 in chips) 
Seat 4: ProudDad2009 ($5.67 in chips) 
Seat 5: BezDopinga ($4.28 in chips) 
Seat 6: Swaz85 ($5.03 in chips) 
Seat 7: Dorex2007 ($5.07 in chips) 
Seat 8: Schdoerrchen ($5.93 in chips) 
Seat 9: Larry-s1980 ($5 in chips) 
Miller195: posts small blind $0.02
ProudDad2009: posts big blind $0.05
*** HOLE CARDS ***
Dealt to Dorex2007 [Ad 3h]
BezDopinga: folds 
Swaz85: folds 
Dorex2007: folds 
Schdoerrchen: raises $0.10 to $0.15
Larry-s1980: folds 
Dakota521: folds 
xicle: calls $0.15
Miller195: folds 
ProudDad2009: calls $0.10
*** FLOP *** [4d 8h Js]
ProudDad2009: checks 
Schdoerrchen: bets $0.45
xicle: calls $0.45
ProudDad2009: calls $0.45
*** TURN *** [4d 8h Js] [6s]
ProudDad2009: checks 
Schdoerrchen: bets $5.33 and is all-in
xicle: folds 
ProudDad2009: folds 
Uncalled bet ($5.33) returned to Schdoerrchen
Schdoerrchen collected $1.72 from pot
Schdoerrchen: doesn't show hand 
*** SUMMARY ***
Total pot $1.82 | Rake $0.10 
Board [4d 8h Js 6s]
Seat 1: Dakota521 folded before Flop (didn't bet)
Seat 2: xicle (button) folded on the Turn
Seat 3: Miller195 (small blind) folded before Flop
Seat 4: ProudDad2009 (big blind) folded on the Turn
Seat 5: BezDopinga folded before Flop (didn't bet)
Seat 6: Swaz85 folded before Flop (didn't bet)
Seat 7: Dorex2007 folded before Flop (didn't bet)
Seat 8: Schdoerrchen collected ($1.72)
Seat 9: Larry-s1980 folded before Flop (didn't bet)



PokerStars Hand #238350288718:  Hold'em No Limit ($0.02/$0.05 USD) - 2022/09/01 9:49:39 PT [2022/09/01 12:49:39 ET]
Table 'Poincare' 9-max Seat #3 is the button
Seat 1: Dakota521 ($5 in chips) 
Seat 2: xicle ($3.69 in chips) 
Seat 3: Miller195 ($6.47 in chips) 
Seat 4: ProudDad2009 ($5.07 in chips) 
Seat 5: BezDopinga ($4.28 in chips) 
Seat 6: Swaz85 ($5.03 in chips) 
Seat 7: Dorex2007 ($5.07 in chips) 
Seat 8: Schdoerrchen ($7.05 in chips) 
Seat 9: Larry-s1980 ($5 in chips) 
ProudDad2009: posts small blind $0.02
BezDopinga: posts big blind $0.05
*** HOLE CARDS ***
Dealt to Dorex2007 [3s 9c]
Swaz85: folds 
Dorex2007: folds 
Schdoerrchen: folds 
Larry-s1980: folds 
Dakota521: raises $0.10 to $0.15
xicle: folds 
Miller195: folds 
ProudDad2009: calls $0.13
BezDopinga: folds 
*** FLOP *** [Kh 3d 6h]
ProudDad2009: checks 
Dakota521: bets $0.17
ProudDad2009: folds 
Uncalled bet ($0.17) returned to Dakota521
Dakota521 collected $0.34 from pot
Dakota521: doesn't show hand 
*** SUMMARY ***
Total pot $0.35 | Rake $0.01 
Board [Kh 3d 6h]
Seat 1: Dakota521 collected ($0.34)
Seat 2: xicle folded before Flop (didn't bet)
Seat 3: Miller195 (button) folded before Flop (didn't bet)
Seat 4: ProudDad2009 (small blind) folded on the Flop
Seat 5: BezDopinga (big blind) folded before Flop
Seat 6: Swaz85 folded before Flop (didn't bet)
Seat 7: Dorex2007 folded before Flop (didn't bet)
Seat 8: Schdoerrchen folded before Flop (didn't bet)
Seat 9: Larry-s1980 folded before Flop (didn't bet)



PokerStars Hand #238350295981:  Hold'em No Limit ($0.02/$0.05 USD) - 2022/09/01 9:50:02 PT [2022/09/01 12:50:02 ET]
Table 'Poincare' 9-max Seat #4 is the button
Seat 1: Dakota521 ($5.19 in chips) 
Seat 2: xicle ($3.69 in chips) 
Seat 3: Miller195 ($6.47 in chips) 
Seat 4: ProudDad2009 ($4.92 in chips) 
Seat 5: BezDopinga ($4.23 in chips) 
Seat 6: Swaz85 ($5.03 in chips) 
Seat 7: Dorex2007 ($5.07 in chips) 
Seat 8: Schdoerrchen ($7.05 in chips) 
Seat 9: Larry-s1980 ($5 in chips) 
BezDopinga: posts small blind $0.02
Swaz85: posts big blind $0.05
*** HOLE CARDS ***
Dealt to Dorex2007 [Jh 9h]
Dorex2007: folds 
Schdoerrchen: calls $0.05
Larry-s1980: folds 
Dakota521: folds 
xicle: folds 
Miller195: folds 
ProudDad2009: folds 
BezDopinga: folds 
Swaz85: checks 
*** FLOP *** [Tc 5c 3s]
Swaz85: checks 
Schdoerrchen: checks 
*** TURN *** [Tc 5c 3s] [8c]
Swaz85: checks 
Schdoerrchen: bets $0.15
Swaz85: folds 
Uncalled bet ($0.15) returned to Schdoerrchen
Schdoerrchen collected $0.12 from pot
Schdoerrchen: doesn't show hand 
*** SUMMARY ***
Total pot $0.12 | Rake $0 
Board [Tc 5c 3s 8c]
Seat 1: Dakota521 folded before Flop (didn't bet)
Seat 2: xicle folded before Flop (didn't bet)
Seat 3: Miller195 folded before Flop (didn't bet)
Seat 4: ProudDad2009 (button) folded before Flop (didn't bet)
Seat 5: BezDopinga (small blind) folded before Flop
Seat 6: Swaz85 (big blind) folded on the Turn
Seat 7: Dorex2007 folded before Flop (didn't bet)
Seat 8: Schdoerrchen collected ($0.12)
Seat 9: Larry-s1980 folded before Flop (didn't bet)



PokerStars Hand #238350306957:  Hold'em No Limit ($0.02/$0.05 USD) - 2022/09/01 9:50:37 PT [2022/09/01 12:50:37 ET]
Table 'Poincare' 9-max Seat #5 is the button
Seat 1: Dakota521 ($5.19 in chips) 
Seat 2: xicle ($3.69 in chips) 
Seat 3: Miller195 ($6.47 in chips) 
Seat 4: ProudDad2009 ($4.92 in chips) 
Seat 5: BezDopinga ($4.21 in chips) 
Seat 6: Swaz85 ($4.98 in chips) 
Seat 7: Dorex2007 ($5.07 in chips) 
Seat 8: Schdoerrchen ($7.12 in chips) 
Seat 9: Larry-s1980 ($5 in chips) 
Swaz85: posts small blind $0.02
Dorex2007: posts big blind $0.05
*** HOLE CARDS ***
Dealt to Dorex2007 [Qs Tc]
Schdoerrchen: folds 
Larry-s1980: folds 
Dakota521: folds 
xicle: folds 
Miller195: folds 
ProudDad2009: folds 
BezDopinga: folds 
Swaz85: folds 
Uncalled bet ($0.03) returned to Dorex2007
Dorex2007 collected $0.04 from pot
Dorex2007: doesn't show hand 
*** SUMMARY ***
Total pot $0.04 | Rake $0 
Seat 1: Dakota521 folded before Flop (didn't bet)
Seat 2: xicle folded before Flop (didn't bet)
Seat 3: Miller195 folded before Flop (didn't bet)
Seat 4: ProudDad2009 folded before Flop (didn't bet)
Seat 5: BezDopinga (button) folded before Flop (didn't bet)
Seat 6: Swaz85 (small blind) folded before Flop
Seat 7: Dorex2007 (big blind) collected ($0.04)
Seat 8: Schdoerrchen folded before Flop (didn't bet)
Seat 9: Larry-s1980 folded before Flop (didn't bet)



PokerStars Hand #238350311154:  Hold'em No Limit ($0.02/$0.05 USD) - 2022/09/01 9:50:51 PT [2022/09/01 12:50:51 ET]
Table 'Poincare' 9-max Seat #6 is the button
Seat 1: Dakota521 ($5.19 in chips) 
Seat 2: xicle ($3.69 in chips) 
Seat 3: Miller195 ($6.47 in chips) 
Seat 4: ProudDad2009 ($4.92 in chips) 
Seat 5: BezDopinga ($4.21 in chips) 
Seat 6: Swaz85 ($4.96 in chips) 
Seat 7: Dorex2007 ($5.09 in chips) 
Seat 8: Schdoerrchen ($7.12 in chips) 
Seat 9: Larry-s1980 ($5 in chips) 
Dorex2007: posts small blind $0.02
Schdoerrchen: posts big blind $0.05
*** HOLE CARDS ***
Dealt to Dorex2007 [Jc Js]
Larry-s1980: folds 
Dakota521: folds 
xicle: folds 
Miller195: folds 
Larry-s1980 leaves the table
ProudDad2009: raises $0.10 to $0.15
BezDopinga: folds 
Swaz85: calls $0.15
s0mega joins the table at seat #9 
Dorex2007: calls $0.13
Schdoerrchen: folds 
*** FLOP *** [4s 7h 8s]
Dorex2007: bets $0.50
ProudDad2009: folds 
Swaz85: raises $0.80 to $1.30
Dorex2007: raises $3.64 to $4.94 and is all-in
Swaz85: calls $3.51 and is all-in
Uncalled bet ($0.13) returned to Dorex2007
*** TURN *** [4s 7h 8s] [2d]
*** RIVER *** [4s 7h 8s 2d] [2c]
*** SHOW DOWN ***
Dorex2007: shows [Jc Js] (two pair, Jacks and Deuces)
Swaz85: shows [Ks Kc] (two pair, Kings and Deuces)
Swaz85 collected $9.60 from pot
Dorex2007 cashed out the hand for $1.03 | Cash Out Fee $0.01
*** SUMMARY ***
Total pot $10.12 | Rake $0.52 
Board [4s 7h 8s 2d 2c]
Seat 1: Dakota521 folded before Flop (didn't bet)
Seat 2: xicle folded before Flop (didn't bet)
Seat 3: Miller195 folded before Flop (didn't bet)
Seat 4: ProudDad2009 folded on the Flop
Seat 5: BezDopinga folded before Flop (didn't bet)
Seat 6: Swaz85 (button) showed [Ks Kc] and won ($9.60) with two pair, Kings and Deuces
Seat 7: Dorex2007 (small blind) showed [Jc Js] and lost with two pair, Jacks and Deuces (cashed out).
Seat 8: Schdoerrchen (big blind) folded before Flop
Seat 9: Larry-s1980 folded before Flop (didn't bet)



PokerStars Hand #238350328478:  Hold'em No Limit ($0.02/$0.05 USD) - 2022/09/01 9:51:46 PT [2022/09/01 12:51:46 ET]
Table 'Poincare' 9-max Seat #7 is the button
Seat 1: Dakota521 ($5.19 in chips) 
Seat 2: xicle ($3.69 in chips) 
Seat 3: Miller195 ($6.47 in chips) 
Seat 4: ProudDad2009 ($4.77 in chips) 
Seat 5: BezDopinga ($4.21 in chips) 
Seat 6: Swaz85 ($9.60 in chips) 
Seat 7: Dorex2007 ($5 in chips) 
Seat 8: Schdoerrchen ($7.07 in chips) 
Seat 9: s0mega ($3.50 in chips) 
Schdoerrchen: posts small blind $0.02
s0mega: posts big blind $0.05
*** HOLE CARDS ***
Dealt to Dorex2007 [7c Th]
Dakota521: folds 
xicle: folds 
Miller195: raises $0.10 to $0.15
ProudDad2009: folds 
BezDopinga: folds 
Swaz85: calls $0.15
Dorex2007: folds 
Schdoerrchen: folds 
s0mega: calls $0.10
*** FLOP *** [4s 2c 6d]
s0mega: checks 
Miller195: checks 
Swaz85: bets $0.30
s0mega: folds 
Miller195: folds 
Uncalled bet ($0.30) returned to Swaz85
Swaz85 collected $0.45 from pot
Swaz85: doesn't show hand 
*** SUMMARY ***
Total pot $0.47 | Rake $0.02 
Board [4s 2c 6d]
Seat 1: Dakota521 folded before Flop (didn't bet)
Seat 2: xicle folded before Flop (didn't bet)
Seat 3: Miller195 folded on the Flop
Seat 4: ProudDad2009 folded before Flop (didn't bet)
Seat 5: BezDopinga folded before Flop (didn't bet)
Seat 6: Swaz85 collected ($0.45)
Seat 7: Dorex2007 (button) folded before Flop (didn't bet)
Seat 8: Schdoerrchen (small blind) folded before Flop
Seat 9: s0mega (big blind) folded on the Flop



PokerStars Hand #238350338766:  Hold'em No Limit ($0.02/$0.05 USD) - 2022/09/01 9:52:19 PT [2022/09/01 12:52:19 ET]
Table 'Poincare' 9-max Seat #8 is the button
Seat 1: Dakota521 ($5.19 in chips) 
Seat 2: xicle ($3.69 in chips) 
Seat 3: Miller195 ($6.32 in chips) 
Seat 4: ProudDad2009 ($4.77 in chips) 
Seat 5: BezDopinga ($4.21 in chips) 
Seat 6: Swaz85 ($9.90 in chips) 
Seat 7: Dorex2007 ($5 in chips) 
Seat 8: Schdoerrchen ($7.05 in chips) 
Seat 9: s0mega ($3.35 in chips) 
s0mega: posts small blind $0.02
Dakota521: posts big blind $0.05
*** HOLE CARDS ***
Dealt to Dorex2007 [4h Qc]
xicle: calls $0.05
Miller195: folds 
ProudDad2009: folds 
BezDopinga: folds 
Swaz85: folds 
Dorex2007: folds 
Schdoerrchen: folds 
s0mega: folds 
Dakota521: checks 
*** FLOP *** [9s 7h 7c]
Dakota521: checks 
xicle: bets $0.12
Dakota521: folds 
Uncalled bet ($0.12) returned to xicle
xicle collected $0.12 from pot
xicle: doesn't show hand 
*** SUMMARY ***
Total pot $0.12 | Rake $0 
Board [9s 7h 7c]
Seat 1: Dakota521 (big blind) folded on the Flop
Seat 2: xicle collected ($0.12)
Seat 3: Miller195 folded before Flop (didn't bet)
Seat 4: ProudDad2009 folded before Flop (didn't bet)
Seat 5: BezDopinga folded before Flop (didn't bet)
Seat 6: Swaz85 folded before Flop (didn't bet)
Seat 7: Dorex2007 folded before Flop (didn't bet)
Seat 8: Schdoerrchen (button) folded before Flop (didn't bet)
Seat 9: s0mega (small blind) folded before Flop



PokerStars Hand #238350346299:  Hold'em No Limit ($0.02/$0.05 USD) - 2022/09/01 9:52:43 PT [2022/09/01 12:52:43 ET]
Table 'Poincare' 9-max Seat #9 is the button
Seat 1: Dakota521 ($5.14 in chips) 
Seat 2: xicle ($3.76 in chips) 
Seat 3: Miller195 ($6.32 in chips) 
Seat 4: ProudDad2009 ($4.77 in chips) 
Seat 5: BezDopinga ($4.21 in chips) 
Seat 6: Swaz85 ($9.90 in chips) 
Seat 7: Dorex2007 ($5 in chips) 
Seat 8: Schdoerrchen ($7.05 in chips) 
Seat 9: s0mega ($3.33 in chips) 
Dakota521: posts small blind $0.02
xicle: posts big blind $0.05
*** HOLE CARDS ***
Dealt to Dorex2007 [Kc Qc]
Miller195: folds 
ProudDad2009: raises $0.15 to $0.20
BezDopinga: folds 
Swaz85: folds 
Dorex2007: calls $0.20
Schdoerrchen: folds 
s0mega: calls $0.20
Dakota521: folds 
xicle: calls $0.15
*** FLOP *** [6h 5d 5s]
xicle: checks 
ProudDad2009: bets $0.44
Dorex2007: folds 
s0mega: calls $0.44
xicle: folds 
*** TURN *** [6h 5d 5s] [6d]
ProudDad2009: checks 
s0mega: bets $2.69 and is all-in
ProudDad2009: calls $2.69
*** RIVER *** [6h 5d 5s 6d] [Ts]
*** SHOW DOWN ***
ProudDad2009: shows [Kh Ac] (two pair, Sixes and Fives)
s0mega: shows [8d 8s] (two pair, Eights and Sixes)
s0mega cashed out the hand for $5.80 | Cash Out Fee $0.06
*** SUMMARY ***
Total pot $7.08 | Rake $0.29 
Board [6h 5d 5s 6d Ts]
Seat 1: Dakota521 (small blind) folded before Flop
Seat 2: xicle (big blind) folded on the Flop
Seat 3: Miller195 folded before Flop (didn't bet)
Seat 4: ProudDad2009 showed [Kh Ac] and lost with two pair, Sixes and Fives
Seat 5: BezDopinga folded before Flop (didn't bet)
Seat 6: Swaz85 folded before Flop (didn't bet)
Seat 7: Dorex2007 folded on the Flop
Seat 8: Schdoerrchen folded before Flop (didn't bet)
Seat 9: s0mega (button) showed [8d 8s] and won ($6.79) with two pair, Eights and Sixes (pot not awarded as player cashed out)



PokerStars Hand #238350366592:  Hold'em No Limit ($0.02/$0.05 USD) - 2022/09/01 9:53:48 PT [2022/09/01 12:53:48 ET]
Table 'Poincare' 9-max Seat #1 is the button
Seat 1: Dakota521 ($5.12 in chips) 
Seat 2: xicle ($3.56 in chips) 
Seat 3: Miller195 ($6.32 in chips) 
Seat 4: ProudDad2009 ($1.44 in chips) 
Seat 5: BezDopinga ($4.21 in chips) 
Seat 6: Swaz85 ($9.90 in chips) 
Seat 7: Dorex2007 ($5 in chips) 
Seat 8: Schdoerrchen ($7.05 in chips) 
Seat 9: s0mega ($5.80 in chips) 
xicle: posts small blind $0.02
Miller195: posts big blind $0.05
*** HOLE CARDS ***
Dealt to Dorex2007 [8s Ks]
ProudDad2009: folds 
ProudDad2009 leaves the table
BezDopinga: folds 
Swaz85: folds 
Cslimeee joins the table at seat #4 
Dorex2007: folds 
Schdoerrchen: folds 
s0mega: folds 
Dakota521: raises $0.05 to $0.10
xicle: calls $0.08
Miller195: folds 
*** FLOP *** [Ts Jd 6h]
xicle: checks 
Dakota521: checks 
*** TURN *** [Ts Jd 6h] [9s]
xicle: bets $0.05
Dakota521: folds 
Uncalled bet ($0.05) returned to xicle
xicle collected $0.24 from pot
xicle: doesn't show hand 
*** SUMMARY ***
Total pot $0.25 | Rake $0.01 
Board [Ts Jd 6h 9s]
Seat 1: Dakota521 (button) folded on the Turn
Seat 2: xicle (small blind) collected ($0.24)
Seat 3: Miller195 (big blind) folded before Flop
Seat 4: ProudDad2009 folded before Flop (didn't bet)
Seat 5: BezDopinga folded before Flop (didn't bet)
Seat 6: Swaz85 folded before Flop (didn't bet)
Seat 7: Dorex2007 folded before Flop (didn't bet)
Seat 8: Schdoerrchen folded before Flop (didn't bet)
Seat 9: s0mega folded before Flop (didn't bet)



PokerStars Hand #238350377797:  Hold'em No Limit ($0.02/$0.05 USD) - 2022/09/01 9:54:24 PT [2022/09/01 12:54:24 ET]
Table 'Poincare' 9-max Seat #2 is the button
Seat 1: Dakota521 ($5.02 in chips) 
Seat 2: xicle ($3.70 in chips) 
Seat 3: Miller195 ($6.27 in chips) 
Seat 4: Cslimeee ($5 in chips) 
Seat 5: BezDopinga ($4.21 in chips) 
Seat 6: Swaz85 ($9.90 in chips) 
Seat 7: Dorex2007 ($5 in chips) 
Seat 8: Schdoerrchen ($7.05 in chips) 
Seat 9: s0mega ($5.80 in chips) 
Miller195: posts small blind $0.02
Cslimeee: posts big blind $0.05
*** HOLE CARDS ***
Dealt to Dorex2007 [5s 8h]
BezDopinga: folds 
Swaz85: raises $0.10 to $0.15
Dorex2007: folds 
Schdoerrchen: folds 
s0mega: folds 
Dakota521: folds 
xicle: folds 
Miller195: folds 
Cslimeee: folds 
Uncalled bet ($0.10) returned to Swaz85
Swaz85 collected $0.12 from pot
Swaz85: doesn't show hand 
*** SUMMARY ***
Total pot $0.12 | Rake $0 
Seat 1: Dakota521 folded before Flop (didn't bet)
Seat 2: xicle (button) folded before Flop (didn't bet)
Seat 3: Miller195 (small blind) folded before Flop
Seat 4: Cslimeee (big blind) folded before Flop
Seat 5: BezDopinga folded before Flop (didn't bet)
Seat 6: Swaz85 collected ($0.12)
Seat 7: Dorex2007 folded before Flop (didn't bet)
Seat 8: Schdoerrchen folded before Flop (didn't bet)
Seat 9: s0mega folded before Flop (didn't bet)



PokerStars Hand #238350384745:  Hold'em No Limit ($0.02/$0.05 USD) - 2022/09/01 9:54:46 PT [2022/09/01 12:54:46 ET]
Table 'Poincare' 9-max Seat #3 is the button
Seat 1: Dakota521 ($5.02 in chips) 
Seat 2: xicle ($3.70 in chips) 
Seat 3: Miller195 ($6.25 in chips) 
Seat 4: Cslimeee ($5 in chips) 
Seat 5: BezDopinga ($4.21 in chips) 
Seat 6: Swaz85 ($9.97 in chips) 
Seat 7: Dorex2007 ($5 in chips) 
Seat 8: Schdoerrchen ($7.05 in chips) 
Seat 9: s0mega ($5.80 in chips) 
Cslimeee: posts small blind $0.02
BezDopinga: posts big blind $0.05
*** HOLE CARDS ***
Dealt to Dorex2007 [Jd Jh]
Swaz85: folds 
Dorex2007: raises $0.10 to $0.15
Schdoerrchen: calls $0.15
s0mega: folds 
Dakota521: folds 
xicle: folds 
Miller195: folds 
Cslimeee: folds 
BezDopinga: folds 
*** FLOP *** [2s Kd 8s]
Dorex2007: checks 
Schdoerrchen: checks 
*** TURN *** [2s Kd 8s] [Qd]
Dorex2007: bets $0.17
Schdoerrchen: calls $0.17
*** RIVER *** [2s Kd 8s Qd] [Ks]
Dorex2007: checks 
Schdoerrchen: checks 
*** SHOW DOWN ***
Dorex2007: shows [Jd Jh] (two pair, Kings and Jacks)
Schdoerrchen: mucks hand 
Dorex2007 collected $0.68 from pot
*** SUMMARY ***
Total pot $0.71 | Rake $0.03 
Board [2s Kd 8s Qd Ks]
Seat 1: Dakota521 folded before Flop (didn't bet)
Seat 2: xicle folded before Flop (didn't bet)
Seat 3: Miller195 (button) folded before Flop (didn't bet)
Seat 4: Cslimeee (small blind) folded before Flop
Seat 5: BezDopinga (big blind) folded before Flop
Seat 6: Swaz85 folded before Flop (didn't bet)
Seat 7: Dorex2007 showed [Jd Jh] and won ($0.68) with two pair, Kings and Jacks
Seat 8: Schdoerrchen mucked [Jc Ah]
Seat 9: s0mega folded before Flop (didn't bet)



PokerStars Hand #238350394006:  Hold'em No Limit ($0.02/$0.05 USD) - 2022/09/01 9:55:18 PT [2022/09/01 12:55:18 ET]
Table 'Poincare' 9-max Seat #4 is the button
Seat 1: Dakota521 ($5.02 in chips) 
Seat 2: xicle ($3.70 in chips) 
Seat 3: Miller195 ($6.25 in chips) 
Seat 4: Cslimeee ($5 in chips) 
Seat 5: BezDopinga ($4.16 in chips) 
Seat 6: Swaz85 ($9.97 in chips) 
Seat 7: Dorex2007 ($5.36 in chips) 
Seat 8: Schdoerrchen ($6.73 in chips) 
Seat 9: s0mega ($5.80 in chips) 
BezDopinga: posts small blind $0.02
Swaz85: posts big blind $0.05
*** HOLE CARDS ***
Dealt to Dorex2007 [Tc 6h]
Dorex2007: folds 
Schdoerrchen: folds 
s0mega: raises $0.07 to $0.12
Dakota521: folds 
xicle: folds 
Miller195: folds 
Cslimeee: folds 
BezDopinga: folds 
Swaz85: folds 
Uncalled bet ($0.07) returned to s0mega
s0mega collected $0.12 from pot
s0mega: doesn't show hand 
*** SUMMARY ***
Total pot $0.12 | Rake $0 
Seat 1: Dakota521 folded before Flop (didn't bet)
Seat 2: xicle folded before Flop (didn't bet)
Seat 3: Miller195 folded before Flop (didn't bet)
Seat 4: Cslimeee (button) folded before Flop (didn't bet)
Seat 5: BezDopinga (small blind) folded before Flop
Seat 6: Swaz85 (big blind) folded before Flop
Seat 7: Dorex2007 folded before Flop (didn't bet)
Seat 8: Schdoerrchen folded before Flop (didn't bet)
Seat 9: s0mega collected ($0.12)



PokerStars Hand #238350398085:  Hold'em No Limit ($0.02/$0.05 USD) - 2022/09/01 9:55:35 PT [2022/09/01 12:55:35 ET]
Table 'Poincare' 9-max Seat #5 is the button
Seat 1: Dakota521 ($5.02 in chips) 
Seat 2: xicle ($3.70 in chips) 
Seat 3: Miller195 ($6.25 in chips) 
Seat 4: Cslimeee ($5 in chips) 
Seat 5: BezDopinga ($4.14 in chips) 
Seat 6: Swaz85 ($9.92 in chips) 
Seat 7: Dorex2007 ($5.36 in chips) 
Seat 8: Schdoerrchen ($6.73 in chips) 
Seat 9: s0mega ($5.87 in chips) 
Swaz85: posts small blind $0.02
Dorex2007: posts big blind $0.05
*** HOLE CARDS ***
Dealt to Dorex2007 [3s Js]
Schdoerrchen: folds 
s0mega: folds 
Dakota521: folds 
xicle: folds 
Miller195: folds 
Cslimeee: folds 
BezDopinga: folds 
Swaz85: folds 
Uncalled bet ($0.03) returned to Dorex2007
Dorex2007 collected $0.04 from pot
Dorex2007: doesn't show hand 
*** SUMMARY ***
Total pot $0.04 | Rake $0 
Seat 1: Dakota521 folded before Flop (didn't bet)
Seat 2: xicle folded before Flop (didn't bet)
Seat 3: Miller195 folded before Flop (didn't bet)
Seat 4: Cslimeee folded before Flop (didn't bet)
Seat 5: BezDopinga (button) folded before Flop (didn't bet)
Seat 6: Swaz85 (small blind) folded before Flop
Seat 7: Dorex2007 (big blind) collected ($0.04)
Seat 8: Schdoerrchen folded before Flop (didn't bet)
Seat 9: s0mega folded before Flop (didn't bet)



PokerStars Hand #238350401010:  Hold'em No Limit ($0.02/$0.05 USD) - 2022/09/01 9:55:47 PT [2022/09/01 12:55:47 ET]
Table 'Poincare' 9-max Seat #6 is the button
Seat 1: Dakota521 ($5.02 in chips) 
Seat 2: xicle ($3.70 in chips) 
Seat 3: Miller195 ($6.25 in chips) 
Seat 4: Cslimeee ($5 in chips) 
Seat 5: BezDopinga ($4.14 in chips) 
Seat 6: Swaz85 ($9.90 in chips) 
Seat 7: Dorex2007 ($5.38 in chips) 
Seat 8: Schdoerrchen ($6.73 in chips) 
Seat 9: s0mega ($5.87 in chips) 
Dorex2007: posts small blind $0.02
Schdoerrchen: posts big blind $0.05
*** HOLE CARDS ***
Dealt to Dorex2007 [9s 7s]
s0mega: raises $0.07 to $0.12
Dakota521: folds 
xicle: folds 
Miller195: folds 
Cslimeee: folds 
BezDopinga: folds 
Swaz85: folds 
Dorex2007: folds 
Schdoerrchen: folds 
Uncalled bet ($0.07) returned to s0mega
s0mega collected $0.12 from pot
s0mega: doesn't show hand 
*** SUMMARY ***
Total pot $0.12 | Rake $0 
Seat 1: Dakota521 folded before Flop (didn't bet)
Seat 2: xicle folded before Flop (didn't bet)
Seat 3: Miller195 folded before Flop (didn't bet)
Seat 4: Cslimeee folded before Flop (didn't bet)
Seat 5: BezDopinga folded before Flop (didn't bet)
Seat 6: Swaz85 (button) folded before Flop (didn't bet)
Seat 7: Dorex2007 (small blind) folded before Flop
Seat 8: Schdoerrchen (big blind) folded before Flop
Seat 9: s0mega collected ($0.12)



PokerStars Hand #238350406996:  Hold'em No Limit ($0.02/$0.05 USD) - 2022/09/01 9:56:11 PT [2022/09/01 12:56:11 ET]
Table 'Poincare' 9-max Seat #7 is the button
Seat 1: Dakota521 ($5.02 in chips) 
Seat 2: xicle ($3.70 in chips) 
Seat 3: Miller195 ($6.25 in chips) 
Seat 4: Cslimeee ($5 in chips) 
Seat 5: BezDopinga ($4.14 in chips) 
Seat 6: Swaz85 ($9.90 in chips) 
Seat 7: Dorex2007 ($5.36 in chips) 
Seat 8: Schdoerrchen ($6.68 in chips) 
Seat 9: s0mega ($5.94 in chips) 
Schdoerrchen: posts small blind $0.02
s0mega: posts big blind $0.05
*** HOLE CARDS ***
Dealt to Dorex2007 [9c Qh]
Dakota521: raises $0.10 to $0.15
xicle: calls $0.15
Miller195: folds 
Cslimeee: raises $0.27 to $0.42
BezDopinga: folds 
Swaz85: folds 
Dorex2007: folds 
Schdoerrchen: folds 
s0mega: folds 
Dakota521: raises $4.60 to $5.02 and is all-in
xicle: calls $3.55 and is all-in
Cslimeee: folds 
Uncalled bet ($1.32) returned to Dakota521
*** FLOP *** [Ac 9d 6s]
*** TURN *** [Ac 9d 6s] [5s]
*** RIVER *** [Ac 9d 6s 5s] [Jc]
*** SHOW DOWN ***
Dakota521: shows [Ad As] (three of a kind, Aces)
xicle: shows [Qc Kh] (high card Ace)
Dakota521 collected $7.56 from pot
*** SUMMARY ***
Total pot $7.89 | Rake $0.33 
Board [Ac 9d 6s 5s Jc]
Seat 1: Dakota521 showed [Ad As] and won ($7.56) with three of a kind, Aces
Seat 2: xicle showed [Qc Kh] and lost with high card Ace
Seat 3: Miller195 folded before Flop (didn't bet)
Seat 4: Cslimeee folded before Flop
Seat 5: BezDopinga folded before Flop (didn't bet)
Seat 6: Swaz85 folded before Flop (didn't bet)
Seat 7: Dorex2007 (button) folded before Flop (didn't bet)
Seat 8: Schdoerrchen (small blind) folded before Flop
Seat 9: s0mega (big blind) folded before Flop



PokerStars Hand #238350421004:  Hold'em No Limit ($0.02/$0.05 USD) - 2022/09/01 9:57:09 PT [2022/09/01 12:57:09 ET]
Table 'Poincare' 9-max Seat #8 is the button
Seat 1: Dakota521 ($8.88 in chips) 
Seat 3: Miller195 ($6.25 in chips) 
Seat 4: Cslimeee ($5 in chips) 
Seat 5: BezDopinga ($4.14 in chips) 
Seat 6: Swaz85 ($9.90 in chips) 
Seat 7: Dorex2007 ($5.36 in chips) 
Seat 8: Schdoerrchen ($6.66 in chips) 
Seat 9: s0mega ($5.89 in chips) 
s0mega: posts small blind $0.02
Dakota521: posts big blind $0.05
*** HOLE CARDS ***
Dealt to Dorex2007 [Qh 6d]
Miller195: folds 
Cslimeee: folds 
xicle leaves the table
BezDopinga: folds 
Swaz85: folds 
Dorex2007: folds 
Schdoerrchen: folds 
s0mega: folds 
Uncalled bet ($0.03) returned to Dakota521
Dakota521 collected $0.04 from pot
Dakota521: doesn't show hand 
*** SUMMARY ***
Total pot $0.04 | Rake $0 
Seat 1: Dakota521 (big blind) collected ($0.04)
Seat 3: Miller195 folded before Flop (didn't bet)
Seat 4: Cslimeee folded before Flop (didn't bet)
Seat 5: BezDopinga folded before Flop (didn't bet)
Seat 6: Swaz85 folded before Flop (didn't bet)
Seat 7: Dorex2007 folded before Flop (didn't bet)
Seat 8: Schdoerrchen (button) folded before Flop (didn't bet)
Seat 9: s0mega (small blind) folded before Flop



PokerStars Hand #238350425010:  Hold'em No Limit ($0.02/$0.05 USD) - 2022/09/01 9:57:26 PT [2022/09/01 12:57:26 ET]
Table 'Poincare' 9-max Seat #9 is the button
Seat 1: Dakota521 ($8.90 in chips) 
Seat 3: Miller195 ($6.25 in chips) 
Seat 4: Cslimeee ($5 in chips) 
Seat 5: BezDopinga ($4.14 in chips) 
Seat 6: Swaz85 ($9.90 in chips) 
Seat 7: Dorex2007 ($5.36 in chips) 
Seat 8: Schdoerrchen ($6.66 in chips) 
Seat 9: s0mega ($5.87 in chips) 
Dakota521: posts small blind $0.02
Miller195: posts big blind $0.05
*** HOLE CARDS ***
Dealt to Dorex2007 [Qs 8c]
Cslimeee: folds 
BezDopinga: folds 
Swaz85: raises $0.10 to $0.15
Dorex2007: folds 
Schdoerrchen: folds 
s0mega: folds 
Dakota521: folds 
Miller195: folds 
Uncalled bet ($0.10) returned to Swaz85
Swaz85 collected $0.12 from pot
Swaz85: doesn't show hand 
*** SUMMARY ***
Total pot $0.12 | Rake $0 
Seat 1: Dakota521 (small blind) folded before Flop
Seat 3: Miller195 (big blind) folded before Flop
Seat 4: Cslimeee folded before Flop (didn't bet)
Seat 5: BezDopinga folded before Flop (didn't bet)
Seat 6: Swaz85 collected ($0.12)
Seat 7: Dorex2007 folded before Flop (didn't bet)
Seat 8: Schdoerrchen folded before Flop (didn't bet)
Seat 9: s0mega (button) folded before Flop (didn't bet)



PokerStars Hand #238350428472:  Hold'em No Limit ($0.02/$0.05 USD) - 2022/09/01 9:57:40 PT [2022/09/01 12:57:40 ET]
Table 'Poincare' 9-max Seat #1 is the button
Seat 1: Dakota521 ($8.88 in chips) 
Seat 3: Miller195 ($6.20 in chips) 
Seat 4: Cslimeee ($5 in chips) 
Seat 5: BezDopinga ($4.14 in chips) 
Seat 6: Swaz85 ($9.97 in chips) 
Seat 7: Dorex2007 ($5.36 in chips) 
Seat 8: Schdoerrchen ($6.66 in chips) 
Seat 9: s0mega ($5.87 in chips) 
Miller195: posts small blind $0.02
Cslimeee: posts big blind $0.05
*** HOLE CARDS ***
Dealt to Dorex2007 [5c Qd]
BezDopinga: folds 
Swaz85: folds 
Dorex2007: folds 
Schdoerrchen: folds 
s0mega: raises $0.07 to $0.12
Dakota521: folds 
Miller195: calls $0.10
Cslimeee: calls $0.07
*** FLOP *** [Td Qh 8h]
Miller195: checks 
Cslimeee: checks 
s0mega: checks 
*** TURN *** [Td Qh 8h] [3c]
Miller195: bets $0.17
Cslimeee: folds 
s0mega: folds 
Uncalled bet ($0.17) returned to Miller195
Miller195 collected $0.35 from pot
*** SUMMARY ***
Total pot $0.36 | Rake $0.01 
Board [Td Qh 8h 3c]
Seat 1: Dakota521 (button) folded before Flop (didn't bet)
Seat 3: Miller195 (small blind) collected ($0.35)
Seat 4: Cslimeee (big blind) folded on the Turn
Seat 5: BezDopinga folded before Flop (didn't bet)
Seat 6: Swaz85 folded before Flop (didn't bet)
Seat 7: Dorex2007 folded before Flop (didn't bet)
Seat 8: Schdoerrchen folded before Flop (didn't bet)
Seat 9: s0mega folded on the Turn



PokerStars Hand #238350438991:  Hold'em No Limit ($0.02/$0.05 USD) - 2022/09/01 9:58:23 PT [2022/09/01 12:58:23 ET]
Table 'Poincare' 9-max Seat #3 is the button
Seat 1: Dakota521 ($8.88 in chips) 
Seat 3: Miller195 ($6.43 in chips) 
Seat 4: Cslimeee ($5 in chips) 
Seat 5: BezDopinga ($4.14 in chips) 
Seat 6: Swaz85 ($9.97 in chips) 
Seat 7: Dorex2007 ($5.36 in chips) 
Seat 8: Schdoerrchen ($6.66 in chips) 
Seat 9: s0mega ($5.75 in chips) 
Cslimeee: posts small blind $0.02
BezDopinga: posts big blind $0.05
*** HOLE CARDS ***
Dealt to Dorex2007 [Kc 5h]
ahoj11111111 joins the table at seat #2 
Swaz85: folds 
Dorex2007: folds 
Schdoerrchen: folds 
s0mega: raises $0.07 to $0.12
Dakota521: folds 
Miller195: folds 
Cslimeee: folds 
BezDopinga: folds 
Uncalled bet ($0.07) returned to s0mega
s0mega collected $0.12 from pot
s0mega: doesn't show hand 
Dakota521 leaves the table
*** SUMMARY ***
Total pot $0.12 | Rake $0 
Seat 1: Dakota521 folded before Flop (didn't bet)
Seat 3: Miller195 (button) folded before Flop (didn't bet)
Seat 4: Cslimeee (small blind) folded before Flop
Seat 5: BezDopinga (big blind) folded before Flop
Seat 6: Swaz85 folded before Flop (didn't bet)
Seat 7: Dorex2007 folded before Flop (didn't bet)
Seat 8: Schdoerrchen folded before Flop (didn't bet)
Seat 9: s0mega collected ($0.12)



PokerStars Hand #238350442538:  Hold'em No Limit ($0.02/$0.05 USD) - 2022/09/01 9:58:38 PT [2022/09/01 12:58:38 ET]
Table 'Poincare' 9-max Seat #4 is the button
Seat 2: ahoj11111111 ($2 in chips) 
Seat 3: Miller195 ($6.43 in chips) 
Seat 4: Cslimeee ($5 in chips) 
Seat 5: BezDopinga ($4.09 in chips) 
Seat 7: Dorex2007 ($5.36 in chips) 
Seat 8: Schdoerrchen ($6.66 in chips) 
Seat 9: s0mega ($5.82 in chips) 
BezDopinga: posts small blind $0.02
Swaz85: is sitting out 
Dorex2007: posts big blind $0.05
ahoj11111111: posts big blind $0.05
*** HOLE CARDS ***
Dealt to Dorex2007 [As Jd]
Schdoerrchen: folds 
Swaz85 leaves the table
s0mega: folds 
ahoj11111111: checks 
Miller195: folds 
Cslimeee: folds 
BezDopinga: folds 
Dorex2007: raises $0.15 to $0.20
ahoj11111111: calls $0.15
*** FLOP *** [Qh 9s Kd]
Dorex2007: bets $0.20
ahoj11111111: calls $0.20
*** TURN *** [Qh 9s Kd] [Qs]
Dorex2007: checks 
ahoj11111111: checks 
*** RIVER *** [Qh 9s Kd Qs] [2c]
Dorex2007: bets $0.39
ahoj11111111: calls $0.39
*** SHOW DOWN ***
Dorex2007: shows [As Jd] (a pair of Queens)
ahoj11111111: shows [Jc Kh] (two pair, Kings and Queens)
ahoj11111111 collected $1.53 from pot
*** SUMMARY ***
Total pot $1.60 | Rake $0.07 
Board [Qh 9s Kd Qs 2c]
Seat 2: ahoj11111111 showed [Jc Kh] and won ($1.53) with two pair, Kings and Queens
Seat 3: Miller195 folded before Flop (didn't bet)
Seat 4: Cslimeee (button) folded before Flop (didn't bet)
Seat 5: BezDopinga (small blind) folded before Flop
Seat 7: Dorex2007 (big blind) showed [As Jd] and lost with a pair of Queens
Seat 8: Schdoerrchen folded before Flop (didn't bet)
Seat 9: s0mega folded before Flop (didn't bet)



PokerStars Hand #238350451511:  Hold'em No Limit ($0.02/$0.05 USD) - 2022/09/01 9:59:15 PT [2022/09/01 12:59:15 ET]
Table 'Poincare' 9-max Seat #5 is the button
Seat 2: ahoj11111111 ($2.74 in chips) 
Seat 3: Miller195 ($6.43 in chips) 
Seat 4: Cslimeee ($5 in chips) 
Seat 5: BezDopinga ($4.07 in chips) 
Seat 7: Dorex2007 ($5 in chips) 
Seat 8: Schdoerrchen ($6.66 in chips) 
Seat 9: s0mega ($5.82 in chips) 
Dorex2007: posts small blind $0.02
Schdoerrchen: posts big blind $0.05
*** HOLE CARDS ***
Dealt to Dorex2007 [8c Qh]
s0mega: folds 
ahoj11111111: folds 
Miller195 has timed out
Miller195: folds 
Cslimeee: folds 
BezDopinga: folds 
Dorex2007: folds 
Uncalled bet ($0.03) returned to Schdoerrchen
Schdoerrchen collected $0.04 from pot
Schdoerrchen: doesn't show hand 
*** SUMMARY ***
Total pot $0.04 | Rake $0 
Seat 2: ahoj11111111 folded before Flop (didn't bet)
Seat 3: Miller195 folded before Flop (didn't bet)
Seat 4: Cslimeee folded before Flop (didn't bet)
Seat 5: BezDopinga (button) folded before Flop (didn't bet)
Seat 7: Dorex2007 (small blind) folded before Flop
Seat 8: Schdoerrchen (big blind) collected ($0.04)
Seat 9: s0mega folded before Flop (didn't bet)



PokerStars Hand #238350456875:  Hold'em No Limit ($0.02/$0.05 USD) - 2022/09/01 9:59:37 PT [2022/09/01 12:59:37 ET]
Table 'Poincare' 9-max Seat #7 is the button
Seat 2: ahoj11111111 ($2.74 in chips) 
Seat 4: Cslimeee ($5 in chips) 
Seat 5: BezDopinga ($4.07 in chips) 
Seat 7: Dorex2007 ($5 in chips) 
Seat 8: Schdoerrchen ($6.68 in chips) 
Schdoerrchen: posts small blind $0.02
s0mega: is sitting out 
s0mega leaves the table
ahoj11111111: posts big blind $0.05
*** HOLE CARDS ***
Dealt to Dorex2007 [Qs 8s]
Cslimeee: folds 
BezDopinga: folds 
Dorex2007: folds 
Schdoerrchen: raises $0.10 to $0.15
ahoj11111111: folds 
Uncalled bet ($0.10) returned to Schdoerrchen
Schdoerrchen collected $0.10 from pot
Schdoerrchen: doesn't show hand 
*** SUMMARY ***
Total pot $0.10 | Rake $0 
Seat 2: ahoj11111111 (big blind) folded before Flop
Seat 4: Cslimeee folded before Flop (didn't bet)
Seat 5: BezDopinga folded before Flop (didn't bet)
Seat 7: Dorex2007 (button) folded before Flop (didn't bet)
Seat 8: Schdoerrchen (small blind) collected ($0.10)



