PokerStars Hand #237796553544:  Hold'em No Limit ($0.02/$0.05 USD) - 2022/08/04 20:17:47 PT [2022/08/04 23:17:47 ET]
Table 'Scheat II' 9-max Seat #4 is the button
Seat 1: akamaldinix ($3.23 in chips) 
Seat 2: AGVsmarT ($8.34 in chips) 
Seat 3: Dorex2007 ($5 in chips) 
Seat 4: bauticius ($4.94 in chips) 
Seat 5: An_Angry_Donkey ($4.93 in chips) 
Seat 6: kevmudarra ($5.06 in chips) 
Seat 7: sabalito ($1.50 in chips) 
Seat 8: Count Mole ($23.37 in chips) 
Seat 9: BrenoVns ($6.95 in chips) 
An_Angry_Donkey: posts small blind $0.02
kevmudarra: posts big blind $0.05
Dorex2007: posts big blind $0.05
*** HOLE CARDS ***
Dealt to Dorex2007 [3d 8c]
sabalito: folds 
Count Mole: folds 
BrenoVns: folds 
akamaldinix: folds 
AGVsmarT: raises $0.17 to $0.22
Dorex2007: folds 
bauticius: folds 
An_Angry_Donkey: folds 
kevmudarra: folds 
Uncalled bet ($0.17) returned to AGVsmarT
AGVsmarT collected $0.17 from pot
*** SUMMARY ***
Total pot $0.17 | Rake $0 
Seat 1: akamaldinix folded before Flop (didn't bet)
Seat 2: AGVsmarT collected ($0.17)
Seat 3: Dorex2007 folded before Flop (didn't bet)
Seat 4: bauticius (button) folded before Flop (didn't bet)
Seat 5: An_Angry_Donkey (small blind) folded before Flop
Seat 6: kevmudarra (big blind) folded before Flop
Seat 7: sabalito folded before Flop (didn't bet)
Seat 8: Count Mole folded before Flop (didn't bet)
Seat 9: BrenoVns folded before Flop (didn't bet)



PokerStars Hand #237796555939:  Hold'em No Limit ($0.02/$0.05 USD) - 2022/08/04 20:18:02 PT [2022/08/04 23:18:02 ET]
Table 'Scheat II' 9-max Seat #5 is the button
Seat 1: akamaldinix ($3.23 in chips) 
Seat 2: AGVsmarT ($8.46 in chips) 
Seat 3: Dorex2007 ($5 in chips) 
Seat 4: bauticius ($4.94 in chips) 
Seat 5: An_Angry_Donkey ($4.91 in chips) 
Seat 6: kevmudarra ($5.01 in chips) 
Seat 7: sabalito ($1.50 in chips) 
Seat 8: Count Mole ($23.37 in chips) 
Seat 9: BrenoVns ($6.95 in chips) 
kevmudarra: posts small blind $0.02
sabalito: posts big blind $0.05
*** HOLE CARDS ***
Dealt to Dorex2007 [Ah Ts]
Count Mole: folds 
BrenoVns: folds 
akamaldinix: folds 
AGVsmarT: calls $0.05
Dorex2007: folds 
bauticius: folds 
An_Angry_Donkey: raises $0.10 to $0.15
kevmudarra: calls $0.13
sabalito: calls $0.10
AGVsmarT: calls $0.10
*** FLOP *** [9h 4s Kc]
kevmudarra: checks 
sabalito: bets $0.20
AGVsmarT: folds 
An_Angry_Donkey: folds 
kevmudarra: calls $0.20
*** TURN *** [9h 4s Kc] [2d]
kevmudarra: checks 
sabalito: bets $0.25
kevmudarra: folds 
Uncalled bet ($0.25) returned to sabalito
sabalito collected $0.96 from pot
*** SUMMARY ***
Total pot $1 | Rake $0.04 
Board [9h 4s Kc 2d]
Seat 1: akamaldinix folded before Flop (didn't bet)
Seat 2: AGVsmarT folded on the Flop
Seat 3: Dorex2007 folded before Flop (didn't bet)
Seat 4: bauticius folded before Flop (didn't bet)
Seat 5: An_Angry_Donkey (button) folded on the Flop
Seat 6: kevmudarra (small blind) folded on the Turn
Seat 7: sabalito (big blind) collected ($0.96)
Seat 8: Count Mole folded before Flop (didn't bet)
Seat 9: BrenoVns folded before Flop (didn't bet)



PokerStars Hand #237796570845:  Hold'em No Limit ($0.02/$0.05 USD) - 2022/08/04 20:19:36 PT [2022/08/04 23:19:36 ET]
Table 'Scheat II' 9-max Seat #6 is the button
Seat 1: akamaldinix ($3.23 in chips) 
Seat 2: AGVsmarT ($8.31 in chips) 
Seat 3: Dorex2007 ($5 in chips) 
Seat 4: bauticius ($4.94 in chips) 
Seat 5: An_Angry_Donkey ($4.76 in chips) 
Seat 6: kevmudarra ($5 in chips) 
Seat 7: sabalito ($2.11 in chips) 
Seat 8: Count Mole ($23.37 in chips) 
Seat 9: BrenoVns ($6.95 in chips) 
sabalito: posts small blind $0.02
Count Mole: posts big blind $0.05
*** HOLE CARDS ***
Dealt to Dorex2007 [Tc 9d]
BrenoVns: folds 
akamaldinix: folds 
AGVsmarT: folds 
Dorex2007: folds 
bauticius: folds 
An_Angry_Donkey: folds 
kevmudarra: folds 
kevmudarra leaves the table
sabalito: calls $0.03
Count Mole: checks 
*** FLOP *** [As 3s 5h]
sabalito: checks 
Count Mole: checks 
*** TURN *** [As 3s 5h] [6d]
sabalito: bets $0.20
Count Mole: folds 
Uncalled bet ($0.20) returned to sabalito
sabalito collected $0.10 from pot
*** SUMMARY ***
Total pot $0.10 | Rake $0 
Board [As 3s 5h 6d]
Seat 1: akamaldinix folded before Flop (didn't bet)
Seat 2: AGVsmarT folded before Flop (didn't bet)
Seat 3: Dorex2007 folded before Flop (didn't bet)
Seat 4: bauticius folded before Flop (didn't bet)
Seat 5: An_Angry_Donkey folded before Flop (didn't bet)
Seat 6: kevmudarra (button) folded before Flop (didn't bet)
Seat 7: sabalito (small blind) collected ($0.10)
Seat 8: Count Mole (big blind) folded on the Turn
Seat 9: BrenoVns folded before Flop (didn't bet)



PokerStars Hand #237796583912:  Hold'em No Limit ($0.02/$0.05 USD) - 2022/08/04 20:20:17 PT [2022/08/04 23:20:17 ET]
Table 'Scheat II' 9-max Seat #7 is the button
Seat 1: akamaldinix ($3.23 in chips) 
Seat 2: AGVsmarT ($8.31 in chips) 
Seat 3: Dorex2007 ($5 in chips) 
Seat 4: bauticius ($4.94 in chips) 
Seat 5: An_Angry_Donkey ($4.76 in chips) 
Seat 7: sabalito ($2.16 in chips) 
Seat 8: Count Mole ($23.32 in chips) 
Seat 9: BrenoVns ($6.95 in chips) 
Count Mole: posts small blind $0.02
BrenoVns: posts big blind $0.05
*** HOLE CARDS ***
Dealt to Dorex2007 [3c Ac]
akamaldinix: raises $0.05 to $0.10
AGVsmarT: folds 
Dorex2007: folds 
bauticius: folds 
An_Angry_Donkey: folds 
sabalito: calls $0.10
Count Mole: folds 
BrenoVns: folds 
*** FLOP *** [3d 4c 4s]
akamaldinix: checks 
sabalito: bets $0.15
akamaldinix: calls $0.15
*** TURN *** [3d 4c 4s] [6s]
akamaldinix: checks 
sabalito: bets $0.20
akamaldinix: calls $0.20
*** RIVER *** [3d 4c 4s 6s] [2c]
akamaldinix: checks 
sabalito: bets $0.93
akamaldinix: calls $0.93
*** SHOW DOWN ***
sabalito: shows [Tc 5c] (a straight, Deuce to Six)
akamaldinix: mucks hand 
sabalito collected $2.71 from pot
*** SUMMARY ***
Total pot $2.83 | Rake $0.12 
Board [3d 4c 4s 6s 2c]
Seat 1: akamaldinix mucked [Qd Kd]
Seat 2: AGVsmarT folded before Flop (didn't bet)
Seat 3: Dorex2007 folded before Flop (didn't bet)
Seat 4: bauticius folded before Flop (didn't bet)
Seat 5: An_Angry_Donkey folded before Flop (didn't bet)
Seat 7: sabalito (button) showed [Tc 5c] and won ($2.71) with a straight, Deuce to Six
Seat 8: Count Mole (small blind) folded before Flop
Seat 9: BrenoVns (big blind) folded before Flop



PokerStars Hand #237796592902:  Hold'em No Limit ($0.02/$0.05 USD) - 2022/08/04 20:21:15 PT [2022/08/04 23:21:15 ET]
Table 'Scheat II' 9-max Seat #8 is the button
Seat 1: akamaldinix ($1.85 in chips) 
Seat 2: AGVsmarT ($8.31 in chips) 
Seat 3: Dorex2007 ($5 in chips) 
Seat 4: bauticius ($4.94 in chips) 
Seat 5: An_Angry_Donkey ($4.76 in chips) 
Seat 7: sabalito ($3.49 in chips) 
Seat 8: Count Mole ($23.30 in chips) 
Seat 9: BrenoVns ($6.90 in chips) 
BrenoVns: posts small blind $0.02
akamaldinix: posts big blind $0.05
*** HOLE CARDS ***
Dealt to Dorex2007 [Jh Jd]
AGVsmarT: folds 
Dorex2007: raises $0.10 to $0.15
bauticius: folds 
An_Angry_Donkey: folds 
sabalito: folds 
Count Mole: folds 
kampoker52 joins the table at seat #6 
BrenoVns: folds 
akamaldinix: folds 
Uncalled bet ($0.10) returned to Dorex2007
Dorex2007 collected $0.12 from pot
Dorex2007: doesn't show hand 
*** SUMMARY ***
Total pot $0.12 | Rake $0 
Seat 1: akamaldinix (big blind) folded before Flop
Seat 2: AGVsmarT folded before Flop (didn't bet)
Seat 3: Dorex2007 collected ($0.12)
Seat 4: bauticius folded before Flop (didn't bet)
Seat 5: An_Angry_Donkey folded before Flop (didn't bet)
Seat 7: sabalito folded before Flop (didn't bet)
Seat 8: Count Mole (button) folded before Flop (didn't bet)
Seat 9: BrenoVns (small blind) folded before Flop



PokerStars Hand #237796596926:  Hold'em No Limit ($0.02/$0.05 USD) - 2022/08/04 20:21:40 PT [2022/08/04 23:21:40 ET]
Table 'Scheat II' 9-max Seat #9 is the button
Seat 1: akamaldinix ($1.80 in chips) 
Seat 2: AGVsmarT ($8.31 in chips) 
Seat 3: Dorex2007 ($5.07 in chips) 
Seat 4: bauticius ($4.94 in chips) 
Seat 5: An_Angry_Donkey ($4.76 in chips) 
Seat 6: kampoker52 ($4 in chips) 
Seat 7: sabalito ($3.49 in chips) 
Seat 8: Count Mole ($23.30 in chips) 
Seat 9: BrenoVns ($6.88 in chips) 
akamaldinix: posts small blind $0.02
AGVsmarT: posts big blind $0.05
kampoker52: posts big blind $0.05
*** HOLE CARDS ***
Dealt to Dorex2007 [8s 3h]
Dorex2007: folds 
bauticius: folds 
An_Angry_Donkey has timed out
An_Angry_Donkey: folds 
kampoker52: checks 
sabalito: calls $0.05
Count Mole: folds 
BrenoVns: folds 
akamaldinix: calls $0.03
AGVsmarT: checks 
*** FLOP *** [As Ks 7c]
akamaldinix: checks 
AGVsmarT: checks 
kampoker52: bets $0.09
sabalito: calls $0.09
akamaldinix: folds 
AGVsmarT: folds 
*** TURN *** [As Ks 7c] [5c]
kampoker52: bets $0.36
sabalito: folds 
Uncalled bet ($0.36) returned to kampoker52
kampoker52 collected $0.36 from pot
*** SUMMARY ***
Total pot $0.38 | Rake $0.02 
Board [As Ks 7c 5c]
Seat 1: akamaldinix (small blind) folded on the Flop
Seat 2: AGVsmarT (big blind) folded on the Flop
Seat 3: Dorex2007 folded before Flop (didn't bet)
Seat 4: bauticius folded before Flop (didn't bet)
Seat 5: An_Angry_Donkey folded before Flop (didn't bet)
Seat 6: kampoker52 collected ($0.36)
Seat 7: sabalito folded on the Turn
Seat 8: Count Mole folded before Flop (didn't bet)
Seat 9: BrenoVns (button) folded before Flop (didn't bet)



PokerStars Hand #237796604053:  Hold'em No Limit ($0.02/$0.05 USD) - 2022/08/04 20:22:26 PT [2022/08/04 23:22:26 ET]
Table 'Scheat II' 9-max Seat #1 is the button
Seat 1: akamaldinix ($1.75 in chips) 
Seat 2: AGVsmarT ($8.26 in chips) 
Seat 3: Dorex2007 ($5.07 in chips) 
Seat 4: bauticius ($4.94 in chips) 
Seat 6: kampoker52 ($4.22 in chips) 
Seat 7: sabalito ($3.35 in chips) 
Seat 8: Count Mole ($23.30 in chips) 
Seat 9: BrenoVns ($6.88 in chips) 
AGVsmarT: posts small blind $0.02
Dorex2007: posts big blind $0.05
*** HOLE CARDS ***
Dealt to Dorex2007 [6c Ks]
bauticius: folds 
kampoker52: folds 
sabalito: calls $0.05
Count Mole: folds 
BrenoVns: folds 
akamaldinix: raises $0.10 to $0.15
AGVsmarT: folds 
Dorex2007: folds 
sabalito: calls $0.10
*** FLOP *** [2s Jh Kc]
sabalito: checks 
akamaldinix: bets $0.17
sabalito: folds 
Uncalled bet ($0.17) returned to akamaldinix
akamaldinix collected $0.35 from pot
akamaldinix: doesn't show hand 
*** SUMMARY ***
Total pot $0.37 | Rake $0.02 
Board [2s Jh Kc]
Seat 1: akamaldinix (button) collected ($0.35)
Seat 2: AGVsmarT (small blind) folded before Flop
Seat 3: Dorex2007 (big blind) folded before Flop
Seat 4: bauticius folded before Flop (didn't bet)
Seat 6: kampoker52 folded before Flop (didn't bet)
Seat 7: sabalito folded on the Flop
Seat 8: Count Mole folded before Flop (didn't bet)
Seat 9: BrenoVns folded before Flop (didn't bet)



PokerStars Hand #237796609289:  Hold'em No Limit ($0.02/$0.05 USD) - 2022/08/04 20:23:00 PT [2022/08/04 23:23:00 ET]
Table 'Scheat II' 9-max Seat #2 is the button
Seat 1: akamaldinix ($1.95 in chips) 
Seat 2: AGVsmarT ($8.24 in chips) 
Seat 3: Dorex2007 ($5.02 in chips) 
Seat 4: bauticius ($4.94 in chips) 
Seat 6: kampoker52 ($4.22 in chips) 
Seat 7: sabalito ($3.20 in chips) 
Seat 8: Count Mole ($23.30 in chips) 
Seat 9: BrenoVns ($6.88 in chips) 
Dorex2007: posts small blind $0.02
bauticius: posts big blind $0.05
*** HOLE CARDS ***
Dealt to Dorex2007 [2c 2h]
kampoker52: raises $0.05 to $0.10
sabalito: folds 
Count Mole: folds 
BrenoVns: folds 
akamaldinix: folds 
AGVsmarT: folds 
Dorex2007: calls $0.08
bauticius: folds 
*** FLOP *** [Ah 7d 3h]
Dorex2007: checks 
kampoker52: bets $0.24
Dorex2007: folds 
Uncalled bet ($0.24) returned to kampoker52
kampoker52 collected $0.24 from pot
*** SUMMARY ***
Total pot $0.25 | Rake $0.01 
Board [Ah 7d 3h]
Seat 1: akamaldinix folded before Flop (didn't bet)
Seat 2: AGVsmarT (button) folded before Flop (didn't bet)
Seat 3: Dorex2007 (small blind) folded on the Flop
Seat 4: bauticius (big blind) folded before Flop
Seat 6: kampoker52 collected ($0.24)
Seat 7: sabalito folded before Flop (didn't bet)
Seat 8: Count Mole folded before Flop (didn't bet)
Seat 9: BrenoVns folded before Flop (didn't bet)



PokerStars Hand #237796613053:  Hold'em No Limit ($0.02/$0.05 USD) - 2022/08/04 20:23:24 PT [2022/08/04 23:23:24 ET]
Table 'Scheat II' 9-max Seat #3 is the button
Seat 1: akamaldinix ($1.95 in chips) 
Seat 2: AGVsmarT ($8.24 in chips) 
Seat 3: Dorex2007 ($5 in chips) 
Seat 4: bauticius ($4.89 in chips) 
Seat 5: An_Angry_Donkey ($4.76 in chips) 
Seat 6: kampoker52 ($4.36 in chips) 
Seat 7: sabalito ($3.20 in chips) 
Seat 8: Count Mole ($23.30 in chips) 
Seat 9: BrenoVns ($6.88 in chips) 
bauticius: posts small blind $0.02
An_Angry_Donkey: posts big blind $0.05
*** HOLE CARDS ***
Dealt to Dorex2007 [5s 7c]
kampoker52: calls $0.05
sabalito: calls $0.05
Count Mole: folds 
BrenoVns: folds 
akamaldinix: raises $0.05 to $0.10
AGVsmarT: folds 
Dorex2007: folds 
bauticius: calls $0.08
An_Angry_Donkey: folds 
kampoker52: calls $0.05
sabalito: calls $0.05
*** FLOP *** [Jd 2d Qd]
bauticius: checks 
kampoker52: checks 
sabalito: checks 
akamaldinix: bets $0.21
bauticius: folds 
kampoker52: calls $0.21
sabalito: calls $0.21
*** TURN *** [Jd 2d Qd] [9h]
kampoker52: checks 
sabalito: checks 
akamaldinix: bets $0.52
kampoker52: calls $0.52
sabalito: raises $1.30 to $1.82
akamaldinix: folds 
kampoker52: folds 
Uncalled bet ($1.30) returned to sabalito
sabalito collected $2.53 from pot
*** SUMMARY ***
Total pot $2.64 | Rake $0.11 
Board [Jd 2d Qd 9h]
Seat 1: akamaldinix folded on the Turn
Seat 2: AGVsmarT folded before Flop (didn't bet)
Seat 3: Dorex2007 (button) folded before Flop (didn't bet)
Seat 4: bauticius (small blind) folded on the Flop
Seat 5: An_Angry_Donkey (big blind) folded before Flop
Seat 6: kampoker52 folded on the Turn
Seat 7: sabalito collected ($2.53)
Seat 8: Count Mole folded before Flop (didn't bet)
Seat 9: BrenoVns folded before Flop (didn't bet)



PokerStars Hand #237796622703:  Hold'em No Limit ($0.02/$0.05 USD) - 2022/08/04 20:24:26 PT [2022/08/04 23:24:26 ET]
Table 'Scheat II' 9-max Seat #4 is the button
Seat 1: akamaldinix ($1.12 in chips) 
Seat 2: AGVsmarT ($8.24 in chips) 
Seat 3: Dorex2007 ($5 in chips) 
Seat 4: bauticius ($4.79 in chips) 
Seat 5: An_Angry_Donkey ($4.71 in chips) 
Seat 6: kampoker52 ($3.53 in chips) 
Seat 7: sabalito ($4.90 in chips) 
Seat 8: Count Mole ($23.30 in chips) 
Seat 9: BrenoVns ($6.88 in chips) 
An_Angry_Donkey: posts small blind $0.02
kampoker52: posts big blind $0.05
*** HOLE CARDS ***
Dealt to Dorex2007 [5d 6s]
sabalito: calls $0.05
Count Mole: folds 
BrenoVns: folds 
akamaldinix: calls $0.05
AGVsmarT: folds 
Dorex2007: folds 
bauticius: folds 
An_Angry_Donkey: folds 
kampoker52: checks 
*** FLOP *** [9d 2s 2c]
kampoker52: checks 
sabalito: bets $0.25
akamaldinix: folds 
kampoker52: folds 
Uncalled bet ($0.25) returned to sabalito
sabalito collected $0.16 from pot
*** SUMMARY ***
Total pot $0.17 | Rake $0.01 
Board [9d 2s 2c]
Seat 1: akamaldinix folded on the Flop
Seat 2: AGVsmarT folded before Flop (didn't bet)
Seat 3: Dorex2007 folded before Flop (didn't bet)
Seat 4: bauticius (button) folded before Flop (didn't bet)
Seat 5: An_Angry_Donkey (small blind) folded before Flop
Seat 6: kampoker52 (big blind) folded on the Flop
Seat 7: sabalito collected ($0.16)
Seat 8: Count Mole folded before Flop (didn't bet)
Seat 9: BrenoVns folded before Flop (didn't bet)



PokerStars Hand #237796630607:  Hold'em No Limit ($0.02/$0.05 USD) - 2022/08/04 20:24:59 PT [2022/08/04 23:24:59 ET]
Table 'Scheat II' 9-max Seat #5 is the button
Seat 1: akamaldinix ($1.07 in chips) 
Seat 2: AGVsmarT ($8.24 in chips) 
Seat 3: Dorex2007 ($5 in chips) 
Seat 4: bauticius ($4.79 in chips) 
Seat 5: An_Angry_Donkey ($4.69 in chips) 
Seat 6: kampoker52 ($3.48 in chips) 
Seat 7: sabalito ($5.01 in chips) 
Seat 8: Count Mole ($23.30 in chips) 
Seat 9: BrenoVns ($6.88 in chips) 
kampoker52: posts small blind $0.02
sabalito: posts big blind $0.05
*** HOLE CARDS ***
Dealt to Dorex2007 [Tc 4s]
Count Mole: folds 
BrenoVns: folds 
akamaldinix: folds 
AGVsmarT: calls $0.05
Dorex2007: folds 
bauticius: folds 
An_Angry_Donkey: folds 
kampoker52: calls $0.03
sabalito: checks 
*** FLOP *** [5d Kc Qh]
kampoker52: checks 
sabalito: bets $0.20
AGVsmarT: folds 
kampoker52: folds 
Uncalled bet ($0.20) returned to sabalito
sabalito collected $0.14 from pot
*** SUMMARY ***
Total pot $0.15 | Rake $0.01 
Board [5d Kc Qh]
Seat 1: akamaldinix folded before Flop (didn't bet)
Seat 2: AGVsmarT folded on the Flop
Seat 3: Dorex2007 folded before Flop (didn't bet)
Seat 4: bauticius folded before Flop (didn't bet)
Seat 5: An_Angry_Donkey (button) folded before Flop (didn't bet)
Seat 6: kampoker52 (small blind) folded on the Flop
Seat 7: sabalito (big blind) collected ($0.14)
Seat 8: Count Mole folded before Flop (didn't bet)
Seat 9: BrenoVns folded before Flop (didn't bet)



PokerStars Hand #237796636076:  Hold'em No Limit ($0.02/$0.05 USD) - 2022/08/04 20:25:34 PT [2022/08/04 23:25:34 ET]
Table 'Scheat II' 9-max Seat #6 is the button
Seat 1: akamaldinix ($1.07 in chips) 
Seat 2: AGVsmarT ($8.19 in chips) 
Seat 3: Dorex2007 ($5 in chips) 
Seat 4: bauticius ($4.79 in chips) 
Seat 5: An_Angry_Donkey ($4.69 in chips) 
Seat 6: kampoker52 ($3.43 in chips) 
Seat 7: sabalito ($5.10 in chips) 
Seat 8: Count Mole ($23.30 in chips) 
Seat 9: BrenoVns ($6.88 in chips) 
sabalito: posts small blind $0.02
Count Mole: posts big blind $0.05
*** HOLE CARDS ***
Dealt to Dorex2007 [Js 9s]
BrenoVns: folds 
akamaldinix: folds 
AGVsmarT: calls $0.05
Dorex2007: folds 
bauticius has timed out
bauticius: folds 
An_Angry_Donkey: folds 
kampoker52: folds 
sabalito: calls $0.03
Count Mole: checks 
*** FLOP *** [As 6c 7c]
sabalito: bets $0.20
Count Mole: folds 
AGVsmarT: calls $0.20
*** TURN *** [As 6c 7c] [Jh]
sabalito: bets $0.26
AGVsmarT: calls $0.26
*** RIVER *** [As 6c 7c Jh] [Ks]
sabalito: bets $0.20
AGVsmarT: folds 
Uncalled bet ($0.20) returned to sabalito
sabalito collected $1.03 from pot
*** SUMMARY ***
Total pot $1.07 | Rake $0.04 
Board [As 6c 7c Jh Ks]
Seat 1: akamaldinix folded before Flop (didn't bet)
Seat 2: AGVsmarT folded on the River
Seat 3: Dorex2007 folded before Flop (didn't bet)
Seat 4: bauticius folded before Flop (didn't bet)
Seat 5: An_Angry_Donkey folded before Flop (didn't bet)
Seat 6: kampoker52 (button) folded before Flop (didn't bet)
Seat 7: sabalito (small blind) collected ($1.03)
Seat 8: Count Mole (big blind) folded on the Flop
Seat 9: BrenoVns folded before Flop (didn't bet)



PokerStars Hand #237796643016:  Hold'em No Limit ($0.02/$0.05 USD) - 2022/08/04 20:26:20 PT [2022/08/04 23:26:20 ET]
Table 'Scheat II' 9-max Seat #7 is the button
Seat 1: akamaldinix ($1.07 in chips) 
Seat 2: AGVsmarT ($7.68 in chips) 
Seat 3: Dorex2007 ($5 in chips) 
Seat 4: bauticius ($4.79 in chips) 
Seat 5: An_Angry_Donkey ($4.69 in chips) 
Seat 6: kampoker52 ($3.43 in chips) 
Seat 7: sabalito ($5.62 in chips) 
Seat 8: Count Mole ($23.25 in chips) 
Seat 9: BrenoVns ($6.88 in chips) 
Count Mole: posts small blind $0.02
BrenoVns: posts big blind $0.05
*** HOLE CARDS ***
Dealt to Dorex2007 [Td 8s]
akamaldinix: folds 
AGVsmarT: folds 
Dorex2007: folds 
akamaldinix leaves the table
bauticius: folds 
An_Angry_Donkey: folds 
kampoker52: raises $0.05 to $0.10
sabalito: calls $0.10
Count Mole: folds 
BrenoVns: folds 
*** FLOP *** [3c 4s 7s]
kampoker52: checks 
sabalito: checks 
*** TURN *** [3c 4s 7s] [9d]
kampoker52: bets $0.26
sabalito: folds 
Uncalled bet ($0.26) returned to kampoker52
kampoker52 collected $0.26 from pot
*** SUMMARY ***
Total pot $0.27 | Rake $0.01 
Board [3c 4s 7s 9d]
Seat 1: akamaldinix folded before Flop (didn't bet)
Seat 2: AGVsmarT folded before Flop (didn't bet)
Seat 3: Dorex2007 folded before Flop (didn't bet)
Seat 4: bauticius folded before Flop (didn't bet)
Seat 5: An_Angry_Donkey folded before Flop (didn't bet)
Seat 6: kampoker52 collected ($0.26)
Seat 7: sabalito (button) folded on the Turn
Seat 8: Count Mole (small blind) folded before Flop
Seat 9: BrenoVns (big blind) folded before Flop



PokerStars Hand #237796647526:  Hold'em No Limit ($0.02/$0.05 USD) - 2022/08/04 20:26:49 PT [2022/08/04 23:26:49 ET]
Table 'Scheat II' 9-max Seat #8 is the button
Seat 2: AGVsmarT ($7.68 in chips) 
Seat 3: Dorex2007 ($5 in chips) 
Seat 4: bauticius ($4.79 in chips) 
Seat 5: An_Angry_Donkey ($4.69 in chips) 
Seat 6: kampoker52 ($3.59 in chips) 
Seat 7: sabalito ($5.52 in chips) 
Seat 8: Count Mole ($23.23 in chips) 
Seat 9: BrenoVns ($6.83 in chips) 
BrenoVns: posts small blind $0.02
AGVsmarT: posts big blind $0.05
*** HOLE CARDS ***
Dealt to Dorex2007 [3s 8s]
10minus joins the table at seat #1 
Dorex2007: folds 
bauticius: raises $0.07 to $0.12
An_Angry_Donkey: folds 
kampoker52: calls $0.12
sabalito: folds 
Count Mole: folds 
BrenoVns: raises $0.33 to $0.45
AGVsmarT: folds 
bauticius: calls $0.33
kampoker52: calls $0.33
*** FLOP *** [4c 9h Qs]
BrenoVns: bets $0.67
bauticius: folds 
kampoker52: calls $0.67
*** TURN *** [4c 9h Qs] [Jd]
BrenoVns: checks 
kampoker52: checks 
*** RIVER *** [4c 9h Qs Jd] [4s]
BrenoVns: bets $1.31
kampoker52: folds 
Uncalled bet ($1.31) returned to BrenoVns
BrenoVns collected $2.63 from pot
BrenoVns: doesn't show hand 
*** SUMMARY ***
Total pot $2.74 | Rake $0.11 
Board [4c 9h Qs Jd 4s]
Seat 2: AGVsmarT (big blind) folded before Flop
Seat 3: Dorex2007 folded before Flop (didn't bet)
Seat 4: bauticius folded on the Flop
Seat 5: An_Angry_Donkey folded before Flop (didn't bet)
Seat 6: kampoker52 folded on the River
Seat 7: sabalito folded before Flop (didn't bet)
Seat 8: Count Mole (button) folded before Flop (didn't bet)
Seat 9: BrenoVns (small blind) collected ($2.63)



PokerStars Hand #237796657111:  Hold'em No Limit ($0.02/$0.05 USD) - 2022/08/04 20:27:52 PT [2022/08/04 23:27:52 ET]
Table 'Scheat II' 9-max Seat #9 is the button
Seat 2: AGVsmarT ($7.63 in chips) 
Seat 3: Dorex2007 ($5 in chips) 
Seat 4: bauticius ($4.34 in chips) 
Seat 5: An_Angry_Donkey ($4.69 in chips) 
Seat 6: kampoker52 ($2.47 in chips) 
Seat 7: sabalito ($5.52 in chips) 
Seat 8: Count Mole ($23.23 in chips) 
Seat 9: BrenoVns ($8.34 in chips) 
AGVsmarT: posts small blind $0.02
Dorex2007: posts big blind $0.05
*** HOLE CARDS ***
Dealt to Dorex2007 [2d 3s]
bauticius: raises $0.07 to $0.12
An_Angry_Donkey: folds 
kampoker52: folds 
sabalito: calls $0.12
Count Mole: folds 
BrenoVns: folds 
AGVsmarT: folds 
Dorex2007: folds 
*** FLOP *** [Qh Qc Jd]
bauticius: checks 
sabalito: bets $0.10
bauticius: calls $0.10
*** TURN *** [Qh Qc Jd] [6c]
bauticius: checks 
sabalito: checks 
*** RIVER *** [Qh Qc Jd 6c] [Jh]
bauticius: checks 
sabalito: checks 
*** SHOW DOWN ***
bauticius: shows [Td Ah] (two pair, Queens and Jacks)
sabalito: mucks hand 
bauticius collected $0.49 from pot
*** SUMMARY ***
Total pot $0.51 | Rake $0.02 
Board [Qh Qc Jd 6c Jh]
Seat 2: AGVsmarT (small blind) folded before Flop
Seat 3: Dorex2007 (big blind) folded before Flop
Seat 4: bauticius showed [Td Ah] and won ($0.49) with two pair, Queens and Jacks
Seat 5: An_Angry_Donkey folded before Flop (didn't bet)
Seat 6: kampoker52 folded before Flop (didn't bet)
Seat 7: sabalito mucked [6s Ks]
Seat 8: Count Mole folded before Flop (didn't bet)
Seat 9: BrenoVns (button) folded before Flop (didn't bet)



PokerStars Hand #237796663195:  Hold'em No Limit ($0.02/$0.05 USD) - 2022/08/04 20:28:32 PT [2022/08/04 23:28:32 ET]
Table 'Scheat II' 9-max Seat #2 is the button
Seat 2: AGVsmarT ($7.61 in chips) 
Seat 3: Dorex2007 ($5 in chips) 
Seat 4: bauticius ($4.61 in chips) 
Seat 5: An_Angry_Donkey ($4.69 in chips) 
Seat 6: kampoker52 ($2.47 in chips) 
Seat 7: sabalito ($5.30 in chips) 
Seat 8: Count Mole ($23.23 in chips) 
Seat 9: BrenoVns ($8.34 in chips) 
Dorex2007: posts small blind $0.02
bauticius: posts big blind $0.05
10minus: sits out 
*** HOLE CARDS ***
Dealt to Dorex2007 [Jd 7c]
An_Angry_Donkey: folds 
kampoker52: raises $0.05 to $0.10
sabalito: folds 
Count Mole: folds 
BrenoVns: folds 
AGVsmarT: calls $0.10
Dorex2007: folds 
bauticius: raises $0.35 to $0.45
kampoker52: calls $0.35
AGVsmarT: calls $0.35
*** FLOP *** [Qc Tc 5c]
bauticius: checks 
kampoker52: checks 
AGVsmarT: checks 
*** TURN *** [Qc Tc 5c] [3s]
bauticius: bets $0.25
kampoker52: calls $0.25
AGVsmarT: calls $0.25
*** RIVER *** [Qc Tc 5c 3s] [6h]
bauticius: checks 
kampoker52: checks 
AGVsmarT: bets $1.01
bauticius: folds 
kampoker52: folds 
Uncalled bet ($1.01) returned to AGVsmarT
AGVsmarT collected $2.03 from pot
*** SUMMARY ***
Total pot $2.12 | Rake $0.09 
Board [Qc Tc 5c 3s 6h]
Seat 2: AGVsmarT (button) collected ($2.03)
Seat 3: Dorex2007 (small blind) folded before Flop
Seat 4: bauticius (big blind) folded on the River
Seat 5: An_Angry_Donkey folded before Flop (didn't bet)
Seat 6: kampoker52 folded on the River
Seat 7: sabalito folded before Flop (didn't bet)
Seat 8: Count Mole folded before Flop (didn't bet)
Seat 9: BrenoVns folded before Flop (didn't bet)



PokerStars Hand #237796682338:  Hold'em No Limit ($0.02/$0.05 USD) - 2022/08/04 20:30:40 PT [2022/08/04 23:30:40 ET]
Table 'Scheat II' 9-max Seat #5 is the button
Seat 2: AGVsmarT ($9.43 in chips) 
Seat 3: Dorex2007 ($5 in chips) 
Seat 4: bauticius ($5 in chips) 
Seat 5: An_Angry_Donkey ($4.67 in chips) 
Seat 6: kampoker52 ($1.72 in chips) 
Seat 7: sabalito ($4.84 in chips) 
Seat 8: Count Mole ($23.23 in chips) 
Seat 9: BrenoVns ($8.34 in chips) 
kampoker52: posts small blind $0.02
sabalito: posts big blind $0.05
10minus: sits out 
*** HOLE CARDS ***
Dealt to Dorex2007 [3c 2c]
Count Mole: folds 
BrenoVns: raises $0.06 to $0.11
AGVsmarT: calls $0.11
Dorex2007: folds 
bauticius: folds 
An_Angry_Donkey: raises $0.06 to $0.17
kampoker52: folds 
sabalito: calls $0.12
BrenoVns: calls $0.06
AGVsmarT: calls $0.06
*** FLOP *** [6c Ac 5d]
sabalito: checks 
BrenoVns: checks 
AGVsmarT: bets $0.33
An_Angry_Donkey: calls $0.33
sabalito: folds 
BrenoVns: folds 
*** TURN *** [6c Ac 5d] [Js]
AGVsmarT: bets $0.65
An_Angry_Donkey: calls $0.65
*** RIVER *** [6c Ac 5d Js] [2h]
AGVsmarT: bets $1.27
An_Angry_Donkey: calls $1.27
*** SHOW DOWN ***
AGVsmarT: shows [6s 5s] (two pair, Sixes and Fives)
An_Angry_Donkey: mucks hand 
AGVsmarT collected $4.98 from pot
*** SUMMARY ***
Total pot $5.20 | Rake $0.22 
Board [6c Ac 5d Js 2h]
Seat 2: AGVsmarT showed [6s 5s] and won ($4.98) with two pair, Sixes and Fives
Seat 3: Dorex2007 folded before Flop (didn't bet)
Seat 4: bauticius folded before Flop (didn't bet)
Seat 5: An_Angry_Donkey (button) mucked [Ks As]
Seat 6: kampoker52 (small blind) folded before Flop
Seat 7: sabalito (big blind) folded on the Flop
Seat 8: Count Mole folded before Flop (didn't bet)
Seat 9: BrenoVns folded on the Flop



PokerStars Hand #237796701301:  Hold'em No Limit ($0.02/$0.05 USD) - 2022/08/04 20:31:56 PT [2022/08/04 23:31:56 ET]
Table 'Scheat II' 9-max Seat #6 is the button
Seat 2: AGVsmarT ($11.99 in chips) 
Seat 3: Dorex2007 ($5 in chips) 
Seat 4: bauticius ($5 in chips) 
Seat 5: An_Angry_Donkey ($2.25 in chips) 
Seat 6: kampoker52 ($1.70 in chips) 
Seat 7: sabalito ($4.67 in chips) 
Seat 8: Count Mole ($23.23 in chips) 
Seat 9: BrenoVns ($8.17 in chips) 
sabalito: posts small blind $0.02
Count Mole: posts big blind $0.05
10minus: sits out 
*** HOLE CARDS ***
Dealt to Dorex2007 [8d 7h]
BrenoVns: folds 
AGVsmarT: folds 
Dorex2007: folds 
bauticius: folds 
An_Angry_Donkey: folds 
kampoker52: raises $0.05 to $0.10
sabalito: calls $0.08
Count Mole: raises $0.35 to $0.45
kampoker52: calls $0.35
sabalito: calls $0.35
*** FLOP *** [Ks Js 6h]
sabalito: checks 
Count Mole: bets $0.85
kampoker52: folds 
sabalito: folds 
Uncalled bet ($0.85) returned to Count Mole
Count Mole collected $1.29 from pot
Count Mole: doesn't show hand 
*** SUMMARY ***
Total pot $1.35 | Rake $0.06 
Board [Ks Js 6h]
Seat 2: AGVsmarT folded before Flop (didn't bet)
Seat 3: Dorex2007 folded before Flop (didn't bet)
Seat 4: bauticius folded before Flop (didn't bet)
Seat 5: An_Angry_Donkey folded before Flop (didn't bet)
Seat 6: kampoker52 (button) folded on the Flop
Seat 7: sabalito (small blind) folded on the Flop
Seat 8: Count Mole (big blind) collected ($1.29)
Seat 9: BrenoVns folded before Flop (didn't bet)



PokerStars Hand #237796708150:  Hold'em No Limit ($0.02/$0.05 USD) - 2022/08/04 20:32:42 PT [2022/08/04 23:32:42 ET]
Table 'Scheat II' 9-max Seat #7 is the button
Seat 2: AGVsmarT ($11.99 in chips) 
Seat 3: Dorex2007 ($5 in chips) 
Seat 4: bauticius ($5 in chips) 
Seat 5: An_Angry_Donkey ($2.25 in chips) 
Seat 6: kampoker52 ($1.25 in chips) 
Seat 7: sabalito ($4.22 in chips) 
Seat 8: Count Mole ($24.07 in chips) 
Seat 9: BrenoVns ($8.17 in chips) 
Count Mole: posts small blind $0.02
BrenoVns: posts big blind $0.05
10minus: sits out 
*** HOLE CARDS ***
Dealt to Dorex2007 [Qd 7c]
AGVsmarT: folds 
Dorex2007: folds 
bauticius: folds 
An_Angry_Donkey: folds 
kampoker52: raises $0.05 to $0.10
sabalito: calls $0.10
Count Mole: folds 
BrenoVns: folds 
*** FLOP *** [Td 8h 8s]
kampoker52: bets $0.26
sabalito: folds 
Uncalled bet ($0.26) returned to kampoker52
kampoker52 collected $0.26 from pot
*** SUMMARY ***
Total pot $0.27 | Rake $0.01 
Board [Td 8h 8s]
Seat 2: AGVsmarT folded before Flop (didn't bet)
Seat 3: Dorex2007 folded before Flop (didn't bet)
Seat 4: bauticius folded before Flop (didn't bet)
Seat 5: An_Angry_Donkey folded before Flop (didn't bet)
Seat 6: kampoker52 collected ($0.26)
Seat 7: sabalito (button) folded on the Flop
Seat 8: Count Mole (small blind) folded before Flop
Seat 9: BrenoVns (big blind) folded before Flop



PokerStars Hand #237796713049:  Hold'em No Limit ($0.02/$0.05 USD) - 2022/08/04 20:33:15 PT [2022/08/04 23:33:15 ET]
Table 'Scheat II' 9-max Seat #8 is the button
Seat 1: 10minus ($5 in chips) 
Seat 2: AGVsmarT ($11.99 in chips) 
Seat 3: Dorex2007 ($5 in chips) 
Seat 4: bauticius ($5 in chips) 
Seat 5: An_Angry_Donkey ($2.25 in chips) 
Seat 6: kampoker52 ($1.41 in chips) 
Seat 7: sabalito ($4.12 in chips) 
Seat 8: Count Mole ($24.05 in chips) 
Seat 9: BrenoVns ($8.12 in chips) 
BrenoVns: posts small blind $0.02
10minus: posts big blind $0.05
*** HOLE CARDS ***
Dealt to Dorex2007 [4h 2h]
AGVsmarT: folds 
Dorex2007: folds 
bauticius: folds 
An_Angry_Donkey: folds 
kampoker52: folds 
sabalito: raises $0.15 to $0.20
Count Mole: raises $0.25 to $0.45
BrenoVns: folds 
10minus: folds 
sabalito: calls $0.25
*** FLOP *** [7s 3d 2d]
sabalito: checks 
Count Mole: bets $0.60
sabalito: calls $0.60
*** TURN *** [7s 3d 2d] [Kh]
sabalito: checks 
Count Mole: checks 
*** RIVER *** [7s 3d 2d Kh] [Kc]
sabalito: bets $0.60
Count Mole: calls $0.60
*** SHOW DOWN ***
sabalito: shows [Jd Ac] (a pair of Kings)
Count Mole: shows [3c 4c] (two pair, Kings and Threes)
Count Mole collected $3.23 from pot
*** SUMMARY ***
Total pot $3.37 | Rake $0.14 
Board [7s 3d 2d Kh Kc]
Seat 1: 10minus (big blind) folded before Flop
Seat 2: AGVsmarT folded before Flop (didn't bet)
Seat 3: Dorex2007 folded before Flop (didn't bet)
Seat 4: bauticius folded before Flop (didn't bet)
Seat 5: An_Angry_Donkey folded before Flop (didn't bet)
Seat 6: kampoker52 folded before Flop (didn't bet)
Seat 7: sabalito showed [Jd Ac] and lost with a pair of Kings
Seat 8: Count Mole (button) showed [3c 4c] and won ($3.23) with two pair, Kings and Threes
Seat 9: BrenoVns (small blind) folded before Flop



PokerStars Hand #237796722609:  Hold'em No Limit ($0.02/$0.05 USD) - 2022/08/04 20:34:19 PT [2022/08/04 23:34:19 ET]
Table 'Scheat II' 9-max Seat #9 is the button
Seat 1: 10minus ($5 in chips) 
Seat 2: AGVsmarT ($11.99 in chips) 
Seat 3: Dorex2007 ($5 in chips) 
Seat 4: bauticius ($5 in chips) 
Seat 5: An_Angry_Donkey ($2.25 in chips) 
Seat 6: kampoker52 ($1.41 in chips) 
Seat 7: sabalito ($2.47 in chips) 
Seat 8: Count Mole ($25.63 in chips) 
Seat 9: BrenoVns ($8.10 in chips) 
10minus: posts small blind $0.02
AGVsmarT: posts big blind $0.05
*** HOLE CARDS ***
Dealt to Dorex2007 [Kh Jc]
Dorex2007: folds 
bauticius: folds 
An_Angry_Donkey: folds 
kampoker52: folds 
sabalito: folds 
Count Mole: folds 
BrenoVns: folds 
10minus: raises $0.10 to $0.15
AGVsmarT: calls $0.10
*** FLOP *** [7c 4d 7d]
10minus: checks 
AGVsmarT: bets $0.29
10minus: folds 
Uncalled bet ($0.29) returned to AGVsmarT
AGVsmarT collected $0.29 from pot
*** SUMMARY ***
Total pot $0.30 | Rake $0.01 
Board [7c 4d 7d]
Seat 1: 10minus (small blind) folded on the Flop
Seat 2: AGVsmarT (big blind) collected ($0.29)
Seat 3: Dorex2007 folded before Flop (didn't bet)
Seat 4: bauticius folded before Flop (didn't bet)
Seat 5: An_Angry_Donkey folded before Flop (didn't bet)
Seat 6: kampoker52 folded before Flop (didn't bet)
Seat 7: sabalito folded before Flop (didn't bet)
Seat 8: Count Mole folded before Flop (didn't bet)
Seat 9: BrenoVns (button) folded before Flop (didn't bet)



PokerStars Hand #237796728608:  Hold'em No Limit ($0.02/$0.05 USD) - 2022/08/04 20:35:00 PT [2022/08/04 23:35:00 ET]
Table 'Scheat II' 9-max Seat #1 is the button
Seat 1: 10minus ($5 in chips) 
Seat 2: AGVsmarT ($12.13 in chips) 
Seat 3: Dorex2007 ($5 in chips) 
Seat 4: bauticius ($5 in chips) 
Seat 5: An_Angry_Donkey ($2.25 in chips) 
Seat 6: kampoker52 ($1.41 in chips) 
Seat 7: sabalito ($2.47 in chips) 
Seat 8: Count Mole ($25.63 in chips) 
Seat 9: BrenoVns ($8.10 in chips) 
AGVsmarT: posts small blind $0.02
Dorex2007: posts big blind $0.05
*** HOLE CARDS ***
Dealt to Dorex2007 [7h 5s]
bauticius: folds 
An_Angry_Donkey: folds 
kampoker52: raises $0.12 to $0.17
sabalito: folds 
Count Mole: folds 
BrenoVns: folds 
10minus: folds 
AGVsmarT: calls $0.15
Dorex2007: folds 
*** FLOP *** [5d 4d Kh]
AGVsmarT: checks 
kampoker52: bets $0.37
AGVsmarT: folds 
Uncalled bet ($0.37) returned to kampoker52
kampoker52 collected $0.37 from pot
*** SUMMARY ***
Total pot $0.39 | Rake $0.02 
Board [5d 4d Kh]
Seat 1: 10minus (button) folded before Flop (didn't bet)
Seat 2: AGVsmarT (small blind) folded on the Flop
Seat 3: Dorex2007 (big blind) folded before Flop
Seat 4: bauticius folded before Flop (didn't bet)
Seat 5: An_Angry_Donkey folded before Flop (didn't bet)
Seat 6: kampoker52 collected ($0.37)
Seat 7: sabalito folded before Flop (didn't bet)
Seat 8: Count Mole folded before Flop (didn't bet)
Seat 9: BrenoVns folded before Flop (didn't bet)



PokerStars Hand #237796733503:  Hold'em No Limit ($0.02/$0.05 USD) - 2022/08/04 20:35:34 PT [2022/08/04 23:35:34 ET]
Table 'Scheat II' 9-max Seat #2 is the button
Seat 1: 10minus ($5 in chips) 
Seat 2: AGVsmarT ($11.96 in chips) 
Seat 3: Dorex2007 ($5 in chips) 
Seat 4: bauticius ($5 in chips) 
Seat 5: An_Angry_Donkey ($2.25 in chips) 
Seat 6: kampoker52 ($1.61 in chips) 
Seat 7: sabalito ($2.47 in chips) 
Seat 8: Count Mole ($25.63 in chips) 
Seat 9: BrenoVns ($8.10 in chips) 
Dorex2007: posts small blind $0.02
bauticius: posts big blind $0.05
*** HOLE CARDS ***
Dealt to Dorex2007 [9d Jc]
An_Angry_Donkey: folds 
kampoker52: folds 
sabalito: folds 
Count Mole: folds 
BrenoVns: folds 
10minus: folds 
AGVsmarT: folds 
Dorex2007: raises $0.05 to $0.10
bauticius: calls $0.05
*** FLOP *** [Th 6d Ks]
Dorex2007: checks 
bauticius: bets $0.05
Dorex2007: calls $0.05
*** TURN *** [Th 6d Ks] [6s]
Dorex2007: checks 
bauticius: bets $0.15
Dorex2007: folds 
Uncalled bet ($0.15) returned to bauticius
bauticius collected $0.29 from pot
bauticius: doesn't show hand 
*** SUMMARY ***
Total pot $0.30 | Rake $0.01 
Board [Th 6d Ks 6s]
Seat 1: 10minus folded before Flop (didn't bet)
Seat 2: AGVsmarT (button) folded before Flop (didn't bet)
Seat 3: Dorex2007 (small blind) folded on the Turn
Seat 4: bauticius (big blind) collected ($0.29)
Seat 5: An_Angry_Donkey folded before Flop (didn't bet)
Seat 6: kampoker52 folded before Flop (didn't bet)
Seat 7: sabalito folded before Flop (didn't bet)
Seat 8: Count Mole folded before Flop (didn't bet)
Seat 9: BrenoVns folded before Flop (didn't bet)



PokerStars Hand #237796739462:  Hold'em No Limit ($0.02/$0.05 USD) - 2022/08/04 20:36:15 PT [2022/08/04 23:36:15 ET]
Table 'Scheat II' 9-max Seat #3 is the button
Seat 1: 10minus ($5 in chips) 
Seat 2: AGVsmarT ($11.96 in chips) 
Seat 3: Dorex2007 ($5 in chips) 
Seat 4: bauticius ($5.14 in chips) 
Seat 5: An_Angry_Donkey ($2.25 in chips) 
Seat 6: kampoker52 ($5 in chips) 
Seat 7: sabalito ($2.47 in chips) 
Seat 8: Count Mole ($25.63 in chips) 
Seat 9: BrenoVns ($8.10 in chips) 
bauticius: posts small blind $0.02
An_Angry_Donkey: posts big blind $0.05
*** HOLE CARDS ***
Dealt to Dorex2007 [2d Qd]
kampoker52: calls $0.05
sabalito: calls $0.05
Count Mole: folds 
BrenoVns: folds 
10minus: folds 
AGVsmarT: folds 
Dorex2007: folds 
bauticius: raises $0.10 to $0.15
An_Angry_Donkey: calls $0.10
kampoker52: calls $0.10
sabalito: calls $0.10
*** FLOP *** [5h 4s 8d]
bauticius: bets $0.17
An_Angry_Donkey: folds 
kampoker52: calls $0.17
sabalito: raises $0.55 to $0.72
bauticius: calls $0.55
kampoker52: calls $0.55
*** TURN *** [5h 4s 8d] [5s]
bauticius: checks 
kampoker52: checks 
sabalito: bets $1.60 and is all-in
bauticius: calls $1.60
kampoker52: folds 
*** RIVER *** [5h 4s 8d 5s] [6s]
*** SHOW DOWN ***
bauticius: shows [8c 8h] (a full house, Eights full of Fives)
sabalito: shows [9h 9c] (two pair, Nines and Fives)
bauticius collected $5.71 from pot
*** SUMMARY ***
Total pot $5.96 | Rake $0.25 
Board [5h 4s 8d 5s 6s]
Seat 1: 10minus folded before Flop (didn't bet)
Seat 2: AGVsmarT folded before Flop (didn't bet)
Seat 3: Dorex2007 (button) folded before Flop (didn't bet)
Seat 4: bauticius (small blind) showed [8c 8h] and won ($5.71) with a full house, Eights full of Fives
Seat 5: An_Angry_Donkey (big blind) folded on the Flop
Seat 6: kampoker52 folded on the Turn
Seat 7: sabalito showed [9h 9c] and lost with two pair, Nines and Fives
Seat 8: Count Mole folded before Flop (didn't bet)
Seat 9: BrenoVns folded before Flop (didn't bet)



PokerStars Hand #237796751998:  Hold'em No Limit ($0.02/$0.05 USD) - 2022/08/04 20:37:41 PT [2022/08/04 23:37:41 ET]
Table 'Scheat II' 9-max Seat #4 is the button
Seat 1: 10minus ($5 in chips) 
Seat 2: AGVsmarT ($11.96 in chips) 
Seat 3: Dorex2007 ($5 in chips) 
Seat 4: bauticius ($8.38 in chips) 
Seat 5: An_Angry_Donkey ($2.10 in chips) 
Seat 6: kampoker52 ($4.13 in chips) 
Seat 8: Count Mole ($25.63 in chips) 
Seat 9: BrenoVns ($8.10 in chips) 
An_Angry_Donkey: posts small blind $0.02
kampoker52: posts big blind $0.05
*** HOLE CARDS ***
Dealt to Dorex2007 [8c 5s]
Count Mole: raises $0.10 to $0.15
BrenoVns: folds 
10minus: folds 
AGVsmarT: folds 
Dorex2007: folds 
bauticius: folds 
An_Angry_Donkey: folds 
kampoker52: folds 
Uncalled bet ($0.10) returned to Count Mole
Count Mole collected $0.12 from pot
Count Mole: doesn't show hand 
*** SUMMARY ***
Total pot $0.12 | Rake $0 
Seat 1: 10minus folded before Flop (didn't bet)
Seat 2: AGVsmarT folded before Flop (didn't bet)
Seat 3: Dorex2007 folded before Flop (didn't bet)
Seat 4: bauticius (button) folded before Flop (didn't bet)
Seat 5: An_Angry_Donkey (small blind) folded before Flop
Seat 6: kampoker52 (big blind) folded before Flop
Seat 8: Count Mole collected ($0.12)
Seat 9: BrenoVns folded before Flop (didn't bet)



PokerStars Hand #237796753835:  Hold'em No Limit ($0.02/$0.05 USD) - 2022/08/04 20:37:53 PT [2022/08/04 23:37:53 ET]
Table 'Scheat II' 9-max Seat #5 is the button
Seat 1: 10minus ($5 in chips) 
Seat 2: AGVsmarT ($11.96 in chips) 
Seat 3: Dorex2007 ($5 in chips) 
Seat 4: bauticius ($8.38 in chips) 
Seat 5: An_Angry_Donkey ($2.08 in chips) 
Seat 6: kampoker52 ($4.08 in chips) 
Seat 7: sabalito ($5 in chips) 
Seat 8: Count Mole ($25.70 in chips) 
Seat 9: BrenoVns ($8.10 in chips) 
kampoker52: posts small blind $0.02
sabalito: posts big blind $0.05
*** HOLE CARDS ***
Dealt to Dorex2007 [4s Kc]
Count Mole: folds 
BrenoVns: raises $0.06 to $0.11
10minus: folds 
AGVsmarT: folds 
Dorex2007: folds 
bauticius: folds 
An_Angry_Donkey: folds 
kampoker52: calls $0.09
sabalito: raises $0.33 to $0.44
BrenoVns: folds 
kampoker52: calls $0.33
*** FLOP *** [6h 7d As]
kampoker52: checks 
sabalito: checks 
*** TURN *** [6h 7d As] [6s]
kampoker52: bets $0.47
sabalito: calls $0.47
*** RIVER *** [6h 7d As 6s] [Tc]
kampoker52: bets $0.92
sabalito: raises $3.17 to $4.09 and is all-in
kampoker52: folds 
Uncalled bet ($3.17) returned to sabalito
sabalito collected $3.61 from pot
*** SUMMARY ***
Total pot $3.77 | Rake $0.16 
Board [6h 7d As 6s Tc]
Seat 1: 10minus folded before Flop (didn't bet)
Seat 2: AGVsmarT folded before Flop (didn't bet)
Seat 3: Dorex2007 folded before Flop (didn't bet)
Seat 4: bauticius folded before Flop (didn't bet)
Seat 5: An_Angry_Donkey (button) folded before Flop (didn't bet)
Seat 6: kampoker52 (small blind) folded on the River
Seat 7: sabalito (big blind) collected ($3.61)
Seat 8: Count Mole folded before Flop (didn't bet)
Seat 9: BrenoVns folded before Flop



PokerStars Hand #237796760243:  Hold'em No Limit ($0.02/$0.05 USD) - 2022/08/04 20:38:38 PT [2022/08/04 23:38:38 ET]
Table 'Scheat II' 9-max Seat #6 is the button
Seat 1: 10minus ($5 in chips) 
Seat 2: AGVsmarT ($11.96 in chips) 
Seat 3: Dorex2007 ($5 in chips) 
Seat 4: bauticius ($8.38 in chips) 
Seat 5: An_Angry_Donkey ($2.08 in chips) 
Seat 6: kampoker52 ($2.25 in chips) 
Seat 7: sabalito ($6.78 in chips) 
Seat 8: Count Mole ($25.70 in chips) 
Seat 9: BrenoVns ($7.99 in chips) 
sabalito: posts small blind $0.02
Count Mole: posts big blind $0.05
*** HOLE CARDS ***
Dealt to Dorex2007 [Jd Ks]
BrenoVns: folds 
10minus: folds 
AGVsmarT: folds 
Dorex2007: raises $0.10 to $0.15
bauticius: folds 
An_Angry_Donkey: folds 
kampoker52: folds 
sabalito: raises $0.35 to $0.50
Count Mole: folds 
Dorex2007: folds 
Uncalled bet ($0.35) returned to sabalito
sabalito collected $0.35 from pot
*** SUMMARY ***
Total pot $0.35 | Rake $0 
Seat 1: 10minus folded before Flop (didn't bet)
Seat 2: AGVsmarT folded before Flop (didn't bet)
Seat 3: Dorex2007 folded before Flop
Seat 4: bauticius folded before Flop (didn't bet)
Seat 5: An_Angry_Donkey folded before Flop (didn't bet)
Seat 6: kampoker52 (button) folded before Flop (didn't bet)
Seat 7: sabalito (small blind) collected ($0.35)
Seat 8: Count Mole (big blind) folded before Flop
Seat 9: BrenoVns folded before Flop (didn't bet)



PokerStars Hand #237796764879:  Hold'em No Limit ($0.02/$0.05 USD) - 2022/08/04 20:39:11 PT [2022/08/04 23:39:11 ET]
Table 'Scheat II' 9-max Seat #7 is the button
Seat 1: 10minus ($5 in chips) 
Seat 2: AGVsmarT ($11.96 in chips) 
Seat 3: Dorex2007 ($5 in chips) 
Seat 4: bauticius ($8.38 in chips) 
Seat 5: An_Angry_Donkey ($2.08 in chips) 
Seat 6: kampoker52 ($5 in chips) 
Seat 7: sabalito ($6.98 in chips) 
Seat 8: Count Mole ($25.65 in chips) 
Seat 9: BrenoVns ($7.99 in chips) 
Count Mole: posts small blind $0.02
BrenoVns: posts big blind $0.05
*** HOLE CARDS ***
Dealt to Dorex2007 [Jc 9c]
10minus: folds 
AGVsmarT: folds 
Dorex2007: folds 
bauticius: folds 
An_Angry_Donkey: folds 
kampoker52: folds 
sabalito: calls $0.05
Count Mole: folds 
BrenoVns: checks 
*** FLOP *** [2c Ad 6h]
BrenoVns: checks 
sabalito: bets $0.12
BrenoVns: folds 
Uncalled bet ($0.12) returned to sabalito
sabalito collected $0.12 from pot
*** SUMMARY ***
Total pot $0.12 | Rake $0 
Board [2c Ad 6h]
Seat 1: 10minus folded before Flop (didn't bet)
Seat 2: AGVsmarT folded before Flop (didn't bet)
Seat 3: Dorex2007 folded before Flop (didn't bet)
Seat 4: bauticius folded before Flop (didn't bet)
Seat 5: An_Angry_Donkey folded before Flop (didn't bet)
Seat 6: kampoker52 folded before Flop (didn't bet)
Seat 7: sabalito (button) collected ($0.12)
Seat 8: Count Mole (small blind) folded before Flop
Seat 9: BrenoVns (big blind) folded on the Flop



PokerStars Hand #237796769743:  Hold'em No Limit ($0.02/$0.05 USD) - 2022/08/04 20:39:45 PT [2022/08/04 23:39:45 ET]
Table 'Scheat II' 9-max Seat #8 is the button
Seat 1: 10minus ($5 in chips) 
Seat 2: AGVsmarT ($11.96 in chips) 
Seat 3: Dorex2007 ($5 in chips) 
Seat 4: bauticius ($8.38 in chips) 
Seat 5: An_Angry_Donkey ($2.08 in chips) 
Seat 6: kampoker52 ($5 in chips) 
Seat 7: sabalito ($7.05 in chips) 
Seat 8: Count Mole ($25.63 in chips) 
Seat 9: BrenoVns ($7.94 in chips) 
BrenoVns: posts small blind $0.02
10minus: posts big blind $0.05
*** HOLE CARDS ***
Dealt to Dorex2007 [Jd 7h]
AGVsmarT: calls $0.05
Dorex2007: folds 
bauticius: folds 
An_Angry_Donkey: folds 
kampoker52: raises $0.17 to $0.22
sabalito: calls $0.22
Count Mole: folds 
BrenoVns: folds 
10minus: folds 
AGVsmarT: folds 
*** FLOP *** [Kd Ks Js]
kampoker52: bets $0.54
sabalito: folds 
Uncalled bet ($0.54) returned to kampoker52
kampoker52 collected $0.54 from pot
*** SUMMARY ***
Total pot $0.56 | Rake $0.02 
Board [Kd Ks Js]
Seat 1: 10minus (big blind) folded before Flop
Seat 2: AGVsmarT folded before Flop
Seat 3: Dorex2007 folded before Flop (didn't bet)
Seat 4: bauticius folded before Flop (didn't bet)
Seat 5: An_Angry_Donkey folded before Flop (didn't bet)
Seat 6: kampoker52 collected ($0.54)
Seat 7: sabalito folded on the Flop
Seat 8: Count Mole (button) folded before Flop (didn't bet)
Seat 9: BrenoVns (small blind) folded before Flop



PokerStars Hand #237796774137:  Hold'em No Limit ($0.02/$0.05 USD) - 2022/08/04 20:40:15 PT [2022/08/04 23:40:15 ET]
Table 'Scheat II' 9-max Seat #9 is the button
Seat 1: 10minus ($5 in chips) 
Seat 2: AGVsmarT ($11.91 in chips) 
Seat 3: Dorex2007 ($5 in chips) 
Seat 4: bauticius ($8.38 in chips) 
Seat 5: An_Angry_Donkey ($2.08 in chips) 
Seat 6: kampoker52 ($5.32 in chips) 
Seat 7: sabalito ($6.83 in chips) 
Seat 8: Count Mole ($25.63 in chips) 
Seat 9: BrenoVns ($7.92 in chips) 
10minus: posts small blind $0.02
AGVsmarT: posts big blind $0.05
*** HOLE CARDS ***
Dealt to Dorex2007 [Ts 3d]
Dorex2007: folds 
bauticius: raises $0.07 to $0.12
An_Angry_Donkey: calls $0.12
kampoker52: folds 
sabalito: calls $0.12
Count Mole: raises $0.33 to $0.45
BrenoVns: folds 
10minus: folds 
AGVsmarT: folds 
bauticius: calls $0.33
An_Angry_Donkey: folds 
sabalito: calls $0.33
*** FLOP *** [5d 4c 3h]
bauticius: checks 
sabalito: checks 
Count Mole: bets $0.74
bauticius: folds 
sabalito: folds 
Uncalled bet ($0.74) returned to Count Mole
Count Mole collected $1.48 from pot
Count Mole: doesn't show hand 
*** SUMMARY ***
Total pot $1.54 | Rake $0.06 
Board [5d 4c 3h]
Seat 1: 10minus (small blind) folded before Flop
Seat 2: AGVsmarT (big blind) folded before Flop
Seat 3: Dorex2007 folded before Flop (didn't bet)
Seat 4: bauticius folded on the Flop
Seat 5: An_Angry_Donkey folded before Flop
Seat 6: kampoker52 folded before Flop (didn't bet)
Seat 7: sabalito folded on the Flop
Seat 8: Count Mole collected ($1.48)
Seat 9: BrenoVns (button) folded before Flop (didn't bet)



PokerStars Hand #237796783890:  Hold'em No Limit ($0.02/$0.05 USD) - 2022/08/04 20:41:23 PT [2022/08/04 23:41:23 ET]
Table 'Scheat II' 9-max Seat #1 is the button
Seat 1: 10minus ($5 in chips) 
Seat 2: AGVsmarT ($11.86 in chips) 
Seat 3: Dorex2007 ($5 in chips) 
Seat 4: bauticius ($7.93 in chips) 
Seat 5: An_Angry_Donkey ($1.96 in chips) 
Seat 6: kampoker52 ($5.32 in chips) 
Seat 7: sabalito ($6.38 in chips) 
Seat 8: Count Mole ($26.66 in chips) 
Seat 9: BrenoVns ($7.92 in chips) 
AGVsmarT: posts small blind $0.02
Dorex2007: posts big blind $0.05
*** HOLE CARDS ***
Dealt to Dorex2007 [3h 6d]
bauticius: folds 
An_Angry_Donkey: folds 
kampoker52: folds 
sabalito: calls $0.05
Count Mole: folds 
BrenoVns: folds 
10minus: folds 
AGVsmarT: calls $0.03
Dorex2007: checks 
*** FLOP *** [7s 8h 5d]
AGVsmarT: checks 
Dorex2007: checks 
sabalito: bets $0.15
AGVsmarT: folds 
Dorex2007: calls $0.15
*** TURN *** [7s 8h 5d] [Ks]
Dorex2007: bets $0.21
sabalito: calls $0.21
*** RIVER *** [7s 8h 5d Ks] [Kh]
Dorex2007: bets $0.83
sabalito: calls $0.83
*** SHOW DOWN ***
Dorex2007: shows [3h 6d] (a pair of Kings)
sabalito: shows [7h 5h] (two pair, Kings and Sevens)
sabalito collected $2.43 from pot
*** SUMMARY ***
Total pot $2.53 | Rake $0.10 
Board [7s 8h 5d Ks Kh]
Seat 1: 10minus (button) folded before Flop (didn't bet)
Seat 2: AGVsmarT (small blind) folded on the Flop
Seat 3: Dorex2007 (big blind) showed [3h 6d] and lost with a pair of Kings
Seat 4: bauticius folded before Flop (didn't bet)
Seat 5: An_Angry_Donkey folded before Flop (didn't bet)
Seat 6: kampoker52 folded before Flop (didn't bet)
Seat 7: sabalito showed [7h 5h] and won ($2.43) with two pair, Kings and Sevens
Seat 8: Count Mole folded before Flop (didn't bet)
Seat 9: BrenoVns folded before Flop (didn't bet)



PokerStars Hand #237796791266:  Hold'em No Limit ($0.02/$0.05 USD) - 2022/08/04 20:42:13 PT [2022/08/04 23:42:13 ET]
Table 'Scheat II' 9-max Seat #2 is the button
Seat 1: 10minus ($5 in chips) 
Seat 2: AGVsmarT ($11.81 in chips) 
Seat 3: Dorex2007 ($5 in chips) 
Seat 4: bauticius ($7.93 in chips) 
Seat 5: An_Angry_Donkey ($1.96 in chips) 
Seat 6: kampoker52 ($5.32 in chips) 
Seat 7: sabalito ($7.57 in chips) 
Seat 8: Count Mole ($26.66 in chips) 
Seat 9: BrenoVns ($7.92 in chips) 
Dorex2007: posts small blind $0.02
bauticius: posts big blind $0.05
*** HOLE CARDS ***
Dealt to Dorex2007 [Kh Ac]
An_Angry_Donkey: folds 
kampoker52: folds 
sabalito: calls $0.05
Count Mole: folds 
BrenoVns: calls $0.05
10minus: folds 
AGVsmarT: folds 
Dorex2007: raises $0.15 to $0.20
bauticius: folds 
sabalito: calls $0.15
BrenoVns: calls $0.15
*** FLOP *** [As Ks 6c]
Dorex2007: bets $0.20
sabalito: folds 
BrenoVns: folds 
Uncalled bet ($0.20) returned to Dorex2007
Dorex2007 collected $0.62 from pot
Dorex2007: doesn't show hand 
*** SUMMARY ***
Total pot $0.65 | Rake $0.03 
Board [As Ks 6c]
Seat 1: 10minus folded before Flop (didn't bet)
Seat 2: AGVsmarT (button) folded before Flop (didn't bet)
Seat 3: Dorex2007 (small blind) collected ($0.62)
Seat 4: bauticius (big blind) folded before Flop
Seat 5: An_Angry_Donkey folded before Flop (didn't bet)
Seat 6: kampoker52 folded before Flop (didn't bet)
Seat 7: sabalito folded on the Flop
Seat 8: Count Mole folded before Flop (didn't bet)
Seat 9: BrenoVns folded on the Flop



PokerStars Hand #237796797635:  Hold'em No Limit ($0.02/$0.05 USD) - 2022/08/04 20:42:58 PT [2022/08/04 23:42:58 ET]
Table 'Scheat II' 9-max Seat #3 is the button
Seat 1: 10minus ($5 in chips) 
Seat 2: AGVsmarT ($11.81 in chips) 
Seat 3: Dorex2007 ($5.42 in chips) 
Seat 4: bauticius ($7.88 in chips) 
Seat 5: An_Angry_Donkey ($1.96 in chips) 
Seat 6: kampoker52 ($5.32 in chips) 
Seat 7: sabalito ($7.37 in chips) 
Seat 8: Count Mole ($26.66 in chips) 
Seat 9: BrenoVns ($7.72 in chips) 
bauticius: posts small blind $0.02
An_Angry_Donkey: posts big blind $0.05
*** HOLE CARDS ***
Dealt to Dorex2007 [As Kc]
kampoker52: calls $0.05
sabalito: folds 
Count Mole: folds 
BrenoVns: folds 
10minus: folds 
AGVsmarT: calls $0.05
Dorex2007: raises $0.10 to $0.15
bauticius: folds 
An_Angry_Donkey: calls $0.10
kampoker52: calls $0.10
AGVsmarT: calls $0.10
*** FLOP *** [6h 4s Ks]
An_Angry_Donkey: checks 
kampoker52: checks 
AGVsmarT: checks 
Dorex2007: bets $0.59
An_Angry_Donkey: folds 
kampoker52: calls $0.59
AGVsmarT: folds 
*** TURN *** [6h 4s Ks] [Jh]
kampoker52: checks 
Dorex2007: bets $4.68 and is all-in
kampoker52: folds 
Uncalled bet ($4.68) returned to Dorex2007
Dorex2007 collected $1.73 from pot
Dorex2007: doesn't show hand 
*** SUMMARY ***
Total pot $1.80 | Rake $0.07 
Board [6h 4s Ks Jh]
Seat 1: 10minus folded before Flop (didn't bet)
Seat 2: AGVsmarT folded on the Flop
Seat 3: Dorex2007 (button) collected ($1.73)
Seat 4: bauticius (small blind) folded before Flop
Seat 5: An_Angry_Donkey (big blind) folded on the Flop
Seat 6: kampoker52 folded on the Turn
Seat 7: sabalito folded before Flop (didn't bet)
Seat 8: Count Mole folded before Flop (didn't bet)
Seat 9: BrenoVns folded before Flop (didn't bet)



PokerStars Hand #237796805672:  Hold'em No Limit ($0.02/$0.05 USD) - 2022/08/04 20:43:54 PT [2022/08/04 23:43:54 ET]
Table 'Scheat II' 9-max Seat #4 is the button
Seat 1: 10minus ($5 in chips) 
Seat 2: AGVsmarT ($11.66 in chips) 
Seat 3: Dorex2007 ($6.41 in chips) 
Seat 4: bauticius ($7.86 in chips) 
Seat 5: An_Angry_Donkey ($1.81 in chips) 
Seat 6: kampoker52 ($4.58 in chips) 
Seat 7: sabalito ($7.37 in chips) 
Seat 8: Count Mole ($26.66 in chips) 
Seat 9: BrenoVns ($7.72 in chips) 
An_Angry_Donkey: posts small blind $0.02
kampoker52: posts big blind $0.05
*** HOLE CARDS ***
Dealt to Dorex2007 [5d 7h]
sabalito: folds 
Count Mole: raises $0.10 to $0.15
BrenoVns: folds 
10minus: folds 
AGVsmarT: folds 
Dorex2007: folds 
bauticius: folds 
An_Angry_Donkey: folds 
kampoker52: calls $0.10
*** FLOP *** [3c Td Kh]
kampoker52: checks 
Count Mole: bets $0.15
kampoker52: calls $0.15
*** TURN *** [3c Td Kh] [7s]
kampoker52: checks 
Count Mole: bets $0.29
kampoker52: calls $0.29
*** RIVER *** [3c Td Kh 7s] [5s]
kampoker52: checks 
Count Mole: checks 
*** SHOW DOWN ***
kampoker52: shows [2s Ts] (a pair of Tens)
Count Mole: mucks hand 
kampoker52 collected $1.15 from pot
*** SUMMARY ***
Total pot $1.20 | Rake $0.05 
Board [3c Td Kh 7s 5s]
Seat 1: 10minus folded before Flop (didn't bet)
Seat 2: AGVsmarT folded before Flop (didn't bet)
Seat 3: Dorex2007 folded before Flop (didn't bet)
Seat 4: bauticius (button) folded before Flop (didn't bet)
Seat 5: An_Angry_Donkey (small blind) folded before Flop
Seat 6: kampoker52 (big blind) showed [2s Ts] and won ($1.15) with a pair of Tens
Seat 7: sabalito folded before Flop (didn't bet)
Seat 8: Count Mole mucked [Jh Qh]
Seat 9: BrenoVns folded before Flop (didn't bet)



PokerStars Hand #237796812403:  Hold'em No Limit ($0.02/$0.05 USD) - 2022/08/04 20:44:42 PT [2022/08/04 23:44:42 ET]
Table 'Scheat II' 9-max Seat #5 is the button
Seat 1: 10minus ($5 in chips) 
Seat 2: AGVsmarT ($11.66 in chips) 
Seat 3: Dorex2007 ($6.41 in chips) 
Seat 4: bauticius ($7.86 in chips) 
Seat 5: An_Angry_Donkey ($5 in chips) 
Seat 6: kampoker52 ($5.14 in chips) 
Seat 7: sabalito ($7.37 in chips) 
Seat 8: Count Mole ($26.07 in chips) 
Seat 9: BrenoVns ($7.72 in chips) 
kampoker52: posts small blind $0.02
sabalito: posts big blind $0.05
*** HOLE CARDS ***
Dealt to Dorex2007 [8d Ks]
Count Mole: folds 
BrenoVns has timed out
BrenoVns: folds 
10minus: folds 
AGVsmarT: calls $0.05
Dorex2007: folds 
bauticius: calls $0.05
An_Angry_Donkey: folds 
kampoker52: raises $0.20 to $0.25
sabalito: calls $0.20
AGVsmarT: folds 
bauticius: calls $0.20
*** FLOP *** [Kc 3s Ad]
kampoker52: bets $0.77
sabalito: folds 
bauticius: folds 
Uncalled bet ($0.77) returned to kampoker52
kampoker52 collected $0.77 from pot
*** SUMMARY ***
Total pot $0.80 | Rake $0.03 
Board [Kc 3s Ad]
Seat 1: 10minus folded before Flop (didn't bet)
Seat 2: AGVsmarT folded before Flop
Seat 3: Dorex2007 folded before Flop (didn't bet)
Seat 4: bauticius folded on the Flop
Seat 5: An_Angry_Donkey (button) folded before Flop (didn't bet)
Seat 6: kampoker52 (small blind) collected ($0.77)
Seat 7: sabalito (big blind) folded on the Flop
Seat 8: Count Mole folded before Flop (didn't bet)
Seat 9: BrenoVns folded before Flop (didn't bet)



PokerStars Hand #237796818603:  Hold'em No Limit ($0.02/$0.05 USD) - 2022/08/04 20:45:25 PT [2022/08/04 23:45:25 ET]
Table 'Scheat II' 9-max Seat #6 is the button
Seat 1: 10minus ($5 in chips) 
Seat 2: AGVsmarT ($11.61 in chips) 
Seat 3: Dorex2007 ($6.41 in chips) 
Seat 4: bauticius ($7.61 in chips) 
Seat 5: An_Angry_Donkey ($5 in chips) 
Seat 6: kampoker52 ($5.66 in chips) 
Seat 7: sabalito ($7.12 in chips) 
Seat 8: Count Mole ($26.07 in chips) 
Seat 9: BrenoVns ($7.72 in chips) 
sabalito: posts small blind $0.02
Count Mole: posts big blind $0.05
*** HOLE CARDS ***
Dealt to Dorex2007 [As Th]
BrenoVns: folds 
10minus: folds 
AGVsmarT: folds 
Dorex2007: calls $0.05
bauticius: folds 
An_Angry_Donkey: folds 
kampoker52: calls $0.05
sabalito: calls $0.03
Count Mole: checks 
*** FLOP *** [Qs Qd Jc]
sabalito: checks 
Count Mole: checks 
Dorex2007: checks 
kampoker52: checks 
*** TURN *** [Qs Qd Jc] [Ac]
sabalito: checks 
Count Mole: checks 
Dorex2007: bets $0.13
kampoker52: folds 
sabalito: folds 
Count Mole: calls $0.13
*** RIVER *** [Qs Qd Jc Ac] [9d]
Count Mole: checks 
Dorex2007: checks 
*** SHOW DOWN ***
Count Mole: shows [3d Ah] (two pair, Aces and Queens)
Dorex2007: shows [As Th] (two pair, Aces and Queens)
Count Mole collected $0.22 from pot
Dorex2007 collected $0.22 from pot
*** SUMMARY ***
Total pot $0.46 | Rake $0.02 
Board [Qs Qd Jc Ac 9d]
Seat 1: 10minus folded before Flop (didn't bet)
Seat 2: AGVsmarT folded before Flop (didn't bet)
Seat 3: Dorex2007 showed [As Th] and won ($0.22) with two pair, Aces and Queens
Seat 4: bauticius folded before Flop (didn't bet)
Seat 5: An_Angry_Donkey folded before Flop (didn't bet)
Seat 6: kampoker52 (button) folded on the Turn
Seat 7: sabalito (small blind) folded on the Turn
Seat 8: Count Mole (big blind) showed [3d Ah] and won ($0.22) with two pair, Aces and Queens
Seat 9: BrenoVns folded before Flop (didn't bet)



PokerStars Hand #237796832425:  Hold'em No Limit ($0.02/$0.05 USD) - 2022/08/04 20:47:02 PT [2022/08/04 23:47:02 ET]
Table 'Scheat II' 9-max Seat #7 is the button
Seat 1: 10minus ($5 in chips) 
Seat 2: AGVsmarT ($11.61 in chips) 
Seat 3: Dorex2007 ($6.45 in chips) 
Seat 4: bauticius ($7.61 in chips) 
Seat 5: An_Angry_Donkey ($5 in chips) 
Seat 6: kampoker52 ($5.61 in chips) 
Seat 7: sabalito ($7.07 in chips) 
Seat 8: Count Mole ($26.11 in chips) 
Seat 9: BrenoVns ($7.72 in chips) 
Count Mole: posts small blind $0.02
BrenoVns: posts big blind $0.05
*** HOLE CARDS ***
Dealt to Dorex2007 [6d 6c]
10minus: folds 
AGVsmarT: folds 
Dorex2007: raises $0.10 to $0.15
bauticius: folds 
An_Angry_Donkey: folds 
kampoker52: calls $0.15
sabalito: folds 
Count Mole: folds 
BrenoVns: folds 
*** FLOP *** [8s Qh 9c]
Dorex2007: checks 
kampoker52: checks 
*** TURN *** [8s Qh 9c] [Ac]
Dorex2007: checks 
kampoker52: bets $0.35
Dorex2007: folds 
Uncalled bet ($0.35) returned to kampoker52
kampoker52 collected $0.35 from pot
*** SUMMARY ***
Total pot $0.37 | Rake $0.02 
Board [8s Qh 9c Ac]
Seat 1: 10minus folded before Flop (didn't bet)
Seat 2: AGVsmarT folded before Flop (didn't bet)
Seat 3: Dorex2007 folded on the Turn
Seat 4: bauticius folded before Flop (didn't bet)
Seat 5: An_Angry_Donkey folded before Flop (didn't bet)
Seat 6: kampoker52 collected ($0.35)
Seat 7: sabalito (button) folded before Flop (didn't bet)
Seat 8: Count Mole (small blind) folded before Flop
Seat 9: BrenoVns (big blind) folded before Flop



PokerStars Hand #237796836561:  Hold'em No Limit ($0.02/$0.05 USD) - 2022/08/04 20:47:32 PT [2022/08/04 23:47:32 ET]
Table 'Scheat II' 9-max Seat #8 is the button
Seat 2: AGVsmarT ($11.61 in chips) 
Seat 3: Dorex2007 ($6.30 in chips) 
Seat 4: bauticius ($7.61 in chips) 
Seat 5: An_Angry_Donkey ($5 in chips) 
Seat 6: kampoker52 ($5.81 in chips) 
Seat 7: sabalito ($7.07 in chips) 
Seat 8: Count Mole ($26.09 in chips) 
Seat 9: BrenoVns ($7.67 in chips) 
BrenoVns: posts small blind $0.02
10minus: is sitting out 
AGVsmarT: posts big blind $0.05
*** HOLE CARDS ***
Dealt to Dorex2007 [Ad 4s]
Dorex2007: folds 
bauticius: folds 
An_Angry_Donkey: folds 
kampoker52: folds 
10minus leaves the table
sabalito: calls $0.05
Count Mole: folds 
KidBananan joins the table at seat #1 
BrenoVns: raises $0.10 to $0.15
AGVsmarT: calls $0.10
sabalito: calls $0.10
*** FLOP *** [7d Jc Tc]
BrenoVns: checks 
AGVsmarT: checks 
sabalito: bets $0.43
BrenoVns: folds 
AGVsmarT: folds 
Uncalled bet ($0.43) returned to sabalito
sabalito collected $0.43 from pot
*** SUMMARY ***
Total pot $0.45 | Rake $0.02 
Board [7d Jc Tc]
Seat 2: AGVsmarT (big blind) folded on the Flop
Seat 3: Dorex2007 folded before Flop (didn't bet)
Seat 4: bauticius folded before Flop (didn't bet)
Seat 5: An_Angry_Donkey folded before Flop (didn't bet)
Seat 6: kampoker52 folded before Flop (didn't bet)
Seat 7: sabalito collected ($0.43)
Seat 8: Count Mole (button) folded before Flop (didn't bet)
Seat 9: BrenoVns (small blind) folded on the Flop



PokerStars Hand #237796853481:  Hold'em No Limit ($0.02/$0.05 USD) - 2022/08/04 20:48:25 PT [2022/08/04 23:48:25 ET]
Table 'Scheat II' 9-max Seat #9 is the button
Seat 2: AGVsmarT ($11.46 in chips) 
Seat 3: Dorex2007 ($6.30 in chips) 
Seat 4: bauticius ($7.61 in chips) 
Seat 5: An_Angry_Donkey ($5 in chips) 
Seat 6: kampoker52 ($5.81 in chips) 
Seat 7: sabalito ($7.35 in chips) 
Seat 8: Count Mole ($26.09 in chips) 
Seat 9: BrenoVns ($7.52 in chips) 
AGVsmarT: posts small blind $0.02
Dorex2007: posts big blind $0.05
*** HOLE CARDS ***
Dealt to Dorex2007 [8s Kh]
bauticius: folds 
An_Angry_Donkey: raises $0.10 to $0.15
kampoker52: folds 
sabalito: folds 
Count Mole: folds 
BrenoVns: folds 
AGVsmarT: folds 
Dorex2007: folds 
Uncalled bet ($0.10) returned to An_Angry_Donkey
An_Angry_Donkey collected $0.12 from pot
*** SUMMARY ***
Total pot $0.12 | Rake $0 
Seat 2: AGVsmarT (small blind) folded before Flop
Seat 3: Dorex2007 (big blind) folded before Flop
Seat 4: bauticius folded before Flop (didn't bet)
Seat 5: An_Angry_Donkey collected ($0.12)
Seat 6: kampoker52 folded before Flop (didn't bet)
Seat 7: sabalito folded before Flop (didn't bet)
Seat 8: Count Mole folded before Flop (didn't bet)
Seat 9: BrenoVns (button) folded before Flop (didn't bet)



PokerStars Hand #237796856683:  Hold'em No Limit ($0.02/$0.05 USD) - 2022/08/04 20:48:48 PT [2022/08/04 23:48:48 ET]
Table 'Scheat II' 9-max Seat #2 is the button
Seat 2: AGVsmarT ($11.44 in chips) 
Seat 3: Dorex2007 ($6.25 in chips) 
Seat 4: bauticius ($7.61 in chips) 
Seat 5: An_Angry_Donkey ($5.07 in chips) 
Seat 6: kampoker52 ($5.81 in chips) 
Seat 7: sabalito ($7.35 in chips) 
Seat 8: Count Mole ($26.09 in chips) 
Seat 9: BrenoVns ($7.52 in chips) 
Dorex2007: posts small blind $0.02
bauticius: posts big blind $0.05
KidBananan: sits out 
*** HOLE CARDS ***
Dealt to Dorex2007 [As 6s]
An_Angry_Donkey: folds 
kampoker52: folds 
sabalito: folds 
Count Mole: folds 
BrenoVns has timed out
BrenoVns: folds 
AGVsmarT: folds 
Dorex2007: folds 
Uncalled bet ($0.03) returned to bauticius
bauticius collected $0.04 from pot
bauticius: doesn't show hand 
*** SUMMARY ***
Total pot $0.04 | Rake $0 
Seat 2: AGVsmarT (button) folded before Flop (didn't bet)
Seat 3: Dorex2007 (small blind) folded before Flop
Seat 4: bauticius (big blind) collected ($0.04)
Seat 5: An_Angry_Donkey folded before Flop (didn't bet)
Seat 6: kampoker52 folded before Flop (didn't bet)
Seat 7: sabalito folded before Flop (didn't bet)
Seat 8: Count Mole folded before Flop (didn't bet)
Seat 9: BrenoVns folded before Flop (didn't bet)



PokerStars Hand #237796861189:  Hold'em No Limit ($0.02/$0.05 USD) - 2022/08/04 20:49:20 PT [2022/08/04 23:49:20 ET]
Table 'Scheat II' 9-max Seat #3 is the button
Seat 2: AGVsmarT ($11.44 in chips) 
Seat 3: Dorex2007 ($6.23 in chips) 
Seat 4: bauticius ($7.63 in chips) 
Seat 5: An_Angry_Donkey ($5.07 in chips) 
Seat 6: kampoker52 ($5.81 in chips) 
Seat 7: sabalito ($7.35 in chips) 
Seat 8: Count Mole ($26.09 in chips) 
bauticius: posts small blind $0.02
An_Angry_Donkey: posts big blind $0.05
*** HOLE CARDS ***
Dealt to Dorex2007 [4c Ks]
kampoker52: folds 
sabalito: calls $0.05
Count Mole: folds 
AGVsmarT: folds 
Dorex2007: folds 
bauticius: calls $0.03
An_Angry_Donkey: checks 
*** FLOP *** [5s Ac 6c]
bauticius: checks 
An_Angry_Donkey: checks 
sabalito: checks 
*** TURN *** [5s Ac 6c] [Jd]
bauticius: checks 
An_Angry_Donkey: checks 
sabalito: bets $0.10
bauticius: folds 
An_Angry_Donkey: folds 
Uncalled bet ($0.10) returned to sabalito
sabalito collected $0.14 from pot
*** SUMMARY ***
Total pot $0.15 | Rake $0.01 
Board [5s Ac 6c Jd]
Seat 2: AGVsmarT folded before Flop (didn't bet)
Seat 3: Dorex2007 (button) folded before Flop (didn't bet)
Seat 4: bauticius (small blind) folded on the Turn
Seat 5: An_Angry_Donkey (big blind) folded on the Turn
Seat 6: kampoker52 folded before Flop (didn't bet)
Seat 7: sabalito collected ($0.14)
Seat 8: Count Mole folded before Flop (didn't bet)



PokerStars Hand #237796868236:  Hold'em No Limit ($0.02/$0.05 USD) - 2022/08/04 20:50:10 PT [2022/08/04 23:50:10 ET]
Table 'Scheat II' 9-max Seat #4 is the button
Seat 2: AGVsmarT ($11.44 in chips) 
Seat 3: Dorex2007 ($6.23 in chips) 
Seat 4: bauticius ($7.58 in chips) 
Seat 5: An_Angry_Donkey ($5.02 in chips) 
Seat 6: kampoker52 ($5.81 in chips) 
Seat 7: sabalito ($7.44 in chips) 
Seat 8: Count Mole ($26.09 in chips) 
Seat 9: BrenoVns ($7.52 in chips) 
An_Angry_Donkey: posts small blind $0.02
kampoker52: posts big blind $0.05
*** HOLE CARDS ***
Dealt to Dorex2007 [2d 6s]
sabalito: raises $0.12 to $0.17
Count Mole: folds 
BrenoVns: folds 
AGVsmarT: calls $0.17
Dorex2007: folds 
bauticius: calls $0.17
An_Angry_Donkey: folds 
kampoker52: calls $0.12
*** FLOP *** [3s 6c 4h]
kampoker52: checks 
sabalito: checks 
AGVsmarT: bets $0.20
bauticius: folds 
kampoker52: calls $0.20
sabalito: folds 
*** TURN *** [3s 6c 4h] [Tc]
kampoker52: checks 
AGVsmarT: bets $0.20
kampoker52: calls $0.20
*** RIVER *** [3s 6c 4h Tc] [Kc]
kampoker52: bets $0.72
AGVsmarT: folds 
Uncalled bet ($0.72) returned to kampoker52
kampoker52 collected $1.44 from pot
*** SUMMARY ***
Total pot $1.50 | Rake $0.06 
Board [3s 6c 4h Tc Kc]
Seat 2: AGVsmarT folded on the River
Seat 3: Dorex2007 folded before Flop (didn't bet)
Seat 4: bauticius (button) folded on the Flop
Seat 5: An_Angry_Donkey (small blind) folded before Flop
Seat 6: kampoker52 (big blind) collected ($1.44)
Seat 7: sabalito folded on the Flop
Seat 8: Count Mole folded before Flop (didn't bet)
Seat 9: BrenoVns folded before Flop (didn't bet)



PokerStars Hand #237796875214:  Hold'em No Limit ($0.02/$0.05 USD) - 2022/08/04 20:51:00 PT [2022/08/04 23:51:00 ET]
Table 'Scheat II' 9-max Seat #5 is the button
Seat 2: AGVsmarT ($10.87 in chips) 
Seat 3: Dorex2007 ($6.23 in chips) 
Seat 4: bauticius ($7.41 in chips) 
Seat 5: An_Angry_Donkey ($5 in chips) 
Seat 6: kampoker52 ($6.68 in chips) 
Seat 7: sabalito ($7.27 in chips) 
Seat 8: Count Mole ($26.09 in chips) 
Seat 9: BrenoVns ($7.52 in chips) 
kampoker52: posts small blind $0.02
sabalito: posts big blind $0.05
KidBananan: sits out 
*** HOLE CARDS ***
Dealt to Dorex2007 [6s 8s]
Count Mole: folds 
BrenoVns has timed out
BrenoVns: folds 
AGVsmarT: calls $0.05
Dorex2007: folds 
bauticius: folds 
An_Angry_Donkey: folds 
kampoker52: folds 
sabalito: checks 
*** FLOP *** [6d 5c Ah]
sabalito: checks 
AGVsmarT: bets $0.05
sabalito: folds 
Uncalled bet ($0.05) returned to AGVsmarT
AGVsmarT collected $0.12 from pot
*** SUMMARY ***
Total pot $0.12 | Rake $0 
Board [6d 5c Ah]
Seat 2: AGVsmarT collected ($0.12)
Seat 3: Dorex2007 folded before Flop (didn't bet)
Seat 4: bauticius folded before Flop (didn't bet)
Seat 5: An_Angry_Donkey (button) folded before Flop (didn't bet)
Seat 6: kampoker52 (small blind) folded before Flop
Seat 7: sabalito (big blind) folded on the Flop
Seat 8: Count Mole folded before Flop (didn't bet)
Seat 9: BrenoVns folded before Flop (didn't bet)



PokerStars Hand #237796881807:  Hold'em No Limit ($0.02/$0.05 USD) - 2022/08/04 20:51:46 PT [2022/08/04 23:51:46 ET]
Table 'Scheat II' 9-max Seat #6 is the button
Seat 2: AGVsmarT ($10.94 in chips) 
Seat 3: Dorex2007 ($6.23 in chips) 
Seat 4: bauticius ($7.41 in chips) 
Seat 5: An_Angry_Donkey ($5 in chips) 
Seat 6: kampoker52 ($6.66 in chips) 
Seat 7: sabalito ($7.22 in chips) 
Seat 8: Count Mole ($26.09 in chips) 
Seat 9: BrenoVns ($7.52 in chips) 
sabalito: posts small blind $0.02
Count Mole: posts big blind $0.05
KidBananan: sits out 
*** HOLE CARDS ***
Dealt to Dorex2007 [Qh 5c]
BrenoVns: folds 
AGVsmarT: folds 
Dorex2007: folds 
bauticius: raises $0.07 to $0.12
An_Angry_Donkey: raises $0.13 to $0.25
kampoker52: calls $0.25
sabalito: folds 
Count Mole: folds 
bauticius: calls $0.13
*** FLOP *** [6c Jd Tc]
bauticius: checks 
An_Angry_Donkey: bets $0.39
kampoker52: calls $0.39
bauticius: folds 
*** TURN *** [6c Jd Tc] [8c]
An_Angry_Donkey: checks 
kampoker52: bets $0.76
An_Angry_Donkey: folds 
Uncalled bet ($0.76) returned to kampoker52
kampoker52 collected $1.53 from pot
*** SUMMARY ***
Total pot $1.60 | Rake $0.07 
Board [6c Jd Tc 8c]
Seat 2: AGVsmarT folded before Flop (didn't bet)
Seat 3: Dorex2007 folded before Flop (didn't bet)
Seat 4: bauticius folded on the Flop
Seat 5: An_Angry_Donkey folded on the Turn
Seat 6: kampoker52 (button) collected ($1.53)
Seat 7: sabalito (small blind) folded before Flop
Seat 8: Count Mole (big blind) folded before Flop
Seat 9: BrenoVns folded before Flop (didn't bet)



PokerStars Hand #237796906291:  Hold'em No Limit ($0.02/$0.05 USD) - 2022/08/04 20:52:51 PT [2022/08/04 23:52:51 ET]
Table 'Scheat II' 9-max Seat #7 is the button
Seat 2: AGVsmarT ($10.94 in chips) 
Seat 3: Dorex2007 ($6.23 in chips) 
Seat 4: bauticius ($7.16 in chips) 
Seat 5: An_Angry_Donkey ($4.36 in chips) 
Seat 6: kampoker52 ($7.55 in chips) 
Seat 7: sabalito ($7.20 in chips) 
Seat 8: Count Mole ($26.04 in chips) 
Seat 9: BrenoVns ($7.52 in chips) 
Count Mole: posts small blind $0.02
BrenoVns: posts big blind $0.05
KidBananan: sits out 
*** HOLE CARDS ***
Dealt to Dorex2007 [Ks Tc]
AGVsmarT: raises $0.12 to $0.17
Dorex2007: folds 
bauticius: folds 
An_Angry_Donkey: folds 
kampoker52: folds 
sabalito: folds 
Count Mole: folds 
BrenoVns: folds 
Uncalled bet ($0.12) returned to AGVsmarT
AGVsmarT collected $0.12 from pot
*** SUMMARY ***
Total pot $0.12 | Rake $0 
Seat 2: AGVsmarT collected ($0.12)
Seat 3: Dorex2007 folded before Flop (didn't bet)
Seat 4: bauticius folded before Flop (didn't bet)
Seat 5: An_Angry_Donkey folded before Flop (didn't bet)
Seat 6: kampoker52 folded before Flop (didn't bet)
Seat 7: sabalito (button) folded before Flop (didn't bet)
Seat 8: Count Mole (small blind) folded before Flop
Seat 9: BrenoVns (big blind) folded before Flop



PokerStars Hand #237796909214:  Hold'em No Limit ($0.02/$0.05 USD) - 2022/08/04 20:53:12 PT [2022/08/04 23:53:12 ET]
Table 'Scheat II' 9-max Seat #8 is the button
Seat 1: KidBananan ($5 in chips) 
Seat 2: AGVsmarT ($11.01 in chips) 
Seat 3: Dorex2007 ($6.23 in chips) 
Seat 4: bauticius ($7.16 in chips) 
Seat 5: An_Angry_Donkey ($4.36 in chips) 
Seat 6: kampoker52 ($7.55 in chips) 
Seat 7: sabalito ($7.20 in chips) 
Seat 8: Count Mole ($26.02 in chips) 
Seat 9: BrenoVns ($7.47 in chips) 
BrenoVns: posts small blind $0.02
KidBananan: posts big blind $0.05
*** HOLE CARDS ***
Dealt to Dorex2007 [2d Kc]
AGVsmarT: folds 
Dorex2007: folds 
bauticius: folds 
An_Angry_Donkey: folds 
kampoker52: folds 
sabalito: calls $0.05
Count Mole: folds 
BrenoVns: folds 
KidBananan: checks 
*** FLOP *** [4h Jd 8h]
KidBananan: checks 
sabalito: bets $0.35
KidBananan: folds 
Uncalled bet ($0.35) returned to sabalito
sabalito collected $0.12 from pot
*** SUMMARY ***
Total pot $0.12 | Rake $0 
Board [4h Jd 8h]
Seat 1: KidBananan (big blind) folded on the Flop
Seat 2: AGVsmarT folded before Flop (didn't bet)
Seat 3: Dorex2007 folded before Flop (didn't bet)
Seat 4: bauticius folded before Flop (didn't bet)
Seat 5: An_Angry_Donkey folded before Flop (didn't bet)
Seat 6: kampoker52 folded before Flop (didn't bet)
Seat 7: sabalito collected ($0.12)
Seat 8: Count Mole (button) folded before Flop (didn't bet)
Seat 9: BrenoVns (small blind) folded before Flop



PokerStars Hand #237796915334:  Hold'em No Limit ($0.02/$0.05 USD) - 2022/08/04 20:53:55 PT [2022/08/04 23:53:55 ET]
Table 'Scheat II' 9-max Seat #9 is the button
Seat 1: KidBananan ($5 in chips) 
Seat 2: AGVsmarT ($11.01 in chips) 
Seat 3: Dorex2007 ($6.23 in chips) 
Seat 4: bauticius ($7.16 in chips) 
Seat 5: An_Angry_Donkey ($4.36 in chips) 
Seat 6: kampoker52 ($7.55 in chips) 
Seat 7: sabalito ($7.27 in chips) 
Seat 8: Count Mole ($26.02 in chips) 
Seat 9: BrenoVns ($7.45 in chips) 
KidBananan: posts small blind $0.02
AGVsmarT: posts big blind $0.05
*** HOLE CARDS ***
Dealt to Dorex2007 [7c 4d]
Dorex2007: folds 
bauticius: folds 
An_Angry_Donkey: raises $0.10 to $0.15
kampoker52: folds 
sabalito: calls $0.15
Count Mole: folds 
BrenoVns: calls $0.15
KidBananan: folds 
AGVsmarT: calls $0.10
*** FLOP *** [4s 5d Qs]
AGVsmarT: checks 
An_Angry_Donkey: checks 
sabalito: bets $0.30
BrenoVns: folds 
AGVsmarT: folds 
An_Angry_Donkey: calls $0.30
*** TURN *** [4s 5d Qs] [6c]
An_Angry_Donkey: checks 
sabalito: bets $0.58
An_Angry_Donkey: calls $0.58
*** RIVER *** [4s 5d Qs 6c] [6d]
An_Angry_Donkey: bets $1.14
sabalito: calls $1.14
*** SHOW DOWN ***
An_Angry_Donkey: shows [Kc 5c] (two pair, Sixes and Fives)
sabalito: shows [Js Qh] (two pair, Queens and Sixes)
sabalito collected $4.47 from pot
*** SUMMARY ***
Total pot $4.66 | Rake $0.19 
Board [4s 5d Qs 6c 6d]
Seat 1: KidBananan (small blind) folded before Flop
Seat 2: AGVsmarT (big blind) folded on the Flop
Seat 3: Dorex2007 folded before Flop (didn't bet)
Seat 4: bauticius folded before Flop (didn't bet)
Seat 5: An_Angry_Donkey showed [Kc 5c] and lost with two pair, Sixes and Fives
Seat 6: kampoker52 folded before Flop (didn't bet)
Seat 7: sabalito showed [Js Qh] and won ($4.47) with two pair, Queens and Sixes
Seat 8: Count Mole folded before Flop (didn't bet)
Seat 9: BrenoVns (button) folded on the Flop



PokerStars Hand #237796929538:  Hold'em No Limit ($0.02/$0.05 USD) - 2022/08/04 20:55:41 PT [2022/08/04 23:55:41 ET]
Table 'Scheat II' 9-max Seat #1 is the button
Seat 1: KidBananan ($5 in chips) 
Seat 2: AGVsmarT ($10.86 in chips) 
Seat 3: Dorex2007 ($6.23 in chips) 
Seat 4: bauticius ($7.16 in chips) 
Seat 5: An_Angry_Donkey ($2.19 in chips) 
Seat 6: kampoker52 ($7.55 in chips) 
Seat 7: sabalito ($9.57 in chips) 
Seat 8: Count Mole ($26.02 in chips) 
Seat 9: BrenoVns ($7.30 in chips) 
AGVsmarT: posts small blind $0.02
Dorex2007: posts big blind $0.05
*** HOLE CARDS ***
Dealt to Dorex2007 [2c 6c]
bauticius: folds 
An_Angry_Donkey: folds 
kampoker52: calls $0.05
sabalito: folds 
Count Mole: folds 
BrenoVns: folds 
KidBananan: folds 
AGVsmarT: calls $0.03
Dorex2007: checks 
*** FLOP *** [5c 3d Qh]
AGVsmarT: checks 
Dorex2007: checks 
kampoker52: bets $0.14
AGVsmarT: folds 
Dorex2007: folds 
Uncalled bet ($0.14) returned to kampoker52
kampoker52 collected $0.14 from pot
*** SUMMARY ***
Total pot $0.15 | Rake $0.01 
Board [5c 3d Qh]
Seat 1: KidBananan (button) folded before Flop (didn't bet)
Seat 2: AGVsmarT (small blind) folded on the Flop
Seat 3: Dorex2007 (big blind) folded on the Flop
Seat 4: bauticius folded before Flop (didn't bet)
Seat 5: An_Angry_Donkey folded before Flop (didn't bet)
Seat 6: kampoker52 collected ($0.14)
Seat 7: sabalito folded before Flop (didn't bet)
Seat 8: Count Mole folded before Flop (didn't bet)
Seat 9: BrenoVns folded before Flop (didn't bet)



PokerStars Hand #237796932623:  Hold'em No Limit ($0.02/$0.05 USD) - 2022/08/04 20:56:07 PT [2022/08/04 23:56:07 ET]
Table 'Scheat II' 9-max Seat #2 is the button
Seat 1: KidBananan ($5 in chips) 
Seat 2: AGVsmarT ($10.81 in chips) 
Seat 3: Dorex2007 ($6.18 in chips) 
Seat 4: bauticius ($7.16 in chips) 
Seat 5: An_Angry_Donkey ($2.19 in chips) 
Seat 6: kampoker52 ($7.64 in chips) 
Seat 7: sabalito ($9.57 in chips) 
Seat 8: Count Mole ($26.02 in chips) 
Seat 9: BrenoVns ($7.30 in chips) 
Dorex2007: posts small blind $0.02
bauticius: posts big blind $0.05
*** HOLE CARDS ***
Dealt to Dorex2007 [Kh Qc]
An_Angry_Donkey: folds 
kampoker52: raises $0.12 to $0.17
sabalito: raises $0.41 to $0.58
Count Mole: folds 
BrenoVns: folds 
KidBananan: folds 
AGVsmarT: folds 
Dorex2007: folds 
bauticius: folds 
kampoker52: calls $0.41
*** FLOP *** [9c 4h 7h]
kampoker52: checks 
sabalito: bets $1.18
kampoker52: folds 
Uncalled bet ($1.18) returned to sabalito
sabalito collected $1.18 from pot
*** SUMMARY ***
Total pot $1.23 | Rake $0.05 
Board [9c 4h 7h]
Seat 1: KidBananan folded before Flop (didn't bet)
Seat 2: AGVsmarT (button) folded before Flop (didn't bet)
Seat 3: Dorex2007 (small blind) folded before Flop
Seat 4: bauticius (big blind) folded before Flop
Seat 5: An_Angry_Donkey folded before Flop (didn't bet)
Seat 6: kampoker52 folded on the Flop
Seat 7: sabalito collected ($1.18)
Seat 8: Count Mole folded before Flop (didn't bet)
Seat 9: BrenoVns folded before Flop (didn't bet)



PokerStars Hand #237796935461:  Hold'em No Limit ($0.02/$0.05 USD) - 2022/08/04 20:56:32 PT [2022/08/04 23:56:32 ET]
Table 'Scheat II' 9-max Seat #3 is the button
Seat 1: KidBananan ($5 in chips) 
Seat 2: AGVsmarT ($10.81 in chips) 
Seat 3: Dorex2007 ($6.16 in chips) 
Seat 4: bauticius ($7.11 in chips) 
Seat 5: An_Angry_Donkey ($5 in chips) 
Seat 6: kampoker52 ($7.06 in chips) 
Seat 7: sabalito ($10.17 in chips) 
Seat 8: Count Mole ($26.02 in chips) 
Seat 9: BrenoVns ($7.30 in chips) 
bauticius: posts small blind $0.02
An_Angry_Donkey: posts big blind $0.05
*** HOLE CARDS ***
Dealt to Dorex2007 [4c 9s]
kampoker52: raises $0.10 to $0.15
sabalito: calls $0.15
Count Mole: raises $0.30 to $0.45
BrenoVns: folds 
KidBananan: folds 
AGVsmarT: folds 
Dorex2007: folds 
bauticius: folds 
An_Angry_Donkey: folds 
kampoker52: calls $0.30
sabalito: calls $0.30
*** FLOP *** [Qd Jc 4d]
kampoker52: checks 
sabalito: checks 
Count Mole: bets $1
kampoker52: folds 
sabalito: calls $1
*** TURN *** [Qd Jc 4d] [4s]
sabalito: checks 
Count Mole: bets $2.25
sabalito: folds 
Uncalled bet ($2.25) returned to Count Mole
Count Mole collected $3.28 from pot
Count Mole: doesn't show hand 
*** SUMMARY ***
Total pot $3.42 | Rake $0.14 
Board [Qd Jc 4d 4s]
Seat 1: KidBananan folded before Flop (didn't bet)
Seat 2: AGVsmarT folded before Flop (didn't bet)
Seat 3: Dorex2007 (button) folded before Flop (didn't bet)
Seat 4: bauticius (small blind) folded before Flop
Seat 5: An_Angry_Donkey (big blind) folded before Flop
Seat 6: kampoker52 folded on the Flop
Seat 7: sabalito folded on the Turn
Seat 8: Count Mole collected ($3.28)
Seat 9: BrenoVns folded before Flop (didn't bet)



PokerStars Hand #237796942000:  Hold'em No Limit ($0.02/$0.05 USD) - 2022/08/04 20:57:27 PT [2022/08/04 23:57:27 ET]
Table 'Scheat II' 9-max Seat #4 is the button
Seat 1: KidBananan ($5 in chips) 
Seat 2: AGVsmarT ($10.81 in chips) 
Seat 3: Dorex2007 ($6.16 in chips) 
Seat 4: bauticius ($7.09 in chips) 
Seat 5: An_Angry_Donkey ($4.95 in chips) 
Seat 6: kampoker52 ($6.61 in chips) 
Seat 7: sabalito ($8.72 in chips) 
Seat 8: Count Mole ($27.85 in chips) 
Seat 9: BrenoVns ($7.30 in chips) 
An_Angry_Donkey: posts small blind $0.02
kampoker52: posts big blind $0.05
*** HOLE CARDS ***
Dealt to Dorex2007 [As 6c]
sabalito: calls $0.05
Count Mole: folds 
BrenoVns: folds 
KidBananan: folds 
AGVsmarT: folds 
Dorex2007: folds 
bauticius: folds 
An_Angry_Donkey: folds 
kampoker52: raises $0.12 to $0.17
sabalito: calls $0.12
*** FLOP *** [4h 2d Ks]
kampoker52: bets $0.35
sabalito: folds 
Uncalled bet ($0.35) returned to kampoker52
kampoker52 collected $0.35 from pot
*** SUMMARY ***
Total pot $0.36 | Rake $0.01 
Board [4h 2d Ks]
Seat 1: KidBananan folded before Flop (didn't bet)
Seat 2: AGVsmarT folded before Flop (didn't bet)
Seat 3: Dorex2007 folded before Flop (didn't bet)
Seat 4: bauticius (button) folded before Flop (didn't bet)
Seat 5: An_Angry_Donkey (small blind) folded before Flop
Seat 6: kampoker52 (big blind) collected ($0.35)
Seat 7: sabalito folded on the Flop
Seat 8: Count Mole folded before Flop (didn't bet)
Seat 9: BrenoVns folded before Flop (didn't bet)



PokerStars Hand #237796945718:  Hold'em No Limit ($0.02/$0.05 USD) - 2022/08/04 20:57:59 PT [2022/08/04 23:57:59 ET]
Table 'Scheat II' 9-max Seat #5 is the button
Seat 1: KidBananan ($5 in chips) 
Seat 2: AGVsmarT ($10.81 in chips) 
Seat 3: Dorex2007 ($6.16 in chips) 
Seat 4: bauticius ($7.09 in chips) 
Seat 5: An_Angry_Donkey ($4.93 in chips) 
Seat 6: kampoker52 ($6.79 in chips) 
Seat 7: sabalito ($8.55 in chips) 
Seat 8: Count Mole ($27.85 in chips) 
Seat 9: BrenoVns ($7.30 in chips) 
kampoker52: posts small blind $0.02
sabalito: posts big blind $0.05
*** HOLE CARDS ***
Dealt to Dorex2007 [4h 4s]
Count Mole: folds 
BrenoVns: folds 
KidBananan: folds 
AGVsmarT: folds 
Dorex2007: calls $0.05
bauticius: folds 
An_Angry_Donkey: folds 
kampoker52: calls $0.03
sabalito: raises $0.15 to $0.20
Dorex2007: folds 
kampoker52: calls $0.15
*** FLOP *** [3s Qh Ah]
kampoker52: checks 
sabalito: checks 
*** TURN *** [3s Qh Ah] [5h]
kampoker52: checks 
sabalito: bets $0.43
kampoker52: folds 
Uncalled bet ($0.43) returned to sabalito
sabalito collected $0.43 from pot
*** SUMMARY ***
Total pot $0.45 | Rake $0.02 
Board [3s Qh Ah 5h]
Seat 1: KidBananan folded before Flop (didn't bet)
Seat 2: AGVsmarT folded before Flop (didn't bet)
Seat 3: Dorex2007 folded before Flop
Seat 4: bauticius folded before Flop (didn't bet)
Seat 5: An_Angry_Donkey (button) folded before Flop (didn't bet)
Seat 6: kampoker52 (small blind) folded on the Turn
Seat 7: sabalito (big blind) collected ($0.43)
Seat 8: Count Mole folded before Flop (didn't bet)
Seat 9: BrenoVns folded before Flop (didn't bet)



PokerStars Hand #237796949911:  Hold'em No Limit ($0.02/$0.05 USD) - 2022/08/04 20:58:35 PT [2022/08/04 23:58:35 ET]
Table 'Scheat II' 9-max Seat #6 is the button
Seat 1: KidBananan ($5 in chips) 
Seat 2: AGVsmarT ($10.81 in chips) 
Seat 3: Dorex2007 ($6.11 in chips) 
Seat 4: bauticius ($7.09 in chips) 
Seat 5: An_Angry_Donkey ($4.93 in chips) 
Seat 6: kampoker52 ($6.59 in chips) 
Seat 7: sabalito ($8.78 in chips) 
Seat 8: Count Mole ($27.85 in chips) 
Seat 9: BrenoVns ($7.30 in chips) 
sabalito: posts small blind $0.02
Count Mole: posts big blind $0.05
*** HOLE CARDS ***
Dealt to Dorex2007 [8s Tc]
BrenoVns: folds 
KidBananan: folds 
AGVsmarT: folds 
Dorex2007: folds 
bauticius: folds 
An_Angry_Donkey: folds 
kampoker52: raises $0.12 to $0.17
sabalito: calls $0.15
Count Mole: folds 
*** FLOP *** [2d Kd 4s]
sabalito: checks 
kampoker52: bets $0.37
sabalito: folds 
Uncalled bet ($0.37) returned to kampoker52
kampoker52 collected $0.37 from pot
*** SUMMARY ***
Total pot $0.39 | Rake $0.02 
Board [2d Kd 4s]
Seat 1: KidBananan folded before Flop (didn't bet)
Seat 2: AGVsmarT folded before Flop (didn't bet)
Seat 3: Dorex2007 folded before Flop (didn't bet)
Seat 4: bauticius folded before Flop (didn't bet)
Seat 5: An_Angry_Donkey folded before Flop (didn't bet)
Seat 6: kampoker52 (button) collected ($0.37)
Seat 7: sabalito (small blind) folded on the Flop
Seat 8: Count Mole (big blind) folded before Flop
Seat 9: BrenoVns folded before Flop (didn't bet)



PokerStars Hand #237796953739:  Hold'em No Limit ($0.02/$0.05 USD) - 2022/08/04 20:59:09 PT [2022/08/04 23:59:09 ET]
Table 'Scheat II' 9-max Seat #7 is the button
Seat 1: KidBananan ($5 in chips) 
Seat 2: AGVsmarT ($10.81 in chips) 
Seat 3: Dorex2007 ($6.11 in chips) 
Seat 4: bauticius ($7.09 in chips) 
Seat 5: An_Angry_Donkey ($4.93 in chips) 
Seat 6: kampoker52 ($6.79 in chips) 
Seat 7: sabalito ($8.61 in chips) 
Seat 8: Count Mole ($27.80 in chips) 
Seat 9: BrenoVns ($7.30 in chips) 
Count Mole: posts small blind $0.02
BrenoVns: posts big blind $0.05
*** HOLE CARDS ***
Dealt to Dorex2007 [9c Th]
KidBananan: folds 
AGVsmarT: calls $0.05
Dorex2007: folds 
bauticius: raises $0.07 to $0.12
An_Angry_Donkey: folds 
kampoker52: folds 
sabalito: folds 
Count Mole: folds 
BrenoVns: folds 
AGVsmarT: folds 
Uncalled bet ($0.07) returned to bauticius
bauticius collected $0.17 from pot
bauticius: doesn't show hand 
*** SUMMARY ***
Total pot $0.17 | Rake $0 
Seat 1: KidBananan folded before Flop (didn't bet)
Seat 2: AGVsmarT folded before Flop
Seat 3: Dorex2007 folded before Flop (didn't bet)
Seat 4: bauticius collected ($0.17)
Seat 5: An_Angry_Donkey folded before Flop (didn't bet)
Seat 6: kampoker52 folded before Flop (didn't bet)
Seat 7: sabalito (button) folded before Flop (didn't bet)
Seat 8: Count Mole (small blind) folded before Flop
Seat 9: BrenoVns (big blind) folded before Flop



PokerStars Hand #237796957117:  Hold'em No Limit ($0.02/$0.05 USD) - 2022/08/04 20:59:38 PT [2022/08/04 23:59:38 ET]
Table 'Scheat II' 9-max Seat #8 is the button
Seat 1: KidBananan ($5 in chips) 
Seat 2: AGVsmarT ($10.76 in chips) 
Seat 3: Dorex2007 ($6.11 in chips) 
Seat 4: bauticius ($7.21 in chips) 
Seat 5: An_Angry_Donkey ($4.93 in chips) 
Seat 6: kampoker52 ($6.79 in chips) 
Seat 7: sabalito ($8.61 in chips) 
Seat 8: Count Mole ($27.78 in chips) 
Seat 9: BrenoVns ($7.25 in chips) 
BrenoVns: posts small blind $0.02
KidBananan: posts big blind $0.05
*** HOLE CARDS ***
Dealt to Dorex2007 [7h 7c]
AGVsmarT: folds 
Dorex2007: calls $0.05
bauticius: folds 
An_Angry_Donkey: raises $0.10 to $0.15
kampoker52: folds 
sabalito: calls $0.15
Count Mole: folds 
BrenoVns: folds 
KidBananan: folds 
Dorex2007: calls $0.10
*** FLOP *** [Kh Ah 3h]
Dorex2007: checks 
An_Angry_Donkey: checks 
sabalito: checks 
*** TURN *** [Kh Ah 3h] [5h]
Dorex2007: checks 
An_Angry_Donkey: checks 
sabalito: bets $0.05
Dorex2007: calls $0.05
An_Angry_Donkey: calls $0.05
*** RIVER *** [Kh Ah 3h 5h] [3c]
kampoker52 is disconnected 
Dorex2007: bets $0.32
An_Angry_Donkey: folds 
sabalito: folds 
Uncalled bet ($0.32) returned to Dorex2007
Dorex2007 collected $0.64 from pot
Dorex2007: doesn't show hand 
*** SUMMARY ***
Total pot $0.67 | Rake $0.03 
Board [Kh Ah 3h 5h 3c]
Seat 1: KidBananan (big blind) folded before Flop
Seat 2: AGVsmarT folded before Flop (didn't bet)
Seat 3: Dorex2007 collected ($0.64)
Seat 4: bauticius folded before Flop (didn't bet)
Seat 5: An_Angry_Donkey folded on the River
Seat 6: kampoker52 folded before Flop (didn't bet)
Seat 7: sabalito folded on the River
Seat 8: Count Mole (button) folded before Flop (didn't bet)
Seat 9: BrenoVns (small blind) folded before Flop



