PokerStars Hand #232732557000:  Hold'em No Limit ($0.01/$0.02 USD) - 2022/01/01 19:30:31 PT [2022/01/01 22:30:31 ET]
Table 'Schilt II' 9-max Seat #1 is the button
Seat 1: sulton780 ($1.86 in chips) 
Seat 5: j+sch1977 ($1.02 in chips) 
Seat 6: geyza15 ($2 in chips) 
Seat 7: iNteldrive ($3.15 in chips) 
Seat 8: tatodozinga85 ($3.71 in chips) 
Seat 9: Dorex2007 ($2 in chips) 
j+sch1977: posts small blind $0.01
geyza15: posts big blind $0.02
Dorex2007: posts big blind $0.02
*** HOLE CARDS ***
Dealt to Dorex2007 [Th 7c]
iNteldrive: raises $0.04 to $0.06
tatodozinga85: folds 
Dorex2007: folds 
sulton780: calls $0.06
j+sch1977: folds 
geyza15: calls $0.04
*** FLOP *** [4s Qh Js]
geyza15: checks 
iNteldrive: bets $0.09
sulton780: calls $0.09
geyza15: folds 
*** TURN *** [4s Qh Js] [As]
iNteldrive: checks 
sulton780: bets $0.38
iNteldrive: folds 
Uncalled bet ($0.38) returned to sulton780
sulton780 collected $0.38 from pot
sulton780: doesn't show hand 
*** SUMMARY ***
Total pot $0.39 | Rake $0.01 
Board [4s Qh Js As]
Seat 1: sulton780 (button) collected ($0.38)
Seat 5: j+sch1977 (small blind) folded before Flop
Seat 6: geyza15 (big blind) folded on the Flop
Seat 7: iNteldrive folded on the Turn
Seat 8: tatodozinga85 folded before Flop (didn't bet)
Seat 9: Dorex2007 folded before Flop (didn't bet)



PokerStars Hand #232732571869:  Hold'em No Limit ($0.01/$0.02 USD) - 2022/01/01 19:31:35 PT [2022/01/01 22:31:35 ET]
Table 'Schilt II' 9-max Seat #5 is the button
Seat 1: sulton780 ($2.09 in chips) 
Seat 5: j+sch1977 ($1.01 in chips) 
Seat 6: geyza15 ($1.94 in chips) 
Seat 7: iNteldrive ($3 in chips) 
Seat 8: tatodozinga85 ($3.71 in chips) 
Seat 9: Dorex2007 ($2 in chips) 
geyza15: posts small blind $0.01
iNteldrive: posts big blind $0.02
*** HOLE CARDS ***
Dealt to Dorex2007 [Qc Tc]
tatodozinga85: folds 
Dorex2007: calls $0.02
tatodozinga85 leaves the table
sulton780: calls $0.02
j+sch1977: folds 
geyza15: calls $0.01
iNteldrive: checks 
*** FLOP *** [4d 8h 6d]
geyza15: checks 
iNteldrive: checks 
Dorex2007: checks 
sulton780: checks 
*** TURN *** [4d 8h 6d] [Jc]
geyza15: checks 
iNteldrive: checks 
Dorex2007: bets $0.05
sulton780: calls $0.05
geyza15: folds 
iNteldrive: folds 
*** RIVER *** [4d 8h 6d Jc] [2h]
Dorex2007: bets $0.09
sulton780: folds 
Uncalled bet ($0.09) returned to Dorex2007
Dorex2007 collected $0.17 from pot
Dorex2007: doesn't show hand 
*** SUMMARY ***
Total pot $0.18 | Rake $0.01 
Board [4d 8h 6d Jc 2h]
Seat 1: sulton780 folded on the River
Seat 5: j+sch1977 (button) folded before Flop (didn't bet)
Seat 6: geyza15 (small blind) folded on the Turn
Seat 7: iNteldrive (big blind) folded on the Turn
Seat 8: tatodozinga85 folded before Flop (didn't bet)
Seat 9: Dorex2007 collected ($0.17)



PokerStars Hand #232732589104:  Hold'em No Limit ($0.01/$0.02 USD) - 2022/01/01 19:32:49 PT [2022/01/01 22:32:49 ET]
Table 'Schilt II' 9-max Seat #6 is the button
Seat 1: sulton780 ($2.02 in chips) 
Seat 5: j+sch1977 ($1.01 in chips) 
Seat 6: geyza15 ($1.92 in chips) 
Seat 7: iNteldrive ($2.98 in chips) 
Seat 9: Dorex2007 ($2.10 in chips) 
iNteldrive: posts small blind $0.01
Dorex2007: posts big blind $0.02
*** HOLE CARDS ***
Dealt to Dorex2007 [5h Ah]
sulton780: folds 
j+sch1977: folds 
geyza15: folds 
iNteldrive: raises $0.04 to $0.06
Dorex2007: folds 
Uncalled bet ($0.04) returned to iNteldrive
iNteldrive collected $0.04 from pot
*** SUMMARY ***
Total pot $0.04 | Rake $0 
Seat 1: sulton780 folded before Flop (didn't bet)
Seat 5: j+sch1977 folded before Flop (didn't bet)
Seat 6: geyza15 (button) folded before Flop (didn't bet)
Seat 7: iNteldrive (small blind) collected ($0.04)
Seat 9: Dorex2007 (big blind) folded before Flop



