PokerStars Hand #236827882842:  Hold'em No Limit ($0.01/$0.02 USD) - 2022/06/17 21:00:42 PT [2022/06/18 0:00:42 ET]
Table 'Krethon' 9-max Seat #1 is the button
Seat 1: Dorex2007 ($2 in chips) 
Seat 2: pinbotani ($2.13 in chips) 
Seat 3: maxkxi ($0.84 in chips) 
Seat 4: smopower ($0.80 in chips) 
Seat 5: geroyapur ($2.09 in chips) 
Seat 7: vero2610 ($0.70 in chips) 
Seat 9: _MaTTeii_ ($1.60 in chips) 
pinbotani: posts small blind $0.01
maxkxi: posts big blind $0.02
smopower: posts big blind $0.02
Aldopkr89: sits out 
_MaTTeii_: posts big blind $0.02
*** HOLE CARDS ***
Dealt to Dorex2007 [9h 6c]
smopower: checks 
geroyapur: folds 
vero2610: folds 
_MaTTeii_: checks 
Dorex2007: folds 
pinbotani: calls $0.01
maxkxi: checks 
*** FLOP *** [8c 4s As]
pinbotani: checks 
maxkxi: checks 
smopower: checks 
_MaTTeii_: bets $0.10
pinbotani: folds 
maxkxi: folds 
smopower: folds 
Uncalled bet ($0.10) returned to _MaTTeii_
_MaTTeii_ collected $0.08 from pot
_MaTTeii_: doesn't show hand 
*** SUMMARY ***
Total pot $0.08 | Rake $0 
Board [8c 4s As]
Seat 1: Dorex2007 (button) folded before Flop (didn't bet)
Seat 2: pinbotani (small blind) folded on the Flop
Seat 3: maxkxi (big blind) folded on the Flop
Seat 4: smopower folded on the Flop (didn't bet)
Seat 5: geroyapur folded before Flop (didn't bet)
Seat 7: vero2610 folded before Flop (didn't bet)
Seat 9: _MaTTeii_ collected ($0.08)



PokerStars Hand #236827892057:  Hold'em No Limit ($0.01/$0.02 USD) - 2022/06/17 21:01:42 PT [2022/06/18 0:01:42 ET]
Table 'Krethon' 9-max Seat #2 is the button
Seat 1: Dorex2007 ($2 in chips) 
Seat 2: pinbotani ($2.11 in chips) 
Seat 3: maxkxi ($0.82 in chips) 
Seat 4: smopower ($0.78 in chips) 
Seat 5: geroyapur ($2.09 in chips) 
Seat 7: vero2610 ($0.70 in chips) 
Seat 9: _MaTTeii_ ($1.66 in chips) 
maxkxi: posts small blind $0.01
smopower: posts big blind $0.02
Aldopkr89: sits out 
*** HOLE CARDS ***
Dealt to Dorex2007 [3h 7h]
geroyapur: folds 
vero2610: folds 
_MaTTeii_: calls $0.02
Dorex2007: folds 
pinbotani: folds 
maxkxi: calls $0.01
smopower: checks 
*** FLOP *** [Qs Qc 2h]
maxkxi: checks 
smopower: checks 
_MaTTeii_: checks 
*** TURN *** [Qs Qc 2h] [4s]
maxkxi: checks 
smopower: bets $0.02
_MaTTeii_: calls $0.02
maxkxi: folds 
*** RIVER *** [Qs Qc 2h 4s] [Jd]
smopower: bets $0.10
_MaTTeii_: folds 
Uncalled bet ($0.10) returned to smopower
smopower collected $0.10 from pot
smopower: doesn't show hand 
*** SUMMARY ***
Total pot $0.10 | Rake $0 
Board [Qs Qc 2h 4s Jd]
Seat 1: Dorex2007 folded before Flop (didn't bet)
Seat 2: pinbotani (button) folded before Flop (didn't bet)
Seat 3: maxkxi (small blind) folded on the Turn
Seat 4: smopower (big blind) collected ($0.10)
Seat 5: geroyapur folded before Flop (didn't bet)
Seat 7: vero2610 folded before Flop (didn't bet)
Seat 9: _MaTTeii_ folded on the River



PokerStars Hand #236827900193:  Hold'em No Limit ($0.01/$0.02 USD) - 2022/06/17 21:02:36 PT [2022/06/18 0:02:36 ET]
Table 'Krethon' 9-max Seat #3 is the button
Seat 1: Dorex2007 ($2 in chips) 
Seat 2: pinbotani ($2.11 in chips) 
Seat 3: maxkxi ($0.80 in chips) 
Seat 4: smopower ($0.84 in chips) 
Seat 5: geroyapur ($2.09 in chips) 
Seat 7: vero2610 ($0.70 in chips) 
Seat 9: _MaTTeii_ ($1.62 in chips) 
smopower: posts small blind $0.01
geroyapur: posts big blind $0.02
Aldopkr89: sits out 
*** HOLE CARDS ***
Dealt to Dorex2007 [Tc Qs]
vero2610: folds 
_MaTTeii_: calls $0.02
Dorex2007: calls $0.02
pinbotani: folds 
maxkxi: calls $0.02
smopower: calls $0.01
geroyapur: checks 
*** FLOP *** [Ad Jc 7s]
smopower: checks 
geroyapur: checks 
_MaTTeii_: bets $0.02
Dorex2007: folds 
maxkxi: folds 
smopower: folds 
geroyapur: folds 
Uncalled bet ($0.02) returned to _MaTTeii_
_MaTTeii_ collected $0.10 from pot
_MaTTeii_: doesn't show hand 
*** SUMMARY ***
Total pot $0.10 | Rake $0 
Board [Ad Jc 7s]
Seat 1: Dorex2007 folded on the Flop
Seat 2: pinbotani folded before Flop (didn't bet)
Seat 3: maxkxi (button) folded on the Flop
Seat 4: smopower (small blind) folded on the Flop
Seat 5: geroyapur (big blind) folded on the Flop
Seat 7: vero2610 folded before Flop (didn't bet)
Seat 9: _MaTTeii_ collected ($0.10)



PokerStars Hand #236827908154:  Hold'em No Limit ($0.01/$0.02 USD) - 2022/06/17 21:03:29 PT [2022/06/18 0:03:29 ET]
Table 'Krethon' 9-max Seat #4 is the button
Seat 1: Dorex2007 ($2 in chips) 
Seat 2: pinbotani ($2.11 in chips) 
Seat 3: maxkxi ($0.78 in chips) 
Seat 4: smopower ($0.82 in chips) 
Seat 5: geroyapur ($2.07 in chips) 
Seat 6: Aldopkr89 ($1.40 in chips) 
Seat 7: vero2610 ($0.70 in chips) 
Seat 9: _MaTTeii_ ($1.70 in chips) 
geroyapur: posts small blind $0.01
Aldopkr89: posts big blind $0.02
*** HOLE CARDS ***
Dealt to Dorex2007 [5d 8d]
vero2610: folds 
_MaTTeii_: calls $0.02
Dorex2007: folds 
pinbotani: folds 
maxkxi: raises $0.04 to $0.06
smopower: folds 
geroyapur: folds 
Aldopkr89: calls $0.04
_MaTTeii_: calls $0.04
*** FLOP *** [4s As Ad]
Aldopkr89: checks 
_MaTTeii_: checks 
maxkxi: checks 
*** TURN *** [4s As Ad] [3s]
Aldopkr89: checks 
_MaTTeii_: bets $0.18
maxkxi: calls $0.18
Aldopkr89: folds 
*** RIVER *** [4s As Ad 3s] [Ts]
_MaTTeii_: checks 
maxkxi: bets $0.54 and is all-in
_MaTTeii_: folds 
Uncalled bet ($0.54) returned to maxkxi
maxkxi collected $0.53 from pot
*** SUMMARY ***
Total pot $0.55 | Rake $0.02 
Board [4s As Ad 3s Ts]
Seat 1: Dorex2007 folded before Flop (didn't bet)
Seat 2: pinbotani folded before Flop (didn't bet)
Seat 3: maxkxi collected ($0.53)
Seat 4: smopower (button) folded before Flop (didn't bet)
Seat 5: geroyapur (small blind) folded before Flop
Seat 6: Aldopkr89 (big blind) folded on the Turn
Seat 7: vero2610 folded before Flop (didn't bet)
Seat 9: _MaTTeii_ folded on the River



PokerStars Hand #236827919901:  Hold'em No Limit ($0.01/$0.02 USD) - 2022/06/17 21:04:45 PT [2022/06/18 0:04:45 ET]
Table 'Krethon' 9-max Seat #5 is the button
Seat 1: Dorex2007 ($2 in chips) 
Seat 2: pinbotani ($2.11 in chips) 
Seat 3: maxkxi ($1.07 in chips) 
Seat 4: smopower ($0.82 in chips) 
Seat 5: geroyapur ($2.06 in chips) 
Seat 6: Aldopkr89 ($1.34 in chips) 
Seat 7: vero2610 ($0.70 in chips) 
Seat 9: _MaTTeii_ ($1.46 in chips) 
Aldopkr89: posts small blind $0.01
vero2610: posts big blind $0.02
*** HOLE CARDS ***
Dealt to Dorex2007 [Jd 3c]
_MaTTeii_: folds 
Dorex2007: folds 
pinbotani: folds 
maxkxi: raises $0.02 to $0.04
smopower: folds 
geroyapur: folds 
Aldopkr89: folds 
vero2610: folds 
Uncalled bet ($0.02) returned to maxkxi
maxkxi collected $0.05 from pot
*** SUMMARY ***
Total pot $0.05 | Rake $0 
Seat 1: Dorex2007 folded before Flop (didn't bet)
Seat 2: pinbotani folded before Flop (didn't bet)
Seat 3: maxkxi collected ($0.05)
Seat 4: smopower folded before Flop (didn't bet)
Seat 5: geroyapur (button) folded before Flop (didn't bet)
Seat 6: Aldopkr89 (small blind) folded before Flop
Seat 7: vero2610 (big blind) folded before Flop
Seat 9: _MaTTeii_ folded before Flop (didn't bet)



PokerStars Hand #236827923645:  Hold'em No Limit ($0.01/$0.02 USD) - 2022/06/17 21:05:10 PT [2022/06/18 0:05:10 ET]
Table 'Krethon' 9-max Seat #6 is the button
Seat 1: Dorex2007 ($2 in chips) 
Seat 2: pinbotani ($2.11 in chips) 
Seat 3: maxkxi ($1.10 in chips) 
Seat 4: smopower ($0.82 in chips) 
Seat 5: geroyapur ($2.06 in chips) 
Seat 6: Aldopkr89 ($1.33 in chips) 
Seat 7: vero2610 ($0.68 in chips) 
Seat 9: _MaTTeii_ ($1.46 in chips) 
vero2610: posts small blind $0.01
_MaTTeii_: posts big blind $0.02
*** HOLE CARDS ***
Dealt to Dorex2007 [4d Qd]
Dorex2007: folds 
pinbotani: folds 
maxkxi: calls $0.02
smopower: calls $0.02
geroyapur: folds 
Aldopkr89: folds 
vero2610: folds 
_MaTTeii_: checks 
*** FLOP *** [8d 5s 7d]
_MaTTeii_: checks 
maxkxi: checks 
smopower: checks 
*** TURN *** [8d 5s 7d] [Qs]
_MaTTeii_: checks 
maxkxi: checks 
smopower: checks 
*** RIVER *** [8d 5s 7d Qs] [9c]
_MaTTeii_: checks 
maxkxi: bets $0.12
smopower: folds 
_MaTTeii_: raises $0.31 to $0.43
maxkxi: raises $0.65 to $1.08 and is all-in
_MaTTeii_: calls $0.65
*** SHOW DOWN ***
maxkxi: shows [Jd Td] (a straight, Eight to Queen)
_MaTTeii_: shows [6c 3d] (a straight, Five to Nine)
maxkxi collected $2.15 from pot
*** SUMMARY ***
Total pot $2.23 | Rake $0.08 
Board [8d 5s 7d Qs 9c]
Seat 1: Dorex2007 folded before Flop (didn't bet)
Seat 2: pinbotani folded before Flop (didn't bet)
Seat 3: maxkxi showed [Jd Td] and won ($2.15) with a straight, Eight to Queen
Seat 4: smopower folded on the River
Seat 5: geroyapur folded before Flop (didn't bet)
Seat 6: Aldopkr89 (button) folded before Flop (didn't bet)
Seat 7: vero2610 (small blind) folded before Flop
Seat 9: _MaTTeii_ (big blind) showed [6c 3d] and lost with a straight, Five to Nine



PokerStars Hand #236827936917:  Hold'em No Limit ($0.01/$0.02 USD) - 2022/06/17 21:06:39 PT [2022/06/18 0:06:39 ET]
Table 'Krethon' 9-max Seat #7 is the button
Seat 1: Dorex2007 ($2 in chips) 
Seat 2: pinbotani ($2.11 in chips) 
Seat 3: maxkxi ($2.15 in chips) 
Seat 4: smopower ($0.80 in chips) 
Seat 5: geroyapur ($2.06 in chips) 
Seat 6: Aldopkr89 ($1.33 in chips) 
Seat 7: vero2610 ($0.67 in chips) 
Seat 9: _MaTTeii_ ($0.36 in chips) 
_MaTTeii_: posts small blind $0.01
Dorex2007: posts big blind $0.02
*** HOLE CARDS ***
Dealt to Dorex2007 [4s Ad]
pinbotani: folds 
maxkxi: folds 
pinbotani leaves the table
smopower: folds 
geroyapur: folds 
Aldopkr89: folds 
vero2610: folds 
_MaTTeii_: folds 
Uncalled bet ($0.01) returned to Dorex2007
Dorex2007 collected $0.02 from pot
Dorex2007: doesn't show hand 
*** SUMMARY ***
Total pot $0.02 | Rake $0 
Seat 1: Dorex2007 (big blind) collected ($0.02)
Seat 2: pinbotani folded before Flop (didn't bet)
Seat 3: maxkxi folded before Flop (didn't bet)
Seat 4: smopower folded before Flop (didn't bet)
Seat 5: geroyapur folded before Flop (didn't bet)
Seat 6: Aldopkr89 folded before Flop (didn't bet)
Seat 7: vero2610 (button) folded before Flop (didn't bet)
Seat 9: _MaTTeii_ (small blind) folded before Flop



PokerStars Hand #236827939665:  Hold'em No Limit ($0.01/$0.02 USD) - 2022/06/17 21:06:57 PT [2022/06/18 0:06:57 ET]
Table 'Krethon' 9-max Seat #9 is the button
Seat 1: Dorex2007 ($2.01 in chips) 
Seat 3: maxkxi ($2.15 in chips) 
Seat 4: smopower ($0.80 in chips) 
Seat 5: geroyapur ($2.06 in chips) 
Seat 6: Aldopkr89 ($1.33 in chips) 
Seat 7: vero2610 ($0.67 in chips) 
Seat 9: _MaTTeii_ ($0.35 in chips) 
Dorex2007: posts small blind $0.01
maxkxi: posts big blind $0.02
*** HOLE CARDS ***
Dealt to Dorex2007 [6d 3h]
smopower: folds 
Danielespinoza1 is disconnected 
geroyapur: folds 
Aldopkr89: folds 
vero2610: calls $0.02
_MaTTeii_: calls $0.02
Dorex2007: folds 
maxkxi: checks 
*** FLOP *** [Jh 9h 2c]
maxkxi: checks 
vero2610: checks 
_MaTTeii_: checks 
*** TURN *** [Jh 9h 2c] [7c]
maxkxi: checks 
vero2610: checks 
bigbet1 joins the table at seat #2 
_MaTTeii_: checks 
*** RIVER *** [Jh 9h 2c 7c] [6h]
maxkxi: checks 
vero2610: checks 
_MaTTeii_: checks 
*** SHOW DOWN ***
maxkxi: shows [Ks 4d] (high card King)
vero2610: shows [Qc Kh] (high card King - Queen kicker)
_MaTTeii_: shows [4c 6c] (a pair of Sixes)
_MaTTeii_ collected $0.07 from pot
*** SUMMARY ***
Total pot $0.07 | Rake $0 
Board [Jh 9h 2c 7c 6h]
Seat 1: Dorex2007 (small blind) folded before Flop
Seat 3: maxkxi (big blind) showed [Ks 4d] and lost with high card King
Seat 4: smopower folded before Flop (didn't bet)
Seat 5: geroyapur folded before Flop (didn't bet)
Seat 6: Aldopkr89 folded before Flop (didn't bet)
Seat 7: vero2610 showed [Qc Kh] and lost with high card King
Seat 9: _MaTTeii_ (button) showed [4c 6c] and won ($0.07) with a pair of Sixes



PokerStars Hand #236827949774:  Hold'em No Limit ($0.01/$0.02 USD) - 2022/06/17 21:08:04 PT [2022/06/18 0:08:04 ET]
Table 'Krethon' 9-max Seat #1 is the button
Seat 1: Dorex2007 ($2 in chips) 
Seat 3: maxkxi ($2.13 in chips) 
Seat 4: smopower ($0.80 in chips) 
Seat 5: geroyapur ($2.06 in chips) 
Seat 6: Aldopkr89 ($1.33 in chips) 
Seat 7: vero2610 ($0.65 in chips) 
Seat 9: _MaTTeii_ ($0.40 in chips) 
maxkxi: posts small blind $0.01
smopower: posts big blind $0.02
*** HOLE CARDS ***
Dealt to Dorex2007 [6s Ah]
geroyapur: folds 
Aldopkr89: folds 
vero2610: folds 
_MaTTeii_: calls $0.02
Dorex2007: folds 
maxkxi: calls $0.01
smopower: checks 
*** FLOP *** [4s 6h Ks]
maxkxi: checks 
smopower: checks 
_MaTTeii_: bets $0.06
maxkxi: calls $0.06
smopower: folds 
*** TURN *** [4s 6h Ks] [2s]
maxkxi: checks 
geroyapur is disconnected 
_MaTTeii_: bets $0.17
maxkxi: folds 
Uncalled bet ($0.17) returned to _MaTTeii_
_MaTTeii_ collected $0.17 from pot
_MaTTeii_: doesn't show hand 
*** SUMMARY ***
Total pot $0.18 | Rake $0.01 
Board [4s 6h Ks 2s]
Seat 1: Dorex2007 (button) folded before Flop (didn't bet)
Seat 3: maxkxi (small blind) folded on the Turn
Seat 4: smopower (big blind) folded on the Flop
Seat 5: geroyapur folded before Flop (didn't bet)
Seat 6: Aldopkr89 folded before Flop (didn't bet)
Seat 7: vero2610 folded before Flop (didn't bet)
Seat 9: _MaTTeii_ collected ($0.17)



PokerStars Hand #236827965236:  Hold'em No Limit ($0.01/$0.02 USD) - 2022/06/17 21:09:05 PT [2022/06/18 0:09:05 ET]
Table 'Krethon' 9-max Seat #3 is the button
Seat 1: Dorex2007 ($2 in chips) 
Seat 2: bigbet1 ($2 in chips) 
Seat 3: maxkxi ($2.05 in chips) 
Seat 4: smopower ($0.78 in chips) 
Seat 5: geroyapur ($2.06 in chips) 
Seat 6: Aldopkr89 ($1.33 in chips) 
Seat 7: vero2610 ($0.65 in chips) 
Seat 9: _MaTTeii_ ($0.49 in chips) 
smopower: posts small blind $0.01
geroyapur is connected 
geroyapur: posts big blind $0.02
bigbet1: posts big blind $0.02
*** HOLE CARDS ***
Dealt to Dorex2007 [Qc Jh]
Aldopkr89: folds 
vero2610: folds 
_MaTTeii_: folds 
Dorex2007: raises $0.04 to $0.06
bigbet1: calls $0.04
maxkxi: folds 
smopower: calls $0.05
geroyapur: calls $0.04
*** FLOP *** [6s As 4d]
smopower: checks 
geroyapur: checks 
Dorex2007: checks 
bigbet1: bets $0.23
smopower: folds 
geroyapur: folds 
Dorex2007: folds 
Uncalled bet ($0.23) returned to bigbet1
bigbet1 collected $0.23 from pot
bigbet1: doesn't show hand 
*** SUMMARY ***
Total pot $0.24 | Rake $0.01 
Board [6s As 4d]
Seat 1: Dorex2007 folded on the Flop
Seat 2: bigbet1 collected ($0.23)
Seat 3: maxkxi (button) folded before Flop (didn't bet)
Seat 4: smopower (small blind) folded on the Flop
Seat 5: geroyapur (big blind) folded on the Flop
Seat 6: Aldopkr89 folded before Flop (didn't bet)
Seat 7: vero2610 folded before Flop (didn't bet)
Seat 9: _MaTTeii_ folded before Flop (didn't bet)



PokerStars Hand #236827973183:  Hold'em No Limit ($0.01/$0.02 USD) - 2022/06/17 21:09:58 PT [2022/06/18 0:09:58 ET]
Table 'Krethon' 9-max Seat #4 is the button
Seat 1: Dorex2007 ($2 in chips) 
Seat 2: bigbet1 ($2.17 in chips) 
Seat 3: maxkxi ($2.05 in chips) 
Seat 4: smopower ($0.72 in chips) 
Seat 5: geroyapur ($2 in chips) 
Seat 6: Aldopkr89 ($1.33 in chips) 
Seat 7: vero2610 ($0.65 in chips) 
Seat 9: _MaTTeii_ ($0.49 in chips) 
geroyapur: posts small blind $0.01
Aldopkr89: posts big blind $0.02
*** HOLE CARDS ***
Dealt to Dorex2007 [2c Jh]
vero2610: folds 
_MaTTeii_: folds 
Dorex2007: folds 
bigbet1: raises $0.05 to $0.07
maxkxi: folds 
smopower: folds 
geroyapur: calls $0.06
Aldopkr89: folds 
*** FLOP *** [Td 9h Ks]
geroyapur: checks 
bigbet1: bets $0.15
geroyapur: calls $0.15
*** TURN *** [Td 9h Ks] [7c]
geroyapur: checks 
bigbet1: checks 
*** RIVER *** [Td 9h Ks 7c] [Kd]
geroyapur: bets $0.34
bigbet1: calls $0.34
*** SHOW DOWN ***
geroyapur: shows [Kh 4h] (three of a kind, Kings)
bigbet1: mucks hand 
geroyapur collected $1.10 from pot
*** SUMMARY ***
Total pot $1.14 | Rake $0.04 
Board [Td 9h Ks 7c Kd]
Seat 1: Dorex2007 folded before Flop (didn't bet)
Seat 2: bigbet1 mucked [Qd As]
Seat 3: maxkxi folded before Flop (didn't bet)
Seat 4: smopower (button) folded before Flop (didn't bet)
Seat 5: geroyapur (small blind) showed [Kh 4h] and won ($1.10) with three of a kind, Kings
Seat 6: Aldopkr89 (big blind) folded before Flop
Seat 7: vero2610 folded before Flop (didn't bet)
Seat 9: _MaTTeii_ folded before Flop (didn't bet)



PokerStars Hand #236827982024:  Hold'em No Limit ($0.01/$0.02 USD) - 2022/06/17 21:10:58 PT [2022/06/18 0:10:58 ET]
Table 'Krethon' 9-max Seat #5 is the button
Seat 1: Dorex2007 ($2 in chips) 
Seat 2: bigbet1 ($1.61 in chips) 
Seat 3: maxkxi ($2.05 in chips) 
Seat 4: smopower ($0.72 in chips) 
Seat 5: geroyapur ($2.54 in chips) 
Seat 6: Aldopkr89 ($1.31 in chips) 
Seat 7: vero2610 ($0.65 in chips) 
Seat 9: _MaTTeii_ ($0.49 in chips) 
Aldopkr89: posts small blind $0.01
vero2610: posts big blind $0.02
*** HOLE CARDS ***
Dealt to Dorex2007 [3h 6d]
_MaTTeii_: calls $0.02
Dorex2007: folds 
bigbet1: raises $0.07 to $0.09
maxkxi: folds 
smopower: calls $0.09
geroyapur: folds 
Aldopkr89: folds 
vero2610: calls $0.07
_MaTTeii_: calls $0.07
*** FLOP *** [8s Qd 2d]
vero2610: checks 
_MaTTeii_: checks 
bigbet1: bets $0.36
smopower: folds 
vero2610: folds 
_MaTTeii_: folds 
Uncalled bet ($0.36) returned to bigbet1
bigbet1 collected $0.36 from pot
bigbet1: doesn't show hand 
*** SUMMARY ***
Total pot $0.37 | Rake $0.01 
Board [8s Qd 2d]
Seat 1: Dorex2007 folded before Flop (didn't bet)
Seat 2: bigbet1 collected ($0.36)
Seat 3: maxkxi folded before Flop (didn't bet)
Seat 4: smopower folded on the Flop
Seat 5: geroyapur (button) folded before Flop (didn't bet)
Seat 6: Aldopkr89 (small blind) folded before Flop
Seat 7: vero2610 (big blind) folded on the Flop
Seat 9: _MaTTeii_ folded on the Flop



PokerStars Hand #236827996466:  Hold'em No Limit ($0.01/$0.02 USD) - 2022/06/17 21:12:35 PT [2022/06/18 0:12:35 ET]
Table 'Krethon' 9-max Seat #6 is the button
Seat 1: Dorex2007 ($2 in chips) 
Seat 2: bigbet1 ($1.88 in chips) 
Seat 3: maxkxi ($2.05 in chips) 
Seat 4: smopower ($0.63 in chips) 
Seat 5: geroyapur ($2.54 in chips) 
Seat 6: Aldopkr89 ($1.30 in chips) 
Seat 7: vero2610 ($0.56 in chips) 
Seat 9: _MaTTeii_ ($0.40 in chips) 
vero2610: posts small blind $0.01
_MaTTeii_: posts big blind $0.02
*** HOLE CARDS ***
Dealt to Dorex2007 [Td Ad]
Dorex2007: raises $0.04 to $0.06
bigbet1: calls $0.06
maxkxi: calls $0.06
smopower: folds 
geroyapur: folds 
Aldopkr89: calls $0.06
vero2610: folds 
_MaTTeii_: calls $0.04
*** FLOP *** [Qd 5s 4d]
_MaTTeii_: checks 
Dorex2007: bets $0.30
bigbet1: folds 
maxkxi: folds 
Aldopkr89: folds 
_MaTTeii_: folds 
Uncalled bet ($0.30) returned to Dorex2007
Dorex2007 collected $0.30 from pot
Danielespinoza1 leaves the table
Dorex2007: doesn't show hand 
*** SUMMARY ***
Total pot $0.31 | Rake $0.01 
Board [Qd 5s 4d]
Seat 1: Dorex2007 collected ($0.30)
Seat 2: bigbet1 folded on the Flop
Seat 3: maxkxi folded on the Flop
Seat 4: smopower folded before Flop (didn't bet)
Seat 5: geroyapur folded before Flop (didn't bet)
Seat 6: Aldopkr89 (button) folded on the Flop
Seat 7: vero2610 (small blind) folded before Flop
Seat 9: _MaTTeii_ (big blind) folded on the Flop



PokerStars Hand #236828006330:  Hold'em No Limit ($0.01/$0.02 USD) - 2022/06/17 21:13:42 PT [2022/06/18 0:13:42 ET]
Table 'Krethon' 9-max Seat #7 is the button
Seat 1: Dorex2007 ($2.24 in chips) 
Seat 2: bigbet1 ($1.82 in chips) 
Seat 3: maxkxi ($1.99 in chips) 
Seat 4: smopower ($0.63 in chips) 
Seat 5: geroyapur ($2.54 in chips) 
Seat 6: Aldopkr89 ($1.24 in chips) 
Seat 7: vero2610 ($0.55 in chips) 
Seat 9: _MaTTeii_ ($0.34 in chips) 
_MaTTeii_: posts small blind $0.01
Dorex2007: posts big blind $0.02
*** HOLE CARDS ***
Dealt to Dorex2007 [9s Th]
bigbet1: folds 
maxkxi: folds 
smopower: raises $0.02 to $0.04
geroyapur: folds 
Aldopkr89: raises $0.02 to $0.06
vero2610: calls $0.06
bigbet1 leaves the table
_MaTTeii_: raises $0.26 to $0.32
Dorex2007: folds 
smopower: calls $0.28
Aldopkr89: folds 
vero2610: folds 
*** FLOP *** [6h 4d 4h]
_MaTTeii_: checks 
smopower: checks 
*** TURN *** [6h 4d 4h] [7d]
_MaTTeii_: bets $0.02 and is all-in
smopower: calls $0.02
*** RIVER *** [6h 4d 4h 7d] [Jc]
*** SHOW DOWN ***
_MaTTeii_: shows [Ts Kh] (a pair of Fours)
smopower: shows [7c Ac] (two pair, Sevens and Fours)
smopower collected $0.79 from pot
*** SUMMARY ***
Total pot $0.82 | Rake $0.03 
Board [6h 4d 4h 7d Jc]
Seat 1: Dorex2007 (big blind) folded before Flop
Seat 2: bigbet1 folded before Flop (didn't bet)
Seat 3: maxkxi folded before Flop (didn't bet)
Seat 4: smopower showed [7c Ac] and won ($0.79) with two pair, Sevens and Fours
Seat 5: geroyapur folded before Flop (didn't bet)
Seat 6: Aldopkr89 folded before Flop
Seat 7: vero2610 (button) folded before Flop
Seat 9: _MaTTeii_ (small blind) showed [Ts Kh] and lost with a pair of Fours



PokerStars Hand #236828015334:  Hold'em No Limit ($0.01/$0.02 USD) - 2022/06/17 21:14:43 PT [2022/06/18 0:14:43 ET]
Table 'Krethon' 9-max Seat #1 is the button
Seat 1: Dorex2007 ($2.22 in chips) 
Seat 3: maxkxi ($1.99 in chips) 
Seat 4: smopower ($1.08 in chips) 
Seat 5: geroyapur ($2.54 in chips) 
Seat 6: Aldopkr89 ($1.18 in chips) 
Seat 7: vero2610 ($0.49 in chips) 
maxkxi: posts small blind $0.01
Filipe TPL joins the table at seat #2 
smopower: posts big blind $0.02
*** HOLE CARDS ***
Dealt to Dorex2007 [Qd 5s]
Tweedy620 joins the table at seat #8 
geroyapur: folds 
_MaTTeii_ leaves the table
Aldopkr89: folds 
vero2610: folds 
Dorex2007: folds 
maxkxi: calls $0.01
smopower: checks 
*** FLOP *** [Th Ah 2s]
maxkxi: checks 
GambitEvans joins the table at seat #9 
smopower: checks 
*** TURN *** [Th Ah 2s] [7s]
maxkxi: checks 
smopower: bets $0.02
maxkxi: calls $0.02
*** RIVER *** [Th Ah 2s 7s] [Kh]
maxkxi: bets $0.08
smopower: calls $0.08
*** SHOW DOWN ***
maxkxi: shows [Kc 2d] (two pair, Kings and Deuces)
smopower: mucks hand 
maxkxi collected $0.23 from pot
*** SUMMARY ***
Total pot $0.24 | Rake $0.01 
Board [Th Ah 2s 7s Kh]
Seat 1: Dorex2007 (button) folded before Flop (didn't bet)
Seat 3: maxkxi (small blind) showed [Kc 2d] and won ($0.23) with two pair, Kings and Deuces
Seat 4: smopower (big blind) mucked [2c Ts]
Seat 5: geroyapur folded before Flop (didn't bet)
Seat 6: Aldopkr89 folded before Flop (didn't bet)
Seat 7: vero2610 folded before Flop (didn't bet)



PokerStars Hand #236828024285:  Hold'em No Limit ($0.01/$0.02 USD) - 2022/06/17 21:15:43 PT [2022/06/18 0:15:43 ET]
Table 'Krethon' 9-max Seat #3 is the button
Seat 1: Dorex2007 ($2.22 in chips) 
Seat 3: maxkxi ($2.10 in chips) 
Seat 4: smopower ($0.96 in chips) 
Seat 5: geroyapur ($2.54 in chips) 
Seat 6: Aldopkr89 ($1.18 in chips) 
Seat 7: vero2610 ($0.49 in chips) 
smopower: posts small blind $0.01
geroyapur: posts big blind $0.02
Tweedy620: sits out 
GambitEvans: sits out 
Filipe TPL: sits out 
*** HOLE CARDS ***
Dealt to Dorex2007 [Qh Kh]
Aldopkr89: folds 
vero2610: folds 
Dorex2007: raises $0.06 to $0.08
maxkxi: folds 
smopower: folds 
geroyapur has timed out
geroyapur: folds 
Uncalled bet ($0.06) returned to Dorex2007
Dorex2007 collected $0.05 from pot
Dorex2007: doesn't show hand 
*** SUMMARY ***
Total pot $0.05 | Rake $0 
Seat 1: Dorex2007 collected ($0.05)
Seat 3: maxkxi (button) folded before Flop (didn't bet)
Seat 4: smopower (small blind) folded before Flop
Seat 5: geroyapur (big blind) folded before Flop
Seat 6: Aldopkr89 folded before Flop (didn't bet)
Seat 7: vero2610 folded before Flop (didn't bet)



PokerStars Hand #236828034352:  Hold'em No Limit ($0.01/$0.02 USD) - 2022/06/17 21:16:52 PT [2022/06/18 0:16:52 ET]
Table 'Krethon' 9-max Seat #4 is the button
Seat 1: Dorex2007 ($2.25 in chips) 
Seat 3: maxkxi ($2.10 in chips) 
Seat 4: smopower ($0.95 in chips) 
Seat 6: Aldopkr89 ($1.18 in chips) 
Seat 7: vero2610 ($0.49 in chips) 
Aldopkr89: posts small blind $0.01
vero2610: posts big blind $0.02
Tweedy620: sits out 
GambitEvans: sits out 
Filipe TPL: sits out 
*** HOLE CARDS ***
Dealt to Dorex2007 [7d Kc]
Dorex2007: folds 
maxkxi: folds 
smopower: folds 
Aldopkr89: folds 
Uncalled bet ($0.01) returned to vero2610
vero2610 collected $0.02 from pot
vero2610: doesn't show hand 
*** SUMMARY ***
Total pot $0.02 | Rake $0 
Seat 1: Dorex2007 folded before Flop (didn't bet)
Seat 3: maxkxi folded before Flop (didn't bet)
Seat 4: smopower (button) folded before Flop (didn't bet)
Seat 6: Aldopkr89 (small blind) folded before Flop
Seat 7: vero2610 (big blind) collected ($0.02)



PokerStars Hand #236828036245:  Hold'em No Limit ($0.01/$0.02 USD) - 2022/06/17 21:17:04 PT [2022/06/18 0:17:04 ET]
Table 'Krethon' 9-max Seat #6 is the button
Seat 1: Dorex2007 ($2.25 in chips) 
Seat 3: maxkxi ($2.10 in chips) 
Seat 4: smopower ($0.95 in chips) 
Seat 6: Aldopkr89 ($1.17 in chips) 
Seat 7: vero2610 ($0.50 in chips) 
Seat 8: Tweedy620 ($2 in chips) 
vero2610: posts small blind $0.01
Tweedy620: posts big blind $0.02
GambitEvans: sits out 
Filipe TPL: sits out 
*** HOLE CARDS ***
Dealt to Dorex2007 [3h 9d]
Dorex2007: folds 
maxkxi: folds 
smopower: raises $0.04 to $0.06
Aldopkr89: folds 
vero2610: calls $0.05
Tweedy620: calls $0.04
*** FLOP *** [Qh 5c 4d]
vero2610: checks 
Tweedy620: checks 
smopower: bets $0.08
vero2610: folds 
Tweedy620: folds 
Uncalled bet ($0.08) returned to smopower
smopower collected $0.17 from pot
smopower: doesn't show hand 
*** SUMMARY ***
Total pot $0.18 | Rake $0.01 
Board [Qh 5c 4d]
Seat 1: Dorex2007 folded before Flop (didn't bet)
Seat 3: maxkxi folded before Flop (didn't bet)
Seat 4: smopower collected ($0.17)
Seat 6: Aldopkr89 (button) folded before Flop (didn't bet)
Seat 7: vero2610 (small blind) folded on the Flop
Seat 8: Tweedy620 (big blind) folded on the Flop



PokerStars Hand #236828040636:  Hold'em No Limit ($0.01/$0.02 USD) - 2022/06/17 21:17:35 PT [2022/06/18 0:17:35 ET]
Table 'Krethon' 9-max Seat #7 is the button
Seat 1: Dorex2007 ($2.25 in chips) 
Seat 3: maxkxi ($2.10 in chips) 
Seat 4: smopower ($1.06 in chips) 
Seat 5: geroyapur ($2.52 in chips) 
Seat 6: Aldopkr89 ($1.17 in chips) 
Seat 7: vero2610 ($0.44 in chips) 
Seat 8: Tweedy620 ($1.94 in chips) 
Seat 9: GambitEvans ($0.80 in chips) 
Tweedy620: posts small blind $0.01
GambitEvans: posts big blind $0.02
Filipe TPL: sits out 
geroyapur: posts small blind $0.01
*** HOLE CARDS ***
Dealt to Dorex2007 [Ac Js]
Dorex2007 has timed out
Dorex2007: folds 
maxkxi: folds 
smopower: folds 
geroyapur: raises $0.04 to $0.06
Aldopkr89: folds 
vero2610: folds 
Tweedy620: folds 
GambitEvans: folds 
Uncalled bet ($0.04) returned to geroyapur
geroyapur collected $0.06 from pot
geroyapur: doesn't show hand 
*** SUMMARY ***
Total pot $0.06 | Rake $0 
Seat 1: Dorex2007 folded before Flop (didn't bet)
Seat 3: maxkxi folded before Flop (didn't bet)
Seat 4: smopower folded before Flop (didn't bet)
Seat 5: geroyapur collected ($0.06)
Seat 6: Aldopkr89 folded before Flop (didn't bet)
Seat 7: vero2610 (button) folded before Flop (didn't bet)
Seat 8: Tweedy620 (small blind) folded before Flop
Seat 9: GambitEvans (big blind) folded before Flop



PokerStars Hand #236828051322:  Hold'em No Limit ($0.01/$0.02 USD) - 2022/06/17 21:18:06 PT [2022/06/18 0:18:06 ET]
Table 'Krethon' 9-max Seat #8 is the button
Seat 1: Dorex2007 ($2.25 in chips) 
Seat 3: maxkxi ($2.10 in chips) 
Seat 4: smopower ($1.06 in chips) 
Seat 5: geroyapur ($2.55 in chips) 
Seat 6: Aldopkr89 ($1.17 in chips) 
Seat 8: Tweedy620 ($1.93 in chips) 
Seat 9: GambitEvans ($0.78 in chips) 
GambitEvans: posts small blind $0.01
Dorex2007: posts big blind $0.02
Filipe TPL: sits out 
*** HOLE CARDS ***
Dealt to Dorex2007 [As Js]
maxkxi: folds 
smopower: folds 
geroyapur: folds 
smopower is disconnected 
Aldopkr89: folds 
Tweedy620: calls $0.02
GambitEvans: folds 
Dorex2007: raises $0.08 to $0.10
Tweedy620: folds 
Uncalled bet ($0.08) returned to Dorex2007
Dorex2007 collected $0.05 from pot
Dorex2007: doesn't show hand 
*** SUMMARY ***
Total pot $0.05 | Rake $0 
Seat 1: Dorex2007 (big blind) collected ($0.05)
Seat 3: maxkxi folded before Flop (didn't bet)
Seat 4: smopower folded before Flop (didn't bet)
Seat 5: geroyapur folded before Flop (didn't bet)
Seat 6: Aldopkr89 folded before Flop (didn't bet)
Seat 8: Tweedy620 (button) folded before Flop
Seat 9: GambitEvans (small blind) folded before Flop



PokerStars Hand #236828054155:  Hold'em No Limit ($0.01/$0.02 USD) - 2022/06/17 21:18:25 PT [2022/06/18 0:18:25 ET]
Table 'Krethon' 9-max Seat #9 is the button
Seat 1: Dorex2007 ($2.28 in chips) 
Seat 2: Filipe TPL ($0.80 in chips) 
Seat 3: maxkxi ($2.10 in chips) 
Seat 4: smopower ($1.06 in chips) 
Seat 5: geroyapur ($2.55 in chips) 
Seat 6: Aldopkr89 ($1.17 in chips) 
Seat 8: Tweedy620 ($1.91 in chips) 
Seat 9: GambitEvans ($0.77 in chips) 
Dorex2007: posts small blind $0.01
Filipe TPL: posts big blind $0.02
*** HOLE CARDS ***
Dealt to Dorex2007 [4h 7c]
maxkxi: calls $0.02
smopower has timed out while disconnected
smopower: folds 
geroyapur: folds 
Aldopkr89: folds 
Tweedy620: calls $0.02
GambitEvans: folds 
Dorex2007: folds 
Filipe TPL: checks 
*** FLOP *** [2d 7h 8d]
Filipe TPL: bets $0.02
maxkxi: calls $0.02
Tweedy620: calls $0.02
*** TURN *** [2d 7h 8d] [4c]
Filipe TPL: checks 
maxkxi: checks 
Tweedy620: checks 
*** RIVER *** [2d 7h 8d 4c] [Ac]
Filipe TPL: bets $0.04
maxkxi: folds 
Tweedy620: folds 
Uncalled bet ($0.04) returned to Filipe TPL
Filipe TPL collected $0.13 from pot
Filipe TPL: doesn't show hand 
*** SUMMARY ***
Total pot $0.13 | Rake $0 
Board [2d 7h 8d 4c Ac]
Seat 1: Dorex2007 (small blind) folded before Flop
Seat 2: Filipe TPL (big blind) collected ($0.13)
Seat 3: maxkxi folded on the River
Seat 4: smopower folded before Flop (didn't bet)
Seat 5: geroyapur folded before Flop (didn't bet)
Seat 6: Aldopkr89 folded before Flop (didn't bet)
Seat 8: Tweedy620 folded on the River
Seat 9: GambitEvans (button) folded before Flop (didn't bet)



PokerStars Hand #236828064655:  Hold'em No Limit ($0.01/$0.02 USD) - 2022/06/17 21:19:37 PT [2022/06/18 0:19:37 ET]
Table 'Krethon' 9-max Seat #1 is the button
Seat 1: Dorex2007 ($2.27 in chips) 
Seat 2: Filipe TPL ($0.89 in chips) 
Seat 3: maxkxi ($2.06 in chips) 
Seat 5: geroyapur ($2.55 in chips) 
Seat 6: Aldopkr89 ($1.17 in chips) 
Seat 7: vero2610 ($0.44 in chips) 
Seat 8: Tweedy620 ($1.87 in chips) 
Seat 9: GambitEvans ($0.77 in chips) 
Filipe TPL: posts small blind $0.01
maxkxi: posts big blind $0.02
*** HOLE CARDS ***
Dealt to Dorex2007 [2s Ah]
geroyapur: folds 
Aldopkr89: folds 
vero2610: folds 
Tweedy620: folds 
GambitEvans: folds 
Dorex2007: folds 
Filipe TPL: calls $0.01
maxkxi: checks 
*** FLOP *** [4s 5s Qd]
Filipe TPL: checks 
maxkxi: bets $0.04
Filipe TPL: folds 
Uncalled bet ($0.04) returned to maxkxi
maxkxi collected $0.04 from pot
*** SUMMARY ***
Total pot $0.04 | Rake $0 
Board [4s 5s Qd]
Seat 1: Dorex2007 (button) folded before Flop (didn't bet)
Seat 2: Filipe TPL (small blind) folded on the Flop
Seat 3: maxkxi (big blind) collected ($0.04)
Seat 5: geroyapur folded before Flop (didn't bet)
Seat 6: Aldopkr89 folded before Flop (didn't bet)
Seat 7: vero2610 folded before Flop (didn't bet)
Seat 8: Tweedy620 folded before Flop (didn't bet)
Seat 9: GambitEvans folded before Flop (didn't bet)



PokerStars Hand #236828071143:  Hold'em No Limit ($0.01/$0.02 USD) - 2022/06/17 21:20:21 PT [2022/06/18 0:20:21 ET]
Table 'Krethon' 9-max Seat #2 is the button
Seat 1: Dorex2007 ($2.27 in chips) 
Seat 2: Filipe TPL ($0.87 in chips) 
Seat 3: maxkxi ($2.08 in chips) 
Seat 5: geroyapur ($2.55 in chips) 
Seat 6: Aldopkr89 ($1.17 in chips) 
Seat 7: vero2610 ($0.44 in chips) 
Seat 8: Tweedy620 ($1.87 in chips) 
Seat 9: GambitEvans ($0.77 in chips) 
maxkxi: posts small blind $0.01
geroyapur: posts big blind $0.02
*** HOLE CARDS ***
Dealt to Dorex2007 [9h 9c]
Aldopkr89: calls $0.02
vero2610: raises $0.04 to $0.06
Tweedy620: folds 
GambitEvans: folds 
Dorex2007: calls $0.06
Filipe TPL: folds 
maxkxi: folds 
geroyapur: calls $0.04
Aldopkr89: calls $0.04
*** FLOP *** [9d 6c Jd]
geroyapur: checks 
Aldopkr89: checks 
vero2610: bets $0.06
Dorex2007: raises $0.12 to $0.18
geroyapur: folds 
Aldopkr89: folds 
vero2610: raises $0.12 to $0.30
Dorex2007: raises $0.42 to $0.72
vero2610: calls $0.08 and is all-in
Uncalled bet ($0.34) returned to Dorex2007
*** TURN *** [9d 6c Jd] [6d]
*** RIVER *** [9d 6c Jd 6d] [Ah]
*** SHOW DOWN ***
vero2610: shows [Jh Jc] (a full house, Jacks full of Sixes)
Dorex2007: shows [9h 9c] (a full house, Nines full of Sixes)
vero2610 collected $0.97 from pot
*** SUMMARY ***
Total pot $1.01 | Rake $0.04 
Board [9d 6c Jd 6d Ah]
Seat 1: Dorex2007 showed [9h 9c] and lost with a full house, Nines full of Sixes
Seat 2: Filipe TPL (button) folded before Flop (didn't bet)
Seat 3: maxkxi (small blind) folded before Flop
Seat 5: geroyapur (big blind) folded on the Flop
Seat 6: Aldopkr89 folded on the Flop
Seat 7: vero2610 showed [Jh Jc] and won ($0.97) with a full house, Jacks full of Sixes
Seat 8: Tweedy620 folded before Flop (didn't bet)
Seat 9: GambitEvans folded before Flop (didn't bet)



PokerStars Hand #236828083568:  Hold'em No Limit ($0.01/$0.02 USD) - 2022/06/17 21:21:45 PT [2022/06/18 0:21:45 ET]
Table 'Krethon' 9-max Seat #3 is the button
Seat 1: Dorex2007 ($2 in chips) 
Seat 2: Filipe TPL ($0.87 in chips) 
Seat 3: maxkxi ($2.07 in chips) 
Seat 5: geroyapur ($2.49 in chips) 
Seat 6: Aldopkr89 ($1.11 in chips) 
Seat 7: vero2610 ($1.33 in chips) 
Seat 8: Tweedy620 ($1.87 in chips) 
Seat 9: GambitEvans ($0.77 in chips) 
geroyapur: posts small blind $0.01
Aldopkr89: posts big blind $0.02
*** HOLE CARDS ***
Dealt to Dorex2007 [5c Qd]
vero2610: folds 
Tweedy620: calls $0.02
GambitEvans: folds 
Dorex2007: folds 
Filipe TPL: folds 
maxkxi: folds 
geroyapur: raises $0.08 to $0.10
Aldopkr89: folds 
Tweedy620: folds 
Uncalled bet ($0.08) returned to geroyapur
geroyapur collected $0.06 from pot
geroyapur: doesn't show hand 
*** SUMMARY ***
Total pot $0.06 | Rake $0 
Seat 1: Dorex2007 folded before Flop (didn't bet)
Seat 2: Filipe TPL folded before Flop (didn't bet)
Seat 3: maxkxi (button) folded before Flop (didn't bet)
Seat 5: geroyapur (small blind) collected ($0.06)
Seat 6: Aldopkr89 (big blind) folded before Flop
Seat 7: vero2610 folded before Flop (didn't bet)
Seat 8: Tweedy620 folded before Flop
Seat 9: GambitEvans folded before Flop (didn't bet)



PokerStars Hand #236828087775:  Hold'em No Limit ($0.01/$0.02 USD) - 2022/06/17 21:22:14 PT [2022/06/18 0:22:14 ET]
Table 'Krethon' 9-max Seat #5 is the button
Seat 1: Dorex2007 ($2 in chips) 
Seat 2: Filipe TPL ($0.87 in chips) 
Seat 3: maxkxi ($2.07 in chips) 
Seat 5: geroyapur ($2.53 in chips) 
Seat 6: Aldopkr89 ($1.09 in chips) 
Seat 7: vero2610 ($1.33 in chips) 
Seat 8: Tweedy620 ($1.85 in chips) 
Seat 9: GambitEvans ($0.77 in chips) 
Aldopkr89: posts small blind $0.01
vero2610: posts big blind $0.02
*** HOLE CARDS ***
Dealt to Dorex2007 [3d 4s]
Tweedy620: folds 
GambitEvans: raises $0.02 to $0.04
Dorex2007: folds 
Filipe TPL: folds 
maxkxi: folds 
geroyapur: folds 
Aldopkr89: calls $0.03
vero2610: folds 
*** FLOP *** [Jd 2d 3c]
Aldopkr89: checks 
GambitEvans: checks 
*** TURN *** [Jd 2d 3c] [Js]
Aldopkr89: bets $0.10
GambitEvans: folds 
Uncalled bet ($0.10) returned to Aldopkr89
Aldopkr89 collected $0.10 from pot
Aldopkr89: doesn't show hand 
*** SUMMARY ***
Total pot $0.10 | Rake $0 
Board [Jd 2d 3c Js]
Seat 1: Dorex2007 folded before Flop (didn't bet)
Seat 2: Filipe TPL folded before Flop (didn't bet)
Seat 3: maxkxi folded before Flop (didn't bet)
Seat 5: geroyapur (button) folded before Flop (didn't bet)
Seat 6: Aldopkr89 (small blind) collected ($0.10)
Seat 7: vero2610 (big blind) folded before Flop
Seat 8: Tweedy620 folded before Flop (didn't bet)
Seat 9: GambitEvans folded on the Turn



PokerStars Hand #236828093691:  Hold'em No Limit ($0.01/$0.02 USD) - 2022/06/17 21:22:55 PT [2022/06/18 0:22:55 ET]
Table 'Krethon' 9-max Seat #6 is the button
Seat 1: Dorex2007 ($2 in chips) 
Seat 2: Filipe TPL ($0.87 in chips) 
Seat 3: maxkxi ($2.07 in chips) 
Seat 5: geroyapur ($2.53 in chips) 
Seat 6: Aldopkr89 ($1.15 in chips) 
Seat 7: vero2610 ($1.31 in chips) 
Seat 8: Tweedy620 ($1.85 in chips) 
Seat 9: GambitEvans ($0.73 in chips) 
vero2610: posts small blind $0.01
Tweedy620: posts big blind $0.02
*** HOLE CARDS ***
Dealt to Dorex2007 [7h Js]
GambitEvans: folds 
Dorex2007: folds 
Filipe TPL: folds 
maxkxi: calls $0.02
geroyapur has timed out
geroyapur: folds 
Aldopkr89: folds 
vero2610: folds 
Tweedy620: checks 
*** FLOP *** [6c Jc 9h]
Tweedy620: checks 
maxkxi: bets $0.05
Tweedy620: folds 
Uncalled bet ($0.05) returned to maxkxi
maxkxi collected $0.05 from pot
*** SUMMARY ***
Total pot $0.05 | Rake $0 
Board [6c Jc 9h]
Seat 1: Dorex2007 folded before Flop (didn't bet)
Seat 2: Filipe TPL folded before Flop (didn't bet)
Seat 3: maxkxi collected ($0.05)
Seat 5: geroyapur folded before Flop (didn't bet)
Seat 6: Aldopkr89 (button) folded before Flop (didn't bet)
Seat 7: vero2610 (small blind) folded before Flop
Seat 8: Tweedy620 (big blind) folded on the Flop
Seat 9: GambitEvans folded before Flop (didn't bet)



PokerStars Hand #236828098827:  Hold'em No Limit ($0.01/$0.02 USD) - 2022/06/17 21:23:31 PT [2022/06/18 0:23:31 ET]
Table 'Krethon' 9-max Seat #7 is the button
Seat 1: Dorex2007 ($2 in chips) 
Seat 2: Filipe TPL ($0.87 in chips) 
Seat 3: maxkxi ($2.10 in chips) 
Seat 5: geroyapur ($2.53 in chips) 
Seat 6: Aldopkr89 ($1.15 in chips) 
Seat 7: vero2610 ($1.30 in chips) 
Seat 8: Tweedy620 ($1.83 in chips) 
Seat 9: GambitEvans ($0.73 in chips) 
Tweedy620: posts small blind $0.01
GambitEvans: posts big blind $0.02
*** HOLE CARDS ***
Dealt to Dorex2007 [8c Ks]
Dorex2007: folds 
Filipe TPL: folds 
maxkxi: folds 
geroyapur: folds 
Aldopkr89: raises $0.04 to $0.06
vero2610: calls $0.06
Tweedy620: calls $0.05
GambitEvans: folds 
*** FLOP *** [3d 7c Jc]
Tweedy620: checks 
Aldopkr89: checks 
vero2610: bets $0.06
Tweedy620: calls $0.06
Aldopkr89: calls $0.06
*** TURN *** [3d 7c Jc] [Ac]
Tweedy620: checks 
Aldopkr89: checks 
vero2610: checks 
*** RIVER *** [3d 7c Jc Ac] [4d]
Tweedy620: checks 
Aldopkr89: bets $0.19
vero2610: calls $0.19
Tweedy620: folds 
*** SHOW DOWN ***
Aldopkr89: shows [Ah Qc] (a pair of Aces)
vero2610: shows [7s 7h] (three of a kind, Sevens)
vero2610 collected $0.73 from pot
*** SUMMARY ***
Total pot $0.76 | Rake $0.03 
Board [3d 7c Jc Ac 4d]
Seat 1: Dorex2007 folded before Flop (didn't bet)
Seat 2: Filipe TPL folded before Flop (didn't bet)
Seat 3: maxkxi folded before Flop (didn't bet)
Seat 5: geroyapur folded before Flop (didn't bet)
Seat 6: Aldopkr89 showed [Ah Qc] and lost with a pair of Aces
Seat 7: vero2610 (button) showed [7s 7h] and won ($0.73) with three of a kind, Sevens
Seat 8: Tweedy620 (small blind) folded on the River
Seat 9: GambitEvans (big blind) folded before Flop



PokerStars Hand #236828106958:  Hold'em No Limit ($0.01/$0.02 USD) - 2022/06/17 21:24:28 PT [2022/06/18 0:24:28 ET]
Table 'Krethon' 9-max Seat #8 is the button
Seat 1: Dorex2007 ($2 in chips) 
Seat 2: Filipe TPL ($0.87 in chips) 
Seat 3: maxkxi ($2.10 in chips) 
Seat 5: geroyapur ($2.53 in chips) 
Seat 6: Aldopkr89 ($0.84 in chips) 
Seat 7: vero2610 ($1.72 in chips) 
Seat 8: Tweedy620 ($1.71 in chips) 
Seat 9: GambitEvans ($0.71 in chips) 
GambitEvans: posts small blind $0.01
Dorex2007: posts big blind $0.02
*** HOLE CARDS ***
Dealt to Dorex2007 [Qd Ad]
Filipe TPL: folds 
maxkxi: folds 
geroyapur: folds 
Aldopkr89: folds 
vero2610: folds 
Tweedy620: raises $0.06 to $0.08
GambitEvans: folds 
Dorex2007: calls $0.06
*** FLOP *** [2d Ts 7h]
Dorex2007: checks 
Tweedy620: bets $0.16
Dorex2007: folds 
Uncalled bet ($0.16) returned to Tweedy620
Tweedy620 collected $0.16 from pot
Tweedy620: doesn't show hand 
*** SUMMARY ***
Total pot $0.17 | Rake $0.01 
Board [2d Ts 7h]
Seat 1: Dorex2007 (big blind) folded on the Flop
Seat 2: Filipe TPL folded before Flop (didn't bet)
Seat 3: maxkxi folded before Flop (didn't bet)
Seat 5: geroyapur folded before Flop (didn't bet)
Seat 6: Aldopkr89 folded before Flop (didn't bet)
Seat 7: vero2610 folded before Flop (didn't bet)
Seat 8: Tweedy620 (button) collected ($0.16)
Seat 9: GambitEvans (small blind) folded before Flop



PokerStars Hand #236828111144:  Hold'em No Limit ($0.01/$0.02 USD) - 2022/06/17 21:24:56 PT [2022/06/18 0:24:56 ET]
Table 'Krethon' 9-max Seat #9 is the button
Seat 1: Dorex2007 ($2 in chips) 
Seat 2: Filipe TPL ($0.87 in chips) 
Seat 3: maxkxi ($2.10 in chips) 
Seat 5: geroyapur ($2.53 in chips) 
Seat 6: Aldopkr89 ($0.84 in chips) 
Seat 7: vero2610 ($1.72 in chips) 
Seat 8: Tweedy620 ($1.79 in chips) 
Seat 9: GambitEvans ($0.70 in chips) 
Dorex2007: posts small blind $0.01
Filipe TPL: posts big blind $0.02
*** HOLE CARDS ***
Dealt to Dorex2007 [Ah Js]
maxkxi: calls $0.02
geroyapur: folds 
Aldopkr89: folds 
vero2610: folds 
Tweedy620: calls $0.02
GambitEvans: folds 
Dorex2007: folds 
Filipe TPL: checks 
*** FLOP *** [Jd Td 5c]
Filipe TPL: checks 
maxkxi: bets $0.07
Tweedy620: folds 
Filipe TPL: folds 
Uncalled bet ($0.07) returned to maxkxi
maxkxi collected $0.07 from pot
*** SUMMARY ***
Total pot $0.07 | Rake $0 
Board [Jd Td 5c]
Seat 1: Dorex2007 (small blind) folded before Flop
Seat 2: Filipe TPL (big blind) folded on the Flop
Seat 3: maxkxi collected ($0.07)
Seat 5: geroyapur folded before Flop (didn't bet)
Seat 6: Aldopkr89 folded before Flop (didn't bet)
Seat 7: vero2610 folded before Flop (didn't bet)
Seat 8: Tweedy620 folded on the Flop
Seat 9: GambitEvans (button) folded before Flop (didn't bet)



PokerStars Hand #236828115645:  Hold'em No Limit ($0.01/$0.02 USD) - 2022/06/17 21:25:28 PT [2022/06/18 0:25:28 ET]
Table 'Krethon' 9-max Seat #1 is the button
Seat 1: Dorex2007 ($2 in chips) 
Seat 2: Filipe TPL ($0.85 in chips) 
Seat 3: maxkxi ($2.15 in chips) 
Seat 5: geroyapur ($2.53 in chips) 
Seat 6: Aldopkr89 ($0.84 in chips) 
Seat 7: vero2610 ($1.72 in chips) 
Seat 8: Tweedy620 ($1.77 in chips) 
Seat 9: GambitEvans ($0.70 in chips) 
Filipe TPL: posts small blind $0.01
maxkxi: posts big blind $0.02
*** HOLE CARDS ***
Dealt to Dorex2007 [2c 9h]
geroyapur: folds 
Aldopkr89: folds 
vero2610: folds 
Tweedy620: calls $0.02
GambitEvans: folds 
Dorex2007: folds 
Filipe TPL: folds 
maxkxi: raises $0.06 to $0.08
Tweedy620: folds 
Uncalled bet ($0.06) returned to maxkxi
maxkxi collected $0.05 from pot
*** SUMMARY ***
Total pot $0.05 | Rake $0 
Seat 1: Dorex2007 (button) folded before Flop (didn't bet)
Seat 2: Filipe TPL (small blind) folded before Flop
Seat 3: maxkxi (big blind) collected ($0.05)
Seat 5: geroyapur folded before Flop (didn't bet)
Seat 6: Aldopkr89 folded before Flop (didn't bet)
Seat 7: vero2610 folded before Flop (didn't bet)
Seat 8: Tweedy620 folded before Flop
Seat 9: GambitEvans folded before Flop (didn't bet)



PokerStars Hand #236828118032:  Hold'em No Limit ($0.01/$0.02 USD) - 2022/06/17 21:25:45 PT [2022/06/18 0:25:45 ET]
Table 'Krethon' 9-max Seat #2 is the button
Seat 1: Dorex2007 ($2 in chips) 
Seat 2: Filipe TPL ($0.84 in chips) 
Seat 3: maxkxi ($2.18 in chips) 
Seat 5: geroyapur ($2.53 in chips) 
Seat 6: Aldopkr89 ($0.84 in chips) 
Seat 7: vero2610 ($1.72 in chips) 
Seat 8: Tweedy620 ($1.75 in chips) 
Seat 9: GambitEvans ($0.70 in chips) 
maxkxi: posts small blind $0.01
geroyapur: posts big blind $0.02
*** HOLE CARDS ***
Dealt to Dorex2007 [Qs 5h]
Aldopkr89: folds 
vero2610: folds 
Tweedy620: folds 
GambitEvans: raises $0.02 to $0.04
Dorex2007: folds 
Filipe TPL: folds 
maxkxi: calls $0.03
geroyapur: calls $0.02
*** FLOP *** [7c As Qh]
maxkxi: checks 
geroyapur: checks 
GambitEvans: bets $0.06
maxkxi: calls $0.06
geroyapur: folds 
*** TURN *** [7c As Qh] [7s]
maxkxi: checks 
GambitEvans: checks 
*** RIVER *** [7c As Qh 7s] [2c]
maxkxi: checks 
GambitEvans: checks 
*** SHOW DOWN ***
maxkxi: shows [Tc Kd] (a pair of Sevens)
GambitEvans: shows [Ah 3c] (two pair, Aces and Sevens)
GambitEvans collected $0.23 from pot
*** SUMMARY ***
Total pot $0.24 | Rake $0.01 
Board [7c As Qh 7s 2c]
Seat 1: Dorex2007 folded before Flop (didn't bet)
Seat 2: Filipe TPL (button) folded before Flop (didn't bet)
Seat 3: maxkxi (small blind) showed [Tc Kd] and lost with a pair of Sevens
Seat 5: geroyapur (big blind) folded on the Flop
Seat 6: Aldopkr89 folded before Flop (didn't bet)
Seat 7: vero2610 folded before Flop (didn't bet)
Seat 8: Tweedy620 folded before Flop (didn't bet)
Seat 9: GambitEvans showed [Ah 3c] and won ($0.23) with two pair, Aces and Sevens



PokerStars Hand #236828137330:  Hold'em No Limit ($0.01/$0.02 USD) - 2022/06/17 21:26:58 PT [2022/06/18 0:26:58 ET]
Table 'Krethon' 9-max Seat #3 is the button
Seat 1: Dorex2007 ($2 in chips) 
Seat 2: Filipe TPL ($0.84 in chips) 
Seat 3: maxkxi ($2.08 in chips) 
Seat 5: geroyapur ($2.49 in chips) 
Seat 6: Aldopkr89 ($0.84 in chips) 
Seat 7: vero2610 ($1.72 in chips) 
Seat 8: Tweedy620 ($1.75 in chips) 
Seat 9: GambitEvans ($0.83 in chips) 
geroyapur: posts small blind $0.01
Aldopkr89: posts big blind $0.02
*** HOLE CARDS ***
Dealt to Dorex2007 [8h Td]
vero2610: folds 
Tweedy620: folds 
GambitEvans: folds 
Dorex2007: folds 
Filipe TPL: raises $0.02 to $0.04
maxkxi: folds 
geroyapur: folds 
Aldopkr89: folds 
Uncalled bet ($0.02) returned to Filipe TPL
geroyapur leaves the table
Filipe TPL collected $0.05 from pot
Filipe TPL: doesn't show hand 
*** SUMMARY ***
Total pot $0.05 | Rake $0 
Seat 1: Dorex2007 folded before Flop (didn't bet)
Seat 2: Filipe TPL collected ($0.05)
Seat 3: maxkxi (button) folded before Flop (didn't bet)
Seat 5: geroyapur (small blind) folded before Flop
Seat 6: Aldopkr89 (big blind) folded before Flop
Seat 7: vero2610 folded before Flop (didn't bet)
Seat 8: Tweedy620 folded before Flop (didn't bet)
Seat 9: GambitEvans folded before Flop (didn't bet)



PokerStars Hand #236828142759:  Hold'em No Limit ($0.01/$0.02 USD) - 2022/06/17 21:27:35 PT [2022/06/18 0:27:35 ET]
Table 'Krethon' 9-max Seat #6 is the button
Seat 1: Dorex2007 ($2 in chips) 
Seat 2: Filipe TPL ($0.87 in chips) 
Seat 3: maxkxi ($2.08 in chips) 
Seat 6: Aldopkr89 ($0.82 in chips) 
Seat 7: vero2610 ($1.72 in chips) 
Seat 9: GambitEvans ($0.83 in chips) 
vero2610: posts small blind $0.01
GambitEvans: posts big blind $0.02
*** HOLE CARDS ***
Dealt to Dorex2007 [7c Kd]
Dorex2007: folds 
Filipe TPL: folds 
maxkxi: folds 
bulabula83161 joins the table at seat #5 
Aldopkr89: raises $0.04 to $0.06
vero2610: folds 
GambitEvans: folds 
Uncalled bet ($0.04) returned to Aldopkr89
Aldopkr89 collected $0.05 from pot
Aldopkr89: doesn't show hand 
*** SUMMARY ***
Total pot $0.05 | Rake $0 
Seat 1: Dorex2007 folded before Flop (didn't bet)
Seat 2: Filipe TPL folded before Flop (didn't bet)
Seat 3: maxkxi folded before Flop (didn't bet)
Seat 6: Aldopkr89 (button) collected ($0.05)
Seat 7: vero2610 (small blind) folded before Flop
Seat 9: GambitEvans (big blind) folded before Flop



PokerStars Hand #236828145792:  Hold'em No Limit ($0.01/$0.02 USD) - 2022/06/17 21:27:56 PT [2022/06/18 0:27:56 ET]
Table 'Krethon' 9-max Seat #7 is the button
Seat 1: Dorex2007 ($2 in chips) 
Seat 2: Filipe TPL ($0.87 in chips) 
Seat 3: maxkxi ($2.08 in chips) 
Seat 6: Aldopkr89 ($0.85 in chips) 
Seat 7: vero2610 ($1.71 in chips) 
Seat 9: GambitEvans ($0.81 in chips) 
GambitEvans: posts small blind $0.01
Dorex2007: posts big blind $0.02
bulabula83161: sits out 
*** HOLE CARDS ***
Dealt to Dorex2007 [Kd 3d]
Filipe TPL: folds 
maxkxi: folds 
Aldopkr89: folds 
vero2610: folds 
GambitEvans: folds 
Uncalled bet ($0.01) returned to Dorex2007
Dorex2007 collected $0.02 from pot
Dorex2007: doesn't show hand 
*** SUMMARY ***
Total pot $0.02 | Rake $0 
Seat 1: Dorex2007 (big blind) collected ($0.02)
Seat 2: Filipe TPL folded before Flop (didn't bet)
Seat 3: maxkxi folded before Flop (didn't bet)
Seat 6: Aldopkr89 folded before Flop (didn't bet)
Seat 7: vero2610 (button) folded before Flop (didn't bet)
Seat 9: GambitEvans (small blind) folded before Flop



PokerStars Hand #236828147823:  Hold'em No Limit ($0.01/$0.02 USD) - 2022/06/17 21:28:10 PT [2022/06/18 0:28:10 ET]
Table 'Krethon' 9-max Seat #9 is the button
Seat 1: Dorex2007 ($2.01 in chips) 
Seat 2: Filipe TPL ($0.87 in chips) 
Seat 3: maxkxi ($2.08 in chips) 
Seat 6: Aldopkr89 ($0.85 in chips) 
Seat 7: vero2610 ($1.71 in chips) 
Seat 9: GambitEvans ($0.80 in chips) 
Dorex2007: posts small blind $0.01
Filipe TPL: posts big blind $0.02
bulabula83161: sits out 
*** HOLE CARDS ***
Dealt to Dorex2007 [4s Tc]
maxkxi: folds 
Aldopkr89: folds 
vero2610: folds 
smopower leaves the table
GambitEvans: raises $0.02 to $0.04
Dorex2007: folds 
Filipe TPL: folds 
Uncalled bet ($0.02) returned to GambitEvans
GambitEvans collected $0.05 from pot
GambitEvans: doesn't show hand 
*** SUMMARY ***
Total pot $0.05 | Rake $0 
Seat 1: Dorex2007 (small blind) folded before Flop
Seat 2: Filipe TPL (big blind) folded before Flop
Seat 3: maxkxi folded before Flop (didn't bet)
Seat 6: Aldopkr89 folded before Flop (didn't bet)
Seat 7: vero2610 folded before Flop (didn't bet)
Seat 9: GambitEvans (button) collected ($0.05)



PokerStars Hand #236828150932:  Hold'em No Limit ($0.01/$0.02 USD) - 2022/06/17 21:28:32 PT [2022/06/18 0:28:32 ET]
Table 'Krethon' 9-max Seat #1 is the button
Seat 1: Dorex2007 ($2 in chips) 
Seat 2: Filipe TPL ($0.85 in chips) 
Seat 3: maxkxi ($2.08 in chips) 
Seat 6: Aldopkr89 ($0.85 in chips) 
Seat 7: vero2610 ($1.71 in chips) 
Seat 9: GambitEvans ($0.83 in chips) 
Filipe TPL: posts small blind $0.01
maxkxi: posts big blind $0.02
bulabula83161: sits out 
*** HOLE CARDS ***
Dealt to Dorex2007 [7c 3h]
KLB5 joins the table at seat #4 
Aldopkr89: folds 
vero2610: folds 
KLB5 leaves the table
GambitEvans: folds 
Dorex2007: folds 
Filipe TPL: folds 
Uncalled bet ($0.01) returned to maxkxi
maxkxi collected $0.02 from pot
*** SUMMARY ***
Total pot $0.02 | Rake $0 
Seat 1: Dorex2007 (button) folded before Flop (didn't bet)
Seat 2: Filipe TPL (small blind) folded before Flop
Seat 3: maxkxi (big blind) collected ($0.02)
Seat 6: Aldopkr89 folded before Flop (didn't bet)
Seat 7: vero2610 folded before Flop (didn't bet)
Seat 9: GambitEvans folded before Flop (didn't bet)



PokerStars Hand #236828153874:  Hold'em No Limit ($0.01/$0.02 USD) - 2022/06/17 21:28:52 PT [2022/06/18 0:28:52 ET]
Table 'Krethon' 9-max Seat #2 is the button
Seat 1: Dorex2007 ($2 in chips) 
Seat 2: Filipe TPL ($0.84 in chips) 
Seat 3: maxkxi ($2.09 in chips) 
Seat 5: bulabula83161 ($1.60 in chips) 
Seat 6: Aldopkr89 ($0.85 in chips) 
Seat 7: vero2610 ($1.71 in chips) 
Seat 9: GambitEvans ($0.83 in chips) 
maxkxi: posts small blind $0.01
bulabula83161: posts big blind $0.02
*** HOLE CARDS ***
Dealt to Dorex2007 [4s 6s]
Aldopkr89: calls $0.02
vero2610: folds 
drawmonkey8 joins the table at seat #4 
GambitEvans: folds 
Dorex2007: folds 
Filipe TPL: folds 
maxkxi: calls $0.01
bulabula83161: raises $0.06 to $0.08
Aldopkr89: calls $0.06
maxkxi: calls $0.06
*** FLOP *** [2d 3s Qc]
maxkxi: checks 
bulabula83161: checks 
Aldopkr89: checks 
*** TURN *** [2d 3s Qc] [Kc]
maxkxi: checks 
bulabula83161: bets $0.12
Aldopkr89: calls $0.12
maxkxi: folds 
*** RIVER *** [2d 3s Qc Kc] [5d]
bulabula83161: checks 
Aldopkr89: checks 
*** SHOW DOWN ***
bulabula83161: shows [Jc Ts] (high card King)
Aldopkr89: shows [9d Kd] (a pair of Kings)
Aldopkr89 collected $0.46 from pot
*** SUMMARY ***
Total pot $0.48 | Rake $0.02 
Board [2d 3s Qc Kc 5d]
Seat 1: Dorex2007 folded before Flop (didn't bet)
Seat 2: Filipe TPL (button) folded before Flop (didn't bet)
Seat 3: maxkxi (small blind) folded on the Turn
Seat 5: bulabula83161 (big blind) showed [Jc Ts] and lost with high card King
Seat 6: Aldopkr89 showed [9d Kd] and won ($0.46) with a pair of Kings
Seat 7: vero2610 folded before Flop (didn't bet)
Seat 9: GambitEvans folded before Flop (didn't bet)



PokerStars Hand #236828166506:  Hold'em No Limit ($0.01/$0.02 USD) - 2022/06/17 21:29:58 PT [2022/06/18 0:29:58 ET]
Table 'Krethon' 9-max Seat #3 is the button
Seat 1: Dorex2007 ($2 in chips) 
Seat 2: Filipe TPL ($0.84 in chips) 
Seat 3: maxkxi ($2.01 in chips) 
Seat 5: bulabula83161 ($1.40 in chips) 
Seat 6: Aldopkr89 ($1.11 in chips) 
Seat 7: vero2610 ($1.71 in chips) 
Seat 9: GambitEvans ($0.83 in chips) 
bulabula83161: posts small blind $0.01
Aldopkr89: posts big blind $0.02
*** HOLE CARDS ***
Dealt to Dorex2007 [Jh 7c]
vero2610: folds 
GambitEvans: folds 
Dorex2007: folds 
Filipe TPL: raises $0.02 to $0.04
maxkxi: calls $0.04
bulabula83161: raises $0.14 to $0.18
Aldopkr89: folds 
Filipe TPL: folds 
maxkxi: folds 
Uncalled bet ($0.14) returned to bulabula83161
bulabula83161 collected $0.14 from pot
bulabula83161: doesn't show hand 
*** SUMMARY ***
Total pot $0.14 | Rake $0 
Seat 1: Dorex2007 folded before Flop (didn't bet)
Seat 2: Filipe TPL folded before Flop
Seat 3: maxkxi (button) folded before Flop
Seat 5: bulabula83161 (small blind) collected ($0.14)
Seat 6: Aldopkr89 (big blind) folded before Flop
Seat 7: vero2610 folded before Flop (didn't bet)
Seat 9: GambitEvans folded before Flop (didn't bet)



PokerStars Hand #236828171558:  Hold'em No Limit ($0.01/$0.02 USD) - 2022/06/17 21:30:33 PT [2022/06/18 0:30:33 ET]
Table 'Krethon' 9-max Seat #5 is the button
Seat 1: Dorex2007 ($2 in chips) 
Seat 2: Filipe TPL ($0.80 in chips) 
Seat 3: maxkxi ($1.97 in chips) 
Seat 4: drawmonkey8 ($1.60 in chips) 
Seat 5: bulabula83161 ($1.50 in chips) 
Seat 6: Aldopkr89 ($1.09 in chips) 
Seat 7: vero2610 ($1.71 in chips) 
Seat 9: GambitEvans ($0.83 in chips) 
Aldopkr89: posts small blind $0.01
vero2610: posts big blind $0.02
drawmonkey8: posts big blind $0.02
*** HOLE CARDS ***
Dealt to Dorex2007 [3d 6h]
GambitEvans: raises $0.02 to $0.04
Dorex2007: folds 
Filipe TPL: folds 
maxkxi: folds 
drawmonkey8: calls $0.02
bulabula83161: calls $0.04
Aldopkr89: folds 
vero2610: folds 
*** FLOP *** [Td 5c 2c]
GambitEvans: checks 
drawmonkey8: checks 
bulabula83161: bets $0.14
GambitEvans: folds 
drawmonkey8: folds 
Uncalled bet ($0.14) returned to bulabula83161
bulabula83161 collected $0.14 from pot
bulabula83161: doesn't show hand 
*** SUMMARY ***
Total pot $0.15 | Rake $0.01 
Board [Td 5c 2c]
Seat 1: Dorex2007 folded before Flop (didn't bet)
Seat 2: Filipe TPL folded before Flop (didn't bet)
Seat 3: maxkxi folded before Flop (didn't bet)
Seat 4: drawmonkey8 folded on the Flop
Seat 5: bulabula83161 (button) collected ($0.14)
Seat 6: Aldopkr89 (small blind) folded before Flop
Seat 7: vero2610 (big blind) folded before Flop
Seat 9: GambitEvans folded on the Flop



PokerStars Hand #236828178639:  Hold'em No Limit ($0.01/$0.02 USD) - 2022/06/17 21:31:22 PT [2022/06/18 0:31:22 ET]
Table 'Krethon' 9-max Seat #6 is the button
Seat 1: Dorex2007 ($2 in chips) 
Seat 2: Filipe TPL ($0.80 in chips) 
Seat 3: maxkxi ($1.97 in chips) 
Seat 4: drawmonkey8 ($1.56 in chips) 
Seat 5: bulabula83161 ($1.60 in chips) 
Seat 6: Aldopkr89 ($1.08 in chips) 
Seat 7: vero2610 ($1.69 in chips) 
Seat 9: GambitEvans ($0.79 in chips) 
vero2610: posts small blind $0.01
GambitEvans: posts big blind $0.02
*** HOLE CARDS ***
Dealt to Dorex2007 [Kh 3s]
Dorex2007: folds 
Filipe TPL: folds 
maxkxi: folds 
drawmonkey8: raises $0.04 to $0.06
bulabula83161: folds 
Aldopkr89: folds 
vero2610: calls $0.05
GambitEvans: folds 
*** FLOP *** [Qs 9c Kd]
vero2610: checks 
drawmonkey8: bets $0.08
vero2610: calls $0.08
*** TURN *** [Qs 9c Kd] [4h]
vero2610: checks 
drawmonkey8: bets $0.14
vero2610: folds 
Uncalled bet ($0.14) returned to drawmonkey8
drawmonkey8 collected $0.29 from pot
drawmonkey8: doesn't show hand 
*** SUMMARY ***
Total pot $0.30 | Rake $0.01 
Board [Qs 9c Kd 4h]
Seat 1: Dorex2007 folded before Flop (didn't bet)
Seat 2: Filipe TPL folded before Flop (didn't bet)
Seat 3: maxkxi folded before Flop (didn't bet)
Seat 4: drawmonkey8 collected ($0.29)
Seat 5: bulabula83161 folded before Flop (didn't bet)
Seat 6: Aldopkr89 (button) folded before Flop (didn't bet)
Seat 7: vero2610 (small blind) folded on the Turn
Seat 9: GambitEvans (big blind) folded before Flop



PokerStars Hand #236828185090:  Hold'em No Limit ($0.01/$0.02 USD) - 2022/06/17 21:32:07 PT [2022/06/18 0:32:07 ET]
Table 'Krethon' 9-max Seat #7 is the button
Seat 1: Dorex2007 ($2 in chips) 
Seat 2: Filipe TPL ($0.80 in chips) 
Seat 3: maxkxi ($1.97 in chips) 
Seat 4: drawmonkey8 ($1.71 in chips) 
Seat 5: bulabula83161 ($1.60 in chips) 
Seat 6: Aldopkr89 ($1.08 in chips) 
Seat 7: vero2610 ($1.55 in chips) 
Seat 9: GambitEvans ($0.77 in chips) 
GambitEvans: posts small blind $0.01
Dorex2007: posts big blind $0.02
*** HOLE CARDS ***
Dealt to Dorex2007 [3c 7h]
Filipe TPL: folds 
maxkxi: folds 
drawmonkey8: calls $0.02
bulabula83161: calls $0.02
Aldopkr89: folds 
vero2610: folds 
GambitEvans: calls $0.01
Dorex2007: checks 
*** FLOP *** [Qd 9c Kh]
GambitEvans: checks 
Dorex2007: checks 
drawmonkey8: bets $0.08
bulabula83161: calls $0.08
GambitEvans: folds 
Dorex2007: folds 
*** TURN *** [Qd 9c Kh] [3h]
drawmonkey8: checks 
bulabula83161: bets $0.12
drawmonkey8: calls $0.12
*** RIVER *** [Qd 9c Kh 3h] [Th]
drawmonkey8: bets $0.16
bulabula83161: folds 
Uncalled bet ($0.16) returned to drawmonkey8
drawmonkey8 collected $0.46 from pot
drawmonkey8: doesn't show hand 
*** SUMMARY ***
Total pot $0.48 | Rake $0.02 
Board [Qd 9c Kh 3h Th]
Seat 1: Dorex2007 (big blind) folded on the Flop
Seat 2: Filipe TPL folded before Flop (didn't bet)
Seat 3: maxkxi folded before Flop (didn't bet)
Seat 4: drawmonkey8 collected ($0.46)
Seat 5: bulabula83161 folded on the River
Seat 6: Aldopkr89 folded before Flop (didn't bet)
Seat 7: vero2610 (button) folded before Flop (didn't bet)
Seat 9: GambitEvans (small blind) folded on the Flop



PokerStars Hand #236828195317:  Hold'em No Limit ($0.01/$0.02 USD) - 2022/06/17 21:33:18 PT [2022/06/18 0:33:18 ET]
Table 'Krethon' 9-max Seat #9 is the button
Seat 1: Dorex2007 ($2 in chips) 
Seat 2: Filipe TPL ($0.80 in chips) 
Seat 3: maxkxi ($1.97 in chips) 
Seat 4: drawmonkey8 ($1.95 in chips) 
Seat 5: bulabula83161 ($1.38 in chips) 
Seat 6: Aldopkr89 ($1.08 in chips) 
Seat 7: vero2610 ($1.55 in chips) 
Seat 9: GambitEvans ($0.75 in chips) 
Dorex2007: posts small blind $0.01
Filipe TPL: posts big blind $0.02
Tweedy620: sits out 
*** HOLE CARDS ***
Dealt to Dorex2007 [Ah Tc]
maxkxi: raises $0.04 to $0.06
drawmonkey8: calls $0.06
bulabula83161: folds 
Aldopkr89: folds 
vero2610: folds 
GambitEvans: folds 
Dorex2007: calls $0.05
Filipe TPL: calls $0.04
*** FLOP *** [Kc 6c Jh]
Dorex2007: checks 
Filipe TPL: checks 
maxkxi: bets $0.10
drawmonkey8: calls $0.10
Dorex2007: folds 
Filipe TPL: folds 
*** TURN *** [Kc 6c Jh] [4c]
maxkxi: bets $0.12
drawmonkey8: raises $0.12 to $0.24
maxkxi: calls $0.12
*** RIVER *** [Kc 6c Jh 4c] [Qc]
maxkxi: checks 
drawmonkey8: checks 
*** SHOW DOWN ***
maxkxi: shows [Js Jd] (three of a kind, Jacks)
drawmonkey8: shows [5h 5c] (a flush, King high)
drawmonkey8 collected $0.89 from pot
*** SUMMARY ***
Total pot $0.92 | Rake $0.03 
Board [Kc 6c Jh 4c Qc]
Seat 1: Dorex2007 (small blind) folded on the Flop
Seat 2: Filipe TPL (big blind) folded on the Flop
Seat 3: maxkxi showed [Js Jd] and lost with three of a kind, Jacks
Seat 4: drawmonkey8 showed [5h 5c] and won ($0.89) with a flush, King high
Seat 5: bulabula83161 folded before Flop (didn't bet)
Seat 6: Aldopkr89 folded before Flop (didn't bet)
Seat 7: vero2610 folded before Flop (didn't bet)
Seat 9: GambitEvans (button) folded before Flop (didn't bet)



PokerStars Hand #236828204145:  Hold'em No Limit ($0.01/$0.02 USD) - 2022/06/17 21:34:21 PT [2022/06/18 0:34:21 ET]
Table 'Krethon' 9-max Seat #1 is the button
Seat 1: Dorex2007 ($2 in chips) 
Seat 2: Filipe TPL ($0.74 in chips) 
Seat 3: maxkxi ($1.57 in chips) 
Seat 4: drawmonkey8 ($2.44 in chips) 
Seat 6: Aldopkr89 ($1.08 in chips) 
Seat 7: vero2610 ($1.55 in chips) 
Seat 8: Tweedy620 ($1.75 in chips) 
Seat 9: GambitEvans ($0.75 in chips) 
Filipe TPL: posts small blind $0.01
maxkxi: posts big blind $0.02
Tweedy620: posts small & big blinds $0.03
*** HOLE CARDS ***
Dealt to Dorex2007 [Ks 5s]
drawmonkey8: folds 
Aldopkr89: folds 
vero2610: calls $0.02
Tweedy620: checks 
GambitEvans: folds 
Dorex2007: folds 
Filipe TPL: folds 
maxkxi: checks 
*** FLOP *** [2c 6c 6d]
maxkxi: checks 
vero2610: checks 
Tweedy620: checks 
*** TURN *** [2c 6c 6d] [Js]
maxkxi: checks 
vero2610: checks 
Tweedy620: checks 
*** RIVER *** [2c 6c 6d Js] [5d]
maxkxi: checks 
vero2610: checks 
Tweedy620: checks 
*** SHOW DOWN ***
maxkxi: shows [5h 9c] (two pair, Sixes and Fives)
vero2610: mucks hand 
Tweedy620: mucks hand 
maxkxi collected $0.08 from pot
*** SUMMARY ***
Total pot $0.08 | Rake $0 
Board [2c 6c 6d Js 5d]
Seat 1: Dorex2007 (button) folded before Flop (didn't bet)
Seat 2: Filipe TPL (small blind) folded before Flop
Seat 3: maxkxi (big blind) showed [5h 9c] and won ($0.08) with two pair, Sixes and Fives
Seat 4: drawmonkey8 folded before Flop (didn't bet)
Seat 6: Aldopkr89 folded before Flop (didn't bet)
Seat 7: vero2610 mucked [7s As]
Seat 8: Tweedy620 mucked [8h 2s]
Seat 9: GambitEvans folded before Flop (didn't bet)



PokerStars Hand #236828211049:  Hold'em No Limit ($0.01/$0.02 USD) - 2022/06/17 21:35:09 PT [2022/06/18 0:35:09 ET]
Table 'Krethon' 9-max Seat #2 is the button
Seat 1: Dorex2007 ($2 in chips) 
Seat 2: Filipe TPL ($0.73 in chips) 
Seat 3: maxkxi ($1.63 in chips) 
Seat 4: drawmonkey8 ($2.44 in chips) 
Seat 6: Aldopkr89 ($1.08 in chips) 
Seat 7: vero2610 ($1.53 in chips) 
Seat 8: Tweedy620 ($1.72 in chips) 
Seat 9: GambitEvans ($0.75 in chips) 
maxkxi: posts small blind $0.01
drawmonkey8: posts big blind $0.02
*** HOLE CARDS ***
Dealt to Dorex2007 [Qc 5d]
Aldopkr89: folds 
vero2610: folds 
Tweedy620: calls $0.02
GambitEvans: folds 
Dorex2007: folds 
Filipe TPL: folds 
maxkxi: calls $0.01
drawmonkey8: raises $0.06 to $0.08
Tweedy620: folds 
maxkxi: calls $0.06
*** FLOP *** [3h 8h 6c]
maxkxi: bets $0.10
drawmonkey8: calls $0.10
*** TURN *** [3h 8h 6c] [4c]
maxkxi: checks 
drawmonkey8: bets $0.14
maxkxi: calls $0.14
*** RIVER *** [3h 8h 6c 4c] [6s]
maxkxi: checks 
drawmonkey8: bets $0.18
maxkxi: calls $0.18
*** SHOW DOWN ***
drawmonkey8: shows [Ts Td] (two pair, Tens and Sixes)
maxkxi: mucks hand 
drawmonkey8 collected $0.98 from pot
*** SUMMARY ***
Total pot $1.02 | Rake $0.04 
Board [3h 8h 6c 4c 6s]
Seat 1: Dorex2007 folded before Flop (didn't bet)
Seat 2: Filipe TPL (button) folded before Flop (didn't bet)
Seat 3: maxkxi (small blind) mucked [3s Ah]
Seat 4: drawmonkey8 (big blind) showed [Ts Td] and won ($0.98) with two pair, Tens and Sixes
Seat 6: Aldopkr89 folded before Flop (didn't bet)
Seat 7: vero2610 folded before Flop (didn't bet)
Seat 8: Tweedy620 folded before Flop
Seat 9: GambitEvans folded before Flop (didn't bet)



PokerStars Hand #236828225442:  Hold'em No Limit ($0.01/$0.02 USD) - 2022/06/17 21:36:49 PT [2022/06/18 0:36:49 ET]
Table 'Krethon' 9-max Seat #3 is the button
Seat 1: Dorex2007 ($2 in chips) 
Seat 2: Filipe TPL ($0.73 in chips) 
Seat 3: maxkxi ($1.13 in chips) 
Seat 4: drawmonkey8 ($2.92 in chips) 
Seat 6: Aldopkr89 ($1.08 in chips) 
Seat 7: vero2610 ($1.53 in chips) 
Seat 8: Tweedy620 ($1.70 in chips) 
Seat 9: GambitEvans ($0.75 in chips) 
drawmonkey8: posts small blind $0.01
Aldopkr89: posts big blind $0.02
*** HOLE CARDS ***
Dealt to Dorex2007 [Jh 9h]
vero2610: folds 
Tweedy620: folds 
GambitEvans: raises $0.02 to $0.04
Dorex2007: folds 
Filipe TPL: calls $0.04
maxkxi: calls $0.04
drawmonkey8: calls $0.03
Aldopkr89: folds 
*** FLOP *** [9s 4d Kd]
drawmonkey8: checks 
GambitEvans: checks 
Filipe TPL: checks 
maxkxi: checks 
*** TURN *** [9s 4d Kd] [2c]
drawmonkey8: bets $0.06
GambitEvans: folds 
Filipe TPL: folds 
maxkxi: folds 
Uncalled bet ($0.06) returned to drawmonkey8
drawmonkey8 collected $0.17 from pot
drawmonkey8: doesn't show hand 
*** SUMMARY ***
Total pot $0.18 | Rake $0.01 
Board [9s 4d Kd 2c]
Seat 1: Dorex2007 folded before Flop (didn't bet)
Seat 2: Filipe TPL folded on the Turn
Seat 3: maxkxi (button) folded on the Turn
Seat 4: drawmonkey8 (small blind) collected ($0.17)
Seat 6: Aldopkr89 (big blind) folded before Flop
Seat 7: vero2610 folded before Flop (didn't bet)
Seat 8: Tweedy620 folded before Flop (didn't bet)
Seat 9: GambitEvans folded on the Turn



PokerStars Hand #236828233229:  Hold'em No Limit ($0.01/$0.02 USD) - 2022/06/17 21:37:44 PT [2022/06/18 0:37:44 ET]
Table 'Krethon' 9-max Seat #4 is the button
Seat 1: Dorex2007 ($2 in chips) 
Seat 2: Filipe TPL ($0.69 in chips) 
Seat 3: maxkxi ($1.09 in chips) 
Seat 4: drawmonkey8 ($3.05 in chips) 
Seat 6: Aldopkr89 ($1.06 in chips) 
Seat 7: vero2610 ($1.53 in chips) 
Seat 8: Tweedy620 ($1.70 in chips) 
Seat 9: GambitEvans ($0.71 in chips) 
Aldopkr89: posts small blind $0.01
vero2610: posts big blind $0.02
*** HOLE CARDS ***
Dealt to Dorex2007 [As Qh]
Tweedy620: folds 
GambitEvans: raises $0.02 to $0.04
Dorex2007: folds 
Filipe TPL: folds 
maxkxi: folds 
maxkxi leaves the table
drawmonkey8: folds 
Aldopkr89: folds 
vero2610: folds 
Uncalled bet ($0.02) returned to GambitEvans
GambitEvans collected $0.05 from pot
GambitEvans: doesn't show hand 
*** SUMMARY ***
Total pot $0.05 | Rake $0 
Seat 1: Dorex2007 folded before Flop (didn't bet)
Seat 2: Filipe TPL folded before Flop (didn't bet)
Seat 3: maxkxi folded before Flop (didn't bet)
Seat 4: drawmonkey8 (button) folded before Flop (didn't bet)
Seat 6: Aldopkr89 (small blind) folded before Flop
Seat 7: vero2610 (big blind) folded before Flop
Seat 8: Tweedy620 folded before Flop (didn't bet)
Seat 9: GambitEvans collected ($0.05)



PokerStars Hand #236828235707:  Hold'em No Limit ($0.01/$0.02 USD) - 2022/06/17 21:38:01 PT [2022/06/18 0:38:01 ET]
Table 'Krethon' 9-max Seat #6 is the button
Seat 1: Dorex2007 ($2 in chips) 
Seat 2: Filipe TPL ($0.69 in chips) 
Seat 4: drawmonkey8 ($3.05 in chips) 
Seat 6: Aldopkr89 ($1.05 in chips) 
Seat 7: vero2610 ($1.51 in chips) 
Seat 8: Tweedy620 ($1.70 in chips) 
Seat 9: GambitEvans ($0.74 in chips) 
vero2610: posts small blind $0.01
Tweedy620: posts big blind $0.02
*** HOLE CARDS ***
Dealt to Dorex2007 [7c Ad]
GambitEvans: raises $0.02 to $0.04
Dorex2007: folds 
enixblr joins the table at seat #3 
Filipe TPL: calls $0.04
drawmonkey8: folds 
Aldopkr89: folds 
vero2610: folds 
Tweedy620: folds 
*** FLOP *** [2s 8d Jd]
GambitEvans: bets $0.06
Filipe TPL: calls $0.06
*** TURN *** [2s 8d Jd] [2d]
GambitEvans: checks 
Filipe TPL: checks 
*** RIVER *** [2s 8d Jd 2d] [4c]
GambitEvans: checks 
Filipe TPL: checks 
*** SHOW DOWN ***
GambitEvans: shows [Th Tc] (two pair, Tens and Deuces)
Filipe TPL: mucks hand 
GambitEvans collected $0.22 from pot
*** SUMMARY ***
Total pot $0.23 | Rake $0.01 
Board [2s 8d Jd 2d 4c]
Seat 1: Dorex2007 folded before Flop (didn't bet)
Seat 2: Filipe TPL mucked [Kc 8c]
Seat 4: drawmonkey8 folded before Flop (didn't bet)
Seat 6: Aldopkr89 (button) folded before Flop (didn't bet)
Seat 7: vero2610 (small blind) folded before Flop
Seat 8: Tweedy620 (big blind) folded before Flop
Seat 9: GambitEvans showed [Th Tc] and won ($0.22) with two pair, Tens and Deuces



PokerStars Hand #236828241636:  Hold'em No Limit ($0.01/$0.02 USD) - 2022/06/17 21:38:44 PT [2022/06/18 0:38:44 ET]
Table 'Krethon' 9-max Seat #7 is the button
Seat 1: Dorex2007 ($2 in chips) 
Seat 2: Filipe TPL ($0.59 in chips) 
Seat 4: drawmonkey8 ($3.05 in chips) 
Seat 6: Aldopkr89 ($1.05 in chips) 
Seat 7: vero2610 ($1.50 in chips) 
Seat 8: Tweedy620 ($1.68 in chips) 
Seat 9: GambitEvans ($0.86 in chips) 
Tweedy620: posts small blind $0.01
GambitEvans: posts big blind $0.02
enixblr: sits out 
*** HOLE CARDS ***
Dealt to Dorex2007 [9h 9s]
Dorex2007: calls $0.02
Filipe TPL: folds 
drawmonkey8: folds 
Aldopkr89: folds 
vero2610: folds 
Tweedy620: calls $0.01
GambitEvans: checks 
*** FLOP *** [Kh 7s 6h]
Tweedy620: checks 
GambitEvans: checks 
Dorex2007: checks 
*** TURN *** [Kh 7s 6h] [7d]
Tweedy620: bets $0.08
GambitEvans: folds 
Dorex2007: folds 
Uncalled bet ($0.08) returned to Tweedy620
Tweedy620 collected $0.06 from pot
Tweedy620: doesn't show hand 
*** SUMMARY ***
Total pot $0.06 | Rake $0 
Board [Kh 7s 6h 7d]
Seat 1: Dorex2007 folded on the Turn
Seat 2: Filipe TPL folded before Flop (didn't bet)
Seat 4: drawmonkey8 folded before Flop (didn't bet)
Seat 6: Aldopkr89 folded before Flop (didn't bet)
Seat 7: vero2610 (button) folded before Flop (didn't bet)
Seat 8: Tweedy620 (small blind) collected ($0.06)
Seat 9: GambitEvans (big blind) folded on the Turn



PokerStars Hand #236828249052:  Hold'em No Limit ($0.01/$0.02 USD) - 2022/06/17 21:39:36 PT [2022/06/18 0:39:36 ET]
Table 'Krethon' 9-max Seat #8 is the button
Seat 1: Dorex2007 ($2 in chips) 
Seat 2: Filipe TPL ($0.59 in chips) 
Seat 4: drawmonkey8 ($3.05 in chips) 
Seat 6: Aldopkr89 ($1.05 in chips) 
Seat 7: vero2610 ($1.50 in chips) 
Seat 8: Tweedy620 ($1.72 in chips) 
Seat 9: GambitEvans ($0.84 in chips) 
GambitEvans: posts small blind $0.01
Dorex2007: posts big blind $0.02
enixblr: sits out 
*** HOLE CARDS ***
Dealt to Dorex2007 [As 5d]
Filipe TPL: folds 
drawmonkey8: folds 
Aldopkr89: folds 
vero2610: calls $0.02
Tweedy620: calls $0.02
GambitEvans: folds 
Dorex2007: checks 
*** FLOP *** [3s 5h 5c]
Dorex2007: bets $0.07
vero2610: folds 
Tweedy620: folds 
Uncalled bet ($0.07) returned to Dorex2007
Dorex2007 collected $0.07 from pot
Dorex2007: doesn't show hand 
*** SUMMARY ***
Total pot $0.07 | Rake $0 
Board [3s 5h 5c]
Seat 1: Dorex2007 (big blind) collected ($0.07)
Seat 2: Filipe TPL folded before Flop (didn't bet)
Seat 4: drawmonkey8 folded before Flop (didn't bet)
Seat 6: Aldopkr89 folded before Flop (didn't bet)
Seat 7: vero2610 folded on the Flop
Seat 8: Tweedy620 (button) folded on the Flop
Seat 9: GambitEvans (small blind) folded before Flop



PokerStars Hand #236828252992:  Hold'em No Limit ($0.01/$0.02 USD) - 2022/06/17 21:40:04 PT [2022/06/18 0:40:04 ET]
Table 'Krethon' 9-max Seat #9 is the button
Seat 1: Dorex2007 ($2.05 in chips) 
Seat 2: Filipe TPL ($0.59 in chips) 
Seat 4: drawmonkey8 ($3.05 in chips) 
Seat 6: Aldopkr89 ($1.05 in chips) 
Seat 7: vero2610 ($1.48 in chips) 
Seat 8: Tweedy620 ($1.70 in chips) 
Seat 9: GambitEvans ($0.83 in chips) 
Dorex2007: posts small blind $0.01
Filipe TPL: posts big blind $0.02
enixblr: sits out 
*** HOLE CARDS ***
Dealt to Dorex2007 [As Ah]
drawmonkey8: raises $0.04 to $0.06
Aldopkr89: folds 
vero2610: folds 
Tweedy620: folds 
GambitEvans: folds 
Dorex2007: raises $0.08 to $0.14
Filipe TPL: folds 
drawmonkey8: calls $0.08
*** FLOP *** [Kh Th 9h]
Dorex2007: bets $0.29
drawmonkey8: folds 
Uncalled bet ($0.29) returned to Dorex2007
Dorex2007 collected $0.29 from pot
Dorex2007: doesn't show hand 
*** SUMMARY ***
Total pot $0.30 | Rake $0.01 
Board [Kh Th 9h]
Seat 1: Dorex2007 (small blind) collected ($0.29)
Seat 2: Filipe TPL (big blind) folded before Flop
Seat 4: drawmonkey8 folded on the Flop
Seat 6: Aldopkr89 folded before Flop (didn't bet)
Seat 7: vero2610 folded before Flop (didn't bet)
Seat 8: Tweedy620 folded before Flop (didn't bet)
Seat 9: GambitEvans (button) folded before Flop (didn't bet)



