PokerStars Hand #237262595751:  Hold'em No Limit ($0.01/$0.02 USD) - 2022/07/09 15:13:21 PT [2022/07/09 18:13:21 ET]
Table 'Roehla II' 9-max Seat #5 is the button
Seat 1: HecticNo1 ($3.54 in chips) 
Seat 2: Acehool ($3.52 in chips) 
Seat 4: Dorex2007 ($2 in chips) 
Seat 5: fritz233 ($2 in chips) 
Seat 6: ara0200 ($6.82 in chips) 
Seat 7: Il0vebear ($2.03 in chips) 
ara0200: posts small blind $0.01
Il0vebear: posts big blind $0.02
Dorex2007: posts big blind $0.02
*** HOLE CARDS ***
Dealt to Dorex2007 [Ks 8d]
HecticNo1: calls $0.02
gangster127 leaves the table
Acehool: folds 
Dorex2007: checks 
fritz233: calls $0.02
ara0200: raises $0.04 to $0.06
Il0vebear: folds 
HecticNo1: calls $0.04
Dorex2007: folds 
fraser0702 joins the table at seat #9 
fritz233: calls $0.04
*** FLOP *** [Ac 3h 5c]
ara0200: checks 
HecticNo1: bets $0.06
fritz233: calls $0.06
ara0200: folds 
*** TURN *** [Ac 3h 5c] [5h]
HecticNo1: checks 
fritz233: bets $0.19
HecticNo1: calls $0.19
*** RIVER *** [Ac 3h 5c 5h] [9c]
HecticNo1: checks 
fritz233: checks 
*** SHOW DOWN ***
HecticNo1: shows [Ad Jd] (two pair, Aces and Fives)
fritz233: mucks hand 
HecticNo1 collected $0.69 from pot
*** SUMMARY ***
Total pot $0.72 | Rake $0.03 
Board [Ac 3h 5c 5h 9c]
Seat 1: HecticNo1 showed [Ad Jd] and won ($0.69) with two pair, Aces and Fives
Seat 2: Acehool folded before Flop (didn't bet)
Seat 4: Dorex2007 folded before Flop (didn't bet)
Seat 5: fritz233 (button) mucked [7h 6h]
Seat 6: ara0200 (small blind) folded on the Flop
Seat 7: Il0vebear (big blind) folded before Flop



PokerStars Hand #237262621075:  Hold'em No Limit ($0.01/$0.02 USD) - 2022/07/09 15:14:43 PT [2022/07/09 18:14:43 ET]
Table 'Roehla II' 9-max Seat #6 is the button
Seat 1: HecticNo1 ($3.92 in chips) 
Seat 2: Acehool ($3.52 in chips) 
Seat 4: Dorex2007 ($2 in chips) 
Seat 5: fritz233 ($2 in chips) 
Seat 6: ara0200 ($6.76 in chips) 
Seat 7: Il0vebear ($2.01 in chips) 
Seat 9: fraser0702 ($2 in chips) 
Il0vebear: posts small blind $0.01
fraser0702: posts big blind $0.02
*** HOLE CARDS ***
Dealt to Dorex2007 [8s 5s]
razvaneelN1 joins the table at seat #8 
HecticNo1: folds 
Acehool: folds 
Dorex2007: folds 
fritz233: folds 
ara0200: raises $0.04 to $0.06
Il0vebear: raises $0.16 to $0.22
fraser0702: raises $0.80 to $1.02
ara0200: folds 
Il0vebear: raises $0.99 to $2.01 and is all-in
fraser0702: calls $0.98 and is all-in
Uncalled bet ($0.01) returned to Il0vebear
*** FLOP *** [Kd 3c Ah]
*** TURN *** [Kd 3c Ah] [Ks]
*** RIVER *** [Kd 3c Ah Ks] [Kh]
*** SHOW DOWN ***
Il0vebear: shows [Qd Qc] (a full house, Kings full of Queens)
fraser0702: shows [4h 8h] (three of a kind, Kings)
Il0vebear collected $3.92 from pot
fraser0702 cashed out the hand for $0.72 | Cash Out Fee $0.01
*** SUMMARY ***
Total pot $4.06 | Rake $0.14 
Board [Kd 3c Ah Ks Kh]
Seat 1: HecticNo1 folded before Flop (didn't bet)
Seat 2: Acehool folded before Flop (didn't bet)
Seat 4: Dorex2007 folded before Flop (didn't bet)
Seat 5: fritz233 folded before Flop (didn't bet)
Seat 6: ara0200 (button) folded before Flop
Seat 7: Il0vebear (small blind) showed [Qd Qc] and won ($3.92) with a full house, Kings full of Queens
Seat 9: fraser0702 (big blind) showed [4h 8h] and lost with three of a kind, Kings (cashed out).



PokerStars Hand #237262640288:  Hold'em No Limit ($0.01/$0.02 USD) - 2022/07/09 15:15:44 PT [2022/07/09 18:15:44 ET]
Table 'Roehla II' 9-max Seat #7 is the button
Seat 1: HecticNo1 ($3.92 in chips) 
Seat 2: Acehool ($3.52 in chips) 
Seat 4: Dorex2007 ($2 in chips) 
Seat 5: fritz233 ($2 in chips) 
Seat 6: ara0200 ($6.70 in chips) 
Seat 7: Il0vebear ($3.93 in chips) 
Seat 9: fraser0702 ($0.72 in chips) 
fraser0702: posts small blind $0.01
HecticNo1: posts big blind $0.02
*** HOLE CARDS ***
Dealt to Dorex2007 [Kh Kc]
Acehool: calls $0.02
Dorex2007: raises $0.06 to $0.08
fritz233: folds 
ara0200: folds 
Il0vebear: folds 
fraser0702: folds 
HecticNo1: calls $0.06
Acehool: calls $0.06
*** FLOP *** [2d Ad Th]
fraser0702 leaves the table
HecticNo1: checks 
Acehool: checks 
Dorex2007: bets $0.06
HecticNo1: calls $0.06
Acehool: folds 
*** TURN *** [2d Ad Th] [4s]
HecticNo1: checks 
Dorex2007: checks 
*** RIVER *** [2d Ad Th 4s] [9c]
HecticNo1: bets $0.08
bubutos69 joins the table at seat #9 
Dorex2007: folds 
Uncalled bet ($0.08) returned to HecticNo1
HecticNo1 collected $0.36 from pot
*** SUMMARY ***
Total pot $0.37 | Rake $0.01 
Board [2d Ad Th 4s 9c]
Seat 1: HecticNo1 (big blind) collected ($0.36)
Seat 2: Acehool folded on the Flop
Seat 4: Dorex2007 folded on the River
Seat 5: fritz233 folded before Flop (didn't bet)
Seat 6: ara0200 folded before Flop (didn't bet)
Seat 7: Il0vebear (button) folded before Flop (didn't bet)
Seat 9: fraser0702 (small blind) folded before Flop



PokerStars Hand #237262655198:  Hold'em No Limit ($0.01/$0.02 USD) - 2022/07/09 15:16:33 PT [2022/07/09 18:16:33 ET]
Table 'Roehla II' 9-max Seat #1 is the button
Seat 1: HecticNo1 ($4.14 in chips) 
Seat 2: Acehool ($3.44 in chips) 
Seat 4: Dorex2007 ($2 in chips) 
Seat 5: fritz233 ($2 in chips) 
Seat 6: ara0200 ($6.70 in chips) 
Seat 7: Il0vebear ($3.93 in chips) 
Acehool: posts small blind $0.01
Dorex2007: posts big blind $0.02
razvaneelN1: sits out 
bubutos69: sits out 
*** HOLE CARDS ***
Dealt to Dorex2007 [Qh 6s]
fritz233: folds 
ara0200: raises $0.04 to $0.06
Il0vebear: folds 
HecticNo1: folds 
Acehool: calls $0.05
Dorex2007: folds 
*** FLOP *** [9h Qs 6c]
Acehool: checks 
ara0200: bets $0.07
Acehool: calls $0.07
*** TURN *** [9h Qs 6c] [Qc]
Acehool: checks 
ara0200: checks 
*** RIVER *** [9h Qs 6c Qc] [Kc]
Acehool: bets $0.04
ara0200: raises $0.15 to $0.19
Acehool: folds 
Uncalled bet ($0.15) returned to ara0200
ara0200 collected $0.35 from pot
*** SUMMARY ***
Total pot $0.36 | Rake $0.01 
Board [9h Qs 6c Qc Kc]
Seat 1: HecticNo1 (button) folded before Flop (didn't bet)
Seat 2: Acehool (small blind) folded on the River
Seat 4: Dorex2007 (big blind) folded before Flop
Seat 5: fritz233 folded before Flop (didn't bet)
Seat 6: ara0200 collected ($0.35)
Seat 7: Il0vebear folded before Flop (didn't bet)



PokerStars Hand #237262680771:  Hold'em No Limit ($0.01/$0.02 USD) - 2022/07/09 15:17:56 PT [2022/07/09 18:17:56 ET]
Table 'Roehla II' 9-max Seat #2 is the button
Seat 1: HecticNo1 ($4.14 in chips) 
Seat 2: Acehool ($3.27 in chips) 
Seat 4: Dorex2007 ($2 in chips) 
Seat 5: fritz233 ($2 in chips) 
Seat 6: ara0200 ($6.88 in chips) 
Seat 7: Il0vebear ($3.93 in chips) 
Dorex2007: posts small blind $0.01
fritz233: posts big blind $0.02
razvaneelN1: sits out 
bubutos69: sits out 
*** HOLE CARDS ***
Dealt to Dorex2007 [Ah Ac]
ara0200: folds 
Il0vebear: folds 
HecticNo1: folds 
Acehool: calls $0.02
Dorex2007: raises $0.04 to $0.06
fritz233: calls $0.04
Acehool: calls $0.04
*** FLOP *** [2h 7h Qd]
Dorex2007: bets $0.17
fritz233: folds 
Acehool: folds 
Uncalled bet ($0.17) returned to Dorex2007
Dorex2007 collected $0.17 from pot
*** SUMMARY ***
Total pot $0.18 | Rake $0.01 
Board [2h 7h Qd]
Seat 1: HecticNo1 folded before Flop (didn't bet)
Seat 2: Acehool (button) folded on the Flop
Seat 4: Dorex2007 (small blind) collected ($0.17)
Seat 5: fritz233 (big blind) folded on the Flop
Seat 6: ara0200 folded before Flop (didn't bet)
Seat 7: Il0vebear folded before Flop (didn't bet)



PokerStars Hand #237262692247:  Hold'em No Limit ($0.01/$0.02 USD) - 2022/07/09 15:18:34 PT [2022/07/09 18:18:34 ET]
Table 'Roehla II' 9-max Seat #4 is the button
Seat 1: HecticNo1 ($4.14 in chips) 
Seat 2: Acehool ($3.21 in chips) 
Seat 4: Dorex2007 ($2.11 in chips) 
Seat 5: fritz233 ($2 in chips) 
Seat 6: ara0200 ($6.88 in chips) 
Seat 7: Il0vebear ($3.93 in chips) 
fritz233: posts small blind $0.01
ara0200: posts big blind $0.02
razvaneelN1: sits out 
bubutos69: sits out 
*** HOLE CARDS ***
Dealt to Dorex2007 [2h Js]
Il0vebear: folds 
HecticNo1: calls $0.02
Acehool: calls $0.02
Dorex2007: folds 
fritz233: folds 
ara0200: raises $0.08 to $0.10
HecticNo1: folds 
Acehool: calls $0.08
*** FLOP *** [Qd 8h 3c]
ara0200: bets $0.07
Acehool: calls $0.07
*** TURN *** [Qd 8h 3c] [3h]
ara0200: bets $0.10
Acehool: calls $0.10
*** RIVER *** [Qd 8h 3c 3h] [4c]
ara0200: bets $0.28
Acehool: folds 
Uncalled bet ($0.28) returned to ara0200
ara0200 collected $0.55 from pot
*** SUMMARY ***
Total pot $0.57 | Rake $0.02 
Board [Qd 8h 3c 3h 4c]
Seat 1: HecticNo1 folded before Flop
Seat 2: Acehool folded on the River
Seat 4: Dorex2007 (button) folded before Flop (didn't bet)
Seat 5: fritz233 (small blind) folded before Flop
Seat 6: ara0200 (big blind) collected ($0.55)
Seat 7: Il0vebear folded before Flop (didn't bet)



PokerStars Hand #237262713934:  Hold'em No Limit ($0.01/$0.02 USD) - 2022/07/09 15:19:45 PT [2022/07/09 18:19:45 ET]
Table 'Roehla II' 9-max Seat #6 is the button
Seat 1: HecticNo1 ($4.12 in chips) 
Seat 2: Acehool ($2.94 in chips) 
Seat 4: Dorex2007 ($2.11 in chips) 
Seat 6: ara0200 ($7.16 in chips) 
Seat 7: Il0vebear ($3.93 in chips) 
Seat 8: razvaneelN1 ($2 in chips) 
Il0vebear: posts small blind $0.01
razvaneelN1: posts big blind $0.02
bubutos69: sits out 
*** HOLE CARDS ***
Dealt to Dorex2007 [7s Ac]
HecticNo1: raises $0.04 to $0.06
Acehool: calls $0.06
Dorex2007: folds 
ara0200: folds 
Il0vebear: calls $0.05
razvaneelN1: folds 
*** FLOP *** [Jc Qh 2d]
Il0vebear: checks 
HecticNo1: bets $0.06
Acehool: calls $0.06
Il0vebear: folds 
*** TURN *** [Jc Qh 2d] [2h]
HecticNo1: bets $0.06
Acehool: calls $0.06
*** RIVER *** [Jc Qh 2d 2h] [3s]
HecticNo1: bets $0.10
Acehool: calls $0.10
*** SHOW DOWN ***
HecticNo1: shows [Ah Qc] (two pair, Queens and Deuces)
Acehool: mucks hand 
HecticNo1 collected $0.62 from pot
*** SUMMARY ***
Total pot $0.64 | Rake $0.02 
Board [Jc Qh 2d 2h 3s]
Seat 1: HecticNo1 showed [Ah Qc] and won ($0.62) with two pair, Queens and Deuces
Seat 2: Acehool mucked [As Kc]
Seat 4: Dorex2007 folded before Flop (didn't bet)
Seat 6: ara0200 (button) folded before Flop (didn't bet)
Seat 7: Il0vebear (small blind) folded on the Flop
Seat 8: razvaneelN1 (big blind) folded before Flop



PokerStars Hand #237262724942:  Hold'em No Limit ($0.01/$0.02 USD) - 2022/07/09 15:20:21 PT [2022/07/09 18:20:21 ET]
Table 'Roehla II' 9-max Seat #7 is the button
Seat 1: HecticNo1 ($4.46 in chips) 
Seat 2: Acehool ($2.66 in chips) 
Seat 4: Dorex2007 ($2.11 in chips) 
Seat 6: ara0200 ($7.16 in chips) 
Seat 7: Il0vebear ($3.87 in chips) 
Seat 8: razvaneelN1 ($1.98 in chips) 
Seat 9: bubutos69 ($2 in chips) 
razvaneelN1: posts small blind $0.01
bubutos69: posts big blind $0.02
*** HOLE CARDS ***
Dealt to Dorex2007 [Th 4c]
HecticNo1: folds 
Acehool: calls $0.02
Dorex2007: folds 
ara0200: raises $0.02 to $0.04
Il0vebear: folds 
razvaneelN1: folds 
bubutos69: calls $0.02
Acehool: calls $0.02
*** FLOP *** [Qc 5h Ac]
bubutos69: checks 
Acehool: checks 
ara0200: bets $0.06
bubutos69: folds 
Acehool: folds 
Uncalled bet ($0.06) returned to ara0200
ara0200 collected $0.13 from pot
*** SUMMARY ***
Total pot $0.13 | Rake $0 
Board [Qc 5h Ac]
Seat 1: HecticNo1 folded before Flop (didn't bet)
Seat 2: Acehool folded on the Flop
Seat 4: Dorex2007 folded before Flop (didn't bet)
Seat 6: ara0200 collected ($0.13)
Seat 7: Il0vebear (button) folded before Flop (didn't bet)
Seat 8: razvaneelN1 (small blind) folded before Flop
Seat 9: bubutos69 (big blind) folded on the Flop



PokerStars Hand #237262741118:  Hold'em No Limit ($0.01/$0.02 USD) - 2022/07/09 15:21:13 PT [2022/07/09 18:21:13 ET]
Table 'Roehla II' 9-max Seat #8 is the button
Seat 1: HecticNo1 ($4.46 in chips) 
Seat 2: Acehool ($2.62 in chips) 
Seat 4: Dorex2007 ($2.11 in chips) 
Seat 5: fritz233 ($2 in chips) 
Seat 6: ara0200 ($7.25 in chips) 
Seat 7: Il0vebear ($3.87 in chips) 
Seat 8: razvaneelN1 ($1.97 in chips) 
Seat 9: bubutos69 ($2 in chips) 
bubutos69: posts small blind $0.01
HecticNo1: posts big blind $0.02
*** HOLE CARDS ***
Dealt to Dorex2007 [Td 2h]
Acehool: folds 
Dorex2007: folds 
fritz233: folds 
ara0200: raises $0.04 to $0.06
Il0vebear: folds 
razvaneelN1: raises $0.08 to $0.14
bubutos69: folds 
HecticNo1: folds 
ara0200: calls $0.08
*** FLOP *** [Qs 8h As]
ara0200: checks 
razvaneelN1: bets $0.18
ara0200: folds 
Uncalled bet ($0.18) returned to razvaneelN1
razvaneelN1 collected $0.30 from pot
*** SUMMARY ***
Total pot $0.31 | Rake $0.01 
Board [Qs 8h As]
Seat 1: HecticNo1 (big blind) folded before Flop
Seat 2: Acehool folded before Flop (didn't bet)
Seat 4: Dorex2007 folded before Flop (didn't bet)
Seat 5: fritz233 folded before Flop (didn't bet)
Seat 6: ara0200 folded on the Flop
Seat 7: Il0vebear folded before Flop (didn't bet)
Seat 8: razvaneelN1 (button) collected ($0.30)
Seat 9: bubutos69 (small blind) folded before Flop



PokerStars Hand #237262754616:  Hold'em No Limit ($0.01/$0.02 USD) - 2022/07/09 15:21:57 PT [2022/07/09 18:21:57 ET]
Table 'Roehla II' 9-max Seat #9 is the button
Seat 1: HecticNo1 ($4.44 in chips) 
Seat 2: Acehool ($2.62 in chips) 
Seat 4: Dorex2007 ($2.11 in chips) 
Seat 5: fritz233 ($2 in chips) 
Seat 6: ara0200 ($7.11 in chips) 
Seat 7: Il0vebear ($3.87 in chips) 
Seat 8: razvaneelN1 ($2.13 in chips) 
Seat 9: bubutos69 ($2 in chips) 
HecticNo1: posts small blind $0.01
Acehool: posts big blind $0.02
*** HOLE CARDS ***
Dealt to Dorex2007 [2d Qc]
Dorex2007: folds 
fritz233: folds 
ara0200: calls $0.02
Il0vebear: folds 
razvaneelN1: raises $0.02 to $0.04
bubutos69: folds 
HecticNo1: calls $0.03
Acehool: folds 
ara0200: calls $0.02
*** FLOP *** [6c 6h 8h]
HecticNo1: checks 
ara0200: checks 
razvaneelN1: checks 
*** TURN *** [6c 6h 8h] [9s]
HecticNo1: checks 
ara0200: bets $0.02
razvaneelN1: calls $0.02
fritz233 leaves the table
0RB BR0 leaves the table
HecticNo1: folds 
*** RIVER *** [6c 6h 8h 9s] [6d]
ara0200: bets $0.06
razvaneelN1: raises $0.12 to $0.18
Arieelarrieta joins the table at seat #3 
Char P-3 joins the table at seat #5 
ara0200: folds 
Uncalled bet ($0.12) returned to razvaneelN1
razvaneelN1 collected $0.29 from pot
*** SUMMARY ***
Total pot $0.30 | Rake $0.01 
Board [6c 6h 8h 9s 6d]
Seat 1: HecticNo1 (small blind) folded on the Turn
Seat 2: Acehool (big blind) folded before Flop
Seat 4: Dorex2007 folded before Flop (didn't bet)
Seat 5: fritz233 folded before Flop (didn't bet)
Seat 6: ara0200 folded on the River
Seat 7: Il0vebear folded before Flop (didn't bet)
Seat 8: razvaneelN1 collected ($0.29)
Seat 9: bubutos69 (button) folded before Flop (didn't bet)



PokerStars Hand #237262788237:  Hold'em No Limit ($0.01/$0.02 USD) - 2022/07/09 15:23:23 PT [2022/07/09 18:23:23 ET]
Table 'Roehla II' 9-max Seat #1 is the button
Seat 1: HecticNo1 ($4.40 in chips) 
Seat 2: Acehool ($2.60 in chips) 
Seat 3: Arieelarrieta ($2 in chips) 
Seat 4: Dorex2007 ($2.11 in chips) 
Seat 6: ara0200 ($6.99 in chips) 
Seat 7: Il0vebear ($3.87 in chips) 
Seat 8: razvaneelN1 ($2.30 in chips) 
Seat 9: bubutos69 ($2 in chips) 
Acehool: posts small blind $0.01
Arieelarrieta: posts big blind $0.02
Char P-3: sits out 
*** HOLE CARDS ***
Dealt to Dorex2007 [9h Qc]
Dorex2007: folds 
ara0200: folds 
Il0vebear: folds 
razvaneelN1: folds 
bubutos69: calls $0.02
HecticNo1: folds 
Acehool: folds 
Arieelarrieta: checks 
*** FLOP *** [9c Jd Kc]
Arieelarrieta: checks 
bubutos69: bets $0.05
Arieelarrieta: folds 
Uncalled bet ($0.05) returned to bubutos69
bubutos69 collected $0.05 from pot
*** SUMMARY ***
Total pot $0.05 | Rake $0 
Board [9c Jd Kc]
Seat 1: HecticNo1 (button) folded before Flop (didn't bet)
Seat 2: Acehool (small blind) folded before Flop
Seat 3: Arieelarrieta (big blind) folded on the Flop
Seat 4: Dorex2007 folded before Flop (didn't bet)
Seat 6: ara0200 folded before Flop (didn't bet)
Seat 7: Il0vebear folded before Flop (didn't bet)
Seat 8: razvaneelN1 folded before Flop (didn't bet)
Seat 9: bubutos69 collected ($0.05)



PokerStars Hand #237262803354:  Hold'em No Limit ($0.01/$0.02 USD) - 2022/07/09 15:24:12 PT [2022/07/09 18:24:12 ET]
Table 'Roehla II' 9-max Seat #2 is the button
Seat 1: HecticNo1 ($4.40 in chips) 
Seat 2: Acehool ($2.59 in chips) 
Seat 3: Arieelarrieta ($1.98 in chips) 
Seat 4: Dorex2007 ($2.11 in chips) 
Seat 6: ara0200 ($6.99 in chips) 
Seat 7: Il0vebear ($3.87 in chips) 
Seat 8: razvaneelN1 ($2.30 in chips) 
Seat 9: bubutos69 ($2.03 in chips) 
Arieelarrieta: posts small blind $0.01
Dorex2007: posts big blind $0.02
Char P-3: sits out 
*** HOLE CARDS ***
Dealt to Dorex2007 [Jh Kd]
ara0200: folds 
Il0vebear has timed out
Il0vebear: folds 
razvaneelN1: raises $0.04 to $0.06
bubutos69: raises $0.14 to $0.20
HecticNo1: folds 
Acehool: folds 
Arieelarrieta: folds 
Dorex2007: folds 
razvaneelN1: folds 
Uncalled bet ($0.14) returned to bubutos69
bubutos69 collected $0.15 from pot
*** SUMMARY ***
Total pot $0.15 | Rake $0 
Seat 1: HecticNo1 folded before Flop (didn't bet)
Seat 2: Acehool (button) folded before Flop (didn't bet)
Seat 3: Arieelarrieta (small blind) folded before Flop
Seat 4: Dorex2007 (big blind) folded before Flop
Seat 6: ara0200 folded before Flop (didn't bet)
Seat 7: Il0vebear folded before Flop (didn't bet)
Seat 8: razvaneelN1 folded before Flop
Seat 9: bubutos69 collected ($0.15)



PokerStars Hand #237262817265:  Hold'em No Limit ($0.01/$0.02 USD) - 2022/07/09 15:24:59 PT [2022/07/09 18:24:59 ET]
Table 'Roehla II' 9-max Seat #3 is the button
Seat 1: HecticNo1 ($4.40 in chips) 
Seat 2: Acehool ($2.59 in chips) 
Seat 3: Arieelarrieta ($1.97 in chips) 
Seat 4: Dorex2007 ($2.09 in chips) 
Seat 5: Char P-3 ($1 in chips) 
Seat 6: ara0200 ($6.99 in chips) 
Seat 7: Il0vebear ($3.87 in chips) 
Seat 8: razvaneelN1 ($2.24 in chips) 
Seat 9: bubutos69 ($2.12 in chips) 
Dorex2007: posts small blind $0.01
Char P-3: posts big blind $0.02
*** HOLE CARDS ***
Dealt to Dorex2007 [5s 7c]
ara0200: folds 
Il0vebear: folds 
razvaneelN1: folds 
bubutos69: folds 
HecticNo1: folds 
Acehool: calls $0.02
Arieelarrieta: calls $0.02
Dorex2007: folds 
Char P-3: raises $0.04 to $0.06
Acehool: calls $0.04
Arieelarrieta: calls $0.04
*** FLOP *** [Tc Qd Qs]
Char P-3: bets $0.08
Acehool: folds 
Arieelarrieta: folds 
Uncalled bet ($0.08) returned to Char P-3
Char P-3 collected $0.18 from pot
*** SUMMARY ***
Total pot $0.19 | Rake $0.01 
Board [Tc Qd Qs]
Seat 1: HecticNo1 folded before Flop (didn't bet)
Seat 2: Acehool folded on the Flop
Seat 3: Arieelarrieta (button) folded on the Flop
Seat 4: Dorex2007 (small blind) folded before Flop
Seat 5: Char P-3 (big blind) collected ($0.18)
Seat 6: ara0200 folded before Flop (didn't bet)
Seat 7: Il0vebear folded before Flop (didn't bet)
Seat 8: razvaneelN1 folded before Flop (didn't bet)
Seat 9: bubutos69 folded before Flop (didn't bet)



PokerStars Hand #237262832803:  Hold'em No Limit ($0.01/$0.02 USD) - 2022/07/09 15:25:50 PT [2022/07/09 18:25:50 ET]
Table 'Roehla II' 9-max Seat #4 is the button
Seat 1: HecticNo1 ($4.40 in chips) 
Seat 2: Acehool ($2.53 in chips) 
Seat 3: Arieelarrieta ($1.91 in chips) 
Seat 4: Dorex2007 ($2.08 in chips) 
Seat 5: Char P-3 ($1.12 in chips) 
Seat 6: ara0200 ($6.99 in chips) 
Seat 7: Il0vebear ($3.87 in chips) 
Seat 8: razvaneelN1 ($2.24 in chips) 
Seat 9: bubutos69 ($2.12 in chips) 
Char P-3: posts small blind $0.01
ara0200: posts big blind $0.02
*** HOLE CARDS ***
Dealt to Dorex2007 [6c 6h]
Il0vebear: folds 
razvaneelN1: folds 
bubutos69: folds 
HecticNo1: folds 
Acehool: folds 
Arieelarrieta: raises $0.02 to $0.04
Dorex2007: calls $0.04
Char P-3: folds 
ara0200: calls $0.02
*** FLOP *** [3c Tc 2d]
ara0200: checks 
Arieelarrieta: bets $0.06
Dorex2007: folds 
ara0200: folds 
Uncalled bet ($0.06) returned to Arieelarrieta
Arieelarrieta collected $0.13 from pot
*** SUMMARY ***
Total pot $0.13 | Rake $0 
Board [3c Tc 2d]
Seat 1: HecticNo1 folded before Flop (didn't bet)
Seat 2: Acehool folded before Flop (didn't bet)
Seat 3: Arieelarrieta collected ($0.13)
Seat 4: Dorex2007 (button) folded on the Flop
Seat 5: Char P-3 (small blind) folded before Flop
Seat 6: ara0200 (big blind) folded on the Flop
Seat 7: Il0vebear folded before Flop (didn't bet)
Seat 8: razvaneelN1 folded before Flop (didn't bet)
Seat 9: bubutos69 folded before Flop (didn't bet)



PokerStars Hand #237262850436:  Hold'em No Limit ($0.01/$0.02 USD) - 2022/07/09 15:26:47 PT [2022/07/09 18:26:47 ET]
Table 'Roehla II' 9-max Seat #5 is the button
Seat 1: HecticNo1 ($4.40 in chips) 
Seat 2: Acehool ($2.53 in chips) 
Seat 3: Arieelarrieta ($2 in chips) 
Seat 4: Dorex2007 ($2.04 in chips) 
Seat 5: Char P-3 ($1.11 in chips) 
Seat 6: ara0200 ($6.95 in chips) 
Seat 7: Il0vebear ($3.87 in chips) 
Seat 8: razvaneelN1 ($2.24 in chips) 
Seat 9: bubutos69 ($2.12 in chips) 
ara0200: posts small blind $0.01
Il0vebear: posts big blind $0.02
*** HOLE CARDS ***
Dealt to Dorex2007 [8d 3h]
razvaneelN1: folds 
bubutos69: folds 
HecticNo1: folds 
Acehool: folds 
Arieelarrieta: folds 
Dorex2007: folds 
Char P-3: raises $0.04 to $0.06
ara0200: folds 
Il0vebear: calls $0.04
*** FLOP *** [Tc Qc Js]
Il0vebear: checks 
Char P-3: bets $0.08
Il0vebear: folds 
Uncalled bet ($0.08) returned to Char P-3
Char P-3 collected $0.13 from pot
*** SUMMARY ***
Total pot $0.13 | Rake $0 
Board [Tc Qc Js]
Seat 1: HecticNo1 folded before Flop (didn't bet)
Seat 2: Acehool folded before Flop (didn't bet)
Seat 3: Arieelarrieta folded before Flop (didn't bet)
Seat 4: Dorex2007 folded before Flop (didn't bet)
Seat 5: Char P-3 (button) collected ($0.13)
Seat 6: ara0200 (small blind) folded before Flop
Seat 7: Il0vebear (big blind) folded on the Flop
Seat 8: razvaneelN1 folded before Flop (didn't bet)
Seat 9: bubutos69 folded before Flop (didn't bet)



PokerStars Hand #237262859917:  Hold'em No Limit ($0.01/$0.02 USD) - 2022/07/09 15:27:19 PT [2022/07/09 18:27:19 ET]
Table 'Roehla II' 9-max Seat #6 is the button
Seat 1: HecticNo1 ($4.40 in chips) 
Seat 2: Acehool ($2.53 in chips) 
Seat 3: Arieelarrieta ($2 in chips) 
Seat 4: Dorex2007 ($2.04 in chips) 
Seat 5: Char P-3 ($1.18 in chips) 
Seat 6: ara0200 ($6.94 in chips) 
Seat 7: Il0vebear ($3.81 in chips) 
Seat 8: razvaneelN1 ($2.24 in chips) 
Seat 9: bubutos69 ($2.12 in chips) 
Il0vebear: posts small blind $0.01
razvaneelN1: posts big blind $0.02
*** HOLE CARDS ***
Dealt to Dorex2007 [5d 5c]
bubutos69: folds 
HecticNo1: folds 
Acehool: folds 
Arieelarrieta: folds 
Dorex2007: calls $0.02
Char P-3: folds 
ara0200: raises $0.02 to $0.04
Il0vebear: folds 
razvaneelN1: raises $0.08 to $0.12
Dorex2007: folds 
ara0200: calls $0.08
*** FLOP *** [Js 9s 5h]
razvaneelN1: bets $0.13
ara0200: folds 
Uncalled bet ($0.13) returned to razvaneelN1
razvaneelN1 collected $0.26 from pot
*** SUMMARY ***
Total pot $0.27 | Rake $0.01 
Board [Js 9s 5h]
Seat 1: HecticNo1 folded before Flop (didn't bet)
Seat 2: Acehool folded before Flop (didn't bet)
Seat 3: Arieelarrieta folded before Flop (didn't bet)
Seat 4: Dorex2007 folded before Flop
Seat 5: Char P-3 folded before Flop (didn't bet)
Seat 6: ara0200 (button) folded on the Flop
Seat 7: Il0vebear (small blind) folded before Flop
Seat 8: razvaneelN1 (big blind) collected ($0.26)
Seat 9: bubutos69 folded before Flop (didn't bet)



PokerStars Hand #237262871631:  Hold'em No Limit ($0.01/$0.02 USD) - 2022/07/09 15:27:58 PT [2022/07/09 18:27:58 ET]
Table 'Roehla II' 9-max Seat #7 is the button
Seat 1: HecticNo1 ($4.40 in chips) 
Seat 2: Acehool ($2.53 in chips) 
Seat 3: Arieelarrieta ($2 in chips) 
Seat 4: Dorex2007 ($2.02 in chips) 
Seat 5: Char P-3 ($1.18 in chips) 
Seat 6: ara0200 ($6.82 in chips) 
Seat 7: Il0vebear ($3.80 in chips) 
Seat 8: razvaneelN1 ($2.38 in chips) 
Seat 9: bubutos69 ($2.12 in chips) 
razvaneelN1: posts small blind $0.01
bubutos69: posts big blind $0.02
*** HOLE CARDS ***
Dealt to Dorex2007 [Qh Kc]
HecticNo1: folds 
Acehool: folds 
Arieelarrieta: folds 
Dorex2007: raises $0.04 to $0.06
Char P-3: folds 
ara0200: folds 
Il0vebear: folds 
razvaneelN1: folds 
bubutos69: folds 
Uncalled bet ($0.04) returned to Dorex2007
Dorex2007 collected $0.05 from pot
*** SUMMARY ***
Total pot $0.05 | Rake $0 
Seat 1: HecticNo1 folded before Flop (didn't bet)
Seat 2: Acehool folded before Flop (didn't bet)
Seat 3: Arieelarrieta folded before Flop (didn't bet)
Seat 4: Dorex2007 collected ($0.05)
Seat 5: Char P-3 folded before Flop (didn't bet)
Seat 6: ara0200 folded before Flop (didn't bet)
Seat 7: Il0vebear (button) folded before Flop (didn't bet)
Seat 8: razvaneelN1 (small blind) folded before Flop
Seat 9: bubutos69 (big blind) folded before Flop



PokerStars Hand #237262884994:  Hold'em No Limit ($0.01/$0.02 USD) - 2022/07/09 15:28:42 PT [2022/07/09 18:28:42 ET]
Table 'Roehla II' 9-max Seat #8 is the button
Seat 1: HecticNo1 ($4.40 in chips) 
Seat 2: Acehool ($2.53 in chips) 
Seat 3: Arieelarrieta ($2 in chips) 
Seat 4: Dorex2007 ($2.05 in chips) 
Seat 5: Char P-3 ($1.18 in chips) 
Seat 6: ara0200 ($6.82 in chips) 
Seat 7: Il0vebear ($3.80 in chips) 
Seat 8: razvaneelN1 ($2.37 in chips) 
Seat 9: bubutos69 ($2.10 in chips) 
bubutos69: posts small blind $0.01
HecticNo1: posts big blind $0.02
*** HOLE CARDS ***
Dealt to Dorex2007 [6d 9s]
Acehool: folds 
Arieelarrieta: folds 
Dorex2007: folds 
Char P-3: calls $0.02
ara0200: folds 
Il0vebear: folds 
razvaneelN1: folds 
bubutos69: raises $0.08 to $0.10
HecticNo1: folds 
Char P-3: calls $0.08
*** FLOP *** [9d Td Ah]
bubutos69: bets $0.14
Char P-3: folds 
Uncalled bet ($0.14) returned to bubutos69
bubutos69 collected $0.21 from pot
*** SUMMARY ***
Total pot $0.22 | Rake $0.01 
Board [9d Td Ah]
Seat 1: HecticNo1 (big blind) folded before Flop
Seat 2: Acehool folded before Flop (didn't bet)
Seat 3: Arieelarrieta folded before Flop (didn't bet)
Seat 4: Dorex2007 folded before Flop (didn't bet)
Seat 5: Char P-3 folded on the Flop
Seat 6: ara0200 folded before Flop (didn't bet)
Seat 7: Il0vebear folded before Flop (didn't bet)
Seat 8: razvaneelN1 (button) folded before Flop (didn't bet)
Seat 9: bubutos69 (small blind) collected ($0.21)



PokerStars Hand #237262898507:  Hold'em No Limit ($0.01/$0.02 USD) - 2022/07/09 15:29:27 PT [2022/07/09 18:29:27 ET]
Table 'Roehla II' 9-max Seat #9 is the button
Seat 1: HecticNo1 ($4.38 in chips) 
Seat 2: Acehool ($2.53 in chips) 
Seat 3: Arieelarrieta ($2 in chips) 
Seat 4: Dorex2007 ($2.05 in chips) 
Seat 5: Char P-3 ($1.08 in chips) 
Seat 6: ara0200 ($6.82 in chips) 
Seat 7: Il0vebear ($3.80 in chips) 
Seat 8: razvaneelN1 ($2.37 in chips) 
Seat 9: bubutos69 ($2.21 in chips) 
HecticNo1: posts small blind $0.01
Acehool: posts big blind $0.02
*** HOLE CARDS ***
Dealt to Dorex2007 [9h 9c]
Arieelarrieta: folds 
Dorex2007: raises $0.02 to $0.04
Char P-3: calls $0.04
ara0200: folds 
Il0vebear: raises $0.15 to $0.19
razvaneelN1: folds 
bubutos69: folds 
HecticNo1: folds 
Acehool: folds 
Dorex2007: folds 
Char P-3: folds 
Uncalled bet ($0.15) returned to Il0vebear
Il0vebear collected $0.15 from pot
*** SUMMARY ***
Total pot $0.15 | Rake $0 
Seat 1: HecticNo1 (small blind) folded before Flop
Seat 2: Acehool (big blind) folded before Flop
Seat 3: Arieelarrieta folded before Flop (didn't bet)
Seat 4: Dorex2007 folded before Flop
Seat 5: Char P-3 folded before Flop
Seat 6: ara0200 folded before Flop (didn't bet)
Seat 7: Il0vebear collected ($0.15)
Seat 8: razvaneelN1 folded before Flop (didn't bet)
Seat 9: bubutos69 (button) folded before Flop (didn't bet)



PokerStars Hand #237262907581:  Hold'em No Limit ($0.01/$0.02 USD) - 2022/07/09 15:29:57 PT [2022/07/09 18:29:57 ET]
Table 'Roehla II' 9-max Seat #1 is the button
Seat 1: HecticNo1 ($4.37 in chips) 
Seat 2: Acehool ($2.51 in chips) 
Seat 3: Arieelarrieta ($2 in chips) 
Seat 4: Dorex2007 ($2.01 in chips) 
Seat 5: Char P-3 ($1.04 in chips) 
Seat 6: ara0200 ($6.82 in chips) 
Seat 7: Il0vebear ($3.91 in chips) 
Seat 8: razvaneelN1 ($2.37 in chips) 
Seat 9: bubutos69 ($2.21 in chips) 
Acehool: posts small blind $0.01
Arieelarrieta: posts big blind $0.02
*** HOLE CARDS ***
Dealt to Dorex2007 [3c 5d]
Dorex2007: folds 
Char P-3: folds 
ara0200: folds 
Il0vebear: folds 
razvaneelN1: folds 
bubutos69: raises $0.04 to $0.06
HecticNo1: folds 
Acehool: folds 
Arieelarrieta: calls $0.04
*** FLOP *** [Ts 5s Jh]
Arieelarrieta: checks 
bubutos69: bets $0.10
Arieelarrieta: calls $0.10
*** TURN *** [Ts 5s Jh] [8d]
Arieelarrieta: checks 
bubutos69: checks 
*** RIVER *** [Ts 5s Jh 8d] [8h]
Arieelarrieta: bets $0.16
bubutos69: folds 
Uncalled bet ($0.16) returned to Arieelarrieta
Arieelarrieta collected $0.32 from pot
*** SUMMARY ***
Total pot $0.33 | Rake $0.01 
Board [Ts 5s Jh 8d 8h]
Seat 1: HecticNo1 (button) folded before Flop (didn't bet)
Seat 2: Acehool (small blind) folded before Flop
Seat 3: Arieelarrieta (big blind) collected ($0.32)
Seat 4: Dorex2007 folded before Flop (didn't bet)
Seat 5: Char P-3 folded before Flop (didn't bet)
Seat 6: ara0200 folded before Flop (didn't bet)
Seat 7: Il0vebear folded before Flop (didn't bet)
Seat 8: razvaneelN1 folded before Flop (didn't bet)
Seat 9: bubutos69 folded on the River



PokerStars Hand #237262934003:  Hold'em No Limit ($0.01/$0.02 USD) - 2022/07/09 15:31:23 PT [2022/07/09 18:31:23 ET]
Table 'Roehla II' 9-max Seat #2 is the button
Seat 1: HecticNo1 ($4.37 in chips) 
Seat 2: Acehool ($2.50 in chips) 
Seat 3: Arieelarrieta ($2.16 in chips) 
Seat 4: Dorex2007 ($2.01 in chips) 
Seat 5: Char P-3 ($1.04 in chips) 
Seat 6: ara0200 ($6.82 in chips) 
Seat 7: Il0vebear ($3.91 in chips) 
Seat 8: razvaneelN1 ($2.37 in chips) 
Seat 9: bubutos69 ($2.05 in chips) 
Arieelarrieta: posts small blind $0.01
Dorex2007: posts big blind $0.02
*** HOLE CARDS ***
Dealt to Dorex2007 [3s Jc]
Char P-3: calls $0.02
ara0200: folds 
Il0vebear: folds 
razvaneelN1: folds 
bubutos69: folds 
HecticNo1: folds 
Acehool: calls $0.02
Arieelarrieta: calls $0.01
Dorex2007: checks 
*** FLOP *** [Qs 9d Td]
Arieelarrieta: checks 
Dorex2007: checks 
Char P-3: checks 
Acehool: checks 
*** TURN *** [Qs 9d Td] [8d]
Arieelarrieta: checks 
Dorex2007: bets $0.08
Char P-3: folds 
Acehool: folds 
Arieelarrieta: folds 
Uncalled bet ($0.08) returned to Dorex2007
Dorex2007 collected $0.08 from pot
*** SUMMARY ***
Total pot $0.08 | Rake $0 
Board [Qs 9d Td 8d]
Seat 1: HecticNo1 folded before Flop (didn't bet)
Seat 2: Acehool (button) folded on the Turn
Seat 3: Arieelarrieta (small blind) folded on the Turn
Seat 4: Dorex2007 (big blind) collected ($0.08)
Seat 5: Char P-3 folded on the Turn
Seat 6: ara0200 folded before Flop (didn't bet)
Seat 7: Il0vebear folded before Flop (didn't bet)
Seat 8: razvaneelN1 folded before Flop (didn't bet)
Seat 9: bubutos69 folded before Flop (didn't bet)



PokerStars Hand #237262961321:  Hold'em No Limit ($0.01/$0.02 USD) - 2022/07/09 15:32:51 PT [2022/07/09 18:32:51 ET]
Table 'Roehla II' 9-max Seat #3 is the button
Seat 1: HecticNo1 ($4.37 in chips) 
Seat 2: Acehool ($2.48 in chips) 
Seat 3: Arieelarrieta ($2.14 in chips) 
Seat 4: Dorex2007 ($2.07 in chips) 
Seat 5: Char P-3 ($1.02 in chips) 
Seat 6: ara0200 ($6.82 in chips) 
Seat 7: Il0vebear ($3.91 in chips) 
Seat 8: razvaneelN1 ($2.37 in chips) 
Seat 9: bubutos69 ($2.05 in chips) 
Dorex2007: posts small blind $0.01
Char P-3: posts big blind $0.02
*** HOLE CARDS ***
Dealt to Dorex2007 [8c Js]
ara0200: raises $0.04 to $0.06
Il0vebear: folds 
razvaneelN1: folds 
bubutos69: calls $0.06
HecticNo1 has timed out
HecticNo1: folds 
Acehool: calls $0.06
Arieelarrieta: folds 
Dorex2007: folds 
Char P-3: folds 
*** FLOP *** [6d 9c Th]
ara0200: bets $0.10
bubutos69: raises $0.14 to $0.24
Acehool: folds 
ara0200: calls $0.14
*** TURN *** [6d 9c Th] [Ah]
ara0200: checks 
bubutos69: bets $0.33
ara0200: calls $0.33
*** RIVER *** [6d 9c Th Ah] [5c]
ara0200: bets $0.40
bubutos69: folds 
Uncalled bet ($0.40) returned to ara0200
ara0200 collected $1.30 from pot
*** SUMMARY ***
Total pot $1.35 | Rake $0.05 
Board [6d 9c Th Ah 5c]
Seat 1: HecticNo1 folded before Flop (didn't bet)
Seat 2: Acehool folded on the Flop
Seat 3: Arieelarrieta (button) folded before Flop (didn't bet)
Seat 4: Dorex2007 (small blind) folded before Flop
Seat 5: Char P-3 (big blind) folded before Flop
Seat 6: ara0200 collected ($1.30)
Seat 7: Il0vebear folded before Flop (didn't bet)
Seat 8: razvaneelN1 folded before Flop (didn't bet)
Seat 9: bubutos69 folded on the River



PokerStars Hand #237262994735:  Hold'em No Limit ($0.01/$0.02 USD) - 2022/07/09 15:34:41 PT [2022/07/09 18:34:41 ET]
Table 'Roehla II' 9-max Seat #4 is the button
Seat 1: HecticNo1 ($4.37 in chips) 
Seat 2: Acehool ($2.42 in chips) 
Seat 3: Arieelarrieta ($2.14 in chips) 
Seat 4: Dorex2007 ($2.06 in chips) 
Seat 5: Char P-3 ($1 in chips) 
Seat 6: ara0200 ($7.49 in chips) 
Seat 7: Il0vebear ($3.91 in chips) 
Seat 8: razvaneelN1 ($2.37 in chips) 
Seat 9: bubutos69 ($2 in chips) 
Char P-3: posts small blind $0.01
ara0200: posts big blind $0.02
*** HOLE CARDS ***
Dealt to Dorex2007 [Jd 9d]
Il0vebear: folds 
razvaneelN1: folds 
bubutos69 has timed out
bubutos69: folds 
HecticNo1: raises $0.04 to $0.06
Acehool: folds 
Arieelarrieta: folds 
Dorex2007: folds 
Char P-3: folds 
ara0200: calls $0.04
*** FLOP *** [3c Kh 3h]
ara0200: checks 
HecticNo1: bets $0.06
ara0200: folds 
Uncalled bet ($0.06) returned to HecticNo1
HecticNo1 collected $0.13 from pot
*** SUMMARY ***
Total pot $0.13 | Rake $0 
Board [3c Kh 3h]
Seat 1: HecticNo1 collected ($0.13)
Seat 2: Acehool folded before Flop (didn't bet)
Seat 3: Arieelarrieta folded before Flop (didn't bet)
Seat 4: Dorex2007 (button) folded before Flop (didn't bet)
Seat 5: Char P-3 (small blind) folded before Flop
Seat 6: ara0200 (big blind) folded on the Flop
Seat 7: Il0vebear folded before Flop (didn't bet)
Seat 8: razvaneelN1 folded before Flop (didn't bet)
Seat 9: bubutos69 folded before Flop (didn't bet)



PokerStars Hand #237263010449:  Hold'em No Limit ($0.01/$0.02 USD) - 2022/07/09 15:35:32 PT [2022/07/09 18:35:32 ET]
Table 'Roehla II' 9-max Seat #5 is the button
Seat 1: HecticNo1 ($4.44 in chips) 
Seat 2: Acehool ($2.42 in chips) 
Seat 3: Arieelarrieta ($2.14 in chips) 
Seat 4: Dorex2007 ($2.06 in chips) 
Seat 5: Char P-3 ($0.99 in chips) 
Seat 6: ara0200 ($7.43 in chips) 
Seat 7: Il0vebear ($3.91 in chips) 
Seat 8: razvaneelN1 ($2.37 in chips) 
Seat 9: bubutos69 ($2 in chips) 
ara0200: posts small blind $0.01
Il0vebear: posts big blind $0.02
*** HOLE CARDS ***
Dealt to Dorex2007 [2s Th]
razvaneelN1: folds 
bubutos69: folds 
HecticNo1: folds 
Acehool: calls $0.02
Arieelarrieta: calls $0.02
Dorex2007: folds 
Char P-3: calls $0.02
ara0200: calls $0.01
Il0vebear: checks 
*** FLOP *** [7d 7s 4h]
ara0200: checks 
Il0vebear: checks 
Acehool: checks 
Arieelarrieta: checks 
Char P-3: checks 
*** TURN *** [7d 7s 4h] [Qs]
ara0200: checks 
Il0vebear: checks 
Acehool: checks 
Arieelarrieta: checks 
Char P-3: checks 
*** RIVER *** [7d 7s 4h Qs] [Kc]
ara0200: checks 
Il0vebear: checks 
Acehool: checks 
Arieelarrieta: bets $0.05
Char P-3: folds 
ara0200: folds 
Il0vebear: folds 
Acehool: folds 
Uncalled bet ($0.05) returned to Arieelarrieta
Arieelarrieta collected $0.10 from pot
*** SUMMARY ***
Total pot $0.10 | Rake $0 
Board [7d 7s 4h Qs Kc]
Seat 1: HecticNo1 folded before Flop (didn't bet)
Seat 2: Acehool folded on the River
Seat 3: Arieelarrieta collected ($0.10)
Seat 4: Dorex2007 folded before Flop (didn't bet)
Seat 5: Char P-3 (button) folded on the River
Seat 6: ara0200 (small blind) folded on the River
Seat 7: Il0vebear (big blind) folded on the River
Seat 8: razvaneelN1 folded before Flop (didn't bet)
Seat 9: bubutos69 folded before Flop (didn't bet)



PokerStars Hand #237263040034:  Hold'em No Limit ($0.01/$0.02 USD) - 2022/07/09 15:37:09 PT [2022/07/09 18:37:09 ET]
Table 'Roehla II' 9-max Seat #6 is the button
Seat 1: HecticNo1 ($4.44 in chips) 
Seat 2: Acehool ($2.40 in chips) 
Seat 3: Arieelarrieta ($2.22 in chips) 
Seat 4: Dorex2007 ($2.06 in chips) 
Seat 5: Char P-3 ($0.97 in chips) 
Seat 6: ara0200 ($7.41 in chips) 
Seat 7: Il0vebear ($3.89 in chips) 
Seat 8: razvaneelN1 ($2.37 in chips) 
Seat 9: bubutos69 ($2 in chips) 
Il0vebear: posts small blind $0.01
razvaneelN1: posts big blind $0.02
*** HOLE CARDS ***
Dealt to Dorex2007 [4d Qh]
bubutos69: folds 
HecticNo1: raises $0.04 to $0.06
Acehool: calls $0.06
Arieelarrieta: folds 
Dorex2007: folds 
Char P-3: calls $0.06
ara0200: folds 
Il0vebear: folds 
razvaneelN1: calls $0.04
*** FLOP *** [2h 6h 5d]
razvaneelN1: checks 
HecticNo1: bets $0.10
Acehool: calls $0.10
Char P-3: folds 
razvaneelN1: folds 
*** TURN *** [2h 6h 5d] [6c]
HecticNo1: bets $0.21
Acehool: folds 
Uncalled bet ($0.21) returned to HecticNo1
HecticNo1 collected $0.43 from pot
*** SUMMARY ***
Total pot $0.45 | Rake $0.02 
Board [2h 6h 5d 6c]
Seat 1: HecticNo1 collected ($0.43)
Seat 2: Acehool folded on the Turn
Seat 3: Arieelarrieta folded before Flop (didn't bet)
Seat 4: Dorex2007 folded before Flop (didn't bet)
Seat 5: Char P-3 folded on the Flop
Seat 6: ara0200 (button) folded before Flop (didn't bet)
Seat 7: Il0vebear (small blind) folded before Flop
Seat 8: razvaneelN1 (big blind) folded on the Flop
Seat 9: bubutos69 folded before Flop (didn't bet)



PokerStars Hand #237263063383:  Hold'em No Limit ($0.01/$0.02 USD) - 2022/07/09 15:38:25 PT [2022/07/09 18:38:25 ET]
Table 'Roehla II' 9-max Seat #7 is the button
Seat 1: HecticNo1 ($4.71 in chips) 
Seat 2: Acehool ($2.24 in chips) 
Seat 3: Arieelarrieta ($2.22 in chips) 
Seat 4: Dorex2007 ($2.06 in chips) 
Seat 5: Char P-3 ($0.91 in chips) 
Seat 6: ara0200 ($7.41 in chips) 
Seat 7: Il0vebear ($3.88 in chips) 
Seat 8: razvaneelN1 ($2.31 in chips) 
Seat 9: bubutos69 ($2 in chips) 
razvaneelN1: posts small blind $0.01
bubutos69: posts big blind $0.02
*** HOLE CARDS ***
Dealt to Dorex2007 [7d Kh]
HecticNo1: folds 
Acehool: folds 
Arieelarrieta: folds 
Dorex2007: folds 
Char P-3: calls $0.02
ara0200: folds 
Il0vebear: folds 
razvaneelN1: folds 
bubutos69: checks 
*** FLOP *** [As 9s Qc]
bubutos69: checks 
Char P-3: checks 
*** TURN *** [As 9s Qc] [2s]
bubutos69: bets $0.05
Char P-3: folds 
Uncalled bet ($0.05) returned to bubutos69
bubutos69 collected $0.05 from pot
*** SUMMARY ***
Total pot $0.05 | Rake $0 
Board [As 9s Qc 2s]
Seat 1: HecticNo1 folded before Flop (didn't bet)
Seat 2: Acehool folded before Flop (didn't bet)
Seat 3: Arieelarrieta folded before Flop (didn't bet)
Seat 4: Dorex2007 folded before Flop (didn't bet)
Seat 5: Char P-3 folded on the Turn
Seat 6: ara0200 folded before Flop (didn't bet)
Seat 7: Il0vebear (button) folded before Flop (didn't bet)
Seat 8: razvaneelN1 (small blind) folded before Flop
Seat 9: bubutos69 (big blind) collected ($0.05)



PokerStars Hand #237263075227:  Hold'em No Limit ($0.01/$0.02 USD) - 2022/07/09 15:39:04 PT [2022/07/09 18:39:04 ET]
Table 'Roehla II' 9-max Seat #8 is the button
Seat 1: HecticNo1 ($4.71 in chips) 
Seat 2: Acehool ($2.24 in chips) 
Seat 3: Arieelarrieta ($2.22 in chips) 
Seat 4: Dorex2007 ($2.06 in chips) 
Seat 5: Char P-3 ($0.89 in chips) 
Seat 6: ara0200 ($7.41 in chips) 
Seat 7: Il0vebear ($3.88 in chips) 
Seat 8: razvaneelN1 ($2.30 in chips) 
Seat 9: bubutos69 ($2.03 in chips) 
bubutos69: posts small blind $0.01
HecticNo1: posts big blind $0.02
*** HOLE CARDS ***
Dealt to Dorex2007 [7h Qc]
Acehool: folds 
Arieelarrieta: folds 
Dorex2007: folds 
Char P-3: folds 
ara0200: folds 
Il0vebear: folds 
razvaneelN1: raises $0.04 to $0.06
bubutos69: folds 
HecticNo1: folds 
Uncalled bet ($0.04) returned to razvaneelN1
razvaneelN1 collected $0.05 from pot
*** SUMMARY ***
Total pot $0.05 | Rake $0 
Seat 1: HecticNo1 (big blind) folded before Flop
Seat 2: Acehool folded before Flop (didn't bet)
Seat 3: Arieelarrieta folded before Flop (didn't bet)
Seat 4: Dorex2007 folded before Flop (didn't bet)
Seat 5: Char P-3 folded before Flop (didn't bet)
Seat 6: ara0200 folded before Flop (didn't bet)
Seat 7: Il0vebear folded before Flop (didn't bet)
Seat 8: razvaneelN1 (button) collected ($0.05)
Seat 9: bubutos69 (small blind) folded before Flop



PokerStars Hand #237263086079:  Hold'em No Limit ($0.01/$0.02 USD) - 2022/07/09 15:39:40 PT [2022/07/09 18:39:40 ET]
Table 'Roehla II' 9-max Seat #9 is the button
Seat 1: HecticNo1 ($4.69 in chips) 
Seat 2: Acehool ($2.24 in chips) 
Seat 3: Arieelarrieta ($2.22 in chips) 
Seat 4: Dorex2007 ($2.06 in chips) 
Seat 5: Char P-3 ($0.89 in chips) 
Seat 6: ara0200 ($7.41 in chips) 
Seat 7: Il0vebear ($3.88 in chips) 
Seat 8: razvaneelN1 ($2.33 in chips) 
Seat 9: bubutos69 ($2.02 in chips) 
HecticNo1: posts small blind $0.01
Acehool: posts big blind $0.02
*** HOLE CARDS ***
Dealt to Dorex2007 [Kh 7s]
Arieelarrieta: folds 
Dorex2007: folds 
Char P-3: folds 
ara0200: folds 
Il0vebear: folds 
razvaneelN1: folds 
bubutos69: raises $0.08 to $0.10
HecticNo1: folds 
Acehool: folds 
Uncalled bet ($0.08) returned to bubutos69
bubutos69 collected $0.05 from pot
*** SUMMARY ***
Total pot $0.05 | Rake $0 
Seat 1: HecticNo1 (small blind) folded before Flop
Seat 2: Acehool (big blind) folded before Flop
Seat 3: Arieelarrieta folded before Flop (didn't bet)
Seat 4: Dorex2007 folded before Flop (didn't bet)
Seat 5: Char P-3 folded before Flop (didn't bet)
Seat 6: ara0200 folded before Flop (didn't bet)
Seat 7: Il0vebear folded before Flop (didn't bet)
Seat 8: razvaneelN1 folded before Flop (didn't bet)
Seat 9: bubutos69 (button) collected ($0.05)



PokerStars Hand #237263094284:  Hold'em No Limit ($0.01/$0.02 USD) - 2022/07/09 15:40:07 PT [2022/07/09 18:40:07 ET]
Table 'Roehla II' 9-max Seat #1 is the button
Seat 1: HecticNo1 ($4.68 in chips) 
Seat 2: Acehool ($2.22 in chips) 
Seat 3: Arieelarrieta ($2.22 in chips) 
Seat 4: Dorex2007 ($2.06 in chips) 
Seat 5: Char P-3 ($0.89 in chips) 
Seat 6: ara0200 ($7.41 in chips) 
Seat 7: Il0vebear ($3.88 in chips) 
Seat 8: razvaneelN1 ($2.33 in chips) 
Seat 9: bubutos69 ($2.05 in chips) 
Acehool: posts small blind $0.01
Arieelarrieta: posts big blind $0.02
*** HOLE CARDS ***
Dealt to Dorex2007 [2s 8c]
Dorex2007: folds 
Char P-3: raises $0.06 to $0.08
ara0200: folds 
Il0vebear: folds 
razvaneelN1: folds 
bubutos69 has timed out
bubutos69: folds 
HecticNo1: folds 
Acehool: folds 
Arieelarrieta: calls $0.06
*** FLOP *** [7d 4s Ad]
Arieelarrieta: checks 
Char P-3: bets $0.12
Arieelarrieta: folds 
Uncalled bet ($0.12) returned to Char P-3
Char P-3 collected $0.16 from pot
*** SUMMARY ***
Total pot $0.17 | Rake $0.01 
Board [7d 4s Ad]
Seat 1: HecticNo1 (button) folded before Flop (didn't bet)
Seat 2: Acehool (small blind) folded before Flop
Seat 3: Arieelarrieta (big blind) folded on the Flop
Seat 4: Dorex2007 folded before Flop (didn't bet)
Seat 5: Char P-3 collected ($0.16)
Seat 6: ara0200 folded before Flop (didn't bet)
Seat 7: Il0vebear folded before Flop (didn't bet)
Seat 8: razvaneelN1 folded before Flop (didn't bet)
Seat 9: bubutos69 folded before Flop (didn't bet)



PokerStars Hand #237263110002:  Hold'em No Limit ($0.01/$0.02 USD) - 2022/07/09 15:40:58 PT [2022/07/09 18:40:58 ET]
Table 'Roehla II' 9-max Seat #2 is the button
Seat 1: HecticNo1 ($4.68 in chips) 
Seat 2: Acehool ($2.21 in chips) 
Seat 3: Arieelarrieta ($2.14 in chips) 
Seat 4: Dorex2007 ($2.06 in chips) 
Seat 5: Char P-3 ($0.97 in chips) 
Seat 6: ara0200 ($7.41 in chips) 
Seat 7: Il0vebear ($3.88 in chips) 
Seat 8: razvaneelN1 ($2.33 in chips) 
Seat 9: bubutos69 ($2.05 in chips) 
Arieelarrieta: posts small blind $0.01
Dorex2007: posts big blind $0.02
*** HOLE CARDS ***
Dealt to Dorex2007 [4h Jd]
Char P-3: folds 
ara0200: raises $0.04 to $0.06
Il0vebear: folds 
razvaneelN1: folds 
bubutos69: folds 
HecticNo1: folds 
Acehool: folds 
Arieelarrieta: folds 
Dorex2007: folds 
Uncalled bet ($0.04) returned to ara0200
ara0200 collected $0.05 from pot
*** SUMMARY ***
Total pot $0.05 | Rake $0 
Seat 1: HecticNo1 folded before Flop (didn't bet)
Seat 2: Acehool (button) folded before Flop (didn't bet)
Seat 3: Arieelarrieta (small blind) folded before Flop
Seat 4: Dorex2007 (big blind) folded before Flop
Seat 5: Char P-3 folded before Flop (didn't bet)
Seat 6: ara0200 collected ($0.05)
Seat 7: Il0vebear folded before Flop (didn't bet)
Seat 8: razvaneelN1 folded before Flop (didn't bet)
Seat 9: bubutos69 folded before Flop (didn't bet)



PokerStars Hand #237263120674:  Hold'em No Limit ($0.01/$0.02 USD) - 2022/07/09 15:41:34 PT [2022/07/09 18:41:34 ET]
Table 'Roehla II' 9-max Seat #3 is the button
Seat 1: HecticNo1 ($4.68 in chips) 
Seat 2: Acehool ($2.21 in chips) 
Seat 3: Arieelarrieta ($2.13 in chips) 
Seat 4: Dorex2007 ($2.04 in chips) 
Seat 5: Char P-3 ($0.97 in chips) 
Seat 6: ara0200 ($7.44 in chips) 
Seat 7: Il0vebear ($3.88 in chips) 
Seat 8: razvaneelN1 ($2.33 in chips) 
Seat 9: bubutos69 ($2.05 in chips) 
Dorex2007: posts small blind $0.01
Char P-3: posts big blind $0.02
*** HOLE CARDS ***
Dealt to Dorex2007 [Ad Jc]
ara0200: folds 
Il0vebear: folds 
razvaneelN1: folds 
bubutos69: folds 
HecticNo1: folds 
Acehool: calls $0.02
Arieelarrieta: folds 
Dorex2007: calls $0.01
Char P-3: checks 
*** FLOP *** [5c 8h 7c]
Dorex2007: checks 
Char P-3: bets $0.02
Acehool: folds 
Dorex2007: calls $0.02
*** TURN *** [5c 8h 7c] [Th]
Dorex2007: checks 
Char P-3: bets $0.02
Dorex2007: calls $0.02
*** RIVER *** [5c 8h 7c Th] [6d]
Dorex2007: bets $0.07
Char P-3: calls $0.07
*** SHOW DOWN ***
Dorex2007: shows [Ad Jc] (high card Ace)
Char P-3: shows [6s 7s] (two pair, Sevens and Sixes)
Char P-3 collected $0.27 from pot
*** SUMMARY ***
Total pot $0.28 | Rake $0.01 
Board [5c 8h 7c Th 6d]
Seat 1: HecticNo1 folded before Flop (didn't bet)
Seat 2: Acehool folded on the Flop
Seat 3: Arieelarrieta (button) folded before Flop (didn't bet)
Seat 4: Dorex2007 (small blind) showed [Ad Jc] and lost with high card Ace
Seat 5: Char P-3 (big blind) showed [6s 7s] and won ($0.27) with two pair, Sevens and Sixes
Seat 6: ara0200 folded before Flop (didn't bet)
Seat 7: Il0vebear folded before Flop (didn't bet)
Seat 8: razvaneelN1 folded before Flop (didn't bet)
Seat 9: bubutos69 folded before Flop (didn't bet)



PokerStars Hand #237263139394:  Hold'em No Limit ($0.01/$0.02 USD) - 2022/07/09 15:42:36 PT [2022/07/09 18:42:36 ET]
Table 'Roehla II' 9-max Seat #4 is the button
Seat 1: HecticNo1 ($4.68 in chips) 
Seat 2: Acehool ($2.19 in chips) 
Seat 3: Arieelarrieta ($2.13 in chips) 
Seat 4: Dorex2007 ($2 in chips) 
Seat 5: Char P-3 ($1.11 in chips) 
Seat 6: ara0200 ($7.44 in chips) 
Seat 7: Il0vebear ($3.88 in chips) 
Seat 8: razvaneelN1 ($2.33 in chips) 
Seat 9: bubutos69 ($2.05 in chips) 
Char P-3: posts small blind $0.01
ara0200: posts big blind $0.02
*** HOLE CARDS ***
Dealt to Dorex2007 [7c 8s]
Il0vebear: folds 
razvaneelN1: folds 
bubutos69: folds 
HecticNo1: folds 
Acehool: calls $0.02
Arieelarrieta: calls $0.02
Dorex2007: folds 
Char P-3: calls $0.01
ara0200: checks 
*** FLOP *** [9c 6s 5d]
Char P-3: checks 
ara0200: bets $0.04
Acehool: calls $0.04
Arieelarrieta: folds 
Char P-3: calls $0.04
*** TURN *** [9c 6s 5d] [9d]
Char P-3: checks 
ara0200: bets $0.06
Acehool: calls $0.06
Char P-3: calls $0.06
*** RIVER *** [9c 6s 5d 9d] [Qs]
Char P-3: checks 
ara0200: bets $0.10
Acehool: folds 
Char P-3: raises $0.32 to $0.42
ara0200: folds 
Uncalled bet ($0.32) returned to Char P-3
Char P-3 collected $0.56 from pot
*** SUMMARY ***
Total pot $0.58 | Rake $0.02 
Board [9c 6s 5d 9d Qs]
Seat 1: HecticNo1 folded before Flop (didn't bet)
Seat 2: Acehool folded on the River
Seat 3: Arieelarrieta folded on the Flop
Seat 4: Dorex2007 (button) folded before Flop (didn't bet)
Seat 5: Char P-3 (small blind) collected ($0.56)
Seat 6: ara0200 (big blind) folded on the River
Seat 7: Il0vebear folded before Flop (didn't bet)
Seat 8: razvaneelN1 folded before Flop (didn't bet)
Seat 9: bubutos69 folded before Flop (didn't bet)



PokerStars Hand #237263164989:  Hold'em No Limit ($0.01/$0.02 USD) - 2022/07/09 15:44:02 PT [2022/07/09 18:44:02 ET]
Table 'Roehla II' 9-max Seat #5 is the button
Seat 1: HecticNo1 ($4.68 in chips) 
Seat 2: Acehool ($2.07 in chips) 
Seat 3: Arieelarrieta ($2.11 in chips) 
Seat 4: Dorex2007 ($2 in chips) 
Seat 5: Char P-3 ($1.45 in chips) 
Seat 6: ara0200 ($7.22 in chips) 
Seat 8: razvaneelN1 ($2.33 in chips) 
Seat 9: bubutos69 ($2.05 in chips) 
ara0200: posts small blind $0.01
Il0vebear: is sitting out 
razvaneelN1: posts big blind $0.02
*** HOLE CARDS ***
Dealt to Dorex2007 [8d Ah]
Il0vebear leaves the table
bubutos69: calls $0.02
HecticNo1: folds 
Acehool: folds 
Arieelarrieta: folds 
Dorex2007: folds 
josejuniorsc joins the table at seat #7 
Char P-3: calls $0.02
ara0200: calls $0.01
razvaneelN1: raises $0.04 to $0.06
bubutos69: folds 
Char P-3: calls $0.04
ara0200: folds 
*** FLOP *** [2d 9d 5s]
razvaneelN1: checks 
Char P-3: checks 
*** TURN *** [2d 9d 5s] [6c]
razvaneelN1: bets $0.06
Char P-3: folds 
Uncalled bet ($0.06) returned to razvaneelN1
razvaneelN1 collected $0.15 from pot
*** SUMMARY ***
Total pot $0.16 | Rake $0.01 
Board [2d 9d 5s 6c]
Seat 1: HecticNo1 folded before Flop (didn't bet)
Seat 2: Acehool folded before Flop (didn't bet)
Seat 3: Arieelarrieta folded before Flop (didn't bet)
Seat 4: Dorex2007 folded before Flop (didn't bet)
Seat 5: Char P-3 (button) folded on the Turn
Seat 6: ara0200 (small blind) folded before Flop
Seat 8: razvaneelN1 (big blind) collected ($0.15)
Seat 9: bubutos69 folded before Flop



PokerStars Hand #237263182431:  Hold'em No Limit ($0.01/$0.02 USD) - 2022/07/09 15:45:00 PT [2022/07/09 18:45:00 ET]
Table 'Roehla II' 9-max Seat #6 is the button
Seat 1: HecticNo1 ($4.68 in chips) 
Seat 2: Acehool ($2.07 in chips) 
Seat 3: Arieelarrieta ($2.11 in chips) 
Seat 4: Dorex2007 ($2 in chips) 
Seat 5: Char P-3 ($1.39 in chips) 
Seat 6: ara0200 ($7.20 in chips) 
Seat 8: razvaneelN1 ($2.42 in chips) 
Seat 9: bubutos69 ($2.03 in chips) 
razvaneelN1: posts small blind $0.01
bubutos69: posts big blind $0.02
*** HOLE CARDS ***
Dealt to Dorex2007 [Jc 3h]
HecticNo1: folds 
Acehool: calls $0.02
Arieelarrieta: calls $0.02
Dorex2007: folds 
Char P-3: folds 
ara0200: raises $0.04 to $0.06
razvaneelN1: folds 
bubutos69: raises $0.17 to $0.23
Acehool: folds 
Arieelarrieta: folds 
ara0200: calls $0.17
*** FLOP *** [Js 5c Tc]
bubutos69: bets $0.28
ara0200: folds 
Uncalled bet ($0.28) returned to bubutos69
bubutos69 collected $0.49 from pot
*** SUMMARY ***
Total pot $0.51 | Rake $0.02 
Board [Js 5c Tc]
Seat 1: HecticNo1 folded before Flop (didn't bet)
Seat 2: Acehool folded before Flop
Seat 3: Arieelarrieta folded before Flop
Seat 4: Dorex2007 folded before Flop (didn't bet)
Seat 5: Char P-3 folded before Flop (didn't bet)
Seat 6: ara0200 (button) folded on the Flop
Seat 8: razvaneelN1 (small blind) folded before Flop
Seat 9: bubutos69 (big blind) collected ($0.49)



PokerStars Hand #237263204981:  Hold'em No Limit ($0.01/$0.02 USD) - 2022/07/09 15:46:15 PT [2022/07/09 18:46:15 ET]
Table 'Roehla II' 9-max Seat #8 is the button
Seat 1: HecticNo1 ($4.68 in chips) 
Seat 2: Acehool ($2.05 in chips) 
Seat 3: Arieelarrieta ($2.09 in chips) 
Seat 4: Dorex2007 ($2 in chips) 
Seat 5: Char P-3 ($1.39 in chips) 
Seat 6: ara0200 ($6.97 in chips) 
Seat 7: josejuniorsc ($2 in chips) 
Seat 8: razvaneelN1 ($2.41 in chips) 
Seat 9: bubutos69 ($2.29 in chips) 
bubutos69: posts small blind $0.01
HecticNo1: posts big blind $0.02
josejuniorsc: posts big blind $0.02
*** HOLE CARDS ***
Dealt to Dorex2007 [6d 3c]
Acehool: folds 
Arieelarrieta: folds 
Dorex2007: folds 
Char P-3: folds 
ara0200: folds 
josejuniorsc: checks 
razvaneelN1: folds 
bubutos69: raises $0.08 to $0.10
HecticNo1: calls $0.08
josejuniorsc: folds 
*** FLOP *** [Jd 7s Ts]
bubutos69: bets $0.16
HecticNo1: calls $0.16
*** TURN *** [Jd 7s Ts] [Kd]
bubutos69: checks 
HecticNo1: checks 
*** RIVER *** [Jd 7s Ts Kd] [8s]
bubutos69: bets $0.12
HecticNo1: calls $0.12
*** SHOW DOWN ***
bubutos69: shows [Jc 6c] (a pair of Jacks)
HecticNo1: shows [Jh Ah] (a pair of Jacks - Ace kicker)
Char P-3 is disconnected 
HecticNo1 collected $0.75 from pot
*** SUMMARY ***
Total pot $0.78 | Rake $0.03 
Board [Jd 7s Ts Kd 8s]
Seat 1: HecticNo1 (big blind) showed [Jh Ah] and won ($0.75) with a pair of Jacks
Seat 2: Acehool folded before Flop (didn't bet)
Seat 3: Arieelarrieta folded before Flop (didn't bet)
Seat 4: Dorex2007 folded before Flop (didn't bet)
Seat 5: Char P-3 folded before Flop (didn't bet)
Seat 6: ara0200 folded before Flop (didn't bet)
Seat 7: josejuniorsc folded before Flop (didn't bet)
Seat 8: razvaneelN1 (button) folded before Flop (didn't bet)
Seat 9: bubutos69 (small blind) showed [Jc 6c] and lost with a pair of Jacks



PokerStars Hand #237263231983:  Hold'em No Limit ($0.01/$0.02 USD) - 2022/07/09 15:47:29 PT [2022/07/09 18:47:29 ET]
Table 'Roehla II' 9-max Seat #9 is the button
Seat 1: HecticNo1 ($5.05 in chips) 
Seat 2: Acehool ($2.05 in chips) 
Seat 3: Arieelarrieta ($2.09 in chips) 
Seat 4: Dorex2007 ($2 in chips) 
Seat 5: Char P-3 ($1.39 in chips) 
Seat 6: ara0200 ($6.97 in chips) 
Seat 7: josejuniorsc ($1.98 in chips) 
Seat 8: razvaneelN1 ($2.41 in chips) 
Seat 9: bubutos69 ($2 in chips) 
HecticNo1: posts small blind $0.01
Acehool: posts big blind $0.02
*** HOLE CARDS ***
Dealt to Dorex2007 [9s Qc]
Arieelarrieta: folds 
Dorex2007: folds 
Char P-3: folds 
ara0200: raises $0.04 to $0.06
josejuniorsc: folds 
razvaneelN1: calls $0.06
bubutos69: folds 
HecticNo1: folds 
Acehool: calls $0.04
*** FLOP *** [3d Jd Qs]
Acehool: checks 
ara0200: bets $0.06
razvaneelN1: calls $0.06
Acehool: folds 
*** TURN *** [3d Jd Qs] [9d]
ara0200: bets $0.09
razvaneelN1: calls $0.09
*** RIVER *** [3d Jd Qs 9d] [Th]
ara0200: bets $0.29
razvaneelN1: calls $0.29
*** SHOW DOWN ***
ara0200: shows [Ad 5d] (a flush, Ace high)
razvaneelN1: mucks hand 
ara0200 collected $1.03 from pot
*** SUMMARY ***
Total pot $1.07 | Rake $0.04 
Board [3d Jd Qs 9d Th]
Seat 1: HecticNo1 (small blind) folded before Flop
Seat 2: Acehool (big blind) folded on the Flop
Seat 3: Arieelarrieta folded before Flop (didn't bet)
Seat 4: Dorex2007 folded before Flop (didn't bet)
Seat 5: Char P-3 folded before Flop (didn't bet)
Seat 6: ara0200 showed [Ad 5d] and won ($1.03) with a flush, Ace high
Seat 7: josejuniorsc folded before Flop (didn't bet)
Seat 8: razvaneelN1 mucked [Ts Ac]
Seat 9: bubutos69 (button) folded before Flop (didn't bet)



PokerStars Hand #237263252345:  Hold'em No Limit ($0.01/$0.02 USD) - 2022/07/09 15:48:37 PT [2022/07/09 18:48:37 ET]
Table 'Roehla II' 9-max Seat #1 is the button
Seat 1: HecticNo1 ($5.04 in chips) 
Seat 2: Acehool ($1.99 in chips) 
Seat 3: Arieelarrieta ($2.09 in chips) 
Seat 4: Dorex2007 ($2 in chips) 
Seat 5: Char P-3 ($1.39 in chips) 
Seat 6: ara0200 ($7.50 in chips) 
Seat 7: josejuniorsc ($1.98 in chips) 
Seat 8: razvaneelN1 ($1.91 in chips) 
Seat 9: bubutos69 ($2 in chips) 
Acehool: posts small blind $0.01
Arieelarrieta: posts big blind $0.02
*** HOLE CARDS ***
Dealt to Dorex2007 [2h 3s]
Dorex2007: folds 
Char P-3: folds 
ara0200: folds 
josejuniorsc: folds 
razvaneelN1: folds 
bubutos69: raises $0.06 to $0.08
HecticNo1: calls $0.08
Acehool: folds 
Arieelarrieta: folds 
*** FLOP *** [3h 5c Ts]
bubutos69: bets $0.10
HecticNo1: folds 
Uncalled bet ($0.10) returned to bubutos69
bubutos69 collected $0.18 from pot
*** SUMMARY ***
Total pot $0.19 | Rake $0.01 
Board [3h 5c Ts]
Seat 1: HecticNo1 (button) folded on the Flop
Seat 2: Acehool (small blind) folded before Flop
Seat 3: Arieelarrieta (big blind) folded before Flop
Seat 4: Dorex2007 folded before Flop (didn't bet)
Seat 5: Char P-3 folded before Flop (didn't bet)
Seat 6: ara0200 folded before Flop (didn't bet)
Seat 7: josejuniorsc folded before Flop (didn't bet)
Seat 8: razvaneelN1 folded before Flop (didn't bet)
Seat 9: bubutos69 collected ($0.18)



PokerStars Hand #237263277393:  Hold'em No Limit ($0.01/$0.02 USD) - 2022/07/09 15:50:01 PT [2022/07/09 18:50:01 ET]
Table 'Roehla II' 9-max Seat #2 is the button
Seat 1: HecticNo1 ($4.96 in chips) 
Seat 2: Acehool ($1.98 in chips) 
Seat 3: Arieelarrieta ($2.07 in chips) 
Seat 4: Dorex2007 ($2 in chips) 
Seat 5: Char P-3 ($1.39 in chips) 
Seat 6: ara0200 ($7.50 in chips) 
Seat 7: josejuniorsc ($1.98 in chips) 
Seat 8: razvaneelN1 ($1.91 in chips) 
Seat 9: bubutos69 ($2.10 in chips) 
Arieelarrieta: posts small blind $0.01
Dorex2007: posts big blind $0.02
*** HOLE CARDS ***
Dealt to Dorex2007 [2d 8s]
Char P-3: calls $0.02
ara0200: folds 
josejuniorsc: folds 
razvaneelN1: raises $0.04 to $0.06
bubutos69: folds 
HecticNo1: folds 
Acehool: folds 
Arieelarrieta: calls $0.05
Dorex2007: folds 
Char P-3: calls $0.04
*** FLOP *** [Ah 7c Kd]
Arieelarrieta: checks 
Char P-3: checks 
razvaneelN1: checks 
*** TURN *** [Ah 7c Kd] [6d]
Arieelarrieta: checks 
Char P-3: bets $0.06
razvaneelN1: calls $0.06
Arieelarrieta: calls $0.06
*** RIVER *** [Ah 7c Kd 6d] [9s]
Arieelarrieta: checks 
Char P-3: bets $0.10
razvaneelN1: folds 
Arieelarrieta: raises $0.29 to $0.39
Char P-3: calls $0.29
*** SHOW DOWN ***
Arieelarrieta: shows [6h Ac] (two pair, Aces and Sixes)
Char P-3: mucks hand 
Arieelarrieta collected $1.12 from pot
*** SUMMARY ***
Total pot $1.16 | Rake $0.04 
Board [Ah 7c Kd 6d 9s]
Seat 1: HecticNo1 folded before Flop (didn't bet)
Seat 2: Acehool (button) folded before Flop (didn't bet)
Seat 3: Arieelarrieta (small blind) showed [6h Ac] and won ($1.12) with two pair, Aces and Sixes
Seat 4: Dorex2007 (big blind) folded before Flop
Seat 5: Char P-3 mucked [Ad Qh]
Seat 6: ara0200 folded before Flop (didn't bet)
Seat 7: josejuniorsc folded before Flop (didn't bet)
Seat 8: razvaneelN1 folded on the River
Seat 9: bubutos69 folded before Flop (didn't bet)



PokerStars Hand #237263301648:  Hold'em No Limit ($0.01/$0.02 USD) - 2022/07/09 15:51:23 PT [2022/07/09 18:51:23 ET]
Table 'Roehla II' 9-max Seat #3 is the button
Seat 1: HecticNo1 ($4.96 in chips) 
Seat 2: Acehool ($1.98 in chips) 
Seat 3: Arieelarrieta ($2.68 in chips) 
Seat 4: Dorex2007 ($2 in chips) 
Seat 5: Char P-3 ($0.88 in chips) 
Seat 6: ara0200 ($7.50 in chips) 
Seat 7: josejuniorsc ($1.98 in chips) 
Seat 8: razvaneelN1 ($2 in chips) 
Seat 9: bubutos69 ($2.10 in chips) 
Dorex2007: posts small blind $0.01
Char P-3: posts big blind $0.02
*** HOLE CARDS ***
Dealt to Dorex2007 [Kd 8c]
ara0200: folds 
josejuniorsc: folds 
razvaneelN1: folds 
bubutos69: calls $0.02
HecticNo1: folds 
Acehool: calls $0.02
Arieelarrieta: folds 
Dorex2007: folds 
Char P-3: checks 
*** FLOP *** [Kh Th Qs]
Char P-3: checks 
bubutos69: bets $0.07
Acehool: folds 
Char P-3: folds 
Uncalled bet ($0.07) returned to bubutos69
bubutos69 collected $0.07 from pot
*** SUMMARY ***
Total pot $0.07 | Rake $0 
Board [Kh Th Qs]
Seat 1: HecticNo1 folded before Flop (didn't bet)
Seat 2: Acehool folded on the Flop
Seat 3: Arieelarrieta (button) folded before Flop (didn't bet)
Seat 4: Dorex2007 (small blind) folded before Flop
Seat 5: Char P-3 (big blind) folded on the Flop
Seat 6: ara0200 folded before Flop (didn't bet)
Seat 7: josejuniorsc folded before Flop (didn't bet)
Seat 8: razvaneelN1 folded before Flop (didn't bet)
Seat 9: bubutos69 collected ($0.07)



PokerStars Hand #237263315636:  Hold'em No Limit ($0.01/$0.02 USD) - 2022/07/09 15:52:10 PT [2022/07/09 18:52:10 ET]
Table 'Roehla II' 9-max Seat #4 is the button
Seat 1: HecticNo1 ($4.96 in chips) 
Seat 2: Acehool ($1.96 in chips) 
Seat 3: Arieelarrieta ($2.68 in chips) 
Seat 4: Dorex2007 ($2 in chips) 
Seat 5: Char P-3 ($0.86 in chips) 
Seat 6: ara0200 ($7.50 in chips) 
Seat 7: josejuniorsc ($1.98 in chips) 
Seat 8: razvaneelN1 ($2 in chips) 
Seat 9: bubutos69 ($2.15 in chips) 
Char P-3: posts small blind $0.01
ara0200: posts big blind $0.02
*** HOLE CARDS ***
Dealt to Dorex2007 [3d Kh]
josejuniorsc: folds 
razvaneelN1: folds 
bubutos69: folds 
HecticNo1: folds 
Acehool: folds 
Arieelarrieta has timed out
Arieelarrieta: folds 
Dorex2007: folds 
Char P-3: calls $0.01
ara0200: raises $0.04 to $0.06
Char P-3: calls $0.04
*** FLOP *** [8h Ac 2h]
Char P-3: checks 
ara0200: bets $0.04
Char P-3: calls $0.04
*** TURN *** [8h Ac 2h] [6s]
Char P-3: checks 
ara0200: bets $0.06
Char P-3: calls $0.06
*** RIVER *** [8h Ac 2h 6s] [9h]
Char P-3: bets $0.18
ara0200: folds 
Uncalled bet ($0.18) returned to Char P-3
Char P-3 collected $0.31 from pot
*** SUMMARY ***
Total pot $0.32 | Rake $0.01 
Board [8h Ac 2h 6s 9h]
Seat 1: HecticNo1 folded before Flop (didn't bet)
Seat 2: Acehool folded before Flop (didn't bet)
Seat 3: Arieelarrieta folded before Flop (didn't bet)
Seat 4: Dorex2007 (button) folded before Flop (didn't bet)
Seat 5: Char P-3 (small blind) collected ($0.31)
Seat 6: ara0200 (big blind) folded on the River
Seat 7: josejuniorsc folded before Flop (didn't bet)
Seat 8: razvaneelN1 folded before Flop (didn't bet)
Seat 9: bubutos69 folded before Flop (didn't bet)



PokerStars Hand #237263335261:  Hold'em No Limit ($0.01/$0.02 USD) - 2022/07/09 15:53:16 PT [2022/07/09 18:53:16 ET]
Table 'Roehla II' 9-max Seat #5 is the button
Seat 1: HecticNo1 ($4.96 in chips) 
Seat 2: Acehool ($1.96 in chips) 
Seat 4: Dorex2007 ($2 in chips) 
Seat 5: Char P-3 ($1.01 in chips) 
Seat 6: ara0200 ($7.34 in chips) 
Seat 7: josejuniorsc ($1.98 in chips) 
Seat 8: razvaneelN1 ($2 in chips) 
Seat 9: bubutos69 ($2.15 in chips) 
ara0200: posts small blind $0.01
josejuniorsc: posts big blind $0.02
*** HOLE CARDS ***
Dealt to Dorex2007 [9h Th]
razvaneelN1: raises $0.02 to $0.04
bubutos69: folds 
HecticNo1: folds 
Acehool: folds 
Dorex2007: calls $0.04
Char P-3: folds 
ara0200: raises $0.06 to $0.10
josejuniorsc: calls $0.08
razvaneelN1: calls $0.06
Dorex2007: calls $0.06
*** FLOP *** [9s 7s 6c]
ara0200: checks 
josejuniorsc: checks 
razvaneelN1: bets $0.19
Dorex2007: folds 
ara0200: folds 
josejuniorsc: folds 
Uncalled bet ($0.19) returned to razvaneelN1
razvaneelN1 collected $0.39 from pot
*** SUMMARY ***
Total pot $0.40 | Rake $0.01 
Board [9s 7s 6c]
Seat 1: HecticNo1 folded before Flop (didn't bet)
Seat 2: Acehool folded before Flop (didn't bet)
Seat 4: Dorex2007 folded on the Flop
Seat 5: Char P-3 (button) folded before Flop (didn't bet)
Seat 6: ara0200 (small blind) folded on the Flop
Seat 7: josejuniorsc (big blind) folded on the Flop
Seat 8: razvaneelN1 collected ($0.39)
Seat 9: bubutos69 folded before Flop (didn't bet)



PokerStars Hand #237263352015:  Hold'em No Limit ($0.01/$0.02 USD) - 2022/07/09 15:54:13 PT [2022/07/09 18:54:13 ET]
Table 'Roehla II' 9-max Seat #6 is the button
Seat 1: HecticNo1 ($4.96 in chips) 
Seat 2: Acehool ($1.96 in chips) 
Seat 3: Arieelarrieta ($2.68 in chips) 
Seat 4: Dorex2007 ($2 in chips) 
Seat 5: Char P-3 ($1.01 in chips) 
Seat 6: ara0200 ($7.24 in chips) 
Seat 7: josejuniorsc ($1.88 in chips) 
Seat 8: razvaneelN1 ($2.29 in chips) 
Seat 9: bubutos69 ($2.15 in chips) 
josejuniorsc: posts small blind $0.01
razvaneelN1: posts big blind $0.02
*** HOLE CARDS ***
Dealt to Dorex2007 [6d 6s]
bubutos69: folds 
HecticNo1: folds 
Acehool: calls $0.02
Arieelarrieta: calls $0.02
Dorex2007: calls $0.02
Char P-3: folds 
ara0200: raises $0.04 to $0.06
josejuniorsc: folds 
razvaneelN1: folds 
Acehool: calls $0.04
Arieelarrieta: calls $0.04
Dorex2007: calls $0.04
*** FLOP *** [2s Jh Kh]
Acehool: checks 
Arieelarrieta: checks 
Dorex2007: checks 
ara0200: checks 
*** TURN *** [2s Jh Kh] [2d]
Acehool: checks 
Arieelarrieta: checks 
Dorex2007: checks 
ara0200: bets $0.10
Acehool: calls $0.10
Arieelarrieta: folds 
Dorex2007: folds 
*** RIVER *** [2s Jh Kh 2d] [4s]
Acehool: checks 
ara0200: checks 
*** SHOW DOWN ***
Acehool: shows [9h 5h] (a pair of Deuces)
ara0200: shows [Jd Qh] (two pair, Jacks and Deuces)
ara0200 collected $0.45 from pot
*** SUMMARY ***
Total pot $0.47 | Rake $0.02 
Board [2s Jh Kh 2d 4s]
Seat 1: HecticNo1 folded before Flop (didn't bet)
Seat 2: Acehool showed [9h 5h] and lost with a pair of Deuces
Seat 3: Arieelarrieta folded on the Turn
Seat 4: Dorex2007 folded on the Turn
Seat 5: Char P-3 folded before Flop (didn't bet)
Seat 6: ara0200 (button) showed [Jd Qh] and won ($0.45) with two pair, Jacks and Deuces
Seat 7: josejuniorsc (small blind) folded before Flop
Seat 8: razvaneelN1 (big blind) folded before Flop
Seat 9: bubutos69 folded before Flop (didn't bet)



PokerStars Hand #237263375877:  Hold'em No Limit ($0.01/$0.02 USD) - 2022/07/09 15:55:43 PT [2022/07/09 18:55:43 ET]
Table 'Roehla II' 9-max Seat #7 is the button
Seat 1: HecticNo1 ($4.96 in chips) 
Seat 2: Acehool ($1.80 in chips) 
Seat 3: Arieelarrieta ($2.62 in chips) 
Seat 4: Dorex2007 ($2 in chips) 
Seat 5: Char P-3 ($1.01 in chips) 
Seat 6: ara0200 ($7.53 in chips) 
Seat 7: josejuniorsc ($1.87 in chips) 
Seat 8: razvaneelN1 ($2.27 in chips) 
Seat 9: bubutos69 ($2.15 in chips) 
razvaneelN1: posts small blind $0.01
bubutos69: posts big blind $0.02
*** HOLE CARDS ***
Dealt to Dorex2007 [Qs 7c]
HecticNo1: folds 
Acehool: calls $0.02
Arieelarrieta: folds 
Dorex2007: folds 
Char P-3: folds 
ara0200: folds 
josejuniorsc: calls $0.02
razvaneelN1: folds 
bubutos69: checks 
*** FLOP *** [8s 3d 8d]
bubutos69: checks 
Acehool: checks 
josejuniorsc: checks 
*** TURN *** [8s 3d 8d] [Ks]
bubutos69: checks 
Acehool: checks 
josejuniorsc: checks 
*** RIVER *** [8s 3d 8d Ks] [Kd]
bubutos69: checks 
Acehool: checks 
josejuniorsc: checks 
*** SHOW DOWN ***
bubutos69: shows [Jh 7s] (two pair, Kings and Eights)
Acehool: shows [Qd Th] (two pair, Kings and Eights - Queen kicker)
josejuniorsc: shows [Td Tc] (two pair, Kings and Tens)
josejuniorsc collected $0.07 from pot
*** SUMMARY ***
Total pot $0.07 | Rake $0 
Board [8s 3d 8d Ks Kd]
Seat 1: HecticNo1 folded before Flop (didn't bet)
Seat 2: Acehool showed [Qd Th] and lost with two pair, Kings and Eights
Seat 3: Arieelarrieta folded before Flop (didn't bet)
Seat 4: Dorex2007 folded before Flop (didn't bet)
Seat 5: Char P-3 folded before Flop (didn't bet)
Seat 6: ara0200 folded before Flop (didn't bet)
Seat 7: josejuniorsc (button) showed [Td Tc] and won ($0.07) with two pair, Kings and Tens
Seat 8: razvaneelN1 (small blind) folded before Flop
Seat 9: bubutos69 (big blind) showed [Jh 7s] and lost with two pair, Kings and Eights



PokerStars Hand #237263395244:  Hold'em No Limit ($0.01/$0.02 USD) - 2022/07/09 15:57:06 PT [2022/07/09 18:57:06 ET]
Table 'Roehla II' 9-max Seat #8 is the button
Seat 1: HecticNo1 ($4.96 in chips) 
Seat 2: Acehool ($1.78 in chips) 
Seat 3: Arieelarrieta ($2.62 in chips) 
Seat 4: Dorex2007 ($2 in chips) 
Seat 5: Char P-3 ($1.01 in chips) 
Seat 6: ara0200 ($7.53 in chips) 
Seat 7: josejuniorsc ($1.92 in chips) 
Seat 8: razvaneelN1 ($2.26 in chips) 
Seat 9: bubutos69 ($2.13 in chips) 
bubutos69: posts small blind $0.01
HecticNo1: posts big blind $0.02
*** HOLE CARDS ***
Dealt to Dorex2007 [8h 9h]
Acehool: folds 
Acehool leaves the table
b1oviv19931 joins the table at seat #2 
Arieelarrieta has timed out
Arieelarrieta: folds 
Dorex2007: folds 
Char P-3: folds 
ara0200: raises $0.04 to $0.06
josejuniorsc: folds 
razvaneelN1: raises $0.06 to $0.12
bubutos69: calls $0.11
HecticNo1: folds 
ara0200: raises $0.18 to $0.30
razvaneelN1: calls $0.18
bubutos69: calls $0.18
*** FLOP *** [Ac Ad 4d]
bubutos69: checks 
ara0200: checks 
razvaneelN1: bets $0.10
bubutos69: calls $0.10
ara0200: calls $0.10
*** TURN *** [Ac Ad 4d] [Jd]
bubutos69: checks 
ara0200: bets $0.30
razvaneelN1: calls $0.30
bubutos69: folds 
*** RIVER *** [Ac Ad 4d Jd] [6d]
ara0200: checks 
razvaneelN1: checks 
*** SHOW DOWN ***
ara0200: shows [Kd As] (a flush, Ace high)
razvaneelN1: mucks hand 
ara0200 collected $1.76 from pot
*** SUMMARY ***
Total pot $1.82 | Rake $0.06 
Board [Ac Ad 4d Jd 6d]
Seat 1: HecticNo1 (big blind) folded before Flop
Seat 2: Acehool folded before Flop (didn't bet)
Seat 3: Arieelarrieta folded before Flop (didn't bet)
Seat 4: Dorex2007 folded before Flop (didn't bet)
Seat 5: Char P-3 folded before Flop (didn't bet)
Seat 6: ara0200 showed [Kd As] and won ($1.76) with a flush, Ace high
Seat 7: josejuniorsc folded before Flop (didn't bet)
Seat 8: razvaneelN1 (button) mucked [Ah Ks]
Seat 9: bubutos69 (small blind) folded on the Turn



PokerStars Hand #237263421452:  Hold'em No Limit ($0.01/$0.02 USD) - 2022/07/09 15:58:57 PT [2022/07/09 18:58:57 ET]
Table 'Roehla II' 9-max Seat #9 is the button
Seat 1: HecticNo1 ($4.94 in chips) 
Seat 2: b1oviv19931 ($1.60 in chips) 
Seat 4: Dorex2007 ($2 in chips) 
Seat 5: Char P-3 ($1.01 in chips) 
Seat 6: ara0200 ($8.59 in chips) 
Seat 7: josejuniorsc ($1.92 in chips) 
Seat 8: razvaneelN1 ($1.56 in chips) 
Seat 9: bubutos69 ($2 in chips) 
HecticNo1: posts small blind $0.01
b1oviv19931: posts big blind $0.02
*** HOLE CARDS ***
Dealt to Dorex2007 [3c 8s]
Dorex2007: folds 
Char P-3: calls $0.02
ara0200: calls $0.02
josejuniorsc: folds 
razvaneelN1: folds 
bubutos69: folds 
HecticNo1: calls $0.01
b1oviv19931: checks 
*** FLOP *** [2d As 9h]
Arieelarrieta leaves the table
HecticNo1: checks 
b1oviv19931: checks 
Char P-3: checks 
ara0200: bets $0.04
HecticNo1: folds 
b1oviv19931: folds 
Char P-3: calls $0.04
*** TURN *** [2d As 9h] [5h]
Char P-3: checks 
ara0200: bets $0.05
Char P-3: calls $0.05
*** RIVER *** [2d As 9h 5h] [Qh]
Char P-3: checks 
ara0200: checks 
*** SHOW DOWN ***
Char P-3: shows [Th Ts] (a pair of Tens)
ara0200: shows [Ad 4c] (a pair of Aces)
ara0200 collected $0.25 from pot
*** SUMMARY ***
Total pot $0.26 | Rake $0.01 
Board [2d As 9h 5h Qh]
Seat 1: HecticNo1 (small blind) folded on the Flop
Seat 2: b1oviv19931 (big blind) folded on the Flop
Seat 4: Dorex2007 folded before Flop (didn't bet)
Seat 5: Char P-3 showed [Th Ts] and lost with a pair of Tens
Seat 6: ara0200 showed [Ad 4c] and won ($0.25) with a pair of Aces
Seat 7: josejuniorsc folded before Flop (didn't bet)
Seat 8: razvaneelN1 folded before Flop (didn't bet)
Seat 9: bubutos69 (button) folded before Flop (didn't bet)



PokerStars Hand #237263440232:  Hold'em No Limit ($0.01/$0.02 USD) - 2022/07/09 16:00:15 PT [2022/07/09 19:00:15 ET]
Table 'Roehla II' 9-max Seat #1 is the button
Seat 1: HecticNo1 ($4.92 in chips) 
Seat 2: b1oviv19931 ($1.58 in chips) 
Seat 4: Dorex2007 ($2 in chips) 
Seat 5: Char P-3 ($0.90 in chips) 
Seat 6: ara0200 ($8.73 in chips) 
Seat 7: josejuniorsc ($1.92 in chips) 
Seat 8: razvaneelN1 ($2 in chips) 
Seat 9: bubutos69 ($2 in chips) 
b1oviv19931: posts small blind $0.01
Dorex2007: posts big blind $0.02
*** HOLE CARDS ***
Dealt to Dorex2007 [5h 7c]
Char P-3: calls $0.02
ara0200: folds 
josejuniorsc has timed out
josejuniorsc: folds 
razvaneelN1: folds 
bubutos69: raises $0.06 to $0.08
HecticNo1: folds 
b1oviv19931: folds 
Dorex2007: folds 
Char P-3: calls $0.06
*** FLOP *** [Jc Qd 3d]
Char P-3: checks 
bubutos69: bets $0.10
Char P-3: folds 
Uncalled bet ($0.10) returned to bubutos69
bubutos69 collected $0.18 from pot
*** SUMMARY ***
Total pot $0.19 | Rake $0.01 
Board [Jc Qd 3d]
Seat 1: HecticNo1 (button) folded before Flop (didn't bet)
Seat 2: b1oviv19931 (small blind) folded before Flop
Seat 4: Dorex2007 (big blind) folded before Flop
Seat 5: Char P-3 folded on the Flop
Seat 6: ara0200 folded before Flop (didn't bet)
Seat 7: josejuniorsc folded before Flop (didn't bet)
Seat 8: razvaneelN1 folded before Flop (didn't bet)
Seat 9: bubutos69 collected ($0.18)



PokerStars Hand #237263456521:  Hold'em No Limit ($0.01/$0.02 USD) - 2022/07/09 16:01:16 PT [2022/07/09 19:01:16 ET]
Table 'Roehla II' 9-max Seat #2 is the button
Seat 1: HecticNo1 ($4.92 in chips) 
Seat 2: b1oviv19931 ($1.57 in chips) 
Seat 4: Dorex2007 ($2 in chips) 
Seat 5: Char P-3 ($0.82 in chips) 
Seat 6: ara0200 ($8.73 in chips) 
Seat 7: josejuniorsc ($1.92 in chips) 
Seat 8: razvaneelN1 ($2 in chips) 
Seat 9: bubutos69 ($2.10 in chips) 
Dorex2007: posts small blind $0.01
Char P-3: posts big blind $0.02
*** HOLE CARDS ***
Dealt to Dorex2007 [Th Qd]
ara0200: folds 
josejuniorsc: folds 
razvaneelN1: folds 
bubutos69: folds 
HecticNo1: folds 
b1oviv19931: raises $0.04 to $0.06
Dorex2007: folds 
Char P-3: folds 
Uncalled bet ($0.04) returned to b1oviv19931
b1oviv19931 collected $0.05 from pot
*** SUMMARY ***
Total pot $0.05 | Rake $0 
Seat 1: HecticNo1 folded before Flop (didn't bet)
Seat 2: b1oviv19931 (button) collected ($0.05)
Seat 4: Dorex2007 (small blind) folded before Flop
Seat 5: Char P-3 (big blind) folded before Flop
Seat 6: ara0200 folded before Flop (didn't bet)
Seat 7: josejuniorsc folded before Flop (didn't bet)
Seat 8: razvaneelN1 folded before Flop (didn't bet)
Seat 9: bubutos69 folded before Flop (didn't bet)



PokerStars Hand #237263463892:  Hold'em No Limit ($0.01/$0.02 USD) - 2022/07/09 16:01:41 PT [2022/07/09 19:01:41 ET]
Table 'Roehla II' 9-max Seat #4 is the button
Seat 1: HecticNo1 ($4.92 in chips) 
Seat 2: b1oviv19931 ($1.60 in chips) 
Seat 4: Dorex2007 ($2 in chips) 
Seat 5: Char P-3 ($0.80 in chips) 
Seat 6: ara0200 ($8.73 in chips) 
Seat 7: josejuniorsc ($1.92 in chips) 
Seat 8: razvaneelN1 ($2 in chips) 
Seat 9: bubutos69 ($2.10 in chips) 
Char P-3: posts small blind $0.01
ara0200: posts big blind $0.02
*** HOLE CARDS ***
Dealt to Dorex2007 [Kd 6s]
josejuniorsc: folds 
razvaneelN1: folds 
lemontr3 joins the table at seat #3 
bubutos69: calls $0.02
HecticNo1: folds 
b1oviv19931: calls $0.02
Dorex2007: folds 
Char P-3: calls $0.01
ara0200: checks 
*** FLOP *** [4h 5c 5s]
Char P-3: checks 
ara0200: checks 
bubutos69: checks 
b1oviv19931: checks 
*** TURN *** [4h 5c 5s] [8d]
Char P-3: checks 
ara0200: bets $0.04
bubutos69: folds 
b1oviv19931: folds 
Char P-3: folds 
Uncalled bet ($0.04) returned to ara0200
ara0200 collected $0.08 from pot
*** SUMMARY ***
Total pot $0.08 | Rake $0 
Board [4h 5c 5s 8d]
Seat 1: HecticNo1 folded before Flop (didn't bet)
Seat 2: b1oviv19931 folded on the Turn
Seat 4: Dorex2007 (button) folded before Flop (didn't bet)
Seat 5: Char P-3 (small blind) folded on the Turn
Seat 6: ara0200 (big blind) collected ($0.08)
Seat 7: josejuniorsc folded before Flop (didn't bet)
Seat 8: razvaneelN1 folded before Flop (didn't bet)
Seat 9: bubutos69 folded on the Turn



PokerStars Hand #237263485647:  Hold'em No Limit ($0.01/$0.02 USD) - 2022/07/09 16:02:56 PT [2022/07/09 19:02:56 ET]
Table 'Roehla II' 9-max Seat #5 is the button
Seat 1: HecticNo1 ($4.92 in chips) 
Seat 2: b1oviv19931 ($1.58 in chips) 
Seat 4: Dorex2007 ($2 in chips) 
Seat 5: Char P-3 ($0.78 in chips) 
Seat 6: ara0200 ($8.79 in chips) 
Seat 7: josejuniorsc ($1.92 in chips) 
Seat 8: razvaneelN1 ($2 in chips) 
Seat 9: bubutos69 ($2.08 in chips) 
ara0200: posts small blind $0.01
josejuniorsc: posts big blind $0.02
lemontr3: sits out 
*** HOLE CARDS ***
Dealt to Dorex2007 [2d Tc]
razvaneelN1: folds 
bubutos69: folds 
HecticNo1: folds 
b1oviv19931: folds 
Dorex2007: folds 
Char P-3: folds 
ara0200: raises $0.02 to $0.04
josejuniorsc: folds 
Uncalled bet ($0.02) returned to ara0200
ara0200 collected $0.04 from pot
*** SUMMARY ***
Total pot $0.04 | Rake $0 
Seat 1: HecticNo1 folded before Flop (didn't bet)
Seat 2: b1oviv19931 folded before Flop (didn't bet)
Seat 4: Dorex2007 folded before Flop (didn't bet)
Seat 5: Char P-3 (button) folded before Flop (didn't bet)
Seat 6: ara0200 (small blind) collected ($0.04)
Seat 7: josejuniorsc (big blind) folded before Flop
Seat 8: razvaneelN1 folded before Flop (didn't bet)
Seat 9: bubutos69 folded before Flop (didn't bet)



PokerStars Hand #237263490618:  Hold'em No Limit ($0.01/$0.02 USD) - 2022/07/09 16:03:13 PT [2022/07/09 19:03:13 ET]
Table 'Roehla II' 9-max Seat #6 is the button
Seat 1: HecticNo1 ($4.92 in chips) 
Seat 2: b1oviv19931 ($1.58 in chips) 
Seat 4: Dorex2007 ($2 in chips) 
Seat 5: Char P-3 ($0.78 in chips) 
Seat 6: ara0200 ($8.81 in chips) 
Seat 7: josejuniorsc ($1.90 in chips) 
Seat 8: razvaneelN1 ($2 in chips) 
Seat 9: bubutos69 ($2.08 in chips) 
josejuniorsc: posts small blind $0.01
razvaneelN1: posts big blind $0.02
lemontr3: sits out 
*** HOLE CARDS ***
Dealt to Dorex2007 [4h 9s]
bubutos69: folds 
HecticNo1: folds 
b1oviv19931: raises $0.04 to $0.06
Dorex2007: folds 
Char P-3: folds 
ara0200: folds 
josejuniorsc: folds 
razvaneelN1: folds 
Uncalled bet ($0.04) returned to b1oviv19931
lemontr3 leaves the table
b1oviv19931 collected $0.05 from pot
*** SUMMARY ***
Total pot $0.05 | Rake $0 
Seat 1: HecticNo1 folded before Flop (didn't bet)
Seat 2: b1oviv19931 collected ($0.05)
Seat 4: Dorex2007 folded before Flop (didn't bet)
Seat 5: Char P-3 folded before Flop (didn't bet)
Seat 6: ara0200 (button) folded before Flop (didn't bet)
Seat 7: josejuniorsc (small blind) folded before Flop
Seat 8: razvaneelN1 (big blind) folded before Flop
Seat 9: bubutos69 folded before Flop (didn't bet)



PokerStars Hand #237263504921:  Hold'em No Limit ($0.01/$0.02 USD) - 2022/07/09 16:03:44 PT [2022/07/09 19:03:44 ET]
Table 'Roehla II' 9-max Seat #7 is the button
Seat 1: HecticNo1 ($4.92 in chips) 
Seat 2: b1oviv19931 ($1.61 in chips) 
Seat 4: Dorex2007 ($2 in chips) 
Seat 5: Char P-3 ($0.78 in chips) 
Seat 6: ara0200 ($8.81 in chips) 
Seat 7: josejuniorsc ($1.89 in chips) 
Seat 8: razvaneelN1 ($1.98 in chips) 
Seat 9: bubutos69 ($2.08 in chips) 
razvaneelN1: posts small blind $0.01
bubutos69: posts big blind $0.02
*** HOLE CARDS ***
Dealt to Dorex2007 [7c Qd]
HecticNo1: folds 
b1oviv19931: raises $0.04 to $0.06
Dorex2007: folds 
Char P-3: folds 
carloshs88 joins the table at seat #3 
ara0200: folds 
josejuniorsc: folds 
razvaneelN1: calls $0.05
bubutos69: calls $0.04
*** FLOP *** [4c 7s Tc]
razvaneelN1: checks 
bubutos69: checks 
b1oviv19931: checks 
*** TURN *** [4c 7s Tc] [8c]
razvaneelN1: checks 
bubutos69: bets $0.10
b1oviv19931: folds 
razvaneelN1: folds 
Uncalled bet ($0.10) returned to bubutos69
bubutos69 collected $0.17 from pot
*** SUMMARY ***
Total pot $0.18 | Rake $0.01 
Board [4c 7s Tc 8c]
Seat 1: HecticNo1 folded before Flop (didn't bet)
Seat 2: b1oviv19931 folded on the Turn
Seat 4: Dorex2007 folded before Flop (didn't bet)
Seat 5: Char P-3 folded before Flop (didn't bet)
Seat 6: ara0200 folded before Flop (didn't bet)
Seat 7: josejuniorsc (button) folded before Flop (didn't bet)
Seat 8: razvaneelN1 (small blind) folded on the Turn
Seat 9: bubutos69 (big blind) collected ($0.17)



PokerStars Hand #237263542242:  Hold'em No Limit ($0.01/$0.02 USD) - 2022/07/09 16:05:18 PT [2022/07/09 19:05:18 ET]
Table 'Roehla II' 9-max Seat #9 is the button
Seat 1: HecticNo1 ($4.90 in chips) 
Seat 2: b1oviv19931 ($1.55 in chips) 
Seat 4: Dorex2007 ($2 in chips) 
Seat 5: Char P-3 ($0.78 in chips) 
Seat 6: ara0200 ($8.84 in chips) 
Seat 7: josejuniorsc ($1.89 in chips) 
Seat 8: razvaneelN1 ($1.92 in chips) 
Seat 9: bubutos69 ($2.18 in chips) 
HecticNo1: posts small blind $0.01
b1oviv19931: posts big blind $0.02
carloshs88: sits out 
*** HOLE CARDS ***
Dealt to Dorex2007 [5s Th]
Dorex2007: folds 
Char P-3: folds 
ara0200: folds 
josejuniorsc: folds 
razvaneelN1: folds 
bubutos69: raises $0.04 to $0.06
HecticNo1: folds 
b1oviv19931: folds 
Uncalled bet ($0.04) returned to bubutos69
bubutos69 collected $0.05 from pot
*** SUMMARY ***
Total pot $0.05 | Rake $0 
Seat 1: HecticNo1 (small blind) folded before Flop
Seat 2: b1oviv19931 (big blind) folded before Flop
Seat 4: Dorex2007 folded before Flop (didn't bet)
Seat 5: Char P-3 folded before Flop (didn't bet)
Seat 6: ara0200 folded before Flop (didn't bet)
Seat 7: josejuniorsc folded before Flop (didn't bet)
Seat 8: razvaneelN1 folded before Flop (didn't bet)
Seat 9: bubutos69 (button) collected ($0.05)



PokerStars Hand #237263548958:  Hold'em No Limit ($0.01/$0.02 USD) - 2022/07/09 16:05:41 PT [2022/07/09 19:05:41 ET]
Table 'Roehla II' 9-max Seat #1 is the button
Seat 1: HecticNo1 ($4.89 in chips) 
Seat 2: b1oviv19931 ($1.53 in chips) 
Seat 3: carloshs88 ($1.60 in chips) 
Seat 4: Dorex2007 ($2 in chips) 
Seat 5: Char P-3 ($0.78 in chips) 
Seat 6: ara0200 ($8.84 in chips) 
Seat 7: josejuniorsc ($1.89 in chips) 
Seat 8: razvaneelN1 ($1.92 in chips) 
Seat 9: bubutos69 ($2.21 in chips) 
b1oviv19931: posts small blind $0.01
carloshs88: posts big blind $0.02
*** HOLE CARDS ***
Dealt to Dorex2007 [9h As]
Dorex2007: folds 
Char P-3: calls $0.02
ara0200: folds 
josejuniorsc: calls $0.02
razvaneelN1: raises $0.04 to $0.06
bubutos69: folds 
HecticNo1: folds 
b1oviv19931: folds 
carloshs88: calls $0.04
Char P-3: calls $0.04
josejuniorsc: folds 
*** FLOP *** [Qs 7c Kc]
carloshs88: checks 
Char P-3: checks 
razvaneelN1: checks 
*** TURN *** [Qs 7c Kc] [Ts]
carloshs88: checks 
Char P-3: bets $0.06
razvaneelN1: folds 
carloshs88: calls $0.06
*** RIVER *** [Qs 7c Kc Ts] [3d]
carloshs88: checks 
ara0200 leaves the table
Char P-3: bets $0.06
carloshs88: folds 
Uncalled bet ($0.06) returned to Char P-3
Char P-3 collected $0.32 from pot
*** SUMMARY ***
Total pot $0.33 | Rake $0.01 
Board [Qs 7c Kc Ts 3d]
Seat 1: HecticNo1 (button) folded before Flop (didn't bet)
Seat 2: b1oviv19931 (small blind) folded before Flop
Seat 3: carloshs88 (big blind) folded on the River
Seat 4: Dorex2007 folded before Flop (didn't bet)
Seat 5: Char P-3 collected ($0.32)
Seat 6: ara0200 folded before Flop (didn't bet)
Seat 7: josejuniorsc folded before Flop
Seat 8: razvaneelN1 folded on the Turn
Seat 9: bubutos69 folded before Flop (didn't bet)



PokerStars Hand #237263578658:  Hold'em No Limit ($0.01/$0.02 USD) - 2022/07/09 16:07:00 PT [2022/07/09 19:07:00 ET]
Table 'Roehla II' 9-max Seat #2 is the button
Seat 1: HecticNo1 ($4.89 in chips) 
Seat 2: b1oviv19931 ($1.52 in chips) 
Seat 3: carloshs88 ($1.48 in chips) 
Seat 4: Dorex2007 ($2 in chips) 
Seat 5: Char P-3 ($0.98 in chips) 
Seat 7: josejuniorsc ($1.87 in chips) 
Seat 8: razvaneelN1 ($2 in chips) 
Seat 9: bubutos69 ($2.21 in chips) 
carloshs88: posts small blind $0.01
Dorex2007: posts big blind $0.02
*** HOLE CARDS ***
Dealt to Dorex2007 [3d 9s]
Char P-3: folds 
josejuniorsc: folds 
razvaneelN1: folds 
bubutos69: calls $0.02
HecticNo1: calls $0.02
b1oviv19931: calls $0.02
carloshs88: calls $0.01
Dorex2007: checks 
*** FLOP *** [Jd 8c Qs]
carloshs88: checks 
Dorex2007: checks 
bubutos69: checks 
HecticNo1: checks 
b1oviv19931: checks 
*** TURN *** [Jd 8c Qs] [2s]
razvaneelN1 leaves the table
carloshs88: checks 
Dorex2007: checks 
bubutos69: checks 
HecticNo1: checks 
b1oviv19931: bets $0.10
carloshs88: folds 
Dorex2007: folds 
bubutos69: folds 
HecticNo1: folds 
Uncalled bet ($0.10) returned to b1oviv19931
b1oviv19931 collected $0.10 from pot
*** SUMMARY ***
Total pot $0.10 | Rake $0 
Board [Jd 8c Qs 2s]
Seat 1: HecticNo1 folded on the Turn
Seat 2: b1oviv19931 (button) collected ($0.10)
Seat 3: carloshs88 (small blind) folded on the Turn
Seat 4: Dorex2007 (big blind) folded on the Turn
Seat 5: Char P-3 folded before Flop (didn't bet)
Seat 7: josejuniorsc folded before Flop (didn't bet)
Seat 8: razvaneelN1 folded before Flop (didn't bet)
Seat 9: bubutos69 folded on the Turn



PokerStars Hand #237263598553:  Hold'em No Limit ($0.01/$0.02 USD) - 2022/07/09 16:08:09 PT [2022/07/09 19:08:09 ET]
Table 'Roehla II' 9-max Seat #3 is the button
Seat 1: HecticNo1 ($4.87 in chips) 
Seat 2: b1oviv19931 ($1.60 in chips) 
Seat 3: carloshs88 ($1.46 in chips) 
Seat 4: Dorex2007 ($2 in chips) 
Seat 5: Char P-3 ($0.98 in chips) 
Seat 7: josejuniorsc ($1.87 in chips) 
Seat 9: bubutos69 ($2.19 in chips) 
Dorex2007: posts small blind $0.01
Char P-3: posts big blind $0.02
*** HOLE CARDS ***
Dealt to Dorex2007 [Qd Qh]
josejuniorsc: folds 
bubutos69: folds 
HecticNo1: folds 
b1oviv19931: folds 
carloshs88: raises $0.02 to $0.04
Dorex2007: raises $0.06 to $0.10
Char P-3: calls $0.08
carloshs88: calls $0.06
*** FLOP *** [Jh 3h Ah]
Dorex2007: checks 
Char P-3: checks 
carloshs88: checks 
*** TURN *** [Jh 3h Ah] [Td]
Dorex2007: bets $0.06
Char P-3: calls $0.06
carloshs88: folds 
*** RIVER *** [Jh 3h Ah Td] [Js]
Dorex2007: bets $0.06
Char P-3: calls $0.06
*** SHOW DOWN ***
Dorex2007: shows [Qd Qh] (two pair, Queens and Jacks)
Char P-3: shows [6c Ac] (two pair, Aces and Jacks)
Char P-3 collected $0.52 from pot
*** SUMMARY ***
Total pot $0.54 | Rake $0.02 
Board [Jh 3h Ah Td Js]
Seat 1: HecticNo1 folded before Flop (didn't bet)
Seat 2: b1oviv19931 folded before Flop (didn't bet)
Seat 3: carloshs88 (button) folded on the Turn
Seat 4: Dorex2007 (small blind) showed [Qd Qh] and lost with two pair, Queens and Jacks
Seat 5: Char P-3 (big blind) showed [6c Ac] and won ($0.52) with two pair, Aces and Jacks
Seat 7: josejuniorsc folded before Flop (didn't bet)
Seat 9: bubutos69 folded before Flop (didn't bet)



PokerStars Hand #237263619873:  Hold'em No Limit ($0.01/$0.02 USD) - 2022/07/09 16:09:22 PT [2022/07/09 19:09:22 ET]
Table 'Roehla II' 9-max Seat #4 is the button
Seat 1: HecticNo1 ($4.87 in chips) 
Seat 2: b1oviv19931 ($1.60 in chips) 
Seat 3: carloshs88 ($1.36 in chips) 
Seat 4: Dorex2007 ($2 in chips) 
Seat 5: Char P-3 ($1.28 in chips) 
Seat 7: josejuniorsc ($1.87 in chips) 
Seat 9: bubutos69 ($2.19 in chips) 
Char P-3: posts small blind $0.01
josejuniorsc: posts big blind $0.02
*** HOLE CARDS ***
Dealt to Dorex2007 [6d 2h]
bubutos69 has timed out
bubutos69: folds 
HecticNo1: folds 
b1oviv19931: folds 
carloshs88: folds 
Dorex2007: folds 
Char P-3: folds 
Uncalled bet ($0.01) returned to josejuniorsc
josejuniorsc collected $0.02 from pot
*** SUMMARY ***
Total pot $0.02 | Rake $0 
Seat 1: HecticNo1 folded before Flop (didn't bet)
Seat 2: b1oviv19931 folded before Flop (didn't bet)
Seat 3: carloshs88 folded before Flop (didn't bet)
Seat 4: Dorex2007 (button) folded before Flop (didn't bet)
Seat 5: Char P-3 (small blind) folded before Flop
Seat 7: josejuniorsc (big blind) collected ($0.02)
Seat 9: bubutos69 folded before Flop (didn't bet)



PokerStars Hand #237263626000:  Hold'em No Limit ($0.01/$0.02 USD) - 2022/07/09 16:09:44 PT [2022/07/09 19:09:44 ET]
Table 'Roehla II' 9-max Seat #5 is the button
Seat 1: HecticNo1 ($4.87 in chips) 
Seat 2: b1oviv19931 ($1.60 in chips) 
Seat 3: carloshs88 ($1.36 in chips) 
Seat 4: Dorex2007 ($2 in chips) 
Seat 5: Char P-3 ($1.27 in chips) 
Seat 7: josejuniorsc ($1.88 in chips) 
josejuniorsc: posts small blind $0.01
HecticNo1: posts big blind $0.02
*** HOLE CARDS ***
Dealt to Dorex2007 [Ah Ks]
b1oviv19931: folds 
carloshs88: folds 
Dorex2007: raises $0.04 to $0.06
Char P-3: folds 
josejuniorsc: folds 
HecticNo1: folds 
Uncalled bet ($0.04) returned to Dorex2007
Dorex2007 collected $0.05 from pot
*** SUMMARY ***
Total pot $0.05 | Rake $0 
Seat 1: HecticNo1 (big blind) folded before Flop
Seat 2: b1oviv19931 folded before Flop (didn't bet)
Seat 3: carloshs88 folded before Flop (didn't bet)
Seat 4: Dorex2007 collected ($0.05)
Seat 5: Char P-3 (button) folded before Flop (didn't bet)
Seat 7: josejuniorsc (small blind) folded before Flop



