PokerStars Hand #238793345159:  Hold'em No Limit ($0.02/$0.05 USD) - 2022/09/22 10:02:36 PT [2022/09/22 13:02:36 ET]
Table 'Anacreon III' 9-max Seat #9 is the button
Seat 1: Adelvux ($1.07 in chips) 
Seat 2: Defs777 ($1.36 in chips) 
Seat 3: RookieBoyKK ($6.77 in chips) 
Seat 4: twk7 ($6.14 in chips) 
Seat 5: zuantewith80 ($5 in chips) 
Seat 6: PendragonTX9 ($1.96 in chips) 
Seat 7: Dorex2007 ($5 in chips) 
Seat 8: Ruslieq ($5 in chips) 
Seat 9: xnaitro1234 ($2.88 in chips) 
Adelvux: posts small blind $0.02
Defs777: posts big blind $0.05
Dorex2007: posts big blind $0.05
*** HOLE CARDS ***
Dealt to Dorex2007 [Jh Th]
RookieBoyKK: folds 
twk7: folds 
zuantewith80: folds 
PendragonTX9: folds 
Dorex2007: checks 
Ruslieq: raises $0.15 to $0.20
xnaitro1234: folds 
Adelvux: folds 
Defs777: folds 
Dorex2007: calls $0.15
*** FLOP *** [Ks 4d 3d]
Dorex2007: checks 
Ruslieq: checks 
*** TURN *** [Ks 4d 3d] [Ac]
Dorex2007: checks 
Ruslieq: bets $0.23
Dorex2007: folds 
Uncalled bet ($0.23) returned to Ruslieq
Ruslieq collected $0.45 from pot
Ruslieq: doesn't show hand 
*** SUMMARY ***
Total pot $0.47 | Rake $0.02 
Board [Ks 4d 3d Ac]
Seat 1: Adelvux (small blind) folded before Flop
Seat 2: Defs777 (big blind) folded before Flop
Seat 3: RookieBoyKK folded before Flop (didn't bet)
Seat 4: twk7 folded before Flop (didn't bet)
Seat 5: zuantewith80 folded before Flop (didn't bet)
Seat 6: PendragonTX9 folded before Flop (didn't bet)
Seat 7: Dorex2007 folded on the Turn
Seat 8: Ruslieq collected ($0.45)
Seat 9: xnaitro1234 (button) folded before Flop (didn't bet)



PokerStars Hand #238793360840:  Hold'em No Limit ($0.02/$0.05 USD) - 2022/09/22 10:03:20 PT [2022/09/22 13:03:20 ET]
Table 'Anacreon III' 9-max Seat #1 is the button
Seat 1: Adelvux ($1.05 in chips) 
Seat 2: Defs777 ($1.31 in chips) 
Seat 3: RookieBoyKK ($6.77 in chips) 
Seat 4: twk7 ($6.14 in chips) 
Seat 5: zuantewith80 ($5 in chips) 
Seat 6: PendragonTX9 ($1.96 in chips) 
Seat 7: Dorex2007 ($5 in chips) 
Seat 8: Ruslieq ($5.25 in chips) 
Seat 9: xnaitro1234 ($2.88 in chips) 
Defs777: posts small blind $0.02
RookieBoyKK: posts big blind $0.05
*** HOLE CARDS ***
Dealt to Dorex2007 [7s 2s]
twk7: raises $0.10 to $0.15
zuantewith80: folds 
PendragonTX9: folds 
Dorex2007: folds 
Ruslieq: folds 
xnaitro1234: folds 
Adelvux: calls $0.15
Defs777: calls $0.13
RookieBoyKK: calls $0.10
*** FLOP *** [2d 6c 4s]
Defs777: checks 
RookieBoyKK: checks 
twk7: bets $0.40
Adelvux: folds 
Defs777: folds 
RookieBoyKK: calls $0.40
*** TURN *** [2d 6c 4s] [2h]
RookieBoyKK: bets $0.60
twk7: calls $0.60
*** RIVER *** [2d 6c 4s 2h] [Jd]
RookieBoyKK: bets $0.85
twk7: calls $0.85
*** SHOW DOWN ***
RookieBoyKK: shows [6d 8s] (two pair, Sixes and Deuces)
twk7: shows [Kh Kc] (two pair, Kings and Deuces)
twk7 collected $4.12 from pot
*** SUMMARY ***
Total pot $4.30 | Rake $0.18 
Board [2d 6c 4s 2h Jd]
Seat 1: Adelvux (button) folded on the Flop
Seat 2: Defs777 (small blind) folded on the Flop
Seat 3: RookieBoyKK (big blind) showed [6d 8s] and lost with two pair, Sixes and Deuces
Seat 4: twk7 showed [Kh Kc] and won ($4.12) with two pair, Kings and Deuces
Seat 5: zuantewith80 folded before Flop (didn't bet)
Seat 6: PendragonTX9 folded before Flop (didn't bet)
Seat 7: Dorex2007 folded before Flop (didn't bet)
Seat 8: Ruslieq folded before Flop (didn't bet)
Seat 9: xnaitro1234 folded before Flop (didn't bet)



PokerStars Hand #238793383597:  Hold'em No Limit ($0.02/$0.05 USD) - 2022/09/22 10:04:23 PT [2022/09/22 13:04:23 ET]
Table 'Anacreon III' 9-max Seat #2 is the button
Seat 1: Adelvux ($0.90 in chips) 
Seat 2: Defs777 ($1.16 in chips) 
Seat 3: RookieBoyKK ($4.77 in chips) 
Seat 4: twk7 ($8.26 in chips) 
Seat 5: zuantewith80 ($5 in chips) 
Seat 6: PendragonTX9 ($1.96 in chips) 
Seat 7: Dorex2007 ($5 in chips) 
Seat 8: Ruslieq ($5.25 in chips) 
Seat 9: xnaitro1234 ($2.88 in chips) 
RookieBoyKK: posts small blind $0.02
twk7: posts big blind $0.05
*** HOLE CARDS ***
Dealt to Dorex2007 [4d 8s]
zuantewith80: folds 
PendragonTX9: calls $0.05
Dorex2007: folds 
Ruslieq: folds 
xnaitro1234: folds 
Adelvux: folds 
Defs777: folds 
RookieBoyKK: raises $0.10 to $0.15
twk7: folds 
PendragonTX9: calls $0.10
*** FLOP *** [9d 8h 2c]
RookieBoyKK: bets $0.20
PendragonTX9: folds 
Uncalled bet ($0.20) returned to RookieBoyKK
RookieBoyKK collected $0.34 from pot
*** SUMMARY ***
Total pot $0.35 | Rake $0.01 
Board [9d 8h 2c]
Seat 1: Adelvux folded before Flop (didn't bet)
Seat 2: Defs777 (button) folded before Flop (didn't bet)
Seat 3: RookieBoyKK (small blind) collected ($0.34)
Seat 4: twk7 (big blind) folded before Flop
Seat 5: zuantewith80 folded before Flop (didn't bet)
Seat 6: PendragonTX9 folded on the Flop
Seat 7: Dorex2007 folded before Flop (didn't bet)
Seat 8: Ruslieq folded before Flop (didn't bet)
Seat 9: xnaitro1234 folded before Flop (didn't bet)



PokerStars Hand #238793398477:  Hold'em No Limit ($0.02/$0.05 USD) - 2022/09/22 10:05:04 PT [2022/09/22 13:05:04 ET]
Table 'Anacreon III' 9-max Seat #3 is the button
Seat 1: Adelvux ($0.90 in chips) 
Seat 2: Defs777 ($1.16 in chips) 
Seat 3: RookieBoyKK ($4.96 in chips) 
Seat 4: twk7 ($8.21 in chips) 
Seat 5: zuantewith80 ($5 in chips) 
Seat 6: PendragonTX9 ($1.81 in chips) 
Seat 7: Dorex2007 ($5 in chips) 
Seat 8: Ruslieq ($5.25 in chips) 
Seat 9: xnaitro1234 ($2.88 in chips) 
twk7: posts small blind $0.02
zuantewith80: posts big blind $0.05
*** HOLE CARDS ***
Dealt to Dorex2007 [Ac Ah]
PendragonTX9: folds 
Dorex2007: raises $0.05 to $0.10
Ruslieq: folds 
xnaitro1234: folds 
Adelvux: raises $0.05 to $0.15
Defs777: folds 
RookieBoyKK: calls $0.15
twk7: folds 
zuantewith80: folds 
Dorex2007: raises $0.52 to $0.67
Adelvux: raises $0.23 to $0.90 and is all-in
RookieBoyKK: calls $0.75
Dorex2007: calls $0.23
*** FLOP *** [Jc 7s Qd]
Dorex2007: bets $4.10 and is all-in
RookieBoyKK: folds 
Uncalled bet ($4.10) returned to Dorex2007
*** TURN *** [Jc 7s Qd] [8c]
*** RIVER *** [Jc 7s Qd 8c] [Tc]
*** SHOW DOWN ***
Dorex2007: shows [Ac Ah] (a pair of Aces)
Adelvux: shows [Ks As] (a straight, Ten to Ace)
Adelvux collected $2.66 from pot
*** SUMMARY ***
Total pot $2.77 | Rake $0.11 
Board [Jc 7s Qd 8c Tc]
Seat 1: Adelvux showed [Ks As] and won ($2.66) with a straight, Ten to Ace
Seat 2: Defs777 folded before Flop (didn't bet)
Seat 3: RookieBoyKK (button) folded on the Flop
Seat 4: twk7 (small blind) folded before Flop
Seat 5: zuantewith80 (big blind) folded before Flop
Seat 6: PendragonTX9 folded before Flop (didn't bet)
Seat 7: Dorex2007 showed [Ac Ah] and lost with a pair of Aces
Seat 8: Ruslieq folded before Flop (didn't bet)
Seat 9: xnaitro1234 folded before Flop (didn't bet)



PokerStars Hand #238793419447:  Hold'em No Limit ($0.02/$0.05 USD) - 2022/09/22 10:06:02 PT [2022/09/22 13:06:02 ET]
Table 'Anacreon III' 9-max Seat #4 is the button
Seat 1: Adelvux ($2.66 in chips) 
Seat 2: Defs777 ($1.16 in chips) 
Seat 3: RookieBoyKK ($4.06 in chips) 
Seat 4: twk7 ($8.19 in chips) 
Seat 5: zuantewith80 ($5 in chips) 
Seat 6: PendragonTX9 ($1.81 in chips) 
Seat 7: Dorex2007 ($5 in chips) 
Seat 8: Ruslieq ($5.25 in chips) 
Seat 9: xnaitro1234 ($2.88 in chips) 
zuantewith80: posts small blind $0.02
PendragonTX9: posts big blind $0.05
*** HOLE CARDS ***
Dealt to Dorex2007 [2d Qc]
Dorex2007: folds 
Ruslieq: folds 
xnaitro1234: folds 
Adelvux: folds 
Defs777: calls $0.05
RookieBoyKK: folds 
twk7: raises $0.10 to $0.15
zuantewith80: raises $0.27 to $0.42
PendragonTX9: folds 
Defs777: folds 
twk7: folds 
Uncalled bet ($0.27) returned to zuantewith80
zuantewith80 collected $0.40 from pot
zuantewith80: doesn't show hand 
*** SUMMARY ***
Total pot $0.40 | Rake $0 
Seat 1: Adelvux folded before Flop (didn't bet)
Seat 2: Defs777 folded before Flop
Seat 3: RookieBoyKK folded before Flop (didn't bet)
Seat 4: twk7 (button) folded before Flop
Seat 5: zuantewith80 (small blind) collected ($0.40)
Seat 6: PendragonTX9 (big blind) folded before Flop
Seat 7: Dorex2007 folded before Flop (didn't bet)
Seat 8: Ruslieq folded before Flop (didn't bet)
Seat 9: xnaitro1234 folded before Flop (didn't bet)



PokerStars Hand #238793429470:  Hold'em No Limit ($0.02/$0.05 USD) - 2022/09/22 10:06:29 PT [2022/09/22 13:06:29 ET]
Table 'Anacreon III' 9-max Seat #5 is the button
Seat 1: Adelvux ($2.66 in chips) 
Seat 2: Defs777 ($1.11 in chips) 
Seat 3: RookieBoyKK ($4.06 in chips) 
Seat 4: twk7 ($8.04 in chips) 
Seat 5: zuantewith80 ($5.25 in chips) 
Seat 6: PendragonTX9 ($1.76 in chips) 
Seat 7: Dorex2007 ($5 in chips) 
Seat 8: Ruslieq ($5.25 in chips) 
Seat 9: xnaitro1234 ($2.88 in chips) 
PendragonTX9: posts small blind $0.02
Dorex2007: posts big blind $0.05
*** HOLE CARDS ***
Dealt to Dorex2007 [Ah 6d]
Ruslieq: folds 
xnaitro1234: calls $0.05
Adelvux: calls $0.05
Defs777: calls $0.05
RookieBoyKK: folds 
twk7: folds 
zuantewith80: folds 
PendragonTX9: folds 
Dorex2007: checks 
*** FLOP *** [Kh 2h 5d]
Dorex2007: checks 
xnaitro1234: checks 
Adelvux: checks 
Defs777: checks 
*** TURN *** [Kh 2h 5d] [5s]
Dorex2007: checks 
xnaitro1234: checks 
Adelvux: checks 
Defs777: checks 
*** RIVER *** [Kh 2h 5d 5s] [8d]
Dorex2007: checks 
xnaitro1234: checks 
Adelvux: checks 
Defs777: checks 
*** SHOW DOWN ***
Dorex2007: shows [Ah 6d] (a pair of Fives)
xnaitro1234: shows [As Th] (a pair of Fives - Ace+King+Ten kicker)
Adelvux: mucks hand 
Defs777: shows [7s 7h] (two pair, Sevens and Fives)
Defs777 collected $0.21 from pot
*** SUMMARY ***
Total pot $0.22 | Rake $0.01 
Board [Kh 2h 5d 5s 8d]
Seat 1: Adelvux mucked [Ad 9h]
Seat 2: Defs777 showed [7s 7h] and won ($0.21) with two pair, Sevens and Fives
Seat 3: RookieBoyKK folded before Flop (didn't bet)
Seat 4: twk7 folded before Flop (didn't bet)
Seat 5: zuantewith80 (button) folded before Flop (didn't bet)
Seat 6: PendragonTX9 (small blind) folded before Flop
Seat 7: Dorex2007 (big blind) showed [Ah 6d] and lost with a pair of Fives
Seat 8: Ruslieq folded before Flop (didn't bet)
Seat 9: xnaitro1234 showed [As Th] and lost with a pair of Fives



PokerStars Hand #238793445257:  Hold'em No Limit ($0.02/$0.05 USD) - 2022/09/22 10:07:13 PT [2022/09/22 13:07:13 ET]
Table 'Anacreon III' 9-max Seat #6 is the button
Seat 1: Adelvux ($2.61 in chips) 
Seat 2: Defs777 ($1.27 in chips) 
Seat 3: RookieBoyKK ($4.06 in chips) 
Seat 4: twk7 ($8.04 in chips) 
Seat 5: zuantewith80 ($5.25 in chips) 
Seat 6: PendragonTX9 ($1.74 in chips) 
Seat 7: Dorex2007 ($5 in chips) 
Seat 8: Ruslieq ($5.25 in chips) 
Seat 9: xnaitro1234 ($2.83 in chips) 
Dorex2007: posts small blind $0.02
Ruslieq: posts big blind $0.05
*** HOLE CARDS ***
Dealt to Dorex2007 [Ah Th]
xnaitro1234: calls $0.05
Adelvux: calls $0.05
Defs777: calls $0.05
RookieBoyKK: folds 
twk7: folds 
zuantewith80: folds 
PendragonTX9: folds 
Dorex2007: calls $0.03
Ruslieq: checks 
*** FLOP *** [Ad Tc 5c]
Dorex2007: bets $0.24
Ruslieq: calls $0.24
xnaitro1234: folds 
Adelvux: folds 
Defs777: folds 
*** TURN *** [Ad Tc 5c] [8s]
Dorex2007: bets $4.71 and is all-in
Ruslieq: folds 
Uncalled bet ($4.71) returned to Dorex2007
Dorex2007 collected $0.70 from pot
Dorex2007: doesn't show hand 
*** SUMMARY ***
Total pot $0.73 | Rake $0.03 
Board [Ad Tc 5c 8s]
Seat 1: Adelvux folded on the Flop
Seat 2: Defs777 folded on the Flop
Seat 3: RookieBoyKK folded before Flop (didn't bet)
Seat 4: twk7 folded before Flop (didn't bet)
Seat 5: zuantewith80 folded before Flop (didn't bet)
Seat 6: PendragonTX9 (button) folded before Flop (didn't bet)
Seat 7: Dorex2007 (small blind) collected ($0.70)
Seat 8: Ruslieq (big blind) folded on the Turn
Seat 9: xnaitro1234 folded on the Flop



PokerStars Hand #238793463700:  Hold'em No Limit ($0.02/$0.05 USD) - 2022/09/22 10:08:03 PT [2022/09/22 13:08:03 ET]
Table 'Anacreon III' 9-max Seat #7 is the button
Seat 1: Adelvux ($2.56 in chips) 
Seat 2: Defs777 ($1.22 in chips) 
Seat 3: RookieBoyKK ($4.06 in chips) 
Seat 4: twk7 ($8.04 in chips) 
Seat 5: zuantewith80 ($5.25 in chips) 
Seat 6: PendragonTX9 ($1.74 in chips) 
Seat 7: Dorex2007 ($5.41 in chips) 
Seat 8: Ruslieq ($5 in chips) 
Seat 9: xnaitro1234 ($2.78 in chips) 
Ruslieq: posts small blind $0.02
xnaitro1234: posts big blind $0.05
*** HOLE CARDS ***
Dealt to Dorex2007 [Qs Kc]
Adelvux: folds 
Defs777: calls $0.05
RookieBoyKK: raises $0.15 to $0.20
twk7: folds 
zuantewith80: folds 
PendragonTX9: folds 
Dorex2007: calls $0.20
Ruslieq: folds 
xnaitro1234: folds 
Defs777: calls $0.15
*** FLOP *** [2s Qc 5d]
Defs777: checks 
RookieBoyKK: bets $0.35
Dorex2007: calls $0.35
Defs777: folds 
*** TURN *** [2s Qc 5d] [7h]
RookieBoyKK: bets $0.60
Dorex2007: calls $0.60
*** RIVER *** [2s Qc 5d 7h] [5c]
RookieBoyKK: bets $2.91 and is all-in
Dorex2007: folds 
Uncalled bet ($2.91) returned to RookieBoyKK
RookieBoyKK collected $2.46 from pot
*** SUMMARY ***
Total pot $2.57 | Rake $0.11 
Board [2s Qc 5d 7h 5c]
Seat 1: Adelvux folded before Flop (didn't bet)
Seat 2: Defs777 folded on the Flop
Seat 3: RookieBoyKK collected ($2.46)
Seat 4: twk7 folded before Flop (didn't bet)
Seat 5: zuantewith80 folded before Flop (didn't bet)
Seat 6: PendragonTX9 folded before Flop (didn't bet)
Seat 7: Dorex2007 (button) folded on the River
Seat 8: Ruslieq (small blind) folded before Flop
Seat 9: xnaitro1234 (big blind) folded before Flop



PokerStars Hand #238793495568:  Hold'em No Limit ($0.02/$0.05 USD) - 2022/09/22 10:09:31 PT [2022/09/22 13:09:31 ET]
Table 'Anacreon III' 9-max Seat #8 is the button
Seat 1: Adelvux ($2.56 in chips) 
Seat 2: Defs777 ($1.02 in chips) 
Seat 3: RookieBoyKK ($5.37 in chips) 
Seat 4: twk7 ($8.04 in chips) 
Seat 5: zuantewith80 ($5.25 in chips) 
Seat 6: PendragonTX9 ($1.74 in chips) 
Seat 7: Dorex2007 ($5 in chips) 
Seat 8: Ruslieq ($5 in chips) 
Seat 9: xnaitro1234 ($2.73 in chips) 
xnaitro1234: posts small blind $0.02
Adelvux: posts big blind $0.05
*** HOLE CARDS ***
Dealt to Dorex2007 [4s Jc]
Defs777: calls $0.05
RookieBoyKK: folds 
twk7: folds 
zuantewith80: folds 
PendragonTX9: folds 
Dorex2007: folds 
Ruslieq: calls $0.05
xnaitro1234: folds 
Adelvux: checks 
*** FLOP *** [As 7d 2c]
Adelvux: checks 
Defs777: checks 
Ruslieq: checks 
*** TURN *** [As 7d 2c] [7c]
Adelvux: checks 
Defs777: bets $0.20
Ruslieq: folds 
Adelvux: folds 
Uncalled bet ($0.20) returned to Defs777
Defs777 collected $0.16 from pot
Defs777: doesn't show hand 
*** SUMMARY ***
Total pot $0.17 | Rake $0.01 
Board [As 7d 2c 7c]
Seat 1: Adelvux (big blind) folded on the Turn
Seat 2: Defs777 collected ($0.16)
Seat 3: RookieBoyKK folded before Flop (didn't bet)
Seat 4: twk7 folded before Flop (didn't bet)
Seat 5: zuantewith80 folded before Flop (didn't bet)
Seat 6: PendragonTX9 folded before Flop (didn't bet)
Seat 7: Dorex2007 folded before Flop (didn't bet)
Seat 8: Ruslieq (button) folded on the Turn
Seat 9: xnaitro1234 (small blind) folded before Flop



PokerStars Hand #238793510176:  Hold'em No Limit ($0.02/$0.05 USD) - 2022/09/22 10:10:10 PT [2022/09/22 13:10:10 ET]
Table 'Anacreon III' 9-max Seat #9 is the button
Seat 1: Adelvux ($2.51 in chips) 
Seat 2: Defs777 ($1.13 in chips) 
Seat 3: RookieBoyKK ($5.37 in chips) 
Seat 4: twk7 ($8.04 in chips) 
Seat 5: zuantewith80 ($5.25 in chips) 
Seat 6: PendragonTX9 ($1.74 in chips) 
Seat 7: Dorex2007 ($5 in chips) 
Seat 8: Ruslieq ($5 in chips) 
Seat 9: xnaitro1234 ($2.71 in chips) 
Adelvux: posts small blind $0.02
Defs777: posts big blind $0.05
*** HOLE CARDS ***
Dealt to Dorex2007 [3c 4h]
RookieBoyKK: raises $0.10 to $0.15
twk7: folds 
zuantewith80: folds 
PendragonTX9: folds 
Dorex2007: folds 
Ruslieq: folds 
xnaitro1234: calls $0.15
Adelvux: folds 
Defs777: calls $0.10
*** FLOP *** [Jc 3s 2d]
Defs777: checks 
RookieBoyKK: bets $0.25
xnaitro1234: folds 
Defs777: folds 
Uncalled bet ($0.25) returned to RookieBoyKK
RookieBoyKK collected $0.45 from pot
*** SUMMARY ***
Total pot $0.47 | Rake $0.02 
Board [Jc 3s 2d]
Seat 1: Adelvux (small blind) folded before Flop
Seat 2: Defs777 (big blind) folded on the Flop
Seat 3: RookieBoyKK collected ($0.45)
Seat 4: twk7 folded before Flop (didn't bet)
Seat 5: zuantewith80 folded before Flop (didn't bet)
Seat 6: PendragonTX9 folded before Flop (didn't bet)
Seat 7: Dorex2007 folded before Flop (didn't bet)
Seat 8: Ruslieq folded before Flop (didn't bet)
Seat 9: xnaitro1234 (button) folded on the Flop



PokerStars Hand #238793521350:  Hold'em No Limit ($0.02/$0.05 USD) - 2022/09/22 10:10:41 PT [2022/09/22 13:10:41 ET]
Table 'Anacreon III' 9-max Seat #1 is the button
Seat 1: Adelvux ($2.49 in chips) 
Seat 2: Defs777 ($0.98 in chips) 
Seat 3: RookieBoyKK ($5.67 in chips) 
Seat 4: twk7 ($8.04 in chips) 
Seat 6: PendragonTX9 ($1.74 in chips) 
Seat 7: Dorex2007 ($5 in chips) 
Seat 8: Ruslieq ($5 in chips) 
Seat 9: xnaitro1234 ($2.56 in chips) 
Defs777: posts small blind $0.02
RookieBoyKK: posts big blind $0.05
*** HOLE CARDS ***
Dealt to Dorex2007 [6s As]
twk7: folds 
PendragonTX9: calls $0.05
Dorex2007: folds 
Ruslieq: raises $0.15 to $0.20
xnaitro1234: folds 
Adelvux: folds 
Defs777: calls $0.18
RookieBoyKK: folds 
PendragonTX9: calls $0.15
*** FLOP *** [7d 6d 3h]
Defs777: checks 
PendragonTX9: checks 
Ruslieq: bets $0.25
Defs777: calls $0.25
PendragonTX9: calls $0.25
*** TURN *** [7d 6d 3h] [4d]
Defs777: checks 
PendragonTX9: checks 
Ruslieq: bets $0.89
Defs777: folds 
PendragonTX9: calls $0.89
*** RIVER *** [7d 6d 3h 4d] [Kd]
PendragonTX9: checks 
Ruslieq: bets $0.40
PendragonTX9: calls $0.40 and is all-in
*** SHOW DOWN ***
Ruslieq: shows [Qd Qh] (a flush, King high)
PendragonTX9: shows [5s 5c] (a straight, Three to Seven)
Ruslieq collected $3.81 from pot
*** SUMMARY ***
Total pot $3.98 | Rake $0.17 
Board [7d 6d 3h 4d Kd]
Seat 1: Adelvux (button) folded before Flop (didn't bet)
Seat 2: Defs777 (small blind) folded on the Turn
Seat 3: RookieBoyKK (big blind) folded before Flop
Seat 4: twk7 folded before Flop (didn't bet)
Seat 6: PendragonTX9 showed [5s 5c] and lost with a straight, Three to Seven
Seat 7: Dorex2007 folded before Flop (didn't bet)
Seat 8: Ruslieq showed [Qd Qh] and won ($3.81) with a flush, King high
Seat 9: xnaitro1234 folded before Flop (didn't bet)



PokerStars Hand #238793556251:  Hold'em No Limit ($0.02/$0.05 USD) - 2022/09/22 10:12:18 PT [2022/09/22 13:12:18 ET]
Table 'Anacreon III' 9-max Seat #2 is the button
Seat 1: Adelvux ($2.49 in chips) 
Seat 2: Defs777 ($0.53 in chips) 
Seat 3: RookieBoyKK ($5.62 in chips) 
Seat 4: twk7 ($8.04 in chips) 
Seat 7: Dorex2007 ($5 in chips) 
Seat 8: Ruslieq ($7.07 in chips) 
Seat 9: xnaitro1234 ($2.56 in chips) 
RookieBoyKK: posts small blind $0.02
twk7: posts big blind $0.05
*** HOLE CARDS ***
Dealt to Dorex2007 [4c Ac]
Dorex2007: folds 
Ruslieq: folds 
PendragonTX9 leaves the table
xnaitro1234: folds 
Adelvux: calls $0.05
Defs777: folds 
H!TM@N1989 joins the table at seat #6 
RookieBoyKK: calls $0.03
twk7: checks 
*** FLOP *** [5c 7d Qd]
RookieBoyKK: checks 
twk7: checks 
Adelvux: bets $0.05
RookieBoyKK: folds 
twk7: folds 
Uncalled bet ($0.05) returned to Adelvux
Adelvux collected $0.14 from pot
Adelvux: doesn't show hand 
*** SUMMARY ***
Total pot $0.15 | Rake $0.01 
Board [5c 7d Qd]
Seat 1: Adelvux collected ($0.14)
Seat 2: Defs777 (button) folded before Flop (didn't bet)
Seat 3: RookieBoyKK (small blind) folded on the Flop
Seat 4: twk7 (big blind) folded on the Flop
Seat 7: Dorex2007 folded before Flop (didn't bet)
Seat 8: Ruslieq folded before Flop (didn't bet)
Seat 9: xnaitro1234 folded before Flop (didn't bet)



PokerStars Hand #238793573993:  Hold'em No Limit ($0.02/$0.05 USD) - 2022/09/22 10:13:07 PT [2022/09/22 13:13:07 ET]
Table 'Anacreon III' 9-max Seat #3 is the button
Seat 1: Adelvux ($2.58 in chips) 
Seat 2: Defs777 ($0.53 in chips) 
Seat 3: RookieBoyKK ($5.57 in chips) 
Seat 4: twk7 ($7.99 in chips) 
Seat 6: H!TM@N1989 ($5 in chips) 
Seat 7: Dorex2007 ($5 in chips) 
Seat 8: Ruslieq ($7.07 in chips) 
Seat 9: xnaitro1234 ($2.56 in chips) 
twk7: posts small blind $0.02
H!TM@N1989: posts big blind $0.05
*** HOLE CARDS ***
Dealt to Dorex2007 [9c 9h]
Dorex2007: calls $0.05
Ruslieq: folds 
xnaitro1234: folds 
Adelvux: calls $0.05
Defs777: calls $0.05
RookieBoyKK: raises $0.20 to $0.25
twk7: raises $0.35 to $0.60
H!TM@N1989: folds 
Dorex2007: folds 
Adelvux: folds 
Defs777: folds 
RookieBoyKK: calls $0.35
*** FLOP *** [Kd 3c 4s]
twk7: checks 
RookieBoyKK: checks 
*** TURN *** [Kd 3c 4s] [6h]
twk7: checks 
RookieBoyKK: checks 
*** RIVER *** [Kd 3c 4s 6h] [4h]
twk7: checks 
RookieBoyKK: checks 
*** SHOW DOWN ***
twk7: shows [Ah Qs] (a pair of Fours)
RookieBoyKK: mucks hand 
twk7 collected $1.34 from pot
*** SUMMARY ***
Total pot $1.40 | Rake $0.06 
Board [Kd 3c 4s 6h 4h]
Seat 1: Adelvux folded before Flop
Seat 2: Defs777 folded before Flop
Seat 3: RookieBoyKK (button) mucked [Ts Ad]
Seat 4: twk7 (small blind) showed [Ah Qs] and won ($1.34) with a pair of Fours
Seat 6: H!TM@N1989 (big blind) folded before Flop
Seat 7: Dorex2007 folded before Flop
Seat 8: Ruslieq folded before Flop (didn't bet)
Seat 9: xnaitro1234 folded before Flop (didn't bet)



PokerStars Hand #238793596462:  Hold'em No Limit ($0.02/$0.05 USD) - 2022/09/22 10:14:09 PT [2022/09/22 13:14:09 ET]
Table 'Anacreon III' 9-max Seat #4 is the button
Seat 1: Adelvux ($2.53 in chips) 
Seat 2: Defs777 ($0.48 in chips) 
Seat 3: RookieBoyKK ($4.97 in chips) 
Seat 4: twk7 ($8.73 in chips) 
Seat 6: H!TM@N1989 ($5 in chips) 
Seat 7: Dorex2007 ($5 in chips) 
Seat 8: Ruslieq ($7.07 in chips) 
Seat 9: xnaitro1234 ($2.56 in chips) 
H!TM@N1989: posts small blind $0.02
Dorex2007: posts big blind $0.05
*** HOLE CARDS ***
Dealt to Dorex2007 [Ts 2c]
Ruslieq: folds 
xnaitro1234: calls $0.05
Adelvux: calls $0.05
Defs777: folds 
RookieBoyKK: raises $0.10 to $0.15
twk7: folds 
H!TM@N1989: folds 
Dorex2007: folds 
xnaitro1234: calls $0.10
Adelvux: calls $0.10
*** FLOP *** [Qh 8d 7s]
xnaitro1234: bets $0.15
Adelvux: folds 
RookieBoyKK: calls $0.15
*** TURN *** [Qh 8d 7s] [7h]
xnaitro1234: bets $0.20
RookieBoyKK: folds 
Uncalled bet ($0.20) returned to xnaitro1234
xnaitro1234 collected $0.79 from pot
*** SUMMARY ***
Total pot $0.82 | Rake $0.03 
Board [Qh 8d 7s 7h]
Seat 1: Adelvux folded on the Flop
Seat 2: Defs777 folded before Flop (didn't bet)
Seat 3: RookieBoyKK folded on the Turn
Seat 4: twk7 (button) folded before Flop (didn't bet)
Seat 6: H!TM@N1989 (small blind) folded before Flop
Seat 7: Dorex2007 (big blind) folded before Flop
Seat 8: Ruslieq folded before Flop (didn't bet)
Seat 9: xnaitro1234 collected ($0.79)



PokerStars Hand #238793613719:  Hold'em No Limit ($0.02/$0.05 USD) - 2022/09/22 10:14:56 PT [2022/09/22 13:14:56 ET]
Table 'Anacreon III' 9-max Seat #6 is the button
Seat 1: Adelvux ($2.38 in chips) 
Seat 3: RookieBoyKK ($4.67 in chips) 
Seat 4: twk7 ($8.73 in chips) 
Seat 6: H!TM@N1989 ($5 in chips) 
Seat 7: Dorex2007 ($5 in chips) 
Seat 8: Ruslieq ($7.07 in chips) 
Seat 9: xnaitro1234 ($3.05 in chips) 
Dorex2007: posts small blind $0.02
Ruslieq: posts big blind $0.05
*** HOLE CARDS ***
Dealt to Dorex2007 [8d Jc]
xnaitro1234: calls $0.05
Adelvux: folds 
RookieBoyKK: raises $0.15 to $0.20
twk7: folds 
H!TM@N1989: folds 
Dorex2007: folds 
Ruslieq: calls $0.15
xnaitro1234: calls $0.15
*** FLOP *** [4h 8c 7h]
Ruslieq: checks 
xnaitro1234: bets $0.20
RookieBoyKK: calls $0.20
Ruslieq: folds 
*** TURN *** [4h 8c 7h] [Jd]
xnaitro1234: bets $0.20
RookieBoyKK: calls $0.20
*** RIVER *** [4h 8c 7h Jd] [3c]
xnaitro1234: bets $0.15
RookieBoyKK: calls $0.15
*** SHOW DOWN ***
xnaitro1234: shows [Th Ts] (a pair of Tens)
RookieBoyKK: mucks hand 
xnaitro1234 collected $1.65 from pot
*** SUMMARY ***
Total pot $1.72 | Rake $0.07 
Board [4h 8c 7h Jd 3c]
Seat 1: Adelvux folded before Flop (didn't bet)
Seat 3: RookieBoyKK mucked [2s 2h]
Seat 4: twk7 folded before Flop (didn't bet)
Seat 6: H!TM@N1989 (button) folded before Flop (didn't bet)
Seat 7: Dorex2007 (small blind) folded before Flop
Seat 8: Ruslieq (big blind) folded on the Flop
Seat 9: xnaitro1234 showed [Th Ts] and won ($1.65) with a pair of Tens



PokerStars Hand #238793638470:  Hold'em No Limit ($0.02/$0.05 USD) - 2022/09/22 10:16:04 PT [2022/09/22 13:16:04 ET]
Table 'Anacreon III' 9-max Seat #7 is the button
Seat 1: Adelvux ($2.38 in chips) 
Seat 3: RookieBoyKK ($3.92 in chips) 
Seat 4: twk7 ($8.73 in chips) 
Seat 6: H!TM@N1989 ($5 in chips) 
Seat 7: Dorex2007 ($5 in chips) 
Seat 8: Ruslieq ($6.87 in chips) 
Seat 9: xnaitro1234 ($3.95 in chips) 
Ruslieq: posts small blind $0.02
xnaitro1234: posts big blind $0.05
*** HOLE CARDS ***
Dealt to Dorex2007 [Th 7h]
Adelvux: calls $0.05
RookieBoyKK: folds 
twk7: raises $0.20 to $0.25
H!TM@N1989: folds 
Dorex2007: folds 
Ruslieq: folds 
xnaitro1234: folds 
Adelvux: calls $0.20
*** FLOP *** [3d 3c 2c]
Adelvux: checks 
twk7: checks 
*** TURN *** [3d 3c 2c] [5d]
Adelvux: checks 
twk7: checks 
*** RIVER *** [3d 3c 2c 5d] [Jh]
Adelvux: checks 
twk7: checks 
*** SHOW DOWN ***
Adelvux: shows [Ac 2d] (two pair, Threes and Deuces)
twk7: mucks hand 
Adelvux collected $0.55 from pot
*** SUMMARY ***
Total pot $0.57 | Rake $0.02 
Board [3d 3c 2c 5d Jh]
Seat 1: Adelvux showed [Ac 2d] and won ($0.55) with two pair, Threes and Deuces
Seat 3: RookieBoyKK folded before Flop (didn't bet)
Seat 4: twk7 mucked [As Ts]
Seat 6: H!TM@N1989 folded before Flop (didn't bet)
Seat 7: Dorex2007 (button) folded before Flop (didn't bet)
Seat 8: Ruslieq (small blind) folded before Flop
Seat 9: xnaitro1234 (big blind) folded before Flop



PokerStars Hand #238793650104:  Hold'em No Limit ($0.02/$0.05 USD) - 2022/09/22 10:16:36 PT [2022/09/22 13:16:36 ET]
Table 'Anacreon III' 9-max Seat #8 is the button
Seat 1: Adelvux ($2.68 in chips) 
Seat 2: Defs777 ($0.48 in chips) 
Seat 3: RookieBoyKK ($3.92 in chips) 
Seat 4: twk7 ($8.48 in chips) 
Seat 6: H!TM@N1989 ($5 in chips) 
Seat 7: Dorex2007 ($5 in chips) 
Seat 8: Ruslieq ($6.85 in chips) 
Seat 9: xnaitro1234 ($3.90 in chips) 
xnaitro1234: posts small blind $0.02
Adelvux: posts big blind $0.05
*** HOLE CARDS ***
Dealt to Dorex2007 [Td Kh]
Defs777: folds 
RookieBoyKK: folds 
twk7: folds 
H!TM@N1989 has timed out
H!TM@N1989: folds 
Dorex2007: folds 
Ruslieq: folds 
xnaitro1234: folds 
Uncalled bet ($0.03) returned to Adelvux
Adelvux collected $0.04 from pot
Adelvux: doesn't show hand 
*** SUMMARY ***
Total pot $0.04 | Rake $0 
Seat 1: Adelvux (big blind) collected ($0.04)
Seat 2: Defs777 folded before Flop (didn't bet)
Seat 3: RookieBoyKK folded before Flop (didn't bet)
Seat 4: twk7 folded before Flop (didn't bet)
Seat 6: H!TM@N1989 folded before Flop (didn't bet)
Seat 7: Dorex2007 folded before Flop (didn't bet)
Seat 8: Ruslieq (button) folded before Flop (didn't bet)
Seat 9: xnaitro1234 (small blind) folded before Flop



PokerStars Hand #238793663688:  Hold'em No Limit ($0.02/$0.05 USD) - 2022/09/22 10:17:15 PT [2022/09/22 13:17:15 ET]
Table 'Anacreon III' 9-max Seat #9 is the button
Seat 1: Adelvux ($2.70 in chips) 
Seat 2: Defs777 ($0.48 in chips) 
Seat 3: RookieBoyKK ($3.92 in chips) 
Seat 4: twk7 ($8.48 in chips) 
Seat 7: Dorex2007 ($5 in chips) 
Seat 8: Ruslieq ($6.85 in chips) 
Seat 9: xnaitro1234 ($3.88 in chips) 
Adelvux: posts small blind $0.02
Defs777: posts big blind $0.05
zuantewith80: sits out 
*** HOLE CARDS ***
Dealt to Dorex2007 [Tc 8d]
RookieBoyKK: folds 
twk7: folds 
Dorex2007: folds 
Ruslieq: folds 
xnaitro1234: folds 
Adelvux: calls $0.03
Defs777: checks 
*** FLOP *** [Jd Js 4c]
Adelvux: bets $0.05
Defs777: folds 
Uncalled bet ($0.05) returned to Adelvux
Adelvux collected $0.10 from pot
Adelvux: doesn't show hand 
*** SUMMARY ***
Total pot $0.10 | Rake $0 
Board [Jd Js 4c]
Seat 1: Adelvux (small blind) collected ($0.10)
Seat 2: Defs777 (big blind) folded on the Flop
Seat 3: RookieBoyKK folded before Flop (didn't bet)
Seat 4: twk7 folded before Flop (didn't bet)
Seat 7: Dorex2007 folded before Flop (didn't bet)
Seat 8: Ruslieq folded before Flop (didn't bet)
Seat 9: xnaitro1234 (button) folded before Flop (didn't bet)



PokerStars Hand #238793671534:  Hold'em No Limit ($0.02/$0.05 USD) - 2022/09/22 10:17:37 PT [2022/09/22 13:17:37 ET]
Table 'Anacreon III' 9-max Seat #1 is the button
Seat 1: Adelvux ($2.75 in chips) 
Seat 2: Defs777 ($0.43 in chips) 
Seat 3: RookieBoyKK ($3.92 in chips) 
Seat 4: twk7 ($8.48 in chips) 
Seat 6: H!TM@N1989 ($5 in chips) 
Seat 7: Dorex2007 ($5 in chips) 
Seat 8: Ruslieq ($6.85 in chips) 
Seat 9: xnaitro1234 ($3.88 in chips) 
Defs777: posts small blind $0.02
RookieBoyKK: posts big blind $0.05
zuantewith80: sits out 
*** HOLE CARDS ***
Dealt to Dorex2007 [4d 9s]
twk7: folds 
H!TM@N1989: folds 
Dorex2007: folds 
Ruslieq: folds 
xnaitro1234: calls $0.05
Adelvux: folds 
Defs777: calls $0.03
RookieBoyKK: checks 
*** FLOP *** [9h 8h 3h]
Defs777: checks 
RookieBoyKK: checks 
xnaitro1234: bets $0.15
Defs777: folds 
RookieBoyKK: calls $0.15
*** TURN *** [9h 8h 3h] [Tc]
RookieBoyKK: bets $0.20
xnaitro1234: calls $0.20
*** RIVER *** [9h 8h 3h Tc] [Jd]
RookieBoyKK: bets $0.81
xnaitro1234: calls $0.81
*** SHOW DOWN ***
RookieBoyKK: shows [Js 7c] (a straight, Seven to Jack)
xnaitro1234: shows [7s Kh] (a straight, Seven to Jack)
RookieBoyKK collected $1.19 from pot
xnaitro1234 collected $1.18 from pot
*** SUMMARY ***
Total pot $2.47 | Rake $0.10 
Board [9h 8h 3h Tc Jd]
Seat 1: Adelvux (button) folded before Flop (didn't bet)
Seat 2: Defs777 (small blind) folded on the Flop
Seat 3: RookieBoyKK (big blind) showed [Js 7c] and won ($1.19) with a straight, Seven to Jack
Seat 4: twk7 folded before Flop (didn't bet)
Seat 6: H!TM@N1989 folded before Flop (didn't bet)
Seat 7: Dorex2007 folded before Flop (didn't bet)
Seat 8: Ruslieq folded before Flop (didn't bet)
Seat 9: xnaitro1234 showed [7s Kh] and won ($1.18) with a straight, Seven to Jack



PokerStars Hand #238793696059:  Hold'em No Limit ($0.02/$0.05 USD) - 2022/09/22 10:18:44 PT [2022/09/22 13:18:44 ET]
Table 'Anacreon III' 9-max Seat #2 is the button
Seat 1: Adelvux ($2.75 in chips) 
Seat 2: Defs777 ($0.38 in chips) 
Seat 3: RookieBoyKK ($3.90 in chips) 
Seat 4: twk7 ($8.48 in chips) 
Seat 6: H!TM@N1989 ($5 in chips) 
Seat 7: Dorex2007 ($5 in chips) 
Seat 8: Ruslieq ($6.85 in chips) 
Seat 9: xnaitro1234 ($3.85 in chips) 
RookieBoyKK: posts small blind $0.02
twk7: posts big blind $0.05
zuantewith80: sits out 
*** HOLE CARDS ***
Dealt to Dorex2007 [2s Qs]
H!TM@N1989: folds 
Dorex2007: folds 
Ruslieq: folds 
xnaitro1234: calls $0.05
Adelvux: folds 
Defs777: folds 
RookieBoyKK: calls $0.03
twk7: checks 
*** FLOP *** [2h Qd Jc]
RookieBoyKK: checks 
twk7: checks 
xnaitro1234: checks 
*** TURN *** [2h Qd Jc] [5c]
RookieBoyKK: checks 
twk7: checks 
xnaitro1234: bets $0.20
RookieBoyKK: folds 
twk7: folds 
Uncalled bet ($0.20) returned to xnaitro1234
xnaitro1234 collected $0.14 from pot
*** SUMMARY ***
Total pot $0.15 | Rake $0.01 
Board [2h Qd Jc 5c]
Seat 1: Adelvux folded before Flop (didn't bet)
Seat 2: Defs777 (button) folded before Flop (didn't bet)
Seat 3: RookieBoyKK (small blind) folded on the Turn
Seat 4: twk7 (big blind) folded on the Turn
Seat 6: H!TM@N1989 folded before Flop (didn't bet)
Seat 7: Dorex2007 folded before Flop (didn't bet)
Seat 8: Ruslieq folded before Flop (didn't bet)
Seat 9: xnaitro1234 collected ($0.14)



PokerStars Hand #238793714511:  Hold'em No Limit ($0.02/$0.05 USD) - 2022/09/22 10:19:35 PT [2022/09/22 13:19:35 ET]
Table 'Anacreon III' 9-max Seat #3 is the button
Seat 1: Adelvux ($2.75 in chips) 
Seat 2: Defs777 ($0.38 in chips) 
Seat 3: RookieBoyKK ($3.85 in chips) 
Seat 4: twk7 ($8.43 in chips) 
Seat 5: zuantewith80 ($5.25 in chips) 
Seat 6: H!TM@N1989 ($5 in chips) 
Seat 7: Dorex2007 ($5 in chips) 
Seat 8: Ruslieq ($6.85 in chips) 
Seat 9: xnaitro1234 ($3.94 in chips) 
twk7: posts small blind $0.02
zuantewith80: posts big blind $0.05
*** HOLE CARDS ***
Dealt to Dorex2007 [3c Jc]
H!TM@N1989: folds 
Dorex2007: folds 
Ruslieq: folds 
xnaitro1234: calls $0.05
Adelvux: folds 
Defs777: folds 
RookieBoyKK: calls $0.05
twk7: raises $0.10 to $0.15
zuantewith80: folds 
xnaitro1234: calls $0.10
RookieBoyKK: calls $0.10
*** FLOP *** [4s 2s Tc]
twk7: checks 
xnaitro1234: checks 
RookieBoyKK: checks 
*** TURN *** [4s 2s Tc] [Js]
twk7: checks 
xnaitro1234: checks 
RookieBoyKK: bets $0.20
twk7: folds 
xnaitro1234: calls $0.20
*** RIVER *** [4s 2s Tc Js] [Ah]
xnaitro1234: checks 
RookieBoyKK: bets $0.55
xnaitro1234: calls $0.55
*** SHOW DOWN ***
RookieBoyKK: shows [3s 5d] (a straight, Ace to Five)
xnaitro1234: mucks hand 
RookieBoyKK collected $1.92 from pot
*** SUMMARY ***
Total pot $2 | Rake $0.08 
Board [4s 2s Tc Js Ah]
Seat 1: Adelvux folded before Flop (didn't bet)
Seat 2: Defs777 folded before Flop (didn't bet)
Seat 3: RookieBoyKK (button) showed [3s 5d] and won ($1.92) with a straight, Ace to Five
Seat 4: twk7 (small blind) folded on the Turn
Seat 5: zuantewith80 (big blind) folded before Flop
Seat 6: H!TM@N1989 folded before Flop (didn't bet)
Seat 7: Dorex2007 folded before Flop (didn't bet)
Seat 8: Ruslieq folded before Flop (didn't bet)
Seat 9: xnaitro1234 mucked [Kd As]



PokerStars Hand #238793740032:  Hold'em No Limit ($0.02/$0.05 USD) - 2022/09/22 10:20:46 PT [2022/09/22 13:20:46 ET]
Table 'Anacreon III' 9-max Seat #4 is the button
Seat 1: Adelvux ($2.75 in chips) 
Seat 2: Defs777 ($0.38 in chips) 
Seat 3: RookieBoyKK ($4.87 in chips) 
Seat 4: twk7 ($8.28 in chips) 
Seat 5: zuantewith80 ($5.20 in chips) 
Seat 6: H!TM@N1989 ($5 in chips) 
Seat 7: Dorex2007 ($5 in chips) 
Seat 8: Ruslieq ($6.85 in chips) 
Seat 9: xnaitro1234 ($3.04 in chips) 
zuantewith80: posts small blind $0.02
H!TM@N1989: posts big blind $0.05
*** HOLE CARDS ***
Dealt to Dorex2007 [9c 9d]
Dorex2007: raises $0.05 to $0.10
Ruslieq: folds 
xnaitro1234: folds 
Adelvux: folds 
Defs777: calls $0.10
RookieBoyKK: calls $0.10
twk7: folds 
zuantewith80: folds 
H!TM@N1989: folds 
*** FLOP *** [6h Jd 8h]
Dorex2007: checks 
Defs777: checks 
RookieBoyKK: checks 
*** TURN *** [6h Jd 8h] [Td]
Dorex2007: bets $0.17
Defs777: calls $0.17
RookieBoyKK: folds 
*** RIVER *** [6h Jd 8h Td] [4s]
Dorex2007: bets $0.15
Defs777: calls $0.11 and is all-in
Uncalled bet ($0.04) returned to Dorex2007
*** SHOW DOWN ***
Dorex2007: shows [9c 9d] (a pair of Nines)
Defs777: shows [Ad Ks] (high card Ace)
Dorex2007 collected $0.89 from pot
*** SUMMARY ***
Total pot $0.93 | Rake $0.04 
Board [6h Jd 8h Td 4s]
Seat 1: Adelvux folded before Flop (didn't bet)
Seat 2: Defs777 showed [Ad Ks] and lost with high card Ace
Seat 3: RookieBoyKK folded on the Turn
Seat 4: twk7 (button) folded before Flop (didn't bet)
Seat 5: zuantewith80 (small blind) folded before Flop
Seat 6: H!TM@N1989 (big blind) folded before Flop
Seat 7: Dorex2007 showed [9c 9d] and won ($0.89) with a pair of Nines
Seat 8: Ruslieq folded before Flop (didn't bet)
Seat 9: xnaitro1234 folded before Flop (didn't bet)



PokerStars Hand #238793765835:  Hold'em No Limit ($0.02/$0.05 USD) - 2022/09/22 10:21:57 PT [2022/09/22 13:21:57 ET]
Table 'Anacreon III' 9-max Seat #5 is the button
Seat 1: Adelvux ($2.75 in chips) 
Seat 3: RookieBoyKK ($4.77 in chips) 
Seat 4: twk7 ($8.28 in chips) 
Seat 5: zuantewith80 ($5.18 in chips) 
Seat 6: H!TM@N1989 ($5 in chips) 
Seat 7: Dorex2007 ($5.51 in chips) 
Seat 8: Ruslieq ($6.85 in chips) 
Seat 9: xnaitro1234 ($3.04 in chips) 
H!TM@N1989: posts small blind $0.02
Dorex2007: posts big blind $0.05
*** HOLE CARDS ***
Dealt to Dorex2007 [2d 7d]
Ruslieq: folds 
xnaitro1234: calls $0.05
Adelvux: calls $0.05
RookieBoyKK: raises $0.15 to $0.20
twk7: folds 
zuantewith80: folds 
H!TM@N1989: folds 
Dorex2007: folds 
xnaitro1234: calls $0.15
Adelvux: calls $0.15
*** FLOP *** [9d 4h 5h]
xnaitro1234: checks 
Adelvux: bets $0.10
RookieBoyKK: raises $0.25 to $0.35
xnaitro1234: folds 
Adelvux: calls $0.25
*** TURN *** [9d 4h 5h] [4c]
Adelvux: checks 
RookieBoyKK: bets $0.55
Adelvux: folds 
Uncalled bet ($0.55) returned to RookieBoyKK
RookieBoyKK collected $1.31 from pot
*** SUMMARY ***
Total pot $1.37 | Rake $0.06 
Board [9d 4h 5h 4c]
Seat 1: Adelvux folded on the Turn
Seat 3: RookieBoyKK collected ($1.31)
Seat 4: twk7 folded before Flop (didn't bet)
Seat 5: zuantewith80 (button) folded before Flop (didn't bet)
Seat 6: H!TM@N1989 (small blind) folded before Flop
Seat 7: Dorex2007 (big blind) folded before Flop
Seat 8: Ruslieq folded before Flop (didn't bet)
Seat 9: xnaitro1234 folded on the Flop



PokerStars Hand #238793788819:  Hold'em No Limit ($0.02/$0.05 USD) - 2022/09/22 10:23:00 PT [2022/09/22 13:23:00 ET]
Table 'Anacreon III' 9-max Seat #6 is the button
Seat 1: Adelvux ($2.20 in chips) 
Seat 2: Defs777 ($2 in chips) 
Seat 3: RookieBoyKK ($5.53 in chips) 
Seat 4: twk7 ($8.28 in chips) 
Seat 5: zuantewith80 ($5.18 in chips) 
Seat 6: H!TM@N1989 ($5 in chips) 
Seat 7: Dorex2007 ($5.46 in chips) 
Seat 8: Ruslieq ($6.85 in chips) 
Seat 9: xnaitro1234 ($2.84 in chips) 
Dorex2007: posts small blind $0.02
Ruslieq: posts big blind $0.05
*** HOLE CARDS ***
Dealt to Dorex2007 [8h 4c]
xnaitro1234: calls $0.05
Adelvux: folds 
Defs777: calls $0.05
RookieBoyKK: folds 
twk7: folds 
zuantewith80: folds 
H!TM@N1989: folds 
Dorex2007: folds 
Ruslieq: checks 
*** FLOP *** [3c 6c Ks]
Ruslieq: checks 
xnaitro1234: checks 
Defs777: checks 
*** TURN *** [3c 6c Ks] [7h]
Ruslieq: checks 
xnaitro1234: checks 
Defs777: bets $0.05
Ruslieq: folds 
xnaitro1234: folds 
Uncalled bet ($0.05) returned to Defs777
Defs777 collected $0.16 from pot
Defs777: doesn't show hand 
*** SUMMARY ***
Total pot $0.17 | Rake $0.01 
Board [3c 6c Ks 7h]
Seat 1: Adelvux folded before Flop (didn't bet)
Seat 2: Defs777 collected ($0.16)
Seat 3: RookieBoyKK folded before Flop (didn't bet)
Seat 4: twk7 folded before Flop (didn't bet)
Seat 5: zuantewith80 folded before Flop (didn't bet)
Seat 6: H!TM@N1989 (button) folded before Flop (didn't bet)
Seat 7: Dorex2007 (small blind) folded before Flop
Seat 8: Ruslieq (big blind) folded on the Turn
Seat 9: xnaitro1234 folded on the Turn



PokerStars Hand #238793804148:  Hold'em No Limit ($0.02/$0.05 USD) - 2022/09/22 10:23:42 PT [2022/09/22 13:23:42 ET]
Table 'Anacreon III' 9-max Seat #7 is the button
Seat 1: Adelvux ($2.20 in chips) 
Seat 2: Defs777 ($2.11 in chips) 
Seat 3: RookieBoyKK ($5.53 in chips) 
Seat 4: twk7 ($8.28 in chips) 
Seat 5: zuantewith80 ($5.18 in chips) 
Seat 6: H!TM@N1989 ($5 in chips) 
Seat 7: Dorex2007 ($5.44 in chips) 
Seat 8: Ruslieq ($6.80 in chips) 
Seat 9: xnaitro1234 ($2.79 in chips) 
Ruslieq: posts small blind $0.02
xnaitro1234: posts big blind $0.05
*** HOLE CARDS ***
Dealt to Dorex2007 [8s 4s]
Adelvux: calls $0.05
Defs777: folds 
RookieBoyKK has timed out
RookieBoyKK: folds 
twk7: folds 
zuantewith80: folds 
H!TM@N1989: folds 
Dorex2007: folds 
Ruslieq: folds 
xnaitro1234: checks 
*** FLOP *** [Qs Ac Ah]
xnaitro1234: checks 
Adelvux: checks 
*** TURN *** [Qs Ac Ah] [2c]
xnaitro1234: checks 
Adelvux: checks 
*** RIVER *** [Qs Ac Ah 2c] [2s]
xnaitro1234: checks 
Adelvux: checks 
*** SHOW DOWN ***
xnaitro1234: shows [Kh Qh] (two pair, Aces and Queens)
Adelvux: mucks hand 
xnaitro1234 collected $0.12 from pot
*** SUMMARY ***
Total pot $0.12 | Rake $0 
Board [Qs Ac Ah 2c 2s]
Seat 1: Adelvux mucked [Kd 8d]
Seat 2: Defs777 folded before Flop (didn't bet)
Seat 3: RookieBoyKK folded before Flop (didn't bet)
Seat 4: twk7 folded before Flop (didn't bet)
Seat 5: zuantewith80 folded before Flop (didn't bet)
Seat 6: H!TM@N1989 folded before Flop (didn't bet)
Seat 7: Dorex2007 (button) folded before Flop (didn't bet)
Seat 8: Ruslieq (small blind) folded before Flop
Seat 9: xnaitro1234 (big blind) showed [Kh Qh] and won ($0.12) with two pair, Aces and Queens



PokerStars Hand #238793818138:  Hold'em No Limit ($0.02/$0.05 USD) - 2022/09/22 10:24:21 PT [2022/09/22 13:24:21 ET]
Table 'Anacreon III' 9-max Seat #8 is the button
Seat 1: Adelvux ($2.15 in chips) 
Seat 2: Defs777 ($2.11 in chips) 
Seat 3: RookieBoyKK ($5.53 in chips) 
Seat 4: twk7 ($8.28 in chips) 
Seat 5: zuantewith80 ($5.18 in chips) 
Seat 6: H!TM@N1989 ($5 in chips) 
Seat 7: Dorex2007 ($5.44 in chips) 
Seat 8: Ruslieq ($6.78 in chips) 
Seat 9: xnaitro1234 ($2.86 in chips) 
xnaitro1234: posts small blind $0.02
Adelvux: posts big blind $0.05
*** HOLE CARDS ***
Dealt to Dorex2007 [4s Qd]
Defs777: calls $0.05
RookieBoyKK: calls $0.05
twk7: folds 
zuantewith80: folds 
H!TM@N1989: folds 
Dorex2007: folds 
Ruslieq: calls $0.05
xnaitro1234: calls $0.03
Adelvux: checks 
*** FLOP *** [8c 2s 7s]
xnaitro1234: checks 
Adelvux: checks 
Defs777: checks 
RookieBoyKK: bets $0.15
Ruslieq: folds 
xnaitro1234: folds 
Adelvux: folds 
Defs777: calls $0.15
*** TURN *** [8c 2s 7s] [7c]
Defs777: checks 
RookieBoyKK: checks 
*** RIVER *** [8c 2s 7s 7c] [6h]
Defs777: bets $0.45
RookieBoyKK: raises $1.43 to $1.88
Defs777: calls $1.43
*** SHOW DOWN ***
RookieBoyKK: shows [Tc 9s] (a straight, Six to Ten)
Defs777: mucks hand 
RookieBoyKK collected $4.13 from pot
*** SUMMARY ***
Total pot $4.31 | Rake $0.18 
Board [8c 2s 7s 7c 6h]
Seat 1: Adelvux (big blind) folded on the Flop
Seat 2: Defs777 mucked [6d 2d]
Seat 3: RookieBoyKK showed [Tc 9s] and won ($4.13) with a straight, Six to Ten
Seat 4: twk7 folded before Flop (didn't bet)
Seat 5: zuantewith80 folded before Flop (didn't bet)
Seat 6: H!TM@N1989 folded before Flop (didn't bet)
Seat 7: Dorex2007 folded before Flop (didn't bet)
Seat 8: Ruslieq (button) folded on the Flop
Seat 9: xnaitro1234 (small blind) folded on the Flop



PokerStars Hand #238793847876:  Hold'em No Limit ($0.02/$0.05 USD) - 2022/09/22 10:25:42 PT [2022/09/22 13:25:42 ET]
Table 'Anacreon III' 9-max Seat #9 is the button
Seat 1: Adelvux ($2.10 in chips) 
Seat 3: RookieBoyKK ($7.58 in chips) 
Seat 4: twk7 ($8.28 in chips) 
Seat 5: zuantewith80 ($5.18 in chips) 
Seat 6: H!TM@N1989 ($5 in chips) 
Seat 7: Dorex2007 ($5.44 in chips) 
Seat 8: Ruslieq ($6.73 in chips) 
Seat 9: xnaitro1234 ($2.81 in chips) 
Adelvux: posts small blind $0.02
RookieBoyKK: posts big blind $0.05
*** HOLE CARDS ***
Dealt to Dorex2007 [Kc Qc]
twk7: folds 
zuantewith80: folds 
H!TM@N1989: folds 
Dorex2007: raises $0.10 to $0.15
Ruslieq: folds 
xnaitro1234: calls $0.15
Adelvux: folds 
RookieBoyKK: calls $0.10
*** FLOP *** [2d 9s 6h]
RookieBoyKK: checks 
Dorex2007: checks 
xnaitro1234: checks 
*** TURN *** [2d 9s 6h] [Jh]
RookieBoyKK: bets $0.20
Dorex2007: folds 
xnaitro1234: folds 
Uncalled bet ($0.20) returned to RookieBoyKK
RookieBoyKK collected $0.45 from pot
*** SUMMARY ***
Total pot $0.47 | Rake $0.02 
Board [2d 9s 6h Jh]
Seat 1: Adelvux (small blind) folded before Flop
Seat 3: RookieBoyKK (big blind) collected ($0.45)
Seat 4: twk7 folded before Flop (didn't bet)
Seat 5: zuantewith80 folded before Flop (didn't bet)
Seat 6: H!TM@N1989 folded before Flop (didn't bet)
Seat 7: Dorex2007 folded on the Turn
Seat 8: Ruslieq folded before Flop (didn't bet)
Seat 9: xnaitro1234 (button) folded on the Turn



PokerStars Hand #238793866000:  Hold'em No Limit ($0.02/$0.05 USD) - 2022/09/22 10:26:32 PT [2022/09/22 13:26:32 ET]
Table 'Anacreon III' 9-max Seat #1 is the button
Seat 1: Adelvux ($2.08 in chips) 
Seat 3: RookieBoyKK ($7.88 in chips) 
Seat 4: twk7 ($8.28 in chips) 
Seat 5: zuantewith80 ($5.18 in chips) 
Seat 6: H!TM@N1989 ($5 in chips) 
Seat 7: Dorex2007 ($5.29 in chips) 
Seat 8: Ruslieq ($6.73 in chips) 
Seat 9: xnaitro1234 ($2.66 in chips) 
RookieBoyKK: posts small blind $0.02
twk7: posts big blind $0.05
*** HOLE CARDS ***
Dealt to Dorex2007 [5c Ks]
zuantewith80: folds 
H!TM@N1989: folds 
Dorex2007: folds 
Ruslieq: folds 
xnaitro1234: folds 
Adelvux: calls $0.05
RookieBoyKK: raises $0.15 to $0.20
twk7: folds 
Adelvux: folds 
Uncalled bet ($0.15) returned to RookieBoyKK
RookieBoyKK collected $0.15 from pot
*** SUMMARY ***
Total pot $0.15 | Rake $0 
Seat 1: Adelvux (button) folded before Flop
Seat 3: RookieBoyKK (small blind) collected ($0.15)
Seat 4: twk7 (big blind) folded before Flop
Seat 5: zuantewith80 folded before Flop (didn't bet)
Seat 6: H!TM@N1989 folded before Flop (didn't bet)
Seat 7: Dorex2007 folded before Flop (didn't bet)
Seat 8: Ruslieq folded before Flop (didn't bet)
Seat 9: xnaitro1234 folded before Flop (didn't bet)



PokerStars Hand #238793873748:  Hold'em No Limit ($0.02/$0.05 USD) - 2022/09/22 10:26:53 PT [2022/09/22 13:26:53 ET]
Table 'Anacreon III' 9-max Seat #3 is the button
Seat 1: Adelvux ($2.03 in chips) 
Seat 2: Defs777 ($2.03 in chips) 
Seat 3: RookieBoyKK ($7.98 in chips) 
Seat 4: twk7 ($8.23 in chips) 
Seat 5: zuantewith80 ($5.18 in chips) 
Seat 6: H!TM@N1989 ($5 in chips) 
Seat 7: Dorex2007 ($5.29 in chips) 
Seat 8: Ruslieq ($6.73 in chips) 
Seat 9: xnaitro1234 ($2.66 in chips) 
twk7: posts small blind $0.02
zuantewith80: posts big blind $0.05
Defs777: posts small & big blinds $0.07
*** HOLE CARDS ***
Dealt to Dorex2007 [As 7h]
H!TM@N1989: raises $0.15 to $0.20
Dorex2007: folds 
Ruslieq: folds 
xnaitro1234: folds 
Adelvux: calls $0.20
Defs777: folds 
RookieBoyKK: folds 
twk7: folds 
zuantewith80: folds 
*** FLOP *** [8s 2s 3s]
H!TM@N1989: bets $0.35
Adelvux: calls $0.35
*** TURN *** [8s 2s 3s] [Th]
H!TM@N1989: bets $0.79
Adelvux: folds 
Uncalled bet ($0.79) returned to H!TM@N1989
H!TM@N1989 collected $1.19 from pot
H!TM@N1989: doesn't show hand 
*** SUMMARY ***
Total pot $1.24 | Rake $0.05 
Board [8s 2s 3s Th]
Seat 1: Adelvux folded on the Turn
Seat 2: Defs777 folded before Flop (didn't bet)
Seat 3: RookieBoyKK (button) folded before Flop (didn't bet)
Seat 4: twk7 (small blind) folded before Flop
Seat 5: zuantewith80 (big blind) folded before Flop
Seat 6: H!TM@N1989 collected ($1.19)
Seat 7: Dorex2007 folded before Flop (didn't bet)
Seat 8: Ruslieq folded before Flop (didn't bet)
Seat 9: xnaitro1234 folded before Flop (didn't bet)



PokerStars Hand #238793890866:  Hold'em No Limit ($0.02/$0.05 USD) - 2022/09/22 10:27:40 PT [2022/09/22 13:27:40 ET]
Table 'Anacreon III' 9-max Seat #4 is the button
Seat 1: Adelvux ($1.48 in chips) 
Seat 2: Defs777 ($1.96 in chips) 
Seat 3: RookieBoyKK ($7.98 in chips) 
Seat 4: twk7 ($8.21 in chips) 
Seat 5: zuantewith80 ($5.13 in chips) 
Seat 6: H!TM@N1989 ($5.64 in chips) 
Seat 7: Dorex2007 ($5.29 in chips) 
Seat 8: Ruslieq ($6.73 in chips) 
Seat 9: xnaitro1234 ($2.66 in chips) 
zuantewith80: posts small blind $0.02
H!TM@N1989: posts big blind $0.05
*** HOLE CARDS ***
Dealt to Dorex2007 [Qd 2d]
Dorex2007: folds 
Ruslieq: folds 
xnaitro1234: folds 
Adelvux: folds 
Defs777: calls $0.05
RookieBoyKK: folds 
twk7: folds 
zuantewith80: calls $0.03
H!TM@N1989: checks 
*** FLOP *** [Kh Ah 9s]
zuantewith80: checks 
H!TM@N1989: checks 
Defs777: bets $0.05
zuantewith80: calls $0.05
H!TM@N1989: folds 
*** TURN *** [Kh Ah 9s] [Qc]
zuantewith80: checks 
Defs777: bets $0.20
zuantewith80: folds 
Uncalled bet ($0.20) returned to Defs777
Defs777 collected $0.24 from pot
Defs777: doesn't show hand 
*** SUMMARY ***
Total pot $0.25 | Rake $0.01 
Board [Kh Ah 9s Qc]
Seat 1: Adelvux folded before Flop (didn't bet)
Seat 2: Defs777 collected ($0.24)
Seat 3: RookieBoyKK folded before Flop (didn't bet)
Seat 4: twk7 (button) folded before Flop (didn't bet)
Seat 5: zuantewith80 (small blind) folded on the Turn
Seat 6: H!TM@N1989 (big blind) folded on the Flop
Seat 7: Dorex2007 folded before Flop (didn't bet)
Seat 8: Ruslieq folded before Flop (didn't bet)
Seat 9: xnaitro1234 folded before Flop (didn't bet)



PokerStars Hand #238793906524:  Hold'em No Limit ($0.02/$0.05 USD) - 2022/09/22 10:28:23 PT [2022/09/22 13:28:23 ET]
Table 'Anacreon III' 9-max Seat #5 is the button
Seat 1: Adelvux ($1.48 in chips) 
Seat 2: Defs777 ($2.10 in chips) 
Seat 3: RookieBoyKK ($7.98 in chips) 
Seat 4: twk7 ($8.21 in chips) 
Seat 5: zuantewith80 ($5.03 in chips) 
Seat 6: H!TM@N1989 ($5.59 in chips) 
Seat 7: Dorex2007 ($5.29 in chips) 
Seat 8: Ruslieq ($6.73 in chips) 
Seat 9: xnaitro1234 ($2.66 in chips) 
H!TM@N1989: posts small blind $0.02
Dorex2007: posts big blind $0.05
*** HOLE CARDS ***
Dealt to Dorex2007 [8h Kd]
Ruslieq: folds 
xnaitro1234: folds 
Adelvux: calls $0.05
Defs777: calls $0.05
RookieBoyKK: calls $0.05
twk7: folds 
zuantewith80: folds 
H!TM@N1989: calls $0.03
Dorex2007: checks 
*** FLOP *** [7h 4c Ah]
H!TM@N1989: checks 
Dorex2007: checks 
Adelvux: checks 
Defs777: checks 
RookieBoyKK: checks 
*** TURN *** [7h 4c Ah] [4s]
H!TM@N1989: checks 
Dorex2007: checks 
Adelvux: checks 
Defs777: checks 
RookieBoyKK: bets $0.15
H!TM@N1989: calls $0.15
Dorex2007: folds 
Adelvux: folds 
Defs777: calls $0.15
*** RIVER *** [7h 4c Ah 4s] [Jc]
H!TM@N1989: checks 
Defs777: checks 
RookieBoyKK: bets $0.45
H!TM@N1989: folds 
Defs777: folds 
Uncalled bet ($0.45) returned to RookieBoyKK
RookieBoyKK collected $0.67 from pot
*** SUMMARY ***
Total pot $0.70 | Rake $0.03 
Board [7h 4c Ah 4s Jc]
Seat 1: Adelvux folded on the Turn
Seat 2: Defs777 folded on the River
Seat 3: RookieBoyKK collected ($0.67)
Seat 4: twk7 folded before Flop (didn't bet)
Seat 5: zuantewith80 (button) folded before Flop (didn't bet)
Seat 6: H!TM@N1989 (small blind) folded on the River
Seat 7: Dorex2007 (big blind) folded on the Turn
Seat 8: Ruslieq folded before Flop (didn't bet)
Seat 9: xnaitro1234 folded before Flop (didn't bet)



PokerStars Hand #238793937840:  Hold'em No Limit ($0.02/$0.05 USD) - 2022/09/22 10:29:48 PT [2022/09/22 13:29:48 ET]
Table 'Anacreon III' 9-max Seat #6 is the button
Seat 1: Adelvux ($1.43 in chips) 
Seat 2: Defs777 ($1.90 in chips) 
Seat 3: RookieBoyKK ($8.45 in chips) 
Seat 4: twk7 ($8.21 in chips) 
Seat 5: zuantewith80 ($5.03 in chips) 
Seat 6: H!TM@N1989 ($5.39 in chips) 
Seat 7: Dorex2007 ($5.24 in chips) 
Seat 8: Ruslieq ($6.73 in chips) 
Seat 9: xnaitro1234 ($2.66 in chips) 
Dorex2007: posts small blind $0.02
Ruslieq: posts big blind $0.05
*** HOLE CARDS ***
Dealt to Dorex2007 [8d 7d]
xnaitro1234: calls $0.05
Adelvux: calls $0.05
Defs777: calls $0.05
RookieBoyKK: folds 
twk7: folds 
zuantewith80: folds 
H!TM@N1989: calls $0.05
Dorex2007: folds 
Ruslieq: checks 
*** FLOP *** [4d 4c 6c]
Ruslieq: checks 
xnaitro1234: checks 
Adelvux: checks 
Defs777: checks 
H!TM@N1989: checks 
*** TURN *** [4d 4c 6c] [Qd]
Ruslieq: checks 
xnaitro1234: bets $0.15
Adelvux: folds 
Defs777: folds 
H!TM@N1989: calls $0.15
Ruslieq: folds 
*** RIVER *** [4d 4c 6c Qd] [As]
xnaitro1234: bets $0.20
H!TM@N1989: folds 
Uncalled bet ($0.20) returned to xnaitro1234
xnaitro1234 collected $0.55 from pot
*** SUMMARY ***
Total pot $0.57 | Rake $0.02 
Board [4d 4c 6c Qd As]
Seat 1: Adelvux folded on the Turn
Seat 2: Defs777 folded on the Turn
Seat 3: RookieBoyKK folded before Flop (didn't bet)
Seat 4: twk7 folded before Flop (didn't bet)
Seat 5: zuantewith80 folded before Flop (didn't bet)
Seat 6: H!TM@N1989 (button) folded on the River
Seat 7: Dorex2007 (small blind) folded before Flop
Seat 8: Ruslieq (big blind) folded on the Turn
Seat 9: xnaitro1234 collected ($0.55)



PokerStars Hand #238793957871:  Hold'em No Limit ($0.02/$0.05 USD) - 2022/09/22 10:30:42 PT [2022/09/22 13:30:42 ET]
Table 'Anacreon III' 9-max Seat #7 is the button
Seat 1: Adelvux ($1.38 in chips) 
Seat 2: Defs777 ($1.85 in chips) 
Seat 3: RookieBoyKK ($8.45 in chips) 
Seat 4: twk7 ($8.21 in chips) 
Seat 5: zuantewith80 ($5.03 in chips) 
Seat 6: H!TM@N1989 ($5.19 in chips) 
Seat 7: Dorex2007 ($5.22 in chips) 
Seat 8: Ruslieq ($6.68 in chips) 
Seat 9: xnaitro1234 ($3.01 in chips) 
Ruslieq: posts small blind $0.02
xnaitro1234: posts big blind $0.05
*** HOLE CARDS ***
Dealt to Dorex2007 [8c Jd]
Adelvux: calls $0.05
Defs777: folds 
RookieBoyKK: folds 
twk7: folds 
zuantewith80: folds 
H!TM@N1989: folds 
Dorex2007: folds 
Ruslieq: calls $0.03
xnaitro1234: checks 
*** FLOP *** [6h 2h Ah]
Ruslieq: checks 
xnaitro1234: checks 
Adelvux: checks 
*** TURN *** [6h 2h Ah] [7s]
Ruslieq: checks 
xnaitro1234: checks 
Adelvux: checks 
*** RIVER *** [6h 2h Ah 7s] [8s]
Ruslieq: checks 
xnaitro1234: checks 
Adelvux: checks 
*** SHOW DOWN ***
Ruslieq: shows [4h 6d] (a pair of Sixes)
xnaitro1234: mucks hand 
Adelvux: mucks hand 
Ruslieq collected $0.14 from pot
*** SUMMARY ***
Total pot $0.15 | Rake $0.01 
Board [6h 2h Ah 7s 8s]
Seat 1: Adelvux mucked [3h 3d]
Seat 2: Defs777 folded before Flop (didn't bet)
Seat 3: RookieBoyKK folded before Flop (didn't bet)
Seat 4: twk7 folded before Flop (didn't bet)
Seat 5: zuantewith80 folded before Flop (didn't bet)
Seat 6: H!TM@N1989 folded before Flop (didn't bet)
Seat 7: Dorex2007 (button) folded before Flop (didn't bet)
Seat 8: Ruslieq (small blind) showed [4h 6d] and won ($0.14) with a pair of Sixes
Seat 9: xnaitro1234 (big blind) mucked [9d Kd]



PokerStars Hand #238793974020:  Hold'em No Limit ($0.02/$0.05 USD) - 2022/09/22 10:31:26 PT [2022/09/22 13:31:26 ET]
Table 'Anacreon III' 9-max Seat #8 is the button
Seat 1: Adelvux ($1.33 in chips) 
Seat 2: Defs777 ($1.85 in chips) 
Seat 3: RookieBoyKK ($8.45 in chips) 
Seat 4: twk7 ($8.21 in chips) 
Seat 5: zuantewith80 ($5.03 in chips) 
Seat 6: H!TM@N1989 ($5.19 in chips) 
Seat 7: Dorex2007 ($5.22 in chips) 
Seat 8: Ruslieq ($6.77 in chips) 
Seat 9: xnaitro1234 ($2.96 in chips) 
xnaitro1234: posts small blind $0.02
Adelvux: posts big blind $0.05
*** HOLE CARDS ***
Dealt to Dorex2007 [As 7c]
Defs777: calls $0.05
RookieBoyKK: folds 
twk7: folds 
zuantewith80: folds 
H!TM@N1989: folds 
Dorex2007: folds 
Ruslieq: calls $0.05
xnaitro1234: folds 
Adelvux: checks 
*** FLOP *** [2s Jh 5h]
Adelvux: bets $0.05
Defs777: folds 
Ruslieq: calls $0.05
*** TURN *** [2s Jh 5h] [8h]
Adelvux: bets $0.05
Ruslieq: raises $0.05 to $0.10
Adelvux: raises $0.05 to $0.15
Ruslieq: raises $0.05 to $0.20
Adelvux: calls $0.05
*** RIVER *** [2s Jh 5h 8h] [5s]
Adelvux: checks 
Ruslieq: bets $0.32
Adelvux: folds 
Uncalled bet ($0.32) returned to Ruslieq
Ruslieq collected $0.64 from pot
Ruslieq: doesn't show hand 
*** SUMMARY ***
Total pot $0.67 | Rake $0.03 
Board [2s Jh 5h 8h 5s]
Seat 1: Adelvux (big blind) folded on the River
Seat 2: Defs777 folded on the Flop
Seat 3: RookieBoyKK folded before Flop (didn't bet)
Seat 4: twk7 folded before Flop (didn't bet)
Seat 5: zuantewith80 folded before Flop (didn't bet)
Seat 6: H!TM@N1989 folded before Flop (didn't bet)
Seat 7: Dorex2007 folded before Flop (didn't bet)
Seat 8: Ruslieq (button) collected ($0.64)
Seat 9: xnaitro1234 (small blind) folded before Flop



PokerStars Hand #238793991849:  Hold'em No Limit ($0.02/$0.05 USD) - 2022/09/22 10:32:15 PT [2022/09/22 13:32:15 ET]
Table 'Anacreon III' 9-max Seat #9 is the button
Seat 1: Adelvux ($1.03 in chips) 
Seat 2: Defs777 ($1.80 in chips) 
Seat 3: RookieBoyKK ($8.45 in chips) 
Seat 4: twk7 ($8.21 in chips) 
Seat 5: zuantewith80 ($5.03 in chips) 
Seat 6: H!TM@N1989 ($5.19 in chips) 
Seat 7: Dorex2007 ($5.22 in chips) 
Seat 8: Ruslieq ($7.11 in chips) 
Seat 9: xnaitro1234 ($2.94 in chips) 
Adelvux: posts small blind $0.02
Defs777: posts big blind $0.05
*** HOLE CARDS ***
Dealt to Dorex2007 [Js 7s]
RookieBoyKK: calls $0.05
twk7: folds 
zuantewith80: folds 
H!TM@N1989: folds 
Dorex2007: folds 
Ruslieq: folds 
xnaitro1234: folds 
Adelvux: folds 
Defs777: checks 
*** FLOP *** [5d Qc 6s]
Adelvux leaves the table
Defs777: checks 
Alex.Petrovskiy joins the table at seat #1 
RookieBoyKK: checks 
*** TURN *** [5d Qc 6s] [4h]
Defs777: checks 
RookieBoyKK: checks 
*** RIVER *** [5d Qc 6s 4h] [Th]
Defs777: bets $0.05
xnaitro1234 leaves the table
RookieBoyKK: calls $0.05
*** SHOW DOWN ***
Defs777: shows [4c Jd] (a pair of Fours)
RookieBoyKK: mucks hand 
Defs777 collected $0.21 from pot
*** SUMMARY ***
Total pot $0.22 | Rake $0.01 
Board [5d Qc 6s 4h Th]
Seat 1: Adelvux (small blind) folded before Flop
Seat 2: Defs777 (big blind) showed [4c Jd] and won ($0.21) with a pair of Fours
Seat 3: RookieBoyKK mucked [8h Ks]
Seat 4: twk7 folded before Flop (didn't bet)
Seat 5: zuantewith80 folded before Flop (didn't bet)
Seat 6: H!TM@N1989 folded before Flop (didn't bet)
Seat 7: Dorex2007 folded before Flop (didn't bet)
Seat 8: Ruslieq folded before Flop (didn't bet)
Seat 9: xnaitro1234 (button) folded before Flop (didn't bet)



PokerStars Hand #238794007148:  Hold'em No Limit ($0.02/$0.05 USD) - 2022/09/22 10:32:55 PT [2022/09/22 13:32:55 ET]
Table 'Anacreon III' 9-max Seat #3 is the button
Seat 3: RookieBoyKK ($8.35 in chips) 
Seat 4: twk7 ($8.21 in chips) 
Seat 5: zuantewith80 ($5.03 in chips) 
Seat 6: H!TM@N1989 ($5.19 in chips) 
Seat 7: Dorex2007 ($5.22 in chips) 
Seat 8: Ruslieq ($7.11 in chips) 
twk7: posts small blind $0.02
zuantewith80: posts big blind $0.05
Alex.Petrovskiy: sits out 
*** HOLE CARDS ***
Dealt to Dorex2007 [Tc Ks]
H!TM@N1989: folds 
Dorex2007: calls $0.05
Ruslieq: folds 
Defs777 leaves the table
sc2005 joins the table at seat #9 
RookieBoyKK: calls $0.05
twk7: raises $0.20 to $0.25
zuantewith80: folds 
Dorex2007: calls $0.20
RookieBoyKK: calls $0.20
*** FLOP *** [Kd Jc 8s]
salin_kat joins the table at seat #2 
twk7: bets $0.50
Dorex2007: calls $0.50
RookieBoyKK: folds 
*** TURN *** [Kd Jc 8s] [Qd]
twk7: bets $1.12
Dorex2007: calls $1.12
*** RIVER *** [Kd Jc 8s Qd] [2c]
twk7: checks 
Dorex2007: bets $2.58
twk7: folds 
Uncalled bet ($2.58) returned to Dorex2007
Dorex2007 collected $3.87 from pot
Dorex2007: doesn't show hand 
*** SUMMARY ***
Total pot $4.04 | Rake $0.17 
Board [Kd Jc 8s Qd 2c]
Seat 3: RookieBoyKK (button) folded on the Flop
Seat 4: twk7 (small blind) folded on the River
Seat 5: zuantewith80 (big blind) folded before Flop
Seat 6: H!TM@N1989 folded before Flop (didn't bet)
Seat 7: Dorex2007 collected ($3.87)
Seat 8: Ruslieq folded before Flop (didn't bet)



PokerStars Hand #238794035044:  Hold'em No Limit ($0.02/$0.05 USD) - 2022/09/22 10:34:11 PT [2022/09/22 13:34:11 ET]
Table 'Anacreon III' 9-max Seat #4 is the button
Seat 3: RookieBoyKK ($8.10 in chips) 
Seat 4: twk7 ($6.34 in chips) 
Seat 5: zuantewith80 ($5 in chips) 
Seat 6: H!TM@N1989 ($5.19 in chips) 
Seat 7: Dorex2007 ($7.22 in chips) 
Seat 8: Ruslieq ($7.11 in chips) 
zuantewith80: posts small blind $0.02
H!TM@N1989: posts big blind $0.05
sc2005: sits out 
Alex.Petrovskiy: sits out 
salin_kat: sits out 
*** HOLE CARDS ***
Dealt to Dorex2007 [Qd 7h]
Dorex2007: folds 
Ruslieq: folds 
RookieBoyKK: calls $0.05
twk7: raises $0.25 to $0.30
zuantewith80: folds 
H!TM@N1989: folds 
RookieBoyKK: folds 
Uncalled bet ($0.25) returned to twk7
twk7 collected $0.17 from pot
*** SUMMARY ***
Total pot $0.17 | Rake $0 
Seat 3: RookieBoyKK folded before Flop
Seat 4: twk7 (button) collected ($0.17)
Seat 5: zuantewith80 (small blind) folded before Flop
Seat 6: H!TM@N1989 (big blind) folded before Flop
Seat 7: Dorex2007 folded before Flop (didn't bet)
Seat 8: Ruslieq folded before Flop (didn't bet)



PokerStars Hand #238794044906:  Hold'em No Limit ($0.02/$0.05 USD) - 2022/09/22 10:34:38 PT [2022/09/22 13:34:38 ET]
Table 'Anacreon III' 9-max Seat #5 is the button
Seat 3: RookieBoyKK ($8.05 in chips) 
Seat 4: twk7 ($6.46 in chips) 
Seat 5: zuantewith80 ($5 in chips) 
Seat 6: H!TM@N1989 ($5.14 in chips) 
Seat 7: Dorex2007 ($7.22 in chips) 
Seat 8: Ruslieq ($7.11 in chips) 
H!TM@N1989: posts small blind $0.02
Dorex2007: posts big blind $0.05
sc2005: sits out 
Alex.Petrovskiy: sits out 
salin_kat: sits out 
*** HOLE CARDS ***
Dealt to Dorex2007 [As 6d]
Ruslieq: folds 
RookieBoyKK: folds 
twk7: folds 
zuantewith80: folds 
H!TM@N1989: folds 
Uncalled bet ($0.03) returned to Dorex2007
Dorex2007 collected $0.04 from pot
Dorex2007: doesn't show hand 
*** SUMMARY ***
Total pot $0.04 | Rake $0 
Seat 3: RookieBoyKK folded before Flop (didn't bet)
Seat 4: twk7 folded before Flop (didn't bet)
Seat 5: zuantewith80 (button) folded before Flop (didn't bet)
Seat 6: H!TM@N1989 (small blind) folded before Flop
Seat 7: Dorex2007 (big blind) collected ($0.04)
Seat 8: Ruslieq folded before Flop (didn't bet)



PokerStars Hand #238794052499:  Hold'em No Limit ($0.02/$0.05 USD) - 2022/09/22 10:34:58 PT [2022/09/22 13:34:58 ET]
Table 'Anacreon III' 9-max Seat #6 is the button
Seat 3: RookieBoyKK ($8.05 in chips) 
Seat 4: twk7 ($6.46 in chips) 
Seat 5: zuantewith80 ($5 in chips) 
Seat 6: H!TM@N1989 ($5.12 in chips) 
Seat 7: Dorex2007 ($7.24 in chips) 
Seat 8: Ruslieq ($7.11 in chips) 
Dorex2007: posts small blind $0.02
Ruslieq: posts big blind $0.05
sc2005: sits out 
Alex.Petrovskiy: sits out 
salin_kat: sits out 
*** HOLE CARDS ***
Dealt to Dorex2007 [8d Qh]
RookieBoyKK: folds 
twk7: folds 
zuantewith80: folds 
H!TM@N1989: raises $0.10 to $0.15
Dorex2007: folds 
Ruslieq: folds 
Uncalled bet ($0.10) returned to H!TM@N1989
H!TM@N1989 collected $0.12 from pot
H!TM@N1989: doesn't show hand 
*** SUMMARY ***
Total pot $0.12 | Rake $0 
Seat 3: RookieBoyKK folded before Flop (didn't bet)
Seat 4: twk7 folded before Flop (didn't bet)
Seat 5: zuantewith80 folded before Flop (didn't bet)
Seat 6: H!TM@N1989 (button) collected ($0.12)
Seat 7: Dorex2007 (small blind) folded before Flop
Seat 8: Ruslieq (big blind) folded before Flop



PokerStars Hand #238794060189:  Hold'em No Limit ($0.02/$0.05 USD) - 2022/09/22 10:35:19 PT [2022/09/22 13:35:19 ET]
Table 'Anacreon III' 9-max Seat #7 is the button
Seat 3: RookieBoyKK ($8.05 in chips) 
Seat 4: twk7 ($6.46 in chips) 
Seat 5: zuantewith80 ($5 in chips) 
Seat 6: H!TM@N1989 ($5.19 in chips) 
Seat 7: Dorex2007 ($7.22 in chips) 
Seat 8: Ruslieq ($7.06 in chips) 
Seat 9: sc2005 ($5 in chips) 
Ruslieq: posts small blind $0.02
sc2005: posts big blind $0.05
Alex.Petrovskiy: sits out 
salin_kat: sits out 
*** HOLE CARDS ***
Dealt to Dorex2007 [Ah Jh]
RookieBoyKK: folds 
twk7: folds 
zuantewith80: calls $0.05
H!TM@N1989: folds 
Dorex2007: raises $0.17 to $0.22
Ruslieq: folds 
sc2005: folds 
zuantewith80: folds 
Uncalled bet ($0.17) returned to Dorex2007
Dorex2007 collected $0.17 from pot
Dorex2007: doesn't show hand 
*** SUMMARY ***
Total pot $0.17 | Rake $0 
Seat 3: RookieBoyKK folded before Flop (didn't bet)
Seat 4: twk7 folded before Flop (didn't bet)
Seat 5: zuantewith80 folded before Flop
Seat 6: H!TM@N1989 folded before Flop (didn't bet)
Seat 7: Dorex2007 (button) collected ($0.17)
Seat 8: Ruslieq (small blind) folded before Flop
Seat 9: sc2005 (big blind) folded before Flop



PokerStars Hand #238794071086:  Hold'em No Limit ($0.02/$0.05 USD) - 2022/09/22 10:35:48 PT [2022/09/22 13:35:48 ET]
Table 'Anacreon III' 9-max Seat #8 is the button
Seat 1: Alex.Petrovskiy ($5 in chips) 
Seat 3: RookieBoyKK ($8.05 in chips) 
Seat 4: twk7 ($6.46 in chips) 
Seat 5: zuantewith80 ($5 in chips) 
Seat 6: H!TM@N1989 ($5.19 in chips) 
Seat 7: Dorex2007 ($7.34 in chips) 
Seat 8: Ruslieq ($7.04 in chips) 
Seat 9: sc2005 ($5 in chips) 
sc2005: posts small blind $0.02
Alex.Petrovskiy: posts big blind $0.05
salin_kat: sits out 
*** HOLE CARDS ***
Dealt to Dorex2007 [7s 7c]
RookieBoyKK: raises $0.10 to $0.15
twk7: folds 
zuantewith80: folds 
H!TM@N1989: folds 
Dorex2007: calls $0.15
Ruslieq: folds 
sc2005: folds 
Alex.Petrovskiy: folds 
*** FLOP *** [8c 4c 7h]
RookieBoyKK: bets $0.20
Dorex2007: raises $0.38 to $0.58
RookieBoyKK: calls $0.38
*** TURN *** [8c 4c 7h] [Kh]
RookieBoyKK: bets $0.55
Dorex2007: raises $2.40 to $2.95
RookieBoyKK: calls $2.40
*** RIVER *** [8c 4c 7h Kh] [Tc]
RookieBoyKK: bets $4.37 and is all-in
Dorex2007: calls $3.66 and is all-in
Uncalled bet ($0.71) returned to RookieBoyKK
*** SHOW DOWN ***
RookieBoyKK: shows [Ts Kc] (two pair, Kings and Tens)
Dorex2007: shows [7s 7c] (three of a kind, Sevens)
Dorex2007 collected $14.14 from pot
*** SUMMARY ***
Total pot $14.75 | Rake $0.61 
Board [8c 4c 7h Kh Tc]
Seat 1: Alex.Petrovskiy (big blind) folded before Flop
Seat 3: RookieBoyKK showed [Ts Kc] and lost with two pair, Kings and Tens
Seat 4: twk7 folded before Flop (didn't bet)
Seat 5: zuantewith80 folded before Flop (didn't bet)
Seat 6: H!TM@N1989 folded before Flop (didn't bet)
Seat 7: Dorex2007 showed [7s 7c] and won ($14.14) with three of a kind, Sevens
Seat 8: Ruslieq (button) folded before Flop (didn't bet)
Seat 9: sc2005 (small blind) folded before Flop



PokerStars Hand #238794098725:  Hold'em No Limit ($0.02/$0.05 USD) - 2022/09/22 10:37:03 PT [2022/09/22 13:37:03 ET]
Table 'Anacreon III' 9-max Seat #9 is the button
Seat 1: Alex.Petrovskiy ($5 in chips) 
Seat 2: salin_kat ($5 in chips) 
Seat 3: RookieBoyKK ($0.71 in chips) 
Seat 4: twk7 ($6.46 in chips) 
Seat 5: zuantewith80 ($5 in chips) 
Seat 6: H!TM@N1989 ($5.19 in chips) 
Seat 7: Dorex2007 ($14.14 in chips) 
Seat 8: Ruslieq ($7.04 in chips) 
Seat 9: sc2005 ($5 in chips) 
Alex.Petrovskiy: posts small blind $0.02
salin_kat: posts big blind $0.05
*** HOLE CARDS ***
Dealt to Dorex2007 [Js 5h]
RookieBoyKK: raises $0.10 to $0.15
twk7: folds 
zuantewith80: folds 
H!TM@N1989: folds 
Dorex2007: folds 
Ruslieq: calls $0.15
sc2005: folds 
Alex.Petrovskiy: folds 
salin_kat: folds 
*** FLOP *** [5d 8d Ks]
RookieBoyKK: checks 
Ruslieq: bets $0.15
RookieBoyKK: folds 
Uncalled bet ($0.15) returned to Ruslieq
Ruslieq collected $0.35 from pot
*** SUMMARY ***
Total pot $0.37 | Rake $0.02 
Board [5d 8d Ks]
Seat 1: Alex.Petrovskiy (small blind) folded before Flop
Seat 2: salin_kat (big blind) folded before Flop
Seat 3: RookieBoyKK folded on the Flop
Seat 4: twk7 folded before Flop (didn't bet)
Seat 5: zuantewith80 folded before Flop (didn't bet)
Seat 6: H!TM@N1989 folded before Flop (didn't bet)
Seat 7: Dorex2007 folded before Flop (didn't bet)
Seat 8: Ruslieq collected ($0.35)
Seat 9: sc2005 (button) folded before Flop (didn't bet)



PokerStars Hand #238794111522:  Hold'em No Limit ($0.02/$0.05 USD) - 2022/09/22 10:37:37 PT [2022/09/22 13:37:37 ET]
Table 'Anacreon III' 9-max Seat #1 is the button
Seat 1: Alex.Petrovskiy ($5 in chips) 
Seat 2: salin_kat ($4.95 in chips) 
Seat 3: RookieBoyKK ($0.56 in chips) 
Seat 4: twk7 ($6.46 in chips) 
Seat 5: zuantewith80 ($5 in chips) 
Seat 6: H!TM@N1989 ($5.19 in chips) 
Seat 7: Dorex2007 ($14.14 in chips) 
Seat 8: Ruslieq ($7.24 in chips) 
Seat 9: sc2005 ($5 in chips) 
salin_kat: posts small blind $0.02
RookieBoyKK: posts big blind $0.05
*** HOLE CARDS ***
Dealt to Dorex2007 [Qs 5d]
twk7: raises $0.10 to $0.15
zuantewith80: folds 
H!TM@N1989: folds 
Dorex2007: folds 
Ruslieq: folds 
sc2005: folds 
Alex.Petrovskiy: folds 
salin_kat: raises $0.30 to $0.45
RookieBoyKK: raises $0.11 to $0.56 and is all-in
twk7: folds 
salin_kat: calls $0.11
*** FLOP *** [Tc 3s 9s]
*** TURN *** [Tc 3s 9s] [4d]
*** RIVER *** [Tc 3s 9s 4d] [Kc]
*** SHOW DOWN ***
salin_kat: shows [Js Jc] (a pair of Jacks)
RookieBoyKK: shows [5h 8c] (high card King)
salin_kat collected $1.22 from pot
*** SUMMARY ***
Total pot $1.27 | Rake $0.05 
Board [Tc 3s 9s 4d Kc]
Seat 1: Alex.Petrovskiy (button) folded before Flop (didn't bet)
Seat 2: salin_kat (small blind) showed [Js Jc] and won ($1.22) with a pair of Jacks
Seat 3: RookieBoyKK (big blind) showed [5h 8c] and lost with high card King
Seat 4: twk7 folded before Flop
Seat 5: zuantewith80 folded before Flop (didn't bet)
Seat 6: H!TM@N1989 folded before Flop (didn't bet)
Seat 7: Dorex2007 folded before Flop (didn't bet)
Seat 8: Ruslieq folded before Flop (didn't bet)
Seat 9: sc2005 folded before Flop (didn't bet)



PokerStars Hand #238794126117:  Hold'em No Limit ($0.02/$0.05 USD) - 2022/09/22 10:38:16 PT [2022/09/22 13:38:16 ET]
Table 'Anacreon III' 9-max Seat #2 is the button
Seat 1: Alex.Petrovskiy ($5 in chips) 
Seat 2: salin_kat ($5.61 in chips) 
Seat 4: twk7 ($6.31 in chips) 
Seat 5: zuantewith80 ($5 in chips) 
Seat 6: H!TM@N1989 ($5.19 in chips) 
Seat 7: Dorex2007 ($14.14 in chips) 
Seat 8: Ruslieq ($7.24 in chips) 
Seat 9: sc2005 ($5 in chips) 
RookieBoyKK leaves the table
twk7: posts small blind $0.02
zuantewith80: posts big blind $0.05
*** HOLE CARDS ***
Dealt to Dorex2007 [Kd Jc]
H!TM@N1989: folds 
Dorex2007: folds 
andrei_lint joins the table at seat #3 
Ruslieq: folds 
sc2005: folds 
Alex.Petrovskiy: raises $0.08 to $0.13
salin_kat: folds 
twk7: folds 
zuantewith80: folds 
Uncalled bet ($0.08) returned to Alex.Petrovskiy
Alex.Petrovskiy collected $0.12 from pot
*** SUMMARY ***
Total pot $0.12 | Rake $0 
Seat 1: Alex.Petrovskiy collected ($0.12)
Seat 2: salin_kat (button) folded before Flop (didn't bet)
Seat 4: twk7 (small blind) folded before Flop
Seat 5: zuantewith80 (big blind) folded before Flop
Seat 6: H!TM@N1989 folded before Flop (didn't bet)
Seat 7: Dorex2007 folded before Flop (didn't bet)
Seat 8: Ruslieq folded before Flop (didn't bet)
Seat 9: sc2005 folded before Flop (didn't bet)



PokerStars Hand #238794134538:  Hold'em No Limit ($0.02/$0.05 USD) - 2022/09/22 10:38:39 PT [2022/09/22 13:38:39 ET]
Table 'Anacreon III' 9-max Seat #4 is the button
Seat 1: Alex.Petrovskiy ($5.07 in chips) 
Seat 2: salin_kat ($5.61 in chips) 
Seat 4: twk7 ($6.29 in chips) 
Seat 5: zuantewith80 ($5 in chips) 
Seat 6: H!TM@N1989 ($5.19 in chips) 
Seat 7: Dorex2007 ($14.14 in chips) 
Seat 8: Ruslieq ($7.24 in chips) 
Seat 9: sc2005 ($5 in chips) 
zuantewith80: posts small blind $0.02
H!TM@N1989: posts big blind $0.05
andrei_lint: sits out 
*** HOLE CARDS ***
Dealt to Dorex2007 [7c Js]
Dorex2007: folds 
Ruslieq: raises $0.10 to $0.15
sc2005: folds 
Alex.Petrovskiy: folds 
salin_kat: folds 
twk7: folds 
zuantewith80: folds 
H!TM@N1989: folds 
Uncalled bet ($0.10) returned to Ruslieq
Ruslieq collected $0.12 from pot
Ruslieq: doesn't show hand 
*** SUMMARY ***
Total pot $0.12 | Rake $0 
Seat 1: Alex.Petrovskiy folded before Flop (didn't bet)
Seat 2: salin_kat folded before Flop (didn't bet)
Seat 4: twk7 (button) folded before Flop (didn't bet)
Seat 5: zuantewith80 (small blind) folded before Flop
Seat 6: H!TM@N1989 (big blind) folded before Flop
Seat 7: Dorex2007 folded before Flop (didn't bet)
Seat 8: Ruslieq collected ($0.12)
Seat 9: sc2005 folded before Flop (didn't bet)



PokerStars Hand #238794140970:  Hold'em No Limit ($0.02/$0.05 USD) - 2022/09/22 10:38:56 PT [2022/09/22 13:38:56 ET]
Table 'Anacreon III' 9-max Seat #5 is the button
Seat 1: Alex.Petrovskiy ($5.07 in chips) 
Seat 2: salin_kat ($5.61 in chips) 
Seat 4: twk7 ($6.29 in chips) 
Seat 5: zuantewith80 ($5 in chips) 
Seat 6: H!TM@N1989 ($5.14 in chips) 
Seat 7: Dorex2007 ($14.14 in chips) 
Seat 8: Ruslieq ($7.31 in chips) 
Seat 9: sc2005 ($5 in chips) 
H!TM@N1989: posts small blind $0.02
Dorex2007: posts big blind $0.05
andrei_lint: sits out 
*** HOLE CARDS ***
Dealt to Dorex2007 [4h 3c]
Ruslieq: folds 
sc2005: folds 
Alex.Petrovskiy: folds 
salin_kat: folds 
twk7: folds 
zuantewith80: folds 
H!TM@N1989: raises $0.10 to $0.15
Dorex2007: folds 
Uncalled bet ($0.10) returned to H!TM@N1989
H!TM@N1989 collected $0.10 from pot
H!TM@N1989: doesn't show hand 
*** SUMMARY ***
Total pot $0.10 | Rake $0 
Seat 1: Alex.Petrovskiy folded before Flop (didn't bet)
Seat 2: salin_kat folded before Flop (didn't bet)
Seat 4: twk7 folded before Flop (didn't bet)
Seat 5: zuantewith80 (button) folded before Flop (didn't bet)
Seat 6: H!TM@N1989 (small blind) collected ($0.10)
Seat 7: Dorex2007 (big blind) folded before Flop
Seat 8: Ruslieq folded before Flop (didn't bet)
Seat 9: sc2005 folded before Flop (didn't bet)



PokerStars Hand #238794149535:  Hold'em No Limit ($0.02/$0.05 USD) - 2022/09/22 10:39:19 PT [2022/09/22 13:39:19 ET]
Table 'Anacreon III' 9-max Seat #6 is the button
Seat 1: Alex.Petrovskiy ($5.07 in chips) 
Seat 2: salin_kat ($5.61 in chips) 
Seat 4: twk7 ($6.29 in chips) 
Seat 5: zuantewith80 ($5 in chips) 
Seat 6: H!TM@N1989 ($5.19 in chips) 
Seat 7: Dorex2007 ($14.09 in chips) 
Seat 8: Ruslieq ($7.31 in chips) 
Seat 9: sc2005 ($5 in chips) 
Dorex2007: posts small blind $0.02
Ruslieq: posts big blind $0.05
andrei_lint: sits out 
*** HOLE CARDS ***
Dealt to Dorex2007 [6c 2d]
sc2005: folds 
Alex.Petrovskiy: folds 
salin_kat: folds 
twk7: folds 
zuantewith80: folds 
H!TM@N1989: folds 
Dorex2007: folds 
Uncalled bet ($0.03) returned to Ruslieq
Ruslieq collected $0.04 from pot
Ruslieq: doesn't show hand 
*** SUMMARY ***
Total pot $0.04 | Rake $0 
Seat 1: Alex.Petrovskiy folded before Flop (didn't bet)
Seat 2: salin_kat folded before Flop (didn't bet)
Seat 4: twk7 folded before Flop (didn't bet)
Seat 5: zuantewith80 folded before Flop (didn't bet)
Seat 6: H!TM@N1989 (button) folded before Flop (didn't bet)
Seat 7: Dorex2007 (small blind) folded before Flop
Seat 8: Ruslieq (big blind) collected ($0.04)
Seat 9: sc2005 folded before Flop (didn't bet)



PokerStars Hand #238794155747:  Hold'em No Limit ($0.02/$0.05 USD) - 2022/09/22 10:39:36 PT [2022/09/22 13:39:36 ET]
Table 'Anacreon III' 9-max Seat #7 is the button
Seat 1: Alex.Petrovskiy ($5.07 in chips) 
Seat 2: salin_kat ($5.61 in chips) 
Seat 4: twk7 ($6.29 in chips) 
Seat 5: zuantewith80 ($5 in chips) 
Seat 6: H!TM@N1989 ($5.19 in chips) 
Seat 7: Dorex2007 ($14.07 in chips) 
Seat 9: sc2005 ($5 in chips) 
sc2005: posts small blind $0.02
Alex.Petrovskiy: posts big blind $0.05
andrei_lint: sits out 
*** HOLE CARDS ***
Dealt to Dorex2007 [Th 5h]
salin_kat: folds 
twk7: folds 
zuantewith80: folds 
H!TM@N1989: folds 
Dorex2007: folds 
sc2005: raises $0.15 to $0.20
Alex.Petrovskiy: folds 
Uncalled bet ($0.15) returned to sc2005
sc2005 collected $0.10 from pot
sc2005: doesn't show hand 
*** SUMMARY ***
Total pot $0.10 | Rake $0 
Seat 1: Alex.Petrovskiy (big blind) folded before Flop
Seat 2: salin_kat folded before Flop (didn't bet)
Seat 4: twk7 folded before Flop (didn't bet)
Seat 5: zuantewith80 folded before Flop (didn't bet)
Seat 6: H!TM@N1989 folded before Flop (didn't bet)
Seat 7: Dorex2007 (button) folded before Flop (didn't bet)
Seat 9: sc2005 (small blind) collected ($0.10)



PokerStars Hand #238794160294:  Hold'em No Limit ($0.02/$0.05 USD) - 2022/09/22 10:39:48 PT [2022/09/22 13:39:48 ET]
Table 'Anacreon III' 9-max Seat #9 is the button
Seat 1: Alex.Petrovskiy ($5.02 in chips) 
Seat 2: salin_kat ($5.61 in chips) 
Seat 4: twk7 ($6.29 in chips) 
Seat 5: zuantewith80 ($5 in chips) 
Seat 6: H!TM@N1989 ($5.19 in chips) 
Seat 7: Dorex2007 ($14.07 in chips) 
Seat 9: sc2005 ($5.05 in chips) 
Alex.Petrovskiy: posts small blind $0.02
salin_kat: posts big blind $0.05
andrei_lint: sits out 
*** HOLE CARDS ***
Dealt to Dorex2007 [7c Qh]
twk7: folds 
zuantewith80: raises $0.10 to $0.15
H!TM@N1989: folds 
Dorex2007: folds 
sc2005: folds 
Alex.Petrovskiy: folds 
salin_kat: folds 
Uncalled bet ($0.10) returned to zuantewith80
zuantewith80 collected $0.12 from pot
zuantewith80: doesn't show hand 
*** SUMMARY ***
Total pot $0.12 | Rake $0 
Seat 1: Alex.Petrovskiy (small blind) folded before Flop
Seat 2: salin_kat (big blind) folded before Flop
Seat 4: twk7 folded before Flop (didn't bet)
Seat 5: zuantewith80 collected ($0.12)
Seat 6: H!TM@N1989 folded before Flop (didn't bet)
Seat 7: Dorex2007 folded before Flop (didn't bet)
Seat 9: sc2005 (button) folded before Flop (didn't bet)



PokerStars Hand #238794165441:  Hold'em No Limit ($0.02/$0.05 USD) - 2022/09/22 10:40:02 PT [2022/09/22 13:40:02 ET]
Table 'Anacreon III' 9-max Seat #1 is the button
Seat 1: Alex.Petrovskiy ($5 in chips) 
Seat 2: salin_kat ($5.56 in chips) 
Seat 3: andrei_lint ($5 in chips) 
Seat 4: twk7 ($6.29 in chips) 
Seat 5: zuantewith80 ($5.07 in chips) 
Seat 6: H!TM@N1989 ($5.19 in chips) 
Seat 7: Dorex2007 ($14.07 in chips) 
Seat 9: sc2005 ($5.05 in chips) 
salin_kat: posts small blind $0.02
andrei_lint: posts big blind $0.05
*** HOLE CARDS ***
Dealt to Dorex2007 [Jd 7c]
twk7: folds 
zuantewith80: folds 
H!TM@N1989: folds 
Dorex2007: folds 
sc2005: raises $0.10 to $0.15
Alex.Petrovskiy: folds 
salin_kat: folds 
andrei_lint: folds 
Uncalled bet ($0.10) returned to sc2005
sc2005 collected $0.12 from pot
sc2005: doesn't show hand 
*** SUMMARY ***
Total pot $0.12 | Rake $0 
Seat 1: Alex.Petrovskiy (button) folded before Flop (didn't bet)
Seat 2: salin_kat (small blind) folded before Flop
Seat 3: andrei_lint (big blind) folded before Flop
Seat 4: twk7 folded before Flop (didn't bet)
Seat 5: zuantewith80 folded before Flop (didn't bet)
Seat 6: H!TM@N1989 folded before Flop (didn't bet)
Seat 7: Dorex2007 folded before Flop (didn't bet)
Seat 9: sc2005 collected ($0.12)



PokerStars Hand #238794172302:  Hold'em No Limit ($0.02/$0.05 USD) - 2022/09/22 10:40:20 PT [2022/09/22 13:40:20 ET]
Table 'Anacreon III' 9-max Seat #2 is the button
Seat 1: Alex.Petrovskiy ($5 in chips) 
Seat 2: salin_kat ($5.54 in chips) 
Seat 3: andrei_lint ($5 in chips) 
Seat 6: H!TM@N1989 ($5.19 in chips) 
Seat 7: Dorex2007 ($14.07 in chips) 
Seat 9: sc2005 ($5.12 in chips) 
andrei_lint: posts small blind $0.02
twk7: is sitting out 
zuantewith80: is sitting out 
H!TM@N1989: posts big blind $0.05
*** HOLE CARDS ***
Dealt to Dorex2007 [Jh 4s]
twk7 leaves the table
Dorex2007: folds 
sc2005: folds 
zuantewith80 leaves the table
Alex.Petrovskiy: raises $0.08 to $0.13
salin_kat: raises $0.32 to $0.45
andrei_lint: folds 
H!TM@N1989: folds 
Alex.Petrovskiy: folds 
Uncalled bet ($0.32) returned to salin_kat
salin_kat collected $0.33 from pot
salin_kat: doesn't show hand 
*** SUMMARY ***
Total pot $0.33 | Rake $0 
Seat 1: Alex.Petrovskiy folded before Flop
Seat 2: salin_kat (button) collected ($0.33)
Seat 3: andrei_lint (small blind) folded before Flop
Seat 6: H!TM@N1989 (big blind) folded before Flop
Seat 7: Dorex2007 folded before Flop (didn't bet)
Seat 9: sc2005 folded before Flop (didn't bet)



PokerStars Hand #238794181033:  Hold'em No Limit ($0.02/$0.05 USD) - 2022/09/22 10:40:44 PT [2022/09/22 13:40:44 ET]
Table 'Anacreon III' 9-max Seat #3 is the button
Seat 1: Alex.Petrovskiy ($5 in chips) 
Seat 2: salin_kat ($5.74 in chips) 
Seat 3: andrei_lint ($5 in chips) 
Seat 6: H!TM@N1989 ($5.14 in chips) 
Seat 7: Dorex2007 ($14.07 in chips) 
Seat 9: sc2005 ($5.12 in chips) 
H!TM@N1989: posts small blind $0.02
Dorex2007: posts big blind $0.05
*** HOLE CARDS ***
Dealt to Dorex2007 [6c 7c]
sc2005: folds 
Alex.Petrovskiy: folds 
salin_kat: folds 
andrei_lint: raises $0.10 to $0.15
H!TM@N1989: folds 
Dorex2007: folds 
Uncalled bet ($0.10) returned to andrei_lint
andrei_lint collected $0.12 from pot
andrei_lint: doesn't show hand 
*** SUMMARY ***
Total pot $0.12 | Rake $0 
Seat 1: Alex.Petrovskiy folded before Flop (didn't bet)
Seat 2: salin_kat folded before Flop (didn't bet)
Seat 3: andrei_lint (button) collected ($0.12)
Seat 6: H!TM@N1989 (small blind) folded before Flop
Seat 7: Dorex2007 (big blind) folded before Flop
Seat 9: sc2005 folded before Flop (didn't bet)



PokerStars Hand #238794189972:  Hold'em No Limit ($0.02/$0.05 USD) - 2022/09/22 10:41:08 PT [2022/09/22 13:41:08 ET]
Table 'Anacreon III' 9-max Seat #6 is the button
Seat 1: Alex.Petrovskiy ($5 in chips) 
Seat 2: salin_kat ($5.74 in chips) 
Seat 3: andrei_lint ($5.07 in chips) 
Seat 6: H!TM@N1989 ($5.12 in chips) 
Seat 7: Dorex2007 ($14.02 in chips) 
Seat 9: sc2005 ($5.12 in chips) 
Dorex2007: posts small blind $0.02
sc2005: posts big blind $0.05
*** HOLE CARDS ***
Dealt to Dorex2007 [Kd 9h]
Alex.Petrovskiy: folds 
salin_kat: folds 
andrei_lint: raises $0.10 to $0.15
H!TM@N1989: folds 
Dorex2007: folds 
sc2005: folds 
Uncalled bet ($0.10) returned to andrei_lint
andrei_lint collected $0.12 from pot
andrei_lint: doesn't show hand 
*** SUMMARY ***
Total pot $0.12 | Rake $0 
Seat 1: Alex.Petrovskiy folded before Flop (didn't bet)
Seat 2: salin_kat folded before Flop (didn't bet)
Seat 3: andrei_lint collected ($0.12)
Seat 6: H!TM@N1989 (button) folded before Flop (didn't bet)
Seat 7: Dorex2007 (small blind) folded before Flop
Seat 9: sc2005 (big blind) folded before Flop



PokerStars Hand #238794194112:  Hold'em No Limit ($0.02/$0.05 USD) - 2022/09/22 10:41:19 PT [2022/09/22 13:41:19 ET]
Table 'Anacreon III' 9-max Seat #7 is the button
Seat 3: andrei_lint ($5.14 in chips) 
Seat 6: H!TM@N1989 ($5.12 in chips) 
Seat 7: Dorex2007 ($14 in chips) 
Seat 9: sc2005 ($5.07 in chips) 
sc2005: posts small blind $0.02
Alex.Petrovskiy: is sitting out 
salin_kat: is sitting out 
andrei_lint: posts big blind $0.05
*** HOLE CARDS ***
Dealt to Dorex2007 [5c 3c]
H!TM@N1989: folds 
Dorex2007: folds 
salin_kat leaves the table
sc2005: folds 
Uncalled bet ($0.03) returned to andrei_lint
andrei_lint collected $0.04 from pot
andrei_lint: doesn't show hand 
*** SUMMARY ***
Total pot $0.04 | Rake $0 
Seat 3: andrei_lint (big blind) collected ($0.04)
Seat 6: H!TM@N1989 folded before Flop (didn't bet)
Seat 7: Dorex2007 (button) folded before Flop (didn't bet)
Seat 9: sc2005 (small blind) folded before Flop



PokerStars Hand #238794196554:  Hold'em No Limit ($0.02/$0.05 USD) - 2022/09/22 10:41:25 PT [2022/09/22 13:41:25 ET]
Table 'Anacreon III' 9-max Seat #9 is the button
Seat 3: andrei_lint ($5.16 in chips) 
Seat 6: H!TM@N1989 ($5.12 in chips) 
Seat 7: Dorex2007 ($14 in chips) 
Seat 9: sc2005 ($5.05 in chips) 
andrei_lint: posts small blind $0.02
H!TM@N1989: posts big blind $0.05
*** HOLE CARDS ***
Dealt to Dorex2007 [Kc Qs]
Dorex2007: raises $0.05 to $0.10
sc2005: folds 
sc2005 leaves the table
andrei_lint: calls $0.08
H!TM@N1989: folds 
*** FLOP *** [Jc Ks 3c]
andrei_lint: checks 
Dorex2007: checks 
*** TURN *** [Jc Ks 3c] [2s]
andrei_lint: checks 
Dorex2007: checks 
*** RIVER *** [Jc Ks 3c 2s] [9h]
andrei_lint: checks 
Dorex2007: checks 
*** SHOW DOWN ***
andrei_lint: shows [4s 4c] (a pair of Fours)
Dorex2007: shows [Kc Qs] (a pair of Kings)
Dorex2007 collected $0.24 from pot
*** SUMMARY ***
Total pot $0.25 | Rake $0.01 
Board [Jc Ks 3c 2s 9h]
Seat 3: andrei_lint (small blind) showed [4s 4c] and lost with a pair of Fours
Seat 6: H!TM@N1989 (big blind) folded before Flop
Seat 7: Dorex2007 showed [Kc Qs] and won ($0.24) with a pair of Kings
Seat 9: sc2005 (button) folded before Flop (didn't bet)



