PokerStars Hand #238883984804:  Hold'em No Limit ($0.02/$0.05 USD) - 2022/09/26 20:06:33 PT [2022/09/26 23:06:33 ET]
Table 'Deimos' 9-max Seat #4 is the button
Seat 2: maxkxi ($4.88 in chips) 
Seat 3: Dorex2007 ($5 in chips) 
Seat 4: MrWaffle_lol ($1.93 in chips) 
Seat 5: renansuguino1 ($6.59 in chips) 
Seat 6: BluffOnTable ($6.27 in chips) 
Seat 7: richard4848 ($5.57 in chips) 
Seat 8: iggypop85 ($4.18 in chips) 
Seat 9: Almanza63 ($5.07 in chips) 
renansuguino1: posts small blind $0.02
BluffOnTable: posts big blind $0.05
dessa78: sits out 
Dorex2007: posts big blind $0.05
*** HOLE CARDS ***
Dealt to Dorex2007 [8s 6s]
richard4848: folds 
iggypop85: folds 
Almanza63: folds 
maxkxi: folds 
Dorex2007: checks 
MrWaffle_lol: folds 
renansuguino1: calls $0.03
BluffOnTable: checks 
*** FLOP *** [Qd Qc 6d]
renansuguino1: checks 
BluffOnTable: checks 
Dorex2007: bets $0.14
renansuguino1: folds 
BluffOnTable: folds 
Uncalled bet ($0.14) returned to Dorex2007
Dorex2007 collected $0.14 from pot
Dorex2007: doesn't show hand 
*** SUMMARY ***
Total pot $0.15 | Rake $0.01 
Board [Qd Qc 6d]
Seat 2: maxkxi folded before Flop (didn't bet)
Seat 3: Dorex2007 collected ($0.14)
Seat 4: MrWaffle_lol (button) folded before Flop (didn't bet)
Seat 5: renansuguino1 (small blind) folded on the Flop
Seat 6: BluffOnTable (big blind) folded on the Flop
Seat 7: richard4848 folded before Flop (didn't bet)
Seat 8: iggypop85 folded before Flop (didn't bet)
Seat 9: Almanza63 folded before Flop (didn't bet)



PokerStars Hand #238883988885:  Hold'em No Limit ($0.02/$0.05 USD) - 2022/09/26 20:06:59 PT [2022/09/26 23:06:59 ET]
Table 'Deimos' 9-max Seat #5 is the button
Seat 2: maxkxi ($4.88 in chips) 
Seat 3: Dorex2007 ($5.09 in chips) 
Seat 4: MrWaffle_lol ($1.93 in chips) 
Seat 5: renansuguino1 ($6.54 in chips) 
Seat 6: BluffOnTable ($6.22 in chips) 
Seat 7: richard4848 ($5.57 in chips) 
Seat 8: iggypop85 ($4.18 in chips) 
Seat 9: Almanza63 ($5.07 in chips) 
BluffOnTable: posts small blind $0.02
richard4848: posts big blind $0.05
dessa78: sits out 
*** HOLE CARDS ***
Dealt to Dorex2007 [7h 9h]
iggypop85: raises $0.10 to $0.15
Almanza63: folds 
maxkxi: folds 
Dorex2007: folds 
MrWaffle_lol: folds 
renansuguino1: folds 
BluffOnTable: folds 
richard4848: calls $0.10
*** FLOP *** [5c Jd 9d]
richard4848: checks 
iggypop85: checks 
*** TURN *** [5c Jd 9d] [4s]
richard4848: checks 
iggypop85: checks 
*** RIVER *** [5c Jd 9d 4s] [Ts]
richard4848: checks 
iggypop85: checks 
*** SHOW DOWN ***
richard4848: shows [3h 5h] (a pair of Fives)
iggypop85: mucks hand 
richard4848 collected $0.31 from pot
*** SUMMARY ***
Total pot $0.32 | Rake $0.01 
Board [5c Jd 9d 4s Ts]
Seat 2: maxkxi folded before Flop (didn't bet)
Seat 3: Dorex2007 folded before Flop (didn't bet)
Seat 4: MrWaffle_lol folded before Flop (didn't bet)
Seat 5: renansuguino1 (button) folded before Flop (didn't bet)
Seat 6: BluffOnTable (small blind) folded before Flop
Seat 7: richard4848 (big blind) showed [3h 5h] and won ($0.31) with a pair of Fives
Seat 8: iggypop85 mucked [Ad Ks]
Seat 9: Almanza63 folded before Flop (didn't bet)



PokerStars Hand #238883992817:  Hold'em No Limit ($0.02/$0.05 USD) - 2022/09/26 20:07:26 PT [2022/09/26 23:07:26 ET]
Table 'Deimos' 9-max Seat #6 is the button
Seat 2: maxkxi ($4.88 in chips) 
Seat 3: Dorex2007 ($5.09 in chips) 
Seat 4: MrWaffle_lol ($1.93 in chips) 
Seat 5: renansuguino1 ($6.54 in chips) 
Seat 6: BluffOnTable ($6.20 in chips) 
Seat 7: richard4848 ($5.73 in chips) 
Seat 8: iggypop85 ($4.03 in chips) 
Seat 9: Almanza63 ($5.07 in chips) 
richard4848: posts small blind $0.02
iggypop85: posts big blind $0.05
dessa78: sits out 
*** HOLE CARDS ***
Dealt to Dorex2007 [7c 8d]
Almanza63: folds 
maxkxi: raises $0.10 to $0.15
Dorex2007: folds 
MrWaffle_lol: folds 
renansuguino1: folds 
BluffOnTable: calls $0.15
richard4848: folds 
iggypop85: folds 
*** FLOP *** [5s Kd Qh]
maxkxi: bets $0.20
BluffOnTable: calls $0.20
*** TURN *** [5s Kd Qh] [4c]
maxkxi: bets $0.60
BluffOnTable: folds 
Uncalled bet ($0.60) returned to maxkxi
maxkxi collected $0.74 from pot
*** SUMMARY ***
Total pot $0.77 | Rake $0.03 
Board [5s Kd Qh 4c]
Seat 2: maxkxi collected ($0.74)
Seat 3: Dorex2007 folded before Flop (didn't bet)
Seat 4: MrWaffle_lol folded before Flop (didn't bet)
Seat 5: renansuguino1 folded before Flop (didn't bet)
Seat 6: BluffOnTable (button) folded on the Turn
Seat 7: richard4848 (small blind) folded before Flop
Seat 8: iggypop85 (big blind) folded before Flop
Seat 9: Almanza63 folded before Flop (didn't bet)



PokerStars Hand #238883999352:  Hold'em No Limit ($0.02/$0.05 USD) - 2022/09/26 20:08:09 PT [2022/09/26 23:08:09 ET]
Table 'Deimos' 9-max Seat #7 is the button
Seat 2: maxkxi ($5.27 in chips) 
Seat 3: Dorex2007 ($5.09 in chips) 
Seat 4: MrWaffle_lol ($1.93 in chips) 
Seat 5: renansuguino1 ($6.54 in chips) 
Seat 6: BluffOnTable ($5.85 in chips) 
Seat 7: richard4848 ($5.71 in chips) 
Seat 8: iggypop85 ($3.98 in chips) 
Seat 9: Almanza63 ($5.07 in chips) 
iggypop85: posts small blind $0.02
Almanza63: posts big blind $0.05
dessa78: sits out 
*** HOLE CARDS ***
Dealt to Dorex2007 [4d 9d]
maxkxi: calls $0.05
Dorex2007: folds 
MrWaffle_lol: folds 
renansuguino1: folds 
BluffOnTable: folds 
MrWaffle_lol leaves the table
richard4848: raises $0.15 to $0.20
iggypop85: calls $0.18
Almanza63: calls $0.15
jusssssssstin joins the table at seat #4 
maxkxi: calls $0.15
*** FLOP *** [7c Js Tc]
iggypop85: checks 
Almanza63: checks 
maxkxi: checks 
richard4848: bets $0.77
iggypop85: folds 
Almanza63: folds 
maxkxi: folds 
Uncalled bet ($0.77) returned to richard4848
richard4848 collected $0.77 from pot
richard4848: doesn't show hand 
*** SUMMARY ***
Total pot $0.80 | Rake $0.03 
Board [7c Js Tc]
Seat 2: maxkxi folded on the Flop
Seat 3: Dorex2007 folded before Flop (didn't bet)
Seat 4: MrWaffle_lol folded before Flop (didn't bet)
Seat 5: renansuguino1 folded before Flop (didn't bet)
Seat 6: BluffOnTable folded before Flop (didn't bet)
Seat 7: richard4848 (button) collected ($0.77)
Seat 8: iggypop85 (small blind) folded on the Flop
Seat 9: Almanza63 (big blind) folded on the Flop



PokerStars Hand #238884008627:  Hold'em No Limit ($0.02/$0.05 USD) - 2022/09/26 20:09:11 PT [2022/09/26 23:09:11 ET]
Table 'Deimos' 9-max Seat #8 is the button
Seat 1: dessa78 ($16.54 in chips) 
Seat 2: maxkxi ($5.07 in chips) 
Seat 3: Dorex2007 ($5.09 in chips) 
Seat 5: renansuguino1 ($6.54 in chips) 
Seat 6: BluffOnTable ($5.85 in chips) 
Seat 7: richard4848 ($6.28 in chips) 
Seat 8: iggypop85 ($3.78 in chips) 
Seat 9: Almanza63 ($4.87 in chips) 
Almanza63: posts small blind $0.02
dessa78: posts big blind $0.05
jusssssssstin: sits out 
*** HOLE CARDS ***
Dealt to Dorex2007 [Tc Th]
maxkxi: calls $0.05
Dorex2007: raises $0.10 to $0.15
renansuguino1: calls $0.15
BluffOnTable: folds 
richard4848: calls $0.15
iggypop85: folds 
Almanza63: folds 
dessa78: folds 
maxkxi: calls $0.10
*** FLOP *** [2s Js Ts]
maxkxi: checks 
Dorex2007: bets $0.64
renansuguino1: folds 
richard4848: folds 
maxkxi: calls $0.64
*** TURN *** [2s Js Ts] [9c]
maxkxi: bets $0.93
Dorex2007: raises $3.37 to $4.30 and is all-in
maxkxi: calls $3.35 and is all-in
Uncalled bet ($0.02) returned to Dorex2007
iggypop85 is disconnected 
*** RIVER *** [2s Js Ts 9c] [3d]
*** SHOW DOWN ***
maxkxi: shows [Ks 7s] (a flush, King high)
Dorex2007: shows [Tc Th] (three of a kind, Tens)
maxkxi cashed out the hand for $7.71 | Cash Out Fee $0.08
*** SUMMARY ***
Total pot $10.51 | Rake $0.44 
Board [2s Js Ts 9c 3d]
Seat 1: dessa78 (big blind) folded before Flop
Seat 2: maxkxi showed [Ks 7s] and won ($10.07) with a flush, King high (pot not awarded as player cashed out)
Seat 3: Dorex2007 showed [Tc Th] and lost with three of a kind, Tens
Seat 5: renansuguino1 folded on the Flop
Seat 6: BluffOnTable folded before Flop (didn't bet)
Seat 7: richard4848 folded on the Flop
Seat 8: iggypop85 (button) folded before Flop (didn't bet)
Seat 9: Almanza63 (small blind) folded before Flop



PokerStars Hand #238884023951:  Hold'em No Limit ($0.02/$0.05 USD) - 2022/09/26 20:10:52 PT [2022/09/26 23:10:52 ET]
Table 'Deimos' 9-max Seat #9 is the button
Seat 1: dessa78 ($16.49 in chips) 
Seat 2: maxkxi ($7.71 in chips) 
Seat 3: Dorex2007 ($5 in chips) 
Seat 5: renansuguino1 ($6.39 in chips) 
Seat 6: BluffOnTable ($5.85 in chips) 
Seat 7: richard4848 ($6.13 in chips) 
Seat 8: iggypop85 ($3.78 in chips) 
Seat 9: Almanza63 ($4.85 in chips) 
dessa78: posts small blind $0.02
maxkxi: posts big blind $0.05
jusssssssstin: sits out 
*** HOLE CARDS ***
Dealt to Dorex2007 [8h 9h]
Dorex2007: folds 
renansuguino1: folds 
BluffOnTable: folds 
richard4848: folds 
iggypop85 has timed out while disconnected
iggypop85: folds 
Almanza63: folds 
dessa78: folds 
Uncalled bet ($0.03) returned to maxkxi
maxkxi collected $0.04 from pot
*** SUMMARY ***
Total pot $0.04 | Rake $0 
Seat 1: dessa78 (small blind) folded before Flop
Seat 2: maxkxi (big blind) collected ($0.04)
Seat 3: Dorex2007 folded before Flop (didn't bet)
Seat 5: renansuguino1 folded before Flop (didn't bet)
Seat 6: BluffOnTable folded before Flop (didn't bet)
Seat 7: richard4848 folded before Flop (didn't bet)
Seat 8: iggypop85 folded before Flop (didn't bet)
Seat 9: Almanza63 (button) folded before Flop (didn't bet)



PokerStars Hand #238884028835:  Hold'em No Limit ($0.02/$0.05 USD) - 2022/09/26 20:11:25 PT [2022/09/26 23:11:25 ET]
Table 'Deimos' 9-max Seat #1 is the button
Seat 1: dessa78 ($16.47 in chips) 
Seat 2: maxkxi ($7.73 in chips) 
Seat 3: Dorex2007 ($5 in chips) 
Seat 5: renansuguino1 ($6.39 in chips) 
Seat 6: BluffOnTable ($5.85 in chips) 
Seat 7: richard4848 ($6.13 in chips) 
Seat 9: Almanza63 ($4.85 in chips) 
maxkxi: posts small blind $0.02
Dorex2007: posts big blind $0.05
jusssssssstin: sits out 
*** HOLE CARDS ***
Dealt to Dorex2007 [As 5c]
renansuguino1: folds 
BluffOnTable: folds 
richard4848: folds 
Almanza63: folds 
dessa78: folds 
maxkxi: calls $0.03
Dorex2007: checks 
*** FLOP *** [Td Qd 8d]
maxkxi: checks 
Dorex2007: checks 
*** TURN *** [Td Qd 8d] [Ts]
maxkxi: checks 
Dorex2007: checks 
*** RIVER *** [Td Qd 8d Ts] [6h]
maxkxi: checks 
Dorex2007: checks 
*** SHOW DOWN ***
maxkxi: shows [4c 2s] (a pair of Tens)
Dorex2007: shows [As 5c] (a pair of Tens - Ace kicker)
Dorex2007 collected $0.10 from pot
*** SUMMARY ***
Total pot $0.10 | Rake $0 
Board [Td Qd 8d Ts 6h]
Seat 1: dessa78 (button) folded before Flop (didn't bet)
Seat 2: maxkxi (small blind) showed [4c 2s] and lost with a pair of Tens
Seat 3: Dorex2007 (big blind) showed [As 5c] and won ($0.10) with a pair of Tens
Seat 5: renansuguino1 folded before Flop (didn't bet)
Seat 6: BluffOnTable folded before Flop (didn't bet)
Seat 7: richard4848 folded before Flop (didn't bet)
Seat 9: Almanza63 folded before Flop (didn't bet)



PokerStars Hand #238884034466:  Hold'em No Limit ($0.02/$0.05 USD) - 2022/09/26 20:12:03 PT [2022/09/26 23:12:03 ET]
Table 'Deimos' 9-max Seat #2 is the button
Seat 1: dessa78 ($16.47 in chips) 
Seat 2: maxkxi ($7.68 in chips) 
Seat 3: Dorex2007 ($5.05 in chips) 
Seat 4: jusssssssstin ($5 in chips) 
Seat 5: renansuguino1 ($6.39 in chips) 
Seat 6: BluffOnTable ($5.85 in chips) 
Seat 7: richard4848 ($6.13 in chips) 
Seat 8: iggypop85 ($3.78 in chips) 
Seat 9: Almanza63 ($4.85 in chips) 
Dorex2007: posts small blind $0.02
jusssssssstin: posts big blind $0.05
*** HOLE CARDS ***
Dealt to Dorex2007 [As 5c]
renansuguino1: folds 
BluffOnTable: raises $0.10 to $0.15
richard4848: folds 
iggypop85: folds 
Almanza63: folds 
dessa78: folds 
maxkxi: calls $0.15
Dorex2007: folds 
jusssssssstin: folds 
*** FLOP *** [6h 5s 4c]
BluffOnTable: checks 
maxkxi: checks 
*** TURN *** [6h 5s 4c] [6s]
BluffOnTable: checks 
maxkxi: bets $0.20
BluffOnTable: folds 
Uncalled bet ($0.20) returned to maxkxi
maxkxi collected $0.35 from pot
*** SUMMARY ***
Total pot $0.37 | Rake $0.02 
Board [6h 5s 4c 6s]
Seat 1: dessa78 folded before Flop (didn't bet)
Seat 2: maxkxi (button) collected ($0.35)
Seat 3: Dorex2007 (small blind) folded before Flop
Seat 4: jusssssssstin (big blind) folded before Flop
Seat 5: renansuguino1 folded before Flop (didn't bet)
Seat 6: BluffOnTable folded on the Turn
Seat 7: richard4848 folded before Flop (didn't bet)
Seat 8: iggypop85 folded before Flop (didn't bet)
Seat 9: Almanza63 folded before Flop (didn't bet)



PokerStars Hand #238884042509:  Hold'em No Limit ($0.02/$0.05 USD) - 2022/09/26 20:12:57 PT [2022/09/26 23:12:57 ET]
Table 'Deimos' 9-max Seat #3 is the button
Seat 1: dessa78 ($16.47 in chips) 
Seat 2: maxkxi ($7.88 in chips) 
Seat 3: Dorex2007 ($5.03 in chips) 
Seat 4: jusssssssstin ($5 in chips) 
Seat 5: renansuguino1 ($6.39 in chips) 
Seat 6: BluffOnTable ($5.70 in chips) 
Seat 7: richard4848 ($6.13 in chips) 
Seat 8: iggypop85 ($3.78 in chips) 
Seat 9: Almanza63 ($4.85 in chips) 
jusssssssstin: posts small blind $0.02
renansuguino1: posts big blind $0.05
*** HOLE CARDS ***
Dealt to Dorex2007 [8s Js]
BluffOnTable: folds 
richard4848: folds 
iggypop85: folds 
Almanza63: folds 
dessa78: folds 
maxkxi: folds 
Dorex2007: raises $0.05 to $0.10
jusssssssstin: folds 
renansuguino1: calls $0.05
*** FLOP *** [3h Kh 9h]
renansuguino1: checks 
Dorex2007: checks 
*** TURN *** [3h Kh 9h] [9d]
renansuguino1: checks 
Dorex2007: checks 
*** RIVER *** [3h Kh 9h 9d] [6h]
renansuguino1: checks 
Dorex2007: checks 
*** SHOW DOWN ***
renansuguino1: shows [2c Qc] (a pair of Nines)
Dorex2007: mucks hand 
renansuguino1 collected $0.21 from pot
*** SUMMARY ***
Total pot $0.22 | Rake $0.01 
Board [3h Kh 9h 9d 6h]
Seat 1: dessa78 folded before Flop (didn't bet)
Seat 2: maxkxi folded before Flop (didn't bet)
Seat 3: Dorex2007 (button) mucked [8s Js]
Seat 4: jusssssssstin (small blind) folded before Flop
Seat 5: renansuguino1 (big blind) showed [2c Qc] and won ($0.21) with a pair of Nines
Seat 6: BluffOnTable folded before Flop (didn't bet)
Seat 7: richard4848 folded before Flop (didn't bet)
Seat 8: iggypop85 folded before Flop (didn't bet)
Seat 9: Almanza63 folded before Flop (didn't bet)



PokerStars Hand #238884050122:  Hold'em No Limit ($0.02/$0.05 USD) - 2022/09/26 20:13:48 PT [2022/09/26 23:13:48 ET]
Table 'Deimos' 9-max Seat #4 is the button
Seat 1: dessa78 ($16.47 in chips) 
Seat 2: maxkxi ($7.88 in chips) 
Seat 3: Dorex2007 ($5 in chips) 
Seat 4: jusssssssstin ($5 in chips) 
Seat 5: renansuguino1 ($6.50 in chips) 
Seat 6: BluffOnTable ($5.70 in chips) 
Seat 7: richard4848 ($6.13 in chips) 
Seat 8: iggypop85 ($3.78 in chips) 
Seat 9: Almanza63 ($4.85 in chips) 
renansuguino1: posts small blind $0.02
BluffOnTable: posts big blind $0.05
*** HOLE CARDS ***
Dealt to Dorex2007 [As Kc]
richard4848: folds 
iggypop85: folds 
Almanza63 has timed out
Almanza63: folds 
dessa78: folds 
maxkxi: raises $0.05 to $0.10
Dorex2007: raises $0.27 to $0.37
jusssssssstin: folds 
renansuguino1: folds 
BluffOnTable: folds 
maxkxi: folds 
Uncalled bet ($0.27) returned to Dorex2007
Dorex2007 collected $0.27 from pot
Dorex2007: doesn't show hand 
*** SUMMARY ***
Total pot $0.27 | Rake $0 
Seat 1: dessa78 folded before Flop (didn't bet)
Seat 2: maxkxi folded before Flop
Seat 3: Dorex2007 collected ($0.27)
Seat 4: jusssssssstin (button) folded before Flop (didn't bet)
Seat 5: renansuguino1 (small blind) folded before Flop
Seat 6: BluffOnTable (big blind) folded before Flop
Seat 7: richard4848 folded before Flop (didn't bet)
Seat 8: iggypop85 folded before Flop (didn't bet)
Seat 9: Almanza63 folded before Flop (didn't bet)



PokerStars Hand #238884057292:  Hold'em No Limit ($0.02/$0.05 USD) - 2022/09/26 20:14:36 PT [2022/09/26 23:14:36 ET]
Table 'Deimos' 9-max Seat #5 is the button
Seat 1: dessa78 ($16.47 in chips) 
Seat 2: maxkxi ($7.78 in chips) 
Seat 3: Dorex2007 ($5.17 in chips) 
Seat 4: jusssssssstin ($5 in chips) 
Seat 5: renansuguino1 ($6.48 in chips) 
Seat 6: BluffOnTable ($5.65 in chips) 
Seat 7: richard4848 ($6.13 in chips) 
Seat 8: iggypop85 ($3.78 in chips) 
Seat 9: Almanza63 ($4.85 in chips) 
BluffOnTable: posts small blind $0.02
richard4848: posts big blind $0.05
*** HOLE CARDS ***
Dealt to Dorex2007 [3d Th]
iggypop85: folds 
Almanza63: folds 
dessa78: folds 
maxkxi: raises $0.05 to $0.10
Dorex2007: folds 
jusssssssstin: folds 
renansuguino1: calls $0.10
BluffOnTable: calls $0.08
richard4848: folds 
*** FLOP *** [8d 7d Kd]
BluffOnTable: checks 
maxkxi: checks 
renansuguino1: checks 
*** TURN *** [8d 7d Kd] [8c]
BluffOnTable: checks 
maxkxi: checks 
renansuguino1: checks 
*** RIVER *** [8d 7d Kd 8c] [9h]
BluffOnTable: checks 
maxkxi: checks 
renansuguino1: checks 
*** SHOW DOWN ***
BluffOnTable: shows [Qc Ah] (a pair of Eights)
maxkxi: mucks hand 
renansuguino1: mucks hand 
BluffOnTable collected $0.34 from pot
*** SUMMARY ***
Total pot $0.35 | Rake $0.01 
Board [8d 7d Kd 8c 9h]
Seat 1: dessa78 folded before Flop (didn't bet)
Seat 2: maxkxi mucked [3c Ad]
Seat 3: Dorex2007 folded before Flop (didn't bet)
Seat 4: jusssssssstin folded before Flop (didn't bet)
Seat 5: renansuguino1 (button) mucked [Td Ac]
Seat 6: BluffOnTable (small blind) showed [Qc Ah] and won ($0.34) with a pair of Eights
Seat 7: richard4848 (big blind) folded before Flop
Seat 8: iggypop85 folded before Flop (didn't bet)
Seat 9: Almanza63 folded before Flop (didn't bet)



PokerStars Hand #238884067839:  Hold'em No Limit ($0.02/$0.05 USD) - 2022/09/26 20:15:48 PT [2022/09/26 23:15:48 ET]
Table 'Deimos' 9-max Seat #6 is the button
Seat 1: dessa78 ($16.47 in chips) 
Seat 2: maxkxi ($7.68 in chips) 
Seat 3: Dorex2007 ($5.17 in chips) 
Seat 4: jusssssssstin ($5 in chips) 
Seat 5: renansuguino1 ($6.38 in chips) 
Seat 6: BluffOnTable ($5.89 in chips) 
Seat 7: richard4848 ($6.08 in chips) 
Seat 8: iggypop85 ($3.78 in chips) 
Seat 9: Almanza63 ($4.85 in chips) 
richard4848: posts small blind $0.02
iggypop85: posts big blind $0.05
*** HOLE CARDS ***
Dealt to Dorex2007 [2d 8s]
Almanza63: folds 
dessa78: folds 
maxkxi: folds 
Dorex2007: folds 
jusssssssstin: folds 
renansuguino1: folds 
BluffOnTable: folds 
richard4848: folds 
Uncalled bet ($0.03) returned to iggypop85
iggypop85 collected $0.04 from pot
*** SUMMARY ***
Total pot $0.04 | Rake $0 
Seat 1: dessa78 folded before Flop (didn't bet)
Seat 2: maxkxi folded before Flop (didn't bet)
Seat 3: Dorex2007 folded before Flop (didn't bet)
Seat 4: jusssssssstin folded before Flop (didn't bet)
Seat 5: renansuguino1 folded before Flop (didn't bet)
Seat 6: BluffOnTable (button) folded before Flop (didn't bet)
Seat 7: richard4848 (small blind) folded before Flop
Seat 8: iggypop85 (big blind) collected ($0.04)
Seat 9: Almanza63 folded before Flop (didn't bet)



PokerStars Hand #238884071324:  Hold'em No Limit ($0.02/$0.05 USD) - 2022/09/26 20:16:10 PT [2022/09/26 23:16:10 ET]
Table 'Deimos' 9-max Seat #7 is the button
Seat 1: dessa78 ($16.47 in chips) 
Seat 2: maxkxi ($7.68 in chips) 
Seat 3: Dorex2007 ($5.17 in chips) 
Seat 4: jusssssssstin ($5 in chips) 
Seat 5: renansuguino1 ($6.38 in chips) 
Seat 6: BluffOnTable ($5.89 in chips) 
Seat 7: richard4848 ($6.06 in chips) 
Seat 8: iggypop85 ($3.80 in chips) 
Seat 9: Almanza63 ($4.85 in chips) 
iggypop85: posts small blind $0.02
Almanza63: posts big blind $0.05
*** HOLE CARDS ***
Dealt to Dorex2007 [9c Kh]
dessa78: folds 
maxkxi: folds 
Dorex2007: folds 
jusssssssstin has timed out
jusssssssstin: folds 
renansuguino1: folds 
BluffOnTable: folds 
richard4848: raises $0.10 to $0.15
iggypop85: folds 
iggypop85 is disconnected 
Almanza63: calls $0.10
*** FLOP *** [4d Js Qh]
Almanza63: checks 
richard4848: bets $0.31
Almanza63: folds 
Uncalled bet ($0.31) returned to richard4848
richard4848 collected $0.31 from pot
richard4848: doesn't show hand 
*** SUMMARY ***
Total pot $0.32 | Rake $0.01 
Board [4d Js Qh]
Seat 1: dessa78 folded before Flop (didn't bet)
Seat 2: maxkxi folded before Flop (didn't bet)
Seat 3: Dorex2007 folded before Flop (didn't bet)
Seat 4: jusssssssstin folded before Flop (didn't bet)
Seat 5: renansuguino1 folded before Flop (didn't bet)
Seat 6: BluffOnTable folded before Flop (didn't bet)
Seat 7: richard4848 (button) collected ($0.31)
Seat 8: iggypop85 (small blind) folded before Flop
Seat 9: Almanza63 (big blind) folded on the Flop



PokerStars Hand #238884080709:  Hold'em No Limit ($0.02/$0.05 USD) - 2022/09/26 20:17:13 PT [2022/09/26 23:17:13 ET]
Table 'Deimos' 9-max Seat #8 is the button
Seat 1: dessa78 ($16.47 in chips) 
Seat 2: maxkxi ($7.68 in chips) 
Seat 3: Dorex2007 ($5.17 in chips) 
Seat 4: jusssssssstin ($5 in chips) 
Seat 5: renansuguino1 ($6.38 in chips) 
Seat 6: BluffOnTable ($5.89 in chips) 
Seat 7: richard4848 ($6.22 in chips) 
Seat 8: iggypop85 ($3.78 in chips) 
Seat 9: Almanza63 ($4.70 in chips) 
Almanza63: posts small blind $0.02
dessa78: posts big blind $0.05
*** HOLE CARDS ***
Dealt to Dorex2007 [5s Ac]
maxkxi: calls $0.05
Dorex2007: folds 
jusssssssstin: folds 
renansuguino1: folds 
renansuguino1 leaves the table
BluffOnTable: folds 
richard4848: folds 
iggypop85 is connected 
iggypop85 has timed out
iggypop85: folds 
Almanza63: calls $0.03
EuroMan33 joins the table at seat #5 
dessa78: checks 
*** FLOP *** [6c 4c 7c]
Almanza63: checks 
dessa78: checks 
maxkxi: checks 
*** TURN *** [6c 4c 7c] [9d]
Almanza63: checks 
dessa78: checks 
maxkxi: bets $0.15
Almanza63: folds 
dessa78: folds 
Uncalled bet ($0.15) returned to maxkxi
maxkxi collected $0.14 from pot
*** SUMMARY ***
Total pot $0.15 | Rake $0.01 
Board [6c 4c 7c 9d]
Seat 1: dessa78 (big blind) folded on the Turn
Seat 2: maxkxi collected ($0.14)
Seat 3: Dorex2007 folded before Flop (didn't bet)
Seat 4: jusssssssstin folded before Flop (didn't bet)
Seat 5: renansuguino1 folded before Flop (didn't bet)
Seat 6: BluffOnTable folded before Flop (didn't bet)
Seat 7: richard4848 folded before Flop (didn't bet)
Seat 8: iggypop85 (button) folded before Flop (didn't bet)
Seat 9: Almanza63 (small blind) folded on the Turn



PokerStars Hand #238884096103:  Hold'em No Limit ($0.02/$0.05 USD) - 2022/09/26 20:18:58 PT [2022/09/26 23:18:58 ET]
Table 'Deimos' 9-max Seat #9 is the button
Seat 1: dessa78 ($16.42 in chips) 
Seat 2: maxkxi ($7.77 in chips) 
Seat 3: Dorex2007 ($5.17 in chips) 
Seat 4: jusssssssstin ($5 in chips) 
Seat 5: EuroMan33 ($4 in chips) 
Seat 6: BluffOnTable ($5.89 in chips) 
Seat 7: richard4848 ($6.22 in chips) 
Seat 8: iggypop85 ($3.78 in chips) 
Seat 9: Almanza63 ($4.65 in chips) 
dessa78: posts small blind $0.02
maxkxi: posts big blind $0.05
EuroMan33: posts big blind $0.05
*** HOLE CARDS ***
Dealt to Dorex2007 [9h 6h]
Dorex2007: folds 
jusssssssstin: folds 
EuroMan33: raises $0.05 to $0.10
BluffOnTable: folds 
richard4848: folds 
iggypop85: calls $0.10
Almanza63: folds 
dessa78: folds 
maxkxi: calls $0.05
*** FLOP *** [Qh 7d 7s]
maxkxi: checks 
EuroMan33: bets $3.90 and is all-in
iggypop85: folds 
maxkxi: folds 
Uncalled bet ($3.90) returned to EuroMan33
EuroMan33 collected $0.31 from pot
EuroMan33: doesn't show hand 
*** SUMMARY ***
Total pot $0.32 | Rake $0.01 
Board [Qh 7d 7s]
Seat 1: dessa78 (small blind) folded before Flop
Seat 2: maxkxi (big blind) folded on the Flop
Seat 3: Dorex2007 folded before Flop (didn't bet)
Seat 4: jusssssssstin folded before Flop (didn't bet)
Seat 5: EuroMan33 collected ($0.31)
Seat 6: BluffOnTable folded before Flop (didn't bet)
Seat 7: richard4848 folded before Flop (didn't bet)
Seat 8: iggypop85 folded on the Flop
Seat 9: Almanza63 (button) folded before Flop (didn't bet)



PokerStars Hand #238884104190:  Hold'em No Limit ($0.02/$0.05 USD) - 2022/09/26 20:19:53 PT [2022/09/26 23:19:53 ET]
Table 'Deimos' 9-max Seat #1 is the button
Seat 1: dessa78 ($16.40 in chips) 
Seat 2: maxkxi ($7.67 in chips) 
Seat 3: Dorex2007 ($5.17 in chips) 
Seat 4: jusssssssstin ($5 in chips) 
Seat 5: EuroMan33 ($4.21 in chips) 
Seat 6: BluffOnTable ($5.89 in chips) 
Seat 7: richard4848 ($6.22 in chips) 
Seat 8: iggypop85 ($3.68 in chips) 
Seat 9: Almanza63 ($4.65 in chips) 
maxkxi: posts small blind $0.02
Dorex2007: posts big blind $0.05
*** HOLE CARDS ***
Dealt to Dorex2007 [Jh Ah]
jusssssssstin: folds 
EuroMan33: calls $0.05
BluffOnTable: folds 
richard4848: folds 
iggypop85: calls $0.05
Almanza63: folds 
dessa78: folds 
maxkxi: calls $0.03
Dorex2007: checks 
*** FLOP *** [Td Ts Ac]
maxkxi: checks 
Dorex2007: bets $0.09
EuroMan33: folds 
iggypop85: folds 
maxkxi: folds 
Uncalled bet ($0.09) returned to Dorex2007
Dorex2007 collected $0.19 from pot
Dorex2007: doesn't show hand 
*** SUMMARY ***
Total pot $0.20 | Rake $0.01 
Board [Td Ts Ac]
Seat 1: dessa78 (button) folded before Flop (didn't bet)
Seat 2: maxkxi (small blind) folded on the Flop
Seat 3: Dorex2007 (big blind) collected ($0.19)
Seat 4: jusssssssstin folded before Flop (didn't bet)
Seat 5: EuroMan33 folded on the Flop
Seat 6: BluffOnTable folded before Flop (didn't bet)
Seat 7: richard4848 folded before Flop (didn't bet)
Seat 8: iggypop85 folded on the Flop
Seat 9: Almanza63 folded before Flop (didn't bet)



PokerStars Hand #238884113354:  Hold'em No Limit ($0.02/$0.05 USD) - 2022/09/26 20:20:56 PT [2022/09/26 23:20:56 ET]
Table 'Deimos' 9-max Seat #2 is the button
Seat 1: dessa78 ($16.40 in chips) 
Seat 2: maxkxi ($7.62 in chips) 
Seat 3: Dorex2007 ($5.31 in chips) 
Seat 4: jusssssssstin ($5 in chips) 
Seat 5: EuroMan33 ($4.16 in chips) 
Seat 6: BluffOnTable ($5.89 in chips) 
Seat 7: richard4848 ($6.22 in chips) 
Seat 8: iggypop85 ($3.63 in chips) 
Seat 9: Almanza63 ($4.65 in chips) 
Dorex2007: posts small blind $0.02
jusssssssstin: posts big blind $0.05
*** HOLE CARDS ***
Dealt to Dorex2007 [6s Ad]
EuroMan33: calls $0.05
BluffOnTable: folds 
richard4848: folds 
iggypop85: folds 
Almanza63: folds 
dessa78: folds 
maxkxi: calls $0.05
Dorex2007: folds 
jusssssssstin: raises $0.32 to $0.37
EuroMan33: folds 
maxkxi: folds 
Uncalled bet ($0.32) returned to jusssssssstin
jusssssssstin collected $0.17 from pot
jusssssssstin: doesn't show hand 
*** SUMMARY ***
Total pot $0.17 | Rake $0 
Seat 1: dessa78 folded before Flop (didn't bet)
Seat 2: maxkxi (button) folded before Flop
Seat 3: Dorex2007 (small blind) folded before Flop
Seat 4: jusssssssstin (big blind) collected ($0.17)
Seat 5: EuroMan33 folded before Flop
Seat 6: BluffOnTable folded before Flop (didn't bet)
Seat 7: richard4848 folded before Flop (didn't bet)
Seat 8: iggypop85 folded before Flop (didn't bet)
Seat 9: Almanza63 folded before Flop (didn't bet)



PokerStars Hand #238884119463:  Hold'em No Limit ($0.02/$0.05 USD) - 2022/09/26 20:21:38 PT [2022/09/26 23:21:38 ET]
Table 'Deimos' 9-max Seat #3 is the button
Seat 1: dessa78 ($16.40 in chips) 
Seat 2: maxkxi ($7.57 in chips) 
Seat 3: Dorex2007 ($5.29 in chips) 
Seat 4: jusssssssstin ($5.12 in chips) 
Seat 5: EuroMan33 ($4.11 in chips) 
Seat 6: BluffOnTable ($5.89 in chips) 
Seat 7: richard4848 ($6.22 in chips) 
Seat 8: iggypop85 ($3.63 in chips) 
Seat 9: Almanza63 ($4.65 in chips) 
jusssssssstin: posts small blind $0.02
EuroMan33: posts big blind $0.05
*** HOLE CARDS ***
Dealt to Dorex2007 [Qc As]
BluffOnTable: folds 
richard4848: folds 
iggypop85: folds 
Almanza63: folds 
dessa78: folds 
maxkxi: folds 
Dorex2007: raises $0.10 to $0.15
jusssssssstin: folds 
EuroMan33: folds 
Uncalled bet ($0.10) returned to Dorex2007
Dorex2007 collected $0.12 from pot
Dorex2007: doesn't show hand 
*** SUMMARY ***
Total pot $0.12 | Rake $0 
Seat 1: dessa78 folded before Flop (didn't bet)
Seat 2: maxkxi folded before Flop (didn't bet)
Seat 3: Dorex2007 (button) collected ($0.12)
Seat 4: jusssssssstin (small blind) folded before Flop
Seat 5: EuroMan33 (big blind) folded before Flop
Seat 6: BluffOnTable folded before Flop (didn't bet)
Seat 7: richard4848 folded before Flop (didn't bet)
Seat 8: iggypop85 folded before Flop (didn't bet)
Seat 9: Almanza63 folded before Flop (didn't bet)



PokerStars Hand #238884122774:  Hold'em No Limit ($0.02/$0.05 USD) - 2022/09/26 20:22:01 PT [2022/09/26 23:22:01 ET]
Table 'Deimos' 9-max Seat #4 is the button
Seat 1: dessa78 ($16.40 in chips) 
Seat 2: maxkxi ($7.57 in chips) 
Seat 3: Dorex2007 ($5.36 in chips) 
Seat 4: jusssssssstin ($5.10 in chips) 
Seat 5: EuroMan33 ($4.06 in chips) 
Seat 6: BluffOnTable ($5.89 in chips) 
Seat 7: richard4848 ($6.22 in chips) 
Seat 8: iggypop85 ($3.63 in chips) 
Seat 9: Almanza63 ($4.65 in chips) 
EuroMan33: posts small blind $0.02
BluffOnTable: posts big blind $0.05
*** HOLE CARDS ***
Dealt to Dorex2007 [5d 6d]
richard4848: folds 
iggypop85: folds 
Almanza63: folds 
dessa78: folds 
maxkxi: folds 
Dorex2007: folds 
jusssssssstin: raises $0.10 to $0.15
EuroMan33: folds 
BluffOnTable: raises $0.35 to $0.50
jusssssssstin: calls $0.35
*** FLOP *** [4c 9h 8h]
BluffOnTable: bets $5.39 and is all-in
iggypop85 is disconnected 
jusssssssstin: folds 
Uncalled bet ($5.39) returned to BluffOnTable
BluffOnTable collected $0.98 from pot
BluffOnTable: doesn't show hand 
*** SUMMARY ***
Total pot $1.02 | Rake $0.04 
Board [4c 9h 8h]
Seat 1: dessa78 folded before Flop (didn't bet)
Seat 2: maxkxi folded before Flop (didn't bet)
Seat 3: Dorex2007 folded before Flop (didn't bet)
Seat 4: jusssssssstin (button) folded on the Flop
Seat 5: EuroMan33 (small blind) folded before Flop
Seat 6: BluffOnTable (big blind) collected ($0.98)
Seat 7: richard4848 folded before Flop (didn't bet)
Seat 8: iggypop85 folded before Flop (didn't bet)
Seat 9: Almanza63 folded before Flop (didn't bet)



PokerStars Hand #238884131053:  Hold'em No Limit ($0.02/$0.05 USD) - 2022/09/26 20:22:58 PT [2022/09/26 23:22:58 ET]
Table 'Deimos' 9-max Seat #5 is the button
Seat 1: dessa78 ($16.40 in chips) 
Seat 2: maxkxi ($7.57 in chips) 
Seat 3: Dorex2007 ($5.36 in chips) 
Seat 4: jusssssssstin ($5 in chips) 
Seat 5: EuroMan33 ($4.04 in chips) 
Seat 6: BluffOnTable ($6.37 in chips) 
Seat 7: richard4848 ($6.22 in chips) 
Seat 8: iggypop85 ($3.63 in chips) 
Seat 9: Almanza63 ($4.65 in chips) 
BluffOnTable: posts small blind $0.02
richard4848: posts big blind $0.05
*** HOLE CARDS ***
Dealt to Dorex2007 [7d 8s]
iggypop85 has timed out while disconnected
iggypop85: folds 
Almanza63: folds 
dessa78: folds 
maxkxi has timed out
maxkxi: folds 
Dorex2007: folds 
jusssssssstin: folds 
EuroMan33: calls $0.05
BluffOnTable: calls $0.03
richard4848: checks 
*** FLOP *** [8h Js 8c]
BluffOnTable: checks 
richard4848: checks 
EuroMan33: bets $0.05
BluffOnTable: folds 
richard4848: folds 
Uncalled bet ($0.05) returned to EuroMan33
EuroMan33 collected $0.14 from pot
EuroMan33: doesn't show hand 
*** SUMMARY ***
Total pot $0.15 | Rake $0.01 
Board [8h Js 8c]
Seat 1: dessa78 folded before Flop (didn't bet)
Seat 2: maxkxi folded before Flop (didn't bet)
Seat 3: Dorex2007 folded before Flop (didn't bet)
Seat 4: jusssssssstin folded before Flop (didn't bet)
Seat 5: EuroMan33 (button) collected ($0.14)
Seat 6: BluffOnTable (small blind) folded on the Flop
Seat 7: richard4848 (big blind) folded on the Flop
Seat 8: iggypop85 folded before Flop (didn't bet)
Seat 9: Almanza63 folded before Flop (didn't bet)



PokerStars Hand #238884137781:  Hold'em No Limit ($0.02/$0.05 USD) - 2022/09/26 20:23:46 PT [2022/09/26 23:23:46 ET]
Table 'Deimos' 9-max Seat #6 is the button
Seat 1: dessa78 ($16.40 in chips) 
Seat 2: maxkxi ($7.57 in chips) 
Seat 3: Dorex2007 ($5.36 in chips) 
Seat 4: jusssssssstin ($5 in chips) 
Seat 5: EuroMan33 ($4.13 in chips) 
Seat 6: BluffOnTable ($6.32 in chips) 
Seat 7: richard4848 ($6.17 in chips) 
Seat 8: iggypop85 ($3.63 in chips) 
Seat 9: Almanza63 ($4.65 in chips) 
richard4848: posts small blind $0.02
iggypop85: posts big blind $0.05
*** HOLE CARDS ***
Dealt to Dorex2007 [Qd Kd]
Almanza63: folds 
dessa78: folds 
maxkxi: folds 
Dorex2007: raises $0.12 to $0.17
jusssssssstin: folds 
EuroMan33: calls $0.17
BluffOnTable: folds 
richard4848: folds 
iggypop85: calls $0.12
*** FLOP *** [Th 4h 6d]
iggypop85: bets $0.25
Dorex2007: folds 
EuroMan33: folds 
Uncalled bet ($0.25) returned to iggypop85
iggypop85 collected $0.51 from pot
*** SUMMARY ***
Total pot $0.53 | Rake $0.02 
Board [Th 4h 6d]
Seat 1: dessa78 folded before Flop (didn't bet)
Seat 2: maxkxi folded before Flop (didn't bet)
Seat 3: Dorex2007 folded on the Flop
Seat 4: jusssssssstin folded before Flop (didn't bet)
Seat 5: EuroMan33 folded on the Flop
Seat 6: BluffOnTable (button) folded before Flop (didn't bet)
Seat 7: richard4848 (small blind) folded before Flop
Seat 8: iggypop85 (big blind) collected ($0.51)
Seat 9: Almanza63 folded before Flop (didn't bet)



PokerStars Hand #238884143934:  Hold'em No Limit ($0.02/$0.05 USD) - 2022/09/26 20:24:28 PT [2022/09/26 23:24:28 ET]
Table 'Deimos' 9-max Seat #7 is the button
Seat 1: dessa78 ($16.40 in chips) 
Seat 2: maxkxi ($7.57 in chips) 
Seat 3: Dorex2007 ($5.19 in chips) 
Seat 4: jusssssssstin ($5 in chips) 
Seat 5: EuroMan33 ($3.96 in chips) 
Seat 6: BluffOnTable ($6.32 in chips) 
Seat 7: richard4848 ($6.15 in chips) 
Seat 8: iggypop85 ($3.97 in chips) 
Seat 9: Almanza63 ($4.65 in chips) 
iggypop85: posts small blind $0.02
Almanza63: posts big blind $0.05
*** HOLE CARDS ***
Dealt to Dorex2007 [6s 5c]
dessa78: folds 
maxkxi: calls $0.05
Dorex2007: folds 
jusssssssstin: folds 
EuroMan33: calls $0.05
BluffOnTable: folds 
richard4848: folds 
iggypop85: folds 
Almanza63: checks 
*** FLOP *** [Ac 8d 3s]
Almanza63: checks 
maxkxi: checks 
EuroMan33: bets $0.16
Almanza63: folds 
maxkxi: calls $0.16
*** TURN *** [Ac 8d 3s] [Qc]
maxkxi: checks 
EuroMan33: bets $0.47
maxkxi: folds 
Uncalled bet ($0.47) returned to EuroMan33
EuroMan33 collected $0.47 from pot
EuroMan33: doesn't show hand 
*** SUMMARY ***
Total pot $0.49 | Rake $0.02 
Board [Ac 8d 3s Qc]
Seat 1: dessa78 folded before Flop (didn't bet)
Seat 2: maxkxi folded on the Turn
Seat 3: Dorex2007 folded before Flop (didn't bet)
Seat 4: jusssssssstin folded before Flop (didn't bet)
Seat 5: EuroMan33 collected ($0.47)
Seat 6: BluffOnTable folded before Flop (didn't bet)
Seat 7: richard4848 (button) folded before Flop (didn't bet)
Seat 8: iggypop85 (small blind) folded before Flop
Seat 9: Almanza63 (big blind) folded on the Flop



PokerStars Hand #238884157076:  Hold'em No Limit ($0.02/$0.05 USD) - 2022/09/26 20:26:00 PT [2022/09/26 23:26:00 ET]
Table 'Deimos' 9-max Seat #8 is the button
Seat 1: dessa78 ($16.40 in chips) 
Seat 2: maxkxi ($7.36 in chips) 
Seat 3: Dorex2007 ($5.19 in chips) 
Seat 4: jusssssssstin ($5 in chips) 
Seat 5: EuroMan33 ($4.22 in chips) 
Seat 6: BluffOnTable ($6.32 in chips) 
Seat 7: richard4848 ($6.15 in chips) 
Seat 8: iggypop85 ($3.95 in chips) 
Seat 9: Almanza63 ($4.60 in chips) 
Almanza63: posts small blind $0.02
dessa78: posts big blind $0.05
*** HOLE CARDS ***
Dealt to Dorex2007 [Qh Qc]
maxkxi: folds 
Dorex2007: raises $0.10 to $0.15
jusssssssstin: folds 
EuroMan33: folds 
BluffOnTable: folds 
richard4848: folds 
iggypop85: folds 
Almanza63: folds 
dessa78: folds 
Uncalled bet ($0.10) returned to Dorex2007
Dorex2007 collected $0.12 from pot
Dorex2007: doesn't show hand 
*** SUMMARY ***
Total pot $0.12 | Rake $0 
Seat 1: dessa78 (big blind) folded before Flop
Seat 2: maxkxi folded before Flop (didn't bet)
Seat 3: Dorex2007 collected ($0.12)
Seat 4: jusssssssstin folded before Flop (didn't bet)
Seat 5: EuroMan33 folded before Flop (didn't bet)
Seat 6: BluffOnTable folded before Flop (didn't bet)
Seat 7: richard4848 folded before Flop (didn't bet)
Seat 8: iggypop85 (button) folded before Flop (didn't bet)
Seat 9: Almanza63 (small blind) folded before Flop



PokerStars Hand #238884161453:  Hold'em No Limit ($0.02/$0.05 USD) - 2022/09/26 20:26:31 PT [2022/09/26 23:26:31 ET]
Table 'Deimos' 9-max Seat #9 is the button
Seat 1: dessa78 ($16.35 in chips) 
Seat 2: maxkxi ($7.36 in chips) 
Seat 3: Dorex2007 ($5.26 in chips) 
Seat 4: jusssssssstin ($5 in chips) 
Seat 5: EuroMan33 ($4.22 in chips) 
Seat 6: BluffOnTable ($6.32 in chips) 
Seat 7: richard4848 ($6.15 in chips) 
Seat 8: iggypop85 ($3.95 in chips) 
Seat 9: Almanza63 ($4.58 in chips) 
dessa78: posts small blind $0.02
maxkxi: posts big blind $0.05
*** HOLE CARDS ***
Dealt to Dorex2007 [Ts As]
Dorex2007: raises $0.05 to $0.10
jusssssssstin: folds 
EuroMan33: folds 
BluffOnTable: folds 
richard4848: raises $0.25 to $0.35
iggypop85: folds 
Almanza63: folds 
dessa78: folds 
maxkxi: folds 
Dorex2007: folds 
Uncalled bet ($0.25) returned to richard4848
richard4848 collected $0.27 from pot
richard4848: doesn't show hand 
*** SUMMARY ***
Total pot $0.27 | Rake $0 
Seat 1: dessa78 (small blind) folded before Flop
Seat 2: maxkxi (big blind) folded before Flop
Seat 3: Dorex2007 folded before Flop
Seat 4: jusssssssstin folded before Flop (didn't bet)
Seat 5: EuroMan33 folded before Flop (didn't bet)
Seat 6: BluffOnTable folded before Flop (didn't bet)
Seat 7: richard4848 collected ($0.27)
Seat 8: iggypop85 folded before Flop (didn't bet)
Seat 9: Almanza63 (button) folded before Flop (didn't bet)



PokerStars Hand #238884166091:  Hold'em No Limit ($0.02/$0.05 USD) - 2022/09/26 20:27:03 PT [2022/09/26 23:27:03 ET]
Table 'Deimos' 9-max Seat #1 is the button
Seat 1: dessa78 ($16.33 in chips) 
Seat 2: maxkxi ($7.31 in chips) 
Seat 3: Dorex2007 ($5.16 in chips) 
Seat 4: jusssssssstin ($5 in chips) 
Seat 5: EuroMan33 ($4.22 in chips) 
Seat 6: BluffOnTable ($6.32 in chips) 
Seat 7: richard4848 ($6.32 in chips) 
Seat 8: iggypop85 ($3.95 in chips) 
Seat 9: Almanza63 ($4.58 in chips) 
maxkxi: posts small blind $0.02
Dorex2007: posts big blind $0.05
*** HOLE CARDS ***
Dealt to Dorex2007 [3d 2d]
jusssssssstin: folds 
EuroMan33: calls $0.05
BluffOnTable: folds 
richard4848: calls $0.05
iggypop85: folds 
BluffOnTable leaves the table
Almanza63 has timed out
Almanza63: folds 
dessa78: folds 
maxkxi: calls $0.03
Dorex2007: checks 
*** FLOP *** [Ts 3c 8s]
maxkxi: checks 
Dorex2007: checks 
EuroMan33: bets $0.19
richard4848: folds 
maxkxi: folds 
Dorex2007: folds 
Uncalled bet ($0.19) returned to EuroMan33
EuroMan33 collected $0.19 from pot
EuroMan33: doesn't show hand 
*** SUMMARY ***
Total pot $0.20 | Rake $0.01 
Board [Ts 3c 8s]
Seat 1: dessa78 (button) folded before Flop (didn't bet)
Seat 2: maxkxi (small blind) folded on the Flop
Seat 3: Dorex2007 (big blind) folded on the Flop
Seat 4: jusssssssstin folded before Flop (didn't bet)
Seat 5: EuroMan33 collected ($0.19)
Seat 6: BluffOnTable folded before Flop (didn't bet)
Seat 7: richard4848 folded on the Flop
Seat 8: iggypop85 folded before Flop (didn't bet)
Seat 9: Almanza63 folded before Flop (didn't bet)



PokerStars Hand #238884175523:  Hold'em No Limit ($0.02/$0.05 USD) - 2022/09/26 20:28:10 PT [2022/09/26 23:28:10 ET]
Table 'Deimos' 9-max Seat #2 is the button
Seat 1: dessa78 ($16.33 in chips) 
Seat 2: maxkxi ($7.26 in chips) 
Seat 3: Dorex2007 ($5.11 in chips) 
Seat 4: jusssssssstin ($5 in chips) 
Seat 5: EuroMan33 ($4.36 in chips) 
Seat 7: richard4848 ($6.27 in chips) 
Seat 8: iggypop85 ($3.95 in chips) 
Seat 9: Almanza63 ($4.58 in chips) 
Dorex2007: posts small blind $0.02
jusssssssstin: posts big blind $0.05
*** HOLE CARDS ***
Dealt to Dorex2007 [8s 9s]
EuroMan33: calls $0.05
richard4848: raises $0.25 to $0.30
iggypop85: folds 
iggypop85 is disconnected 
Almanza63: folds 
dessa78: folds 
maxkxi: folds 
Dorex2007: folds 
jusssssssstin: folds 
EuroMan33: folds 
Uncalled bet ($0.25) returned to richard4848
richard4848 collected $0.17 from pot
richard4848: doesn't show hand 
*** SUMMARY ***
Total pot $0.17 | Rake $0 
Seat 1: dessa78 folded before Flop (didn't bet)
Seat 2: maxkxi (button) folded before Flop (didn't bet)
Seat 3: Dorex2007 (small blind) folded before Flop
Seat 4: jusssssssstin (big blind) folded before Flop
Seat 5: EuroMan33 folded before Flop
Seat 7: richard4848 collected ($0.17)
Seat 8: iggypop85 folded before Flop (didn't bet)
Seat 9: Almanza63 folded before Flop (didn't bet)



PokerStars Hand #238884180865:  Hold'em No Limit ($0.02/$0.05 USD) - 2022/09/26 20:28:47 PT [2022/09/26 23:28:47 ET]
Table 'Deimos' 9-max Seat #3 is the button
Seat 1: dessa78 ($16.33 in chips) 
Seat 2: maxkxi ($7.26 in chips) 
Seat 3: Dorex2007 ($5.09 in chips) 
Seat 4: jusssssssstin ($5 in chips) 
Seat 5: EuroMan33 ($4.31 in chips) 
Seat 7: richard4848 ($6.39 in chips) 
Seat 8: iggypop85 ($3.95 in chips) 
Seat 9: Almanza63 ($4.58 in chips) 
jusssssssstin: posts small blind $0.02
EuroMan33: posts big blind $0.05
*** HOLE CARDS ***
Dealt to Dorex2007 [4d 9h]
richard4848: folds 
iggypop85: folds 
Almanza63: folds 
dessa78: folds 
maxkxi: folds 
Dorex2007: folds 
jusssssssstin: calls $0.03
EuroMan33: checks 
*** FLOP *** [As Qc 7c]
jusssssssstin: bets $0.10
EuroMan33: raises $4.16 to $4.26 and is all-in
jusssssssstin: folds 
Uncalled bet ($4.16) returned to EuroMan33
EuroMan33 collected $0.29 from pot
EuroMan33: doesn't show hand 
*** SUMMARY ***
Total pot $0.30 | Rake $0.01 
Board [As Qc 7c]
Seat 1: dessa78 folded before Flop (didn't bet)
Seat 2: maxkxi folded before Flop (didn't bet)
Seat 3: Dorex2007 (button) folded before Flop (didn't bet)
Seat 4: jusssssssstin (small blind) folded on the Flop
Seat 5: EuroMan33 (big blind) collected ($0.29)
Seat 7: richard4848 folded before Flop (didn't bet)
Seat 8: iggypop85 folded before Flop (didn't bet)
Seat 9: Almanza63 folded before Flop (didn't bet)



PokerStars Hand #238884188952:  Hold'em No Limit ($0.02/$0.05 USD) - 2022/09/26 20:29:44 PT [2022/09/26 23:29:44 ET]
Table 'Deimos' 9-max Seat #4 is the button
Seat 1: dessa78 ($16.33 in chips) 
Seat 2: maxkxi ($7.26 in chips) 
Seat 3: Dorex2007 ($5.09 in chips) 
Seat 4: jusssssssstin ($5 in chips) 
Seat 5: EuroMan33 ($4.45 in chips) 
Seat 7: richard4848 ($6.39 in chips) 
Seat 8: iggypop85 ($3.95 in chips) 
Seat 9: Almanza63 ($4.58 in chips) 
EuroMan33: posts small blind $0.02
richard4848: posts big blind $0.05
*** HOLE CARDS ***
Dealt to Dorex2007 [Js As]
iggypop85: folds 
pokereye2222 joins the table at seat #6 
Almanza63: folds 
dessa78: folds 
maxkxi: folds 
Dorex2007: raises $0.05 to $0.10
jusssssssstin: folds 
EuroMan33: folds 
richard4848: folds 
Uncalled bet ($0.05) returned to Dorex2007
Dorex2007 collected $0.12 from pot
Dorex2007: doesn't show hand 
*** SUMMARY ***
Total pot $0.12 | Rake $0 
Seat 1: dessa78 folded before Flop (didn't bet)
Seat 2: maxkxi folded before Flop (didn't bet)
Seat 3: Dorex2007 collected ($0.12)
Seat 4: jusssssssstin (button) folded before Flop (didn't bet)
Seat 5: EuroMan33 (small blind) folded before Flop
Seat 7: richard4848 (big blind) folded before Flop
Seat 8: iggypop85 folded before Flop (didn't bet)
Seat 9: Almanza63 folded before Flop (didn't bet)



PokerStars Hand #238884193141:  Hold'em No Limit ($0.02/$0.05 USD) - 2022/09/26 20:30:13 PT [2022/09/26 23:30:13 ET]
Table 'Deimos' 9-max Seat #5 is the button
Seat 1: dessa78 ($16.33 in chips) 
Seat 2: maxkxi ($7.26 in chips) 
Seat 3: Dorex2007 ($5.16 in chips) 
Seat 4: jusssssssstin ($5 in chips) 
Seat 5: EuroMan33 ($4.43 in chips) 
Seat 7: richard4848 ($6.34 in chips) 
Seat 8: iggypop85 ($3.95 in chips) 
Seat 9: Almanza63 ($4.58 in chips) 
richard4848: posts small blind $0.02
iggypop85: posts big blind $0.05
*** HOLE CARDS ***
Dealt to Dorex2007 [Tc Qs]
Almanza63: folds 
dessa78: raises $0.05 to $0.10
maxkxi: calls $0.10
Dorex2007: calls $0.10
jusssssssstin: calls $0.10
EuroMan33: calls $0.10
richard4848: folds 
iggypop85: folds 
*** FLOP *** [2d 4c Ts]
dessa78: checks 
maxkxi: checks 
Dorex2007: bets $0.27
jusssssssstin: folds 
EuroMan33: folds 
dessa78: folds 
maxkxi: folds 
Uncalled bet ($0.27) returned to Dorex2007
Dorex2007 collected $0.55 from pot
Dorex2007: doesn't show hand 
*** SUMMARY ***
Total pot $0.57 | Rake $0.02 
Board [2d 4c Ts]
Seat 1: dessa78 folded on the Flop
Seat 2: maxkxi folded on the Flop
Seat 3: Dorex2007 collected ($0.55)
Seat 4: jusssssssstin folded on the Flop
Seat 5: EuroMan33 (button) folded on the Flop
Seat 7: richard4848 (small blind) folded before Flop
Seat 8: iggypop85 (big blind) folded before Flop
Seat 9: Almanza63 folded before Flop (didn't bet)



PokerStars Hand #238884204344:  Hold'em No Limit ($0.02/$0.05 USD) - 2022/09/26 20:31:33 PT [2022/09/26 23:31:33 ET]
Table 'Deimos' 9-max Seat #7 is the button
Seat 1: dessa78 ($16.23 in chips) 
Seat 2: maxkxi ($7.16 in chips) 
Seat 3: Dorex2007 ($5.61 in chips) 
Seat 4: jusssssssstin ($5 in chips) 
Seat 5: EuroMan33 ($4.33 in chips) 
Seat 7: richard4848 ($6.32 in chips) 
Seat 8: iggypop85 ($3.90 in chips) 
Seat 9: Almanza63 ($4.58 in chips) 
iggypop85: posts small blind $0.02
Almanza63: posts big blind $0.05
pokereye2222: sits out 
*** HOLE CARDS ***
Dealt to Dorex2007 [5c Ad]
dessa78: folds 
maxkxi: calls $0.05
Dorex2007: folds 
jusssssssstin: folds 
EuroMan33: calls $0.05
richard4848: raises $0.20 to $0.25
iggypop85: folds 
Almanza63: folds 
maxkxi: folds 
EuroMan33: folds 
Uncalled bet ($0.20) returned to richard4848
richard4848 collected $0.22 from pot
richard4848: doesn't show hand 
*** SUMMARY ***
Total pot $0.22 | Rake $0 
Seat 1: dessa78 folded before Flop (didn't bet)
Seat 2: maxkxi folded before Flop
Seat 3: Dorex2007 folded before Flop (didn't bet)
Seat 4: jusssssssstin folded before Flop (didn't bet)
Seat 5: EuroMan33 folded before Flop
Seat 7: richard4848 (button) collected ($0.22)
Seat 8: iggypop85 (small blind) folded before Flop
Seat 9: Almanza63 (big blind) folded before Flop



PokerStars Hand #238884208967:  Hold'em No Limit ($0.02/$0.05 USD) - 2022/09/26 20:32:05 PT [2022/09/26 23:32:05 ET]
Table 'Deimos' 9-max Seat #8 is the button
Seat 1: dessa78 ($16.23 in chips) 
Seat 2: maxkxi ($7.11 in chips) 
Seat 3: Dorex2007 ($5.61 in chips) 
Seat 4: jusssssssstin ($5 in chips) 
Seat 5: EuroMan33 ($4.28 in chips) 
Seat 7: richard4848 ($6.49 in chips) 
Seat 8: iggypop85 ($3.88 in chips) 
Seat 9: Almanza63 ($4.53 in chips) 
Almanza63: posts small blind $0.02
dessa78: posts big blind $0.05
pokereye2222: sits out 
*** HOLE CARDS ***
Dealt to Dorex2007 [8h 2h]
maxkxi: folds 
Dorex2007: folds 
jusssssssstin: folds 
EuroMan33: calls $0.05
richard4848: folds 
iggypop85: folds 
Almanza63: calls $0.03
dessa78: checks 
*** FLOP *** [Tc Kc 3c]
Almanza63: checks 
dessa78: checks 
EuroMan33: bets $0.05
Almanza63: folds 
dessa78: folds 
Uncalled bet ($0.05) returned to EuroMan33
EuroMan33 collected $0.14 from pot
EuroMan33: doesn't show hand 
*** SUMMARY ***
Total pot $0.15 | Rake $0.01 
Board [Tc Kc 3c]
Seat 1: dessa78 (big blind) folded on the Flop
Seat 2: maxkxi folded before Flop (didn't bet)
Seat 3: Dorex2007 folded before Flop (didn't bet)
Seat 4: jusssssssstin folded before Flop (didn't bet)
Seat 5: EuroMan33 collected ($0.14)
Seat 7: richard4848 folded before Flop (didn't bet)
Seat 8: iggypop85 (button) folded before Flop (didn't bet)
Seat 9: Almanza63 (small blind) folded on the Flop



PokerStars Hand #238884216828:  Hold'em No Limit ($0.02/$0.05 USD) - 2022/09/26 20:33:01 PT [2022/09/26 23:33:01 ET]
Table 'Deimos' 9-max Seat #9 is the button
Seat 1: dessa78 ($16.18 in chips) 
Seat 2: maxkxi ($7.11 in chips) 
Seat 3: Dorex2007 ($5.61 in chips) 
Seat 4: jusssssssstin ($5 in chips) 
Seat 5: EuroMan33 ($4.37 in chips) 
Seat 7: richard4848 ($6.49 in chips) 
Seat 8: iggypop85 ($3.88 in chips) 
Seat 9: Almanza63 ($4.48 in chips) 
dessa78: posts small blind $0.02
maxkxi: posts big blind $0.05
pokereye2222: sits out 
*** HOLE CARDS ***
Dealt to Dorex2007 [6d 9d]
Dorex2007: folds 
jusssssssstin: folds 
EuroMan33: calls $0.05
richard4848: folds 
iggypop85: raises $0.10 to $0.15
Almanza63: folds 
dessa78: folds 
maxkxi: folds 
EuroMan33: calls $0.10
*** FLOP *** [3h Kh Ah]
EuroMan33: checks 
iggypop85: checks 
*** TURN *** [3h Kh Ah] [Tc]
EuroMan33: checks 
iggypop85: bets $0.23
EuroMan33: folds 
Uncalled bet ($0.23) returned to iggypop85
iggypop85 collected $0.35 from pot
*** SUMMARY ***
Total pot $0.37 | Rake $0.02 
Board [3h Kh Ah Tc]
Seat 1: dessa78 (small blind) folded before Flop
Seat 2: maxkxi (big blind) folded before Flop
Seat 3: Dorex2007 folded before Flop (didn't bet)
Seat 4: jusssssssstin folded before Flop (didn't bet)
Seat 5: EuroMan33 folded on the Turn
Seat 7: richard4848 folded before Flop (didn't bet)
Seat 8: iggypop85 collected ($0.35)
Seat 9: Almanza63 (button) folded before Flop (didn't bet)



PokerStars Hand #238884225138:  Hold'em No Limit ($0.02/$0.05 USD) - 2022/09/26 20:33:59 PT [2022/09/26 23:33:59 ET]
Table 'Deimos' 9-max Seat #1 is the button
Seat 1: dessa78 ($16.16 in chips) 
Seat 2: maxkxi ($7.06 in chips) 
Seat 3: Dorex2007 ($5.61 in chips) 
Seat 4: jusssssssstin ($5 in chips) 
Seat 5: EuroMan33 ($4.22 in chips) 
Seat 7: richard4848 ($6.49 in chips) 
Seat 8: iggypop85 ($4.08 in chips) 
Seat 9: Almanza63 ($4.48 in chips) 
maxkxi: posts small blind $0.02
Dorex2007: posts big blind $0.05
pokereye2222: sits out 
*** HOLE CARDS ***
Dealt to Dorex2007 [Ah 9c]
iggypop85 is disconnected 
jusssssssstin: folds 
EuroMan33: calls $0.05
richard4848: folds 
iggypop85 has timed out while disconnected
iggypop85: folds 
Almanza63: folds 
dessa78: calls $0.05
maxkxi: calls $0.03
Dorex2007: checks 
*** FLOP *** [Ac 9d 3d]
maxkxi: checks 
Dorex2007: bets $0.13
EuroMan33: folds 
dessa78: calls $0.13
maxkxi: folds 
*** TURN *** [Ac 9d 3d] [6h]
Dorex2007: bets $0.95
dessa78: folds 
Uncalled bet ($0.95) returned to Dorex2007
Dorex2007 collected $0.44 from pot
Dorex2007: doesn't show hand 
*** SUMMARY ***
Total pot $0.46 | Rake $0.02 
Board [Ac 9d 3d 6h]
Seat 1: dessa78 (button) folded on the Turn
Seat 2: maxkxi (small blind) folded on the Flop
Seat 3: Dorex2007 (big blind) collected ($0.44)
Seat 4: jusssssssstin folded before Flop (didn't bet)
Seat 5: EuroMan33 folded on the Flop
Seat 7: richard4848 folded before Flop (didn't bet)
Seat 8: iggypop85 folded before Flop (didn't bet)
Seat 9: Almanza63 folded before Flop (didn't bet)



PokerStars Hand #238884237019:  Hold'em No Limit ($0.02/$0.05 USD) - 2022/09/26 20:35:23 PT [2022/09/26 23:35:23 ET]
Table 'Deimos' 9-max Seat #2 is the button
Seat 1: dessa78 ($15.98 in chips) 
Seat 2: maxkxi ($7.01 in chips) 
Seat 3: Dorex2007 ($5.87 in chips) 
Seat 4: jusssssssstin ($5 in chips) 
Seat 5: EuroMan33 ($4.17 in chips) 
Seat 7: richard4848 ($6.49 in chips) 
Seat 8: iggypop85 ($4.08 in chips) 
Seat 9: Almanza63 ($4.48 in chips) 
Dorex2007: posts small blind $0.02
jusssssssstin: posts big blind $0.05
pokereye2222: sits out 
*** HOLE CARDS ***
Dealt to Dorex2007 [9h 8c]
EuroMan33: calls $0.05
richard4848: calls $0.05
iggypop85: folds 
Almanza63: folds 
dessa78 has timed out
dessa78: folds 
maxkxi: calls $0.05
Dorex2007: calls $0.03
jusssssssstin: checks 
*** FLOP *** [Kh 2c 9d]
Dorex2007: checks 
jusssssssstin: checks 
EuroMan33: checks 
richard4848: checks 
maxkxi: checks 
*** TURN *** [Kh 2c 9d] [6c]
Dorex2007: checks 
jusssssssstin: checks 
EuroMan33: checks 
richard4848: checks 
maxkxi: checks 
*** RIVER *** [Kh 2c 9d 6c] [3h]
Dorex2007: checks 
jusssssssstin: checks 
EuroMan33: bets $0.05
richard4848: calls $0.05
maxkxi: calls $0.05
Dorex2007: calls $0.05
jusssssssstin: folds 
*** SHOW DOWN ***
EuroMan33: shows [2s Js] (a pair of Deuces)
richard4848: shows [3d Ad] (a pair of Threes)
maxkxi: mucks hand 
Dorex2007: shows [9h 8c] (a pair of Nines)
Dorex2007 collected $0.43 from pot
*** SUMMARY ***
Total pot $0.45 | Rake $0.02 
Board [Kh 2c 9d 6c 3h]
Seat 1: dessa78 folded before Flop (didn't bet)
Seat 2: maxkxi (button) mucked [Jc 3c]
Seat 3: Dorex2007 (small blind) showed [9h 8c] and won ($0.43) with a pair of Nines
Seat 4: jusssssssstin (big blind) folded on the River
Seat 5: EuroMan33 showed [2s Js] and lost with a pair of Deuces
Seat 7: richard4848 showed [3d Ad] and lost with a pair of Threes
Seat 8: iggypop85 folded before Flop (didn't bet)
Seat 9: Almanza63 folded before Flop (didn't bet)



PokerStars Hand #238884248245:  Hold'em No Limit ($0.02/$0.05 USD) - 2022/09/26 20:36:43 PT [2022/09/26 23:36:43 ET]
Table 'Deimos' 9-max Seat #3 is the button
Seat 1: dessa78 ($15.98 in chips) 
Seat 2: maxkxi ($6.91 in chips) 
Seat 3: Dorex2007 ($6.20 in chips) 
Seat 4: jusssssssstin ($5 in chips) 
Seat 5: EuroMan33 ($4.07 in chips) 
Seat 7: richard4848 ($6.39 in chips) 
Seat 8: iggypop85 ($4.08 in chips) 
Seat 9: Almanza63 ($4.48 in chips) 
jusssssssstin: posts small blind $0.02
EuroMan33: posts big blind $0.05
pokereye2222: sits out 
*** HOLE CARDS ***
Dealt to Dorex2007 [8d Th]
richard4848: raises $0.20 to $0.25
iggypop85: calls $0.25
Almanza63: calls $0.25
dessa78: folds 
maxkxi: folds 
Dorex2007: folds 
jusssssssstin: calls $0.23
maxkxi leaves the table
EuroMan33: calls $0.20
*** FLOP *** [5h Qc 6s]
jusssssssstin: checks 
EuroMan33: checks 
richard4848: checks 
iggypop85: checks 
Almanza63: checks 
*** TURN *** [5h Qc 6s] [As]
jusssssssstin: checks 
EuroMan33: bets $0.05
richard4848: folds 
iggypop85: raises $0.82 to $0.87
Almanza63: folds 
jusssssssstin: folds 
EuroMan33: folds 
Uncalled bet ($0.82) returned to iggypop85
iggypop85 collected $1.29 from pot
*** SUMMARY ***
Total pot $1.35 | Rake $0.06 
Board [5h Qc 6s As]
Seat 1: dessa78 folded before Flop (didn't bet)
Seat 2: maxkxi folded before Flop (didn't bet)
Seat 3: Dorex2007 (button) folded before Flop (didn't bet)
Seat 4: jusssssssstin (small blind) folded on the Turn
Seat 5: EuroMan33 (big blind) folded on the Turn
Seat 7: richard4848 folded on the Turn
Seat 8: iggypop85 collected ($1.29)
Seat 9: Almanza63 folded on the Turn



PokerStars Hand #238884257918:  Hold'em No Limit ($0.02/$0.05 USD) - 2022/09/26 20:37:51 PT [2022/09/26 23:37:51 ET]
Table 'Deimos' 9-max Seat #4 is the button
Seat 1: dessa78 ($15.98 in chips) 
Seat 3: Dorex2007 ($6.20 in chips) 
Seat 4: jusssssssstin ($5 in chips) 
Seat 5: EuroMan33 ($3.77 in chips) 
Seat 6: pokereye2222 ($5 in chips) 
Seat 7: richard4848 ($6.14 in chips) 
Seat 8: iggypop85 ($5.07 in chips) 
Seat 9: Almanza63 ($4.23 in chips) 
EuroMan33: posts small blind $0.02
pokereye2222: posts big blind $0.05
*** HOLE CARDS ***
Dealt to Dorex2007 [Kc Ah]
richard4848: calls $0.05
iggypop85: folds 
Almanza63: folds 
dessa78: calls $0.05
Dorex2007: raises $0.22 to $0.27
jusssssssstin: folds 
EuroMan33: folds 
pokereye2222: folds 
richard4848: calls $0.22
dessa78: folds 
*** FLOP *** [Jh Qs 6c]
richard4848: checks 
Dorex2007: bets $0.63
richard4848: folds 
Uncalled bet ($0.63) returned to Dorex2007
Dorex2007 collected $0.63 from pot
Dorex2007: doesn't show hand 
*** SUMMARY ***
Total pot $0.66 | Rake $0.03 
Board [Jh Qs 6c]
Seat 1: dessa78 folded before Flop
Seat 3: Dorex2007 collected ($0.63)
Seat 4: jusssssssstin (button) folded before Flop (didn't bet)
Seat 5: EuroMan33 (small blind) folded before Flop
Seat 6: pokereye2222 (big blind) folded before Flop
Seat 7: richard4848 folded on the Flop
Seat 8: iggypop85 folded before Flop (didn't bet)
Seat 9: Almanza63 folded before Flop (didn't bet)



PokerStars Hand #238884263840:  Hold'em No Limit ($0.02/$0.05 USD) - 2022/09/26 20:38:33 PT [2022/09/26 23:38:33 ET]
Table 'Deimos' 9-max Seat #5 is the button
Seat 1: dessa78 ($15.93 in chips) 
Seat 3: Dorex2007 ($6.56 in chips) 
Seat 4: jusssssssstin ($5 in chips) 
Seat 5: EuroMan33 ($3.75 in chips) 
Seat 6: pokereye2222 ($4.95 in chips) 
Seat 7: richard4848 ($5.87 in chips) 
Seat 8: iggypop85 ($5.07 in chips) 
Seat 9: Almanza63 ($4.23 in chips) 
pokereye2222: posts small blind $0.02
richard4848: posts big blind $0.05
*** HOLE CARDS ***
Dealt to Dorex2007 [2d Td]
iggypop85: folds 
Almanza63: folds 
dessa78: folds 
Dorex2007: folds 
jusssssssstin: raises $0.05 to $0.10
EuroMan33: calls $0.10
pokereye2222: calls $0.08
richard4848: folds 
*** FLOP *** [7h As 8s]
pokereye2222: bets $0.17
jusssssssstin: calls $0.17
EuroMan33: folds 
*** TURN *** [7h As 8s] [9s]
pokereye2222: checks 
jusssssssstin: checks 
*** RIVER *** [7h As 8s 9s] [5s]
pokereye2222: checks 
jusssssssstin: bets $0.46
pokereye2222: folds 
Uncalled bet ($0.46) returned to jusssssssstin
jusssssssstin collected $0.66 from pot
jusssssssstin: doesn't show hand 
*** SUMMARY ***
Total pot $0.69 | Rake $0.03 
Board [7h As 8s 9s 5s]
Seat 1: dessa78 folded before Flop (didn't bet)
Seat 3: Dorex2007 folded before Flop (didn't bet)
Seat 4: jusssssssstin collected ($0.66)
Seat 5: EuroMan33 (button) folded on the Flop
Seat 6: pokereye2222 (small blind) folded on the River
Seat 7: richard4848 (big blind) folded before Flop
Seat 8: iggypop85 folded before Flop (didn't bet)
Seat 9: Almanza63 folded before Flop (didn't bet)



PokerStars Hand #238884272359:  Hold'em No Limit ($0.02/$0.05 USD) - 2022/09/26 20:39:34 PT [2022/09/26 23:39:34 ET]
Table 'Deimos' 9-max Seat #6 is the button
Seat 1: dessa78 ($15.93 in chips) 
Seat 3: Dorex2007 ($6.56 in chips) 
Seat 4: jusssssssstin ($5.39 in chips) 
Seat 5: EuroMan33 ($3.65 in chips) 
Seat 6: pokereye2222 ($4.68 in chips) 
Seat 7: richard4848 ($5.82 in chips) 
Seat 9: Almanza63 ($4.23 in chips) 
richard4848: posts small blind $0.02
iggypop85 has timed out while disconnected
iggypop85: is sitting out 
Almanza63: posts big blind $0.05
*** HOLE CARDS ***
Dealt to Dorex2007 [5c 8c]
dessa78: folds 
dessa78 leaves the table
Dorex2007: folds 
jusssssssstin: raises $0.10 to $0.15
EuroMan33: folds 
pokereye2222: calls $0.15
richard4848: folds 
Almanza63: folds 
*** FLOP *** [Ad 6d 9h]
jusssssssstin: checks 
pokereye2222: bets $0.17
jusssssssstin: folds 
Uncalled bet ($0.17) returned to pokereye2222
pokereye2222 collected $0.35 from pot
pokereye2222: doesn't show hand 
*** SUMMARY ***
Total pot $0.37 | Rake $0.02 
Board [Ad 6d 9h]
Seat 1: dessa78 folded before Flop (didn't bet)
Seat 3: Dorex2007 folded before Flop (didn't bet)
Seat 4: jusssssssstin folded on the Flop
Seat 5: EuroMan33 folded before Flop (didn't bet)
Seat 6: pokereye2222 (button) collected ($0.35)
Seat 7: richard4848 (small blind) folded before Flop
Seat 9: Almanza63 (big blind) folded before Flop



PokerStars Hand #238884280806:  Hold'em No Limit ($0.02/$0.05 USD) - 2022/09/26 20:40:34 PT [2022/09/26 23:40:34 ET]
Table 'Deimos' 9-max Seat #7 is the button
Seat 3: Dorex2007 ($6.56 in chips) 
Seat 4: jusssssssstin ($5.24 in chips) 
Seat 5: EuroMan33 ($3.65 in chips) 
Seat 6: pokereye2222 ($4.88 in chips) 
Seat 7: richard4848 ($5.80 in chips) 
Seat 9: Almanza63 ($4.18 in chips) 
Almanza63: posts small blind $0.02
Dorex2007: posts big blind $0.05
*** HOLE CARDS ***
Dealt to Dorex2007 [3h Jd]
jusssssssstin: raises $0.10 to $0.15
EuroMan33: calls $0.15
pokereye2222: calls $0.15
richard4848: calls $0.15
Almanza63: calls $0.13
Dorex2007: folds 
*** FLOP *** [2d 5d As]
Almanza63: checks 
jusssssssstin: bets $0.53
EuroMan33: calls $0.53
pokereye2222: folds 
richard4848: folds 
Almanza63: calls $0.53
*** TURN *** [2d 5d As] [Kd]
Almanza63: checks 
jusssssssstin: checks 
EuroMan33: bets $0.05
Almanza63: calls $0.05
jusssssssstin: calls $0.05
*** RIVER *** [2d 5d As Kd] [5h]
Almanza63: bets $1.71
jusssssssstin: folds 
EuroMan33: folds 
Uncalled bet ($1.71) returned to Almanza63
Almanza63 collected $2.43 from pot
Almanza63: doesn't show hand 
*** SUMMARY ***
Total pot $2.54 | Rake $0.11 
Board [2d 5d As Kd 5h]
Seat 3: Dorex2007 (big blind) folded before Flop
Seat 4: jusssssssstin folded on the River
Seat 5: EuroMan33 folded on the River
Seat 6: pokereye2222 folded on the Flop
Seat 7: richard4848 (button) folded on the Flop
Seat 9: Almanza63 (small blind) collected ($2.43)



PokerStars Hand #238884292162:  Hold'em No Limit ($0.02/$0.05 USD) - 2022/09/26 20:41:57 PT [2022/09/26 23:41:57 ET]
Table 'Deimos' 9-max Seat #9 is the button
Seat 3: Dorex2007 ($6.51 in chips) 
Seat 4: jusssssssstin ($5 in chips) 
Seat 5: EuroMan33 ($2.92 in chips) 
Seat 6: pokereye2222 ($4.73 in chips) 
Seat 7: richard4848 ($5.65 in chips) 
Seat 8: iggypop85 ($5.07 in chips) 
Seat 9: Almanza63 ($5.88 in chips) 
Dorex2007: posts small blind $0.02
jusssssssstin: posts big blind $0.05
iggypop85: posts small & big blinds $0.07
*** HOLE CARDS ***
Dealt to Dorex2007 [As 4c]
EuroMan33: calls $0.05
pokereye2222: calls $0.05
richard4848: folds 
iggypop85: checks 
Almanza63: folds 
Dorex2007: folds 
jusssssssstin: checks 
*** FLOP *** [Ah Jh 3d]
jusssssssstin: checks 
EuroMan33: bets $0.23
pokereye2222: calls $0.23
iggypop85: folds 
jusssssssstin: folds 
*** TURN *** [Ah Jh 3d] [4s]
EuroMan33: bets $0.67
pokereye2222: calls $0.67
*** RIVER *** [Ah Jh 3d 4s] [4d]
EuroMan33: bets $1.97 and is all-in
pokereye2222: folds 
Uncalled bet ($1.97) returned to EuroMan33
EuroMan33 collected $1.96 from pot
EuroMan33: doesn't show hand 
*** SUMMARY ***
Total pot $2.04 | Rake $0.08 
Board [Ah Jh 3d 4s 4d]
Seat 3: Dorex2007 (small blind) folded before Flop
Seat 4: jusssssssstin (big blind) folded on the Flop
Seat 5: EuroMan33 collected ($1.96)
Seat 6: pokereye2222 folded on the River
Seat 7: richard4848 folded before Flop (didn't bet)
Seat 8: iggypop85 folded on the Flop (didn't bet)
Seat 9: Almanza63 (button) folded before Flop (didn't bet)



PokerStars Hand #238884303604:  Hold'em No Limit ($0.02/$0.05 USD) - 2022/09/26 20:43:19 PT [2022/09/26 23:43:19 ET]
Table 'Deimos' 9-max Seat #3 is the button
Seat 3: Dorex2007 ($6.49 in chips) 
Seat 4: jusssssssstin ($5 in chips) 
Seat 5: EuroMan33 ($3.93 in chips) 
Seat 6: pokereye2222 ($3.78 in chips) 
Seat 7: richard4848 ($5.65 in chips) 
Seat 8: iggypop85 ($5 in chips) 
Seat 9: Almanza63 ($5.88 in chips) 
jusssssssstin: posts small blind $0.02
EuroMan33: posts big blind $0.05
*** HOLE CARDS ***
Dealt to Dorex2007 [Ks 4d]
pokereye2222: folds 
richard4848: folds 
iggypop85: folds 
Almanza63: folds 
Dorex2007: folds 
jusssssssstin: calls $0.03
EuroMan33: checks 
*** FLOP *** [Ac Qh Kc]
jusssssssstin: bets $0.10
EuroMan33: folds 
Uncalled bet ($0.10) returned to jusssssssstin
jusssssssstin collected $0.10 from pot
jusssssssstin: doesn't show hand 
*** SUMMARY ***
Total pot $0.10 | Rake $0 
Board [Ac Qh Kc]
Seat 3: Dorex2007 (button) folded before Flop (didn't bet)
Seat 4: jusssssssstin (small blind) collected ($0.10)
Seat 5: EuroMan33 (big blind) folded on the Flop
Seat 6: pokereye2222 folded before Flop (didn't bet)
Seat 7: richard4848 folded before Flop (didn't bet)
Seat 8: iggypop85 folded before Flop (didn't bet)
Seat 9: Almanza63 folded before Flop (didn't bet)



PokerStars Hand #238884306956:  Hold'em No Limit ($0.02/$0.05 USD) - 2022/09/26 20:43:44 PT [2022/09/26 23:43:44 ET]
Table 'Deimos' 9-max Seat #4 is the button
Seat 3: Dorex2007 ($6.49 in chips) 
Seat 4: jusssssssstin ($5.05 in chips) 
Seat 5: EuroMan33 ($3.88 in chips) 
Seat 6: pokereye2222 ($3.78 in chips) 
Seat 7: richard4848 ($5.65 in chips) 
Seat 8: iggypop85 ($5 in chips) 
Seat 9: Almanza63 ($5.88 in chips) 
EuroMan33: posts small blind $0.02
pokereye2222: posts big blind $0.05
*** HOLE CARDS ***
Dealt to Dorex2007 [6d 2c]
richard4848: folds 
iggypop85: folds 
Almanza63: folds 
Dorex2007: folds 
jusssssssstin: folds 
EuroMan33: calls $0.03
pokereye2222: checks 
*** FLOP *** [9c Qh 8s]
EuroMan33: bets $0.05
pokereye2222: calls $0.05
*** TURN *** [9c Qh 8s] [Jd]
EuroMan33: bets $0.05
pokereye2222: calls $0.05
*** RIVER *** [9c Qh 8s Jd] [2h]
EuroMan33: bets $0.05
pokereye2222: calls $0.05
*** SHOW DOWN ***
EuroMan33: shows [6c Qd] (a pair of Queens)
pokereye2222: mucks hand 
EuroMan33 collected $0.38 from pot
*** SUMMARY ***
Total pot $0.40 | Rake $0.02 
Board [9c Qh 8s Jd 2h]
Seat 3: Dorex2007 folded before Flop (didn't bet)
Seat 4: jusssssssstin (button) folded before Flop (didn't bet)
Seat 5: EuroMan33 (small blind) showed [6c Qd] and won ($0.38) with a pair of Queens
Seat 6: pokereye2222 (big blind) mucked [Kc Jh]
Seat 7: richard4848 folded before Flop (didn't bet)
Seat 8: iggypop85 folded before Flop (didn't bet)
Seat 9: Almanza63 folded before Flop (didn't bet)



PokerStars Hand #238884312063:  Hold'em No Limit ($0.02/$0.05 USD) - 2022/09/26 20:44:21 PT [2022/09/26 23:44:21 ET]
Table 'Deimos' 9-max Seat #5 is the button
Seat 3: Dorex2007 ($6.49 in chips) 
Seat 4: jusssssssstin ($5.05 in chips) 
Seat 5: EuroMan33 ($4.06 in chips) 
Seat 6: pokereye2222 ($3.58 in chips) 
Seat 7: richard4848 ($5.65 in chips) 
Seat 8: iggypop85 ($5 in chips) 
Seat 9: Almanza63 ($5.88 in chips) 
pokereye2222: posts small blind $0.02
richard4848: posts big blind $0.05
*** HOLE CARDS ***
Dealt to Dorex2007 [2d 8h]
iggypop85: folds 
Almanza63: raises $0.10 to $0.15
Dorex2007: folds 
jusssssssstin: folds 
EuroMan33: folds 
pokereye2222: folds 
richard4848: folds 
Uncalled bet ($0.10) returned to Almanza63
Almanza63 collected $0.12 from pot
Almanza63: doesn't show hand 
*** SUMMARY ***
Total pot $0.12 | Rake $0 
Seat 3: Dorex2007 folded before Flop (didn't bet)
Seat 4: jusssssssstin folded before Flop (didn't bet)
Seat 5: EuroMan33 (button) folded before Flop (didn't bet)
Seat 6: pokereye2222 (small blind) folded before Flop
Seat 7: richard4848 (big blind) folded before Flop
Seat 8: iggypop85 folded before Flop (didn't bet)
Seat 9: Almanza63 collected ($0.12)



PokerStars Hand #238884314726:  Hold'em No Limit ($0.02/$0.05 USD) - 2022/09/26 20:44:41 PT [2022/09/26 23:44:41 ET]
Table 'Deimos' 9-max Seat #6 is the button
Seat 3: Dorex2007 ($6.49 in chips) 
Seat 4: jusssssssstin ($5.05 in chips) 
Seat 5: EuroMan33 ($4.06 in chips) 
Seat 6: pokereye2222 ($3.56 in chips) 
Seat 7: richard4848 ($5.60 in chips) 
Seat 8: iggypop85 ($5 in chips) 
Seat 9: Almanza63 ($5.95 in chips) 
richard4848: posts small blind $0.02
iggypop85: posts big blind $0.05
*** HOLE CARDS ***
Dealt to Dorex2007 [8s 7d]
Almanza63: folds 
Dorex2007: folds 
jusssssssstin: raises $0.10 to $0.15
EuroMan33: folds 
pokereye2222: calls $0.15
richard4848: folds 
iggypop85: folds 
*** FLOP *** [Ah 4s Ks]
jusssssssstin: checks 
pokereye2222: bets $0.17
jusssssssstin is disconnected 
iggypop85 is disconnected 
jusssssssstin has timed out while disconnected
jusssssssstin: folds 
Uncalled bet ($0.17) returned to pokereye2222
pokereye2222 collected $0.35 from pot
pokereye2222: doesn't show hand 
*** SUMMARY ***
Total pot $0.37 | Rake $0.02 
Board [Ah 4s Ks]
Seat 3: Dorex2007 folded before Flop (didn't bet)
Seat 4: jusssssssstin folded on the Flop
Seat 5: EuroMan33 folded before Flop (didn't bet)
Seat 6: pokereye2222 (button) collected ($0.35)
Seat 7: richard4848 (small blind) folded before Flop
Seat 8: iggypop85 (big blind) folded before Flop
Seat 9: Almanza63 folded before Flop (didn't bet)



PokerStars Hand #238884324095:  Hold'em No Limit ($0.02/$0.05 USD) - 2022/09/26 20:45:50 PT [2022/09/26 23:45:50 ET]
Table 'Deimos' 9-max Seat #7 is the button
Seat 3: Dorex2007 ($6.49 in chips) 
Seat 5: EuroMan33 ($4.06 in chips) 
Seat 6: pokereye2222 ($3.76 in chips) 
Seat 7: richard4848 ($5.58 in chips) 
Seat 8: iggypop85 ($4.95 in chips) 
Seat 9: Almanza63 ($5.95 in chips) 
iggypop85: posts small blind $0.02
Almanza63: posts big blind $0.05
*** HOLE CARDS ***
Dealt to Dorex2007 [9c 9s]
Dorex2007: raises $0.05 to $0.10
EuroMan33: raises $0.27 to $0.37
pokereye2222: folds 
richard4848: folds 
iggypop85: folds 
Almanza63: folds 
Dorex2007: folds 
Uncalled bet ($0.27) returned to EuroMan33
EuroMan33 collected $0.27 from pot
EuroMan33: doesn't show hand 
*** SUMMARY ***
Total pot $0.27 | Rake $0 
Seat 3: Dorex2007 folded before Flop
Seat 5: EuroMan33 collected ($0.27)
Seat 6: pokereye2222 folded before Flop (didn't bet)
Seat 7: richard4848 (button) folded before Flop (didn't bet)
Seat 8: iggypop85 (small blind) folded before Flop
Seat 9: Almanza63 (big blind) folded before Flop



PokerStars Hand #238884326637:  Hold'em No Limit ($0.02/$0.05 USD) - 2022/09/26 20:46:08 PT [2022/09/26 23:46:08 ET]
Table 'Deimos' 9-max Seat #8 is the button
Seat 3: Dorex2007 ($6.39 in chips) 
Seat 5: EuroMan33 ($4.23 in chips) 
Seat 6: pokereye2222 ($3.76 in chips) 
Seat 7: richard4848 ($5.58 in chips) 
Seat 8: iggypop85 ($4.93 in chips) 
Seat 9: Almanza63 ($5.90 in chips) 
Almanza63: posts small blind $0.02
Dorex2007: posts big blind $0.05
*** HOLE CARDS ***
Dealt to Dorex2007 [3d 2d]
EuroMan33: calls $0.05
pokereye2222: calls $0.05
richard4848: raises $0.20 to $0.25
iggypop85: folds 
Almanza63: folds 
Dorex2007: folds 
EuroMan33: folds 
pokereye2222: folds 
Uncalled bet ($0.20) returned to richard4848
richard4848 collected $0.22 from pot
richard4848: doesn't show hand 
*** SUMMARY ***
Total pot $0.22 | Rake $0 
Seat 3: Dorex2007 (big blind) folded before Flop
Seat 5: EuroMan33 folded before Flop
Seat 6: pokereye2222 folded before Flop
Seat 7: richard4848 collected ($0.22)
Seat 8: iggypop85 (button) folded before Flop (didn't bet)
Seat 9: Almanza63 (small blind) folded before Flop



PokerStars Hand #238884331415:  Hold'em No Limit ($0.02/$0.05 USD) - 2022/09/26 20:46:43 PT [2022/09/26 23:46:43 ET]
Table 'Deimos' 9-max Seat #9 is the button
Seat 3: Dorex2007 ($6.34 in chips) 
Seat 5: EuroMan33 ($4.18 in chips) 
Seat 6: pokereye2222 ($3.71 in chips) 
Seat 7: richard4848 ($5.75 in chips) 
Seat 8: iggypop85 ($4.93 in chips) 
Seat 9: Almanza63 ($5.88 in chips) 
Dorex2007: posts small blind $0.02
EuroMan33: posts big blind $0.05
*** HOLE CARDS ***
Dealt to Dorex2007 [7c 5s]
pokereye2222: folds 
richard4848: folds 
iggypop85: folds 
Almanza63: folds 
Dorex2007: folds 
Uncalled bet ($0.03) returned to EuroMan33
EuroMan33 collected $0.04 from pot
EuroMan33: doesn't show hand 
*** SUMMARY ***
Total pot $0.04 | Rake $0 
Seat 3: Dorex2007 (small blind) folded before Flop
Seat 5: EuroMan33 (big blind) collected ($0.04)
Seat 6: pokereye2222 folded before Flop (didn't bet)
Seat 7: richard4848 folded before Flop (didn't bet)
Seat 8: iggypop85 folded before Flop (didn't bet)
Seat 9: Almanza63 (button) folded before Flop (didn't bet)



PokerStars Hand #238884333852:  Hold'em No Limit ($0.02/$0.05 USD) - 2022/09/26 20:47:01 PT [2022/09/26 23:47:01 ET]
Table 'Deimos' 9-max Seat #3 is the button
Seat 3: Dorex2007 ($6.32 in chips) 
Seat 5: EuroMan33 ($4.20 in chips) 
Seat 6: pokereye2222 ($3.71 in chips) 
Seat 7: richard4848 ($5.75 in chips) 
Seat 8: iggypop85 ($4.93 in chips) 
Seat 9: Almanza63 ($5.88 in chips) 
EuroMan33: posts small blind $0.02
pokereye2222: posts big blind $0.05
*** HOLE CARDS ***
Dealt to Dorex2007 [Jd Qs]
richard4848: folds 
iggypop85: folds 
Almanza63: folds 
Dorex2007: raises $0.05 to $0.10
EuroMan33: calls $0.08
pokereye2222: calls $0.05
*** FLOP *** [2c Ks 4d]
EuroMan33: checks 
pokereye2222: checks 
Dorex2007: checks 
*** TURN *** [2c Ks 4d] [5c]
EuroMan33: bets $0.05
pokereye2222: calls $0.05
Dorex2007: folds 
*** RIVER *** [2c Ks 4d 5c] [Js]
EuroMan33: bets $0.05
pokereye2222: raises $0.24 to $0.29
EuroMan33: folds 
Uncalled bet ($0.24) returned to pokereye2222
pokereye2222 collected $0.48 from pot
pokereye2222: doesn't show hand 
*** SUMMARY ***
Total pot $0.50 | Rake $0.02 
Board [2c Ks 4d 5c Js]
Seat 3: Dorex2007 (button) folded on the Turn
Seat 5: EuroMan33 (small blind) folded on the River
Seat 6: pokereye2222 (big blind) collected ($0.48)
Seat 7: richard4848 folded before Flop (didn't bet)
Seat 8: iggypop85 folded before Flop (didn't bet)
Seat 9: Almanza63 folded before Flop (didn't bet)



PokerStars Hand #238884341880:  Hold'em No Limit ($0.02/$0.05 USD) - 2022/09/26 20:48:02 PT [2022/09/26 23:48:02 ET]
Table 'Deimos' 9-max Seat #5 is the button
Seat 3: Dorex2007 ($6.22 in chips) 
Seat 5: EuroMan33 ($4 in chips) 
Seat 6: pokereye2222 ($3.99 in chips) 
Seat 7: richard4848 ($5.75 in chips) 
Seat 8: iggypop85 ($4.93 in chips) 
Seat 9: Almanza63 ($5.88 in chips) 
pokereye2222: posts small blind $0.02
richard4848: posts big blind $0.05
*** HOLE CARDS ***
Dealt to Dorex2007 [6s 7h]
iggypop85: folds 
Almanza63: folds 
Dorex2007: folds 
EuroMan33: calls $0.05
pokereye2222: calls $0.03
richard4848: checks 
*** FLOP *** [4s Kd Qh]
pokereye2222: checks 
richard4848: checks 
EuroMan33: checks 
*** TURN *** [4s Kd Qh] [9c]
pokereye2222: checks 
richard4848: checks 
EuroMan33: bets $0.05
pokereye2222: folds 
richard4848: folds 
Uncalled bet ($0.05) returned to EuroMan33
EuroMan33 collected $0.14 from pot
EuroMan33: doesn't show hand 
*** SUMMARY ***
Total pot $0.15 | Rake $0.01 
Board [4s Kd Qh 9c]
Seat 3: Dorex2007 folded before Flop (didn't bet)
Seat 5: EuroMan33 (button) collected ($0.14)
Seat 6: pokereye2222 (small blind) folded on the Turn
Seat 7: richard4848 (big blind) folded on the Turn
Seat 8: iggypop85 folded before Flop (didn't bet)
Seat 9: Almanza63 folded before Flop (didn't bet)



PokerStars Hand #238884347517:  Hold'em No Limit ($0.02/$0.05 USD) - 2022/09/26 20:48:44 PT [2022/09/26 23:48:44 ET]
Table 'Deimos' 9-max Seat #6 is the button
Seat 3: Dorex2007 ($6.22 in chips) 
Seat 5: EuroMan33 ($4.09 in chips) 
Seat 6: pokereye2222 ($3.94 in chips) 
Seat 7: richard4848 ($5.70 in chips) 
Seat 8: iggypop85 ($4.93 in chips) 
Seat 9: Almanza63 ($5.88 in chips) 
richard4848: posts small blind $0.02
iggypop85: posts big blind $0.05
*** HOLE CARDS ***
Dealt to Dorex2007 [4s Jd]
Almanza63: folds 
Dorex2007: folds 
EuroMan33: calls $0.05
pokereye2222: calls $0.05
richard4848: calls $0.03
iggypop85: checks 
*** FLOP *** [9s 3d Kd]
richard4848: checks 
iggypop85: checks 
EuroMan33: checks 
pokereye2222: bets $0.05
richard4848: calls $0.05
iggypop85: folds 
EuroMan33: folds 
*** TURN *** [9s 3d Kd] [6d]
richard4848: checks 
pokereye2222: checks 
*** RIVER *** [9s 3d Kd 6d] [8d]
richard4848: checks 
Sr ÁviIa joins the table at seat #2 
pokereye2222: checks 
*** SHOW DOWN ***
richard4848: shows [Ah 9c] (a pair of Nines)
pokereye2222: mucks hand 
richard4848 collected $0.29 from pot
*** SUMMARY ***
Total pot $0.30 | Rake $0.01 
Board [9s 3d Kd 6d 8d]
Seat 3: Dorex2007 folded before Flop (didn't bet)
Seat 5: EuroMan33 folded on the Flop
Seat 6: pokereye2222 (button) mucked [As 6c]
Seat 7: richard4848 (small blind) showed [Ah 9c] and won ($0.29) with a pair of Nines
Seat 8: iggypop85 (big blind) folded on the Flop
Seat 9: Almanza63 folded before Flop (didn't bet)



PokerStars Hand #238884352700:  Hold'em No Limit ($0.02/$0.05 USD) - 2022/09/26 20:49:22 PT [2022/09/26 23:49:22 ET]
Table 'Deimos' 9-max Seat #7 is the button
Seat 3: Dorex2007 ($6.22 in chips) 
Seat 5: EuroMan33 ($4.04 in chips) 
Seat 6: pokereye2222 ($3.84 in chips) 
Seat 7: richard4848 ($5.89 in chips) 
Seat 8: iggypop85 ($4.88 in chips) 
Seat 9: Almanza63 ($5.88 in chips) 
iggypop85: posts small blind $0.02
Almanza63: posts big blind $0.05
Sr ÁviIa: sits out 
*** HOLE CARDS ***
Dealt to Dorex2007 [8h Td]
Dorex2007: folds 
EuroMan33: calls $0.05
pokereye2222: folds 
richard4848 has timed out
richard4848: folds 
iggypop85: folds 
Almanza63: checks 
*** FLOP *** [7c 7d 2d]
Almanza63: checks 
EuroMan33: bets $0.06
Almanza63: folds 
Uncalled bet ($0.06) returned to EuroMan33
EuroMan33 collected $0.12 from pot
EuroMan33: doesn't show hand 
*** SUMMARY ***
Total pot $0.12 | Rake $0 
Board [7c 7d 2d]
Seat 3: Dorex2007 folded before Flop (didn't bet)
Seat 5: EuroMan33 collected ($0.12)
Seat 6: pokereye2222 folded before Flop (didn't bet)
Seat 7: richard4848 (button) folded before Flop (didn't bet)
Seat 8: iggypop85 (small blind) folded before Flop
Seat 9: Almanza63 (big blind) folded on the Flop



PokerStars Hand #238884358334:  Hold'em No Limit ($0.02/$0.05 USD) - 2022/09/26 20:50:04 PT [2022/09/26 23:50:04 ET]
Table 'Deimos' 9-max Seat #8 is the button
Seat 2: Sr ÁviIa ($5 in chips) 
Seat 3: Dorex2007 ($6.22 in chips) 
Seat 5: EuroMan33 ($4.11 in chips) 
Seat 6: pokereye2222 ($3.84 in chips) 
Seat 7: richard4848 ($5.89 in chips) 
Seat 8: iggypop85 ($4.86 in chips) 
Seat 9: Almanza63 ($5.83 in chips) 
Almanza63: posts small blind $0.02
Sr ÁviIa: posts big blind $0.05
*** HOLE CARDS ***
Dealt to Dorex2007 [Kh Kc]
Dorex2007: raises $0.10 to $0.15
EuroMan33: calls $0.15
pokereye2222: folds 
richard4848: calls $0.15
iggypop85: folds 
Almanza63: folds 
Sr ÁviIa: folds 
*** FLOP *** [9c 7h 6h]
Dorex2007: bets $6.07 and is all-in
EuroMan33: folds 
richard4848: calls $5.74 and is all-in
Uncalled bet ($0.33) returned to Dorex2007
iggypop85 is disconnected 
*** TURN *** [9c 7h 6h] [4h]
*** RIVER *** [9c 7h 6h 4h] [4d]
*** SHOW DOWN ***
Dorex2007: shows [Kh Kc] (two pair, Kings and Fours)
richard4848: shows [Th 9h] (a flush, Ten high)
Dorex2007 cashed out the hand for $5.29 | Cash Out Fee $0.05
richard4848 cashed out the hand for $6.10 | Cash Out Fee $0.06
*** SUMMARY ***
Total pot $12 | Rake $0.50 
Board [9c 7h 6h 4h 4d]
Seat 2: Sr ÁviIa (big blind) folded before Flop
Seat 3: Dorex2007 showed [Kh Kc] and lost with two pair, Kings and Fours (cashed out).
Seat 5: EuroMan33 folded on the Flop
Seat 6: pokereye2222 folded before Flop (didn't bet)
Seat 7: richard4848 showed [Th 9h] and won ($11.50) with a flush, Ten high (pot not awarded as player cashed out)
Seat 8: iggypop85 (button) folded before Flop (didn't bet)
Seat 9: Almanza63 (small blind) folded before Flop



PokerStars Hand #238884365818:  Hold'em No Limit ($0.02/$0.05 USD) - 2022/09/26 20:51:00 PT [2022/09/26 23:51:00 ET]
Table 'Deimos' 9-max Seat #9 is the button
Seat 2: Sr ÁviIa ($4.95 in chips) 
Seat 3: Dorex2007 ($5.62 in chips) 
Seat 5: EuroMan33 ($3.96 in chips) 
Seat 6: pokereye2222 ($3.84 in chips) 
Seat 7: richard4848 ($6.10 in chips) 
Seat 8: iggypop85 ($4.86 in chips) 
Seat 9: Almanza63 ($5.81 in chips) 
Sr ÁviIa: posts small blind $0.02
Dorex2007: posts big blind $0.05
*** HOLE CARDS ***
Dealt to Dorex2007 [8s Kh]
EuroMan33: calls $0.05
pokereye2222: folds 
richard4848: folds 
iggypop85 is connected 
iggypop85: folds 
Almanza63: folds 
Sr ÁviIa: folds 
Dorex2007: checks 
*** FLOP *** [4h 4c 3c]
Dorex2007: checks 
EuroMan33: checks 
*** TURN *** [4h 4c 3c] [4d]
Dorex2007: checks 
EuroMan33: checks 
*** RIVER *** [4h 4c 3c 4d] [Ad]
Lagosha joins the table at seat #1 
Dorex2007: checks 
EuroMan33: bets $0.05
Dorex2007: folds 
Uncalled bet ($0.05) returned to EuroMan33
EuroMan33 collected $0.12 from pot
EuroMan33: doesn't show hand 
*** SUMMARY ***
Total pot $0.12 | Rake $0 
Board [4h 4c 3c 4d Ad]
Seat 2: Sr ÁviIa (small blind) folded before Flop
Seat 3: Dorex2007 (big blind) folded on the River
Seat 5: EuroMan33 collected ($0.12)
Seat 6: pokereye2222 folded before Flop (didn't bet)
Seat 7: richard4848 folded before Flop (didn't bet)
Seat 8: iggypop85 folded before Flop (didn't bet)
Seat 9: Almanza63 (button) folded before Flop (didn't bet)



PokerStars Hand #238884373297:  Hold'em No Limit ($0.02/$0.05 USD) - 2022/09/26 20:51:57 PT [2022/09/26 23:51:57 ET]
Table 'Deimos' 9-max Seat #2 is the button
Seat 1: Lagosha ($5 in chips) 
Seat 2: Sr ÁviIa ($4.93 in chips) 
Seat 3: Dorex2007 ($5.57 in chips) 
Seat 5: EuroMan33 ($4.03 in chips) 
Seat 6: pokereye2222 ($3.84 in chips) 
Seat 7: richard4848 ($6.10 in chips) 
Seat 8: iggypop85 ($4.86 in chips) 
Seat 9: Almanza63 ($5.81 in chips) 
Dorex2007: posts small blind $0.02
EuroMan33: posts big blind $0.05
Lagosha: posts big blind $0.05
*** HOLE CARDS ***
Dealt to Dorex2007 [8s Ad]
pokereye2222: folds 
richard4848: folds 
iggypop85: raises $0.05 to $0.10
Almanza63: folds 
Lagosha: calls $0.05
Sr ÁviIa: folds 
Dorex2007: folds 
EuroMan33: calls $0.05
*** FLOP *** [Jd 3h 4s]
EuroMan33: checks 
iggypop85: bets $0.21
Lagosha: folds 
EuroMan33: folds 
Uncalled bet ($0.21) returned to iggypop85
iggypop85 collected $0.31 from pot
*** SUMMARY ***
Total pot $0.32 | Rake $0.01 
Board [Jd 3h 4s]
Seat 1: Lagosha folded on the Flop
Seat 2: Sr ÁviIa (button) folded before Flop (didn't bet)
Seat 3: Dorex2007 (small blind) folded before Flop
Seat 5: EuroMan33 (big blind) folded on the Flop
Seat 6: pokereye2222 folded before Flop (didn't bet)
Seat 7: richard4848 folded before Flop (didn't bet)
Seat 8: iggypop85 collected ($0.31)
Seat 9: Almanza63 folded before Flop (didn't bet)



PokerStars Hand #238884378500:  Hold'em No Limit ($0.02/$0.05 USD) - 2022/09/26 20:52:37 PT [2022/09/26 23:52:37 ET]
Table 'Deimos' 9-max Seat #3 is the button
Seat 1: Lagosha ($5 in chips) 
Seat 2: Sr ÁviIa ($4.93 in chips) 
Seat 3: Dorex2007 ($5.55 in chips) 
Seat 5: EuroMan33 ($3.93 in chips) 
Seat 6: pokereye2222 ($3.84 in chips) 
Seat 7: richard4848 ($6.10 in chips) 
Seat 8: iggypop85 ($5.07 in chips) 
Seat 9: Almanza63 ($5.81 in chips) 
EuroMan33: posts small blind $0.02
pokereye2222: posts big blind $0.05
*** HOLE CARDS ***
Dealt to Dorex2007 [As 2h]
richard4848: folds 
iggypop85: folds 
Almanza63: folds 
Lagosha: raises $0.12 to $0.17
Sr ÁviIa: folds 
Dorex2007: folds 
EuroMan33: calls $0.15
pokereye2222: folds 
*** FLOP *** [Jh 9h Qc]
EuroMan33: checks 
Lagosha: bets $0.28
EuroMan33: calls $0.28
*** TURN *** [Jh 9h Qc] [5h]
EuroMan33: bets $0.05
Lagosha: calls $0.05
*** RIVER *** [Jh 9h Qc 5h] [6d]
EuroMan33: bets $0.05
Lagosha: calls $0.05
*** SHOW DOWN ***
EuroMan33: shows [Ks 4h] (high card King)
Lagosha: shows [Qh Qs] (three of a kind, Queens)
Lagosha collected $1.10 from pot
*** SUMMARY ***
Total pot $1.15 | Rake $0.05 
Board [Jh 9h Qc 5h 6d]
Seat 1: Lagosha showed [Qh Qs] and won ($1.10) with three of a kind, Queens
Seat 2: Sr ÁviIa folded before Flop (didn't bet)
Seat 3: Dorex2007 (button) folded before Flop (didn't bet)
Seat 5: EuroMan33 (small blind) showed [Ks 4h] and lost with high card King
Seat 6: pokereye2222 (big blind) folded before Flop
Seat 7: richard4848 folded before Flop (didn't bet)
Seat 8: iggypop85 folded before Flop (didn't bet)
Seat 9: Almanza63 folded before Flop (didn't bet)



PokerStars Hand #238884384875:  Hold'em No Limit ($0.02/$0.05 USD) - 2022/09/26 20:53:26 PT [2022/09/26 23:53:26 ET]
Table 'Deimos' 9-max Seat #5 is the button
Seat 1: Lagosha ($5.55 in chips) 
Seat 2: Sr ÁviIa ($4.93 in chips) 
Seat 3: Dorex2007 ($5.55 in chips) 
Seat 5: EuroMan33 ($3.38 in chips) 
Seat 6: pokereye2222 ($3.79 in chips) 
Seat 7: richard4848 ($6.10 in chips) 
Seat 8: iggypop85 ($5.07 in chips) 
Seat 9: Almanza63 ($5.81 in chips) 
pokereye2222: posts small blind $0.02
richard4848: posts big blind $0.05
*** HOLE CARDS ***
Dealt to Dorex2007 [8c Ac]
iggypop85: folds 
Almanza63: folds 
Lagosha: folds 
Sr ÁviIa: folds 
Dorex2007: raises $0.05 to $0.10
EuroMan33: folds 
pokereye2222: folds 
richard4848: folds 
Uncalled bet ($0.05) returned to Dorex2007
Dorex2007 collected $0.12 from pot
Dorex2007: doesn't show hand 
*** SUMMARY ***
Total pot $0.12 | Rake $0 
Seat 1: Lagosha folded before Flop (didn't bet)
Seat 2: Sr ÁviIa folded before Flop (didn't bet)
Seat 3: Dorex2007 collected ($0.12)
Seat 5: EuroMan33 (button) folded before Flop (didn't bet)
Seat 6: pokereye2222 (small blind) folded before Flop
Seat 7: richard4848 (big blind) folded before Flop
Seat 8: iggypop85 folded before Flop (didn't bet)
Seat 9: Almanza63 folded before Flop (didn't bet)



PokerStars Hand #238884388032:  Hold'em No Limit ($0.02/$0.05 USD) - 2022/09/26 20:53:50 PT [2022/09/26 23:53:50 ET]
Table 'Deimos' 9-max Seat #6 is the button
Seat 1: Lagosha ($5.55 in chips) 
Seat 2: Sr ÁviIa ($4.93 in chips) 
Seat 3: Dorex2007 ($5.62 in chips) 
Seat 5: EuroMan33 ($3.38 in chips) 
Seat 6: pokereye2222 ($3.77 in chips) 
Seat 7: richard4848 ($6.05 in chips) 
Seat 8: iggypop85 ($5.07 in chips) 
Seat 9: Almanza63 ($5.81 in chips) 
richard4848: posts small blind $0.02
iggypop85: posts big blind $0.05
*** HOLE CARDS ***
Dealt to Dorex2007 [Js 3s]
Almanza63: folds 
Lagosha: folds 
Sr ÁviIa: folds 
Dorex2007: folds 
EuroMan33: calls $0.05
pokereye2222: calls $0.05
richard4848: folds 
iggypop85: checks 
*** FLOP *** [Qh 3d 7h]
iggypop85: checks 
EuroMan33: checks 
pokereye2222: bets $0.08
iggypop85: folds 
EuroMan33: folds 
Uncalled bet ($0.08) returned to pokereye2222
pokereye2222 collected $0.16 from pot
pokereye2222: doesn't show hand 
*** SUMMARY ***
Total pot $0.17 | Rake $0.01 
Board [Qh 3d 7h]
Seat 1: Lagosha folded before Flop (didn't bet)
Seat 2: Sr ÁviIa folded before Flop (didn't bet)
Seat 3: Dorex2007 folded before Flop (didn't bet)
Seat 5: EuroMan33 folded on the Flop
Seat 6: pokereye2222 (button) collected ($0.16)
Seat 7: richard4848 (small blind) folded before Flop
Seat 8: iggypop85 (big blind) folded on the Flop
Seat 9: Almanza63 folded before Flop (didn't bet)



PokerStars Hand #238884391616:  Hold'em No Limit ($0.02/$0.05 USD) - 2022/09/26 20:54:17 PT [2022/09/26 23:54:17 ET]
Table 'Deimos' 9-max Seat #7 is the button
Seat 1: Lagosha ($5.55 in chips) 
Seat 2: Sr ÁviIa ($4.93 in chips) 
Seat 3: Dorex2007 ($5.62 in chips) 
Seat 5: EuroMan33 ($3.33 in chips) 
Seat 6: pokereye2222 ($3.88 in chips) 
Seat 7: richard4848 ($6.03 in chips) 
Seat 8: iggypop85 ($5.02 in chips) 
Seat 9: Almanza63 ($5.81 in chips) 
iggypop85: posts small blind $0.02
Almanza63: posts big blind $0.05
*** HOLE CARDS ***
Dealt to Dorex2007 [8h Ah]
Lagosha: folds 
Sr ÁviIa: folds 
Dorex2007: raises $0.05 to $0.10
EuroMan33: folds 
pokereye2222: folds 
richard4848: calls $0.10
iggypop85: folds 
Almanza63: folds 
*** FLOP *** [7c 2d 8c]
Dorex2007: bets $0.26
richard4848: folds 
Uncalled bet ($0.26) returned to Dorex2007
Dorex2007 collected $0.26 from pot
Dorex2007: doesn't show hand 
*** SUMMARY ***
Total pot $0.27 | Rake $0.01 
Board [7c 2d 8c]
Seat 1: Lagosha folded before Flop (didn't bet)
Seat 2: Sr ÁviIa folded before Flop (didn't bet)
Seat 3: Dorex2007 collected ($0.26)
Seat 5: EuroMan33 folded before Flop (didn't bet)
Seat 6: pokereye2222 folded before Flop (didn't bet)
Seat 7: richard4848 (button) folded on the Flop
Seat 8: iggypop85 (small blind) folded before Flop
Seat 9: Almanza63 (big blind) folded before Flop



PokerStars Hand #238884396314:  Hold'em No Limit ($0.02/$0.05 USD) - 2022/09/26 20:54:54 PT [2022/09/26 23:54:54 ET]
Table 'Deimos' 9-max Seat #8 is the button
Seat 1: Lagosha ($5.55 in chips) 
Seat 2: Sr ÁviIa ($4.93 in chips) 
Seat 3: Dorex2007 ($5.78 in chips) 
Seat 5: EuroMan33 ($3.33 in chips) 
Seat 6: pokereye2222 ($3.88 in chips) 
Seat 7: richard4848 ($5.93 in chips) 
Seat 8: iggypop85 ($5 in chips) 
Seat 9: Almanza63 ($5.76 in chips) 
Almanza63: posts small blind $0.02
Lagosha: posts big blind $0.05
*** HOLE CARDS ***
Dealt to Dorex2007 [4s 5h]
Sr ÁviIa: folds 
Dorex2007: folds 
EuroMan33: calls $0.05
pokereye2222: folds 
richard4848: folds 
iggypop85: folds 
Almanza63: calls $0.03
Lagosha: checks 
*** FLOP *** [3h 2h Ts]
Almanza63: checks 
Lagosha: checks 
EuroMan33: checks 
*** TURN *** [3h 2h Ts] [7s]
Almanza63: bets $0.10
Lagosha: folds 
EuroMan33: folds 
Uncalled bet ($0.10) returned to Almanza63
Almanza63 collected $0.14 from pot
Almanza63: doesn't show hand 
*** SUMMARY ***
Total pot $0.15 | Rake $0.01 
Board [3h 2h Ts 7s]
Seat 1: Lagosha (big blind) folded on the Turn
Seat 2: Sr ÁviIa folded before Flop (didn't bet)
Seat 3: Dorex2007 folded before Flop (didn't bet)
Seat 5: EuroMan33 folded on the Turn
Seat 6: pokereye2222 folded before Flop (didn't bet)
Seat 7: richard4848 folded before Flop (didn't bet)
Seat 8: iggypop85 (button) folded before Flop (didn't bet)
Seat 9: Almanza63 (small blind) collected ($0.14)



PokerStars Hand #238884402455:  Hold'em No Limit ($0.02/$0.05 USD) - 2022/09/26 20:55:46 PT [2022/09/26 23:55:46 ET]
Table 'Deimos' 9-max Seat #9 is the button
Seat 1: Lagosha ($5.50 in chips) 
Seat 2: Sr ÁviIa ($4.93 in chips) 
Seat 3: Dorex2007 ($5.78 in chips) 
Seat 5: EuroMan33 ($3.28 in chips) 
Seat 6: pokereye2222 ($3.88 in chips) 
Seat 7: richard4848 ($5.93 in chips) 
Seat 8: iggypop85 ($5 in chips) 
Seat 9: Almanza63 ($5.85 in chips) 
Lagosha: posts small blind $0.02
Sr ÁviIa: posts big blind $0.05
*** HOLE CARDS ***
Dealt to Dorex2007 [7c 6c]
jusssssssstin leaves the table
Dorex2007: folds 
EuroMan33: raises $0.05 to $0.10
pokereye2222: folds 
richard4848: calls $0.10
iggypop85: raises $0.35 to $0.45
Almanza63: folds 
Lagosha: folds 
Sr ÁviIa: folds 
EuroMan33: raises $2.83 to $3.28 and is all-in
richard4848: folds 
iggypop85: calls $2.83
*** FLOP *** [5h Kh 4d]
*** TURN *** [5h Kh 4d] [5c]
*** RIVER *** [5h Kh 4d 5c] [Ac]
*** SHOW DOWN ***
EuroMan33: shows [7h 7d] (two pair, Sevens and Fives)
iggypop85: shows [Kc Kd] (a full house, Kings full of Fives)
iggypop85 cashed out the hand for $5.14 | Cash Out Fee $0.05
*** SUMMARY ***
Total pot $6.73 | Rake $0.28 
Board [5h Kh 4d 5c Ac]
Seat 1: Lagosha (small blind) folded before Flop
Seat 2: Sr ÁviIa (big blind) folded before Flop
Seat 3: Dorex2007 folded before Flop (didn't bet)
Seat 5: EuroMan33 showed [7h 7d] and lost with two pair, Sevens and Fives
Seat 6: pokereye2222 folded before Flop (didn't bet)
Seat 7: richard4848 folded before Flop
Seat 8: iggypop85 showed [Kc Kd] and won ($6.45) with a full house, Kings full of Fives (pot not awarded as player cashed out)
Seat 9: Almanza63 (button) folded before Flop (didn't bet)



PokerStars Hand #238884407796:  Hold'em No Limit ($0.02/$0.05 USD) - 2022/09/26 20:56:34 PT [2022/09/26 23:56:34 ET]
Table 'Deimos' 9-max Seat #1 is the button
Seat 1: Lagosha ($5.48 in chips) 
Seat 2: Sr ÁviIa ($4.88 in chips) 
Seat 3: Dorex2007 ($5.78 in chips) 
Seat 6: pokereye2222 ($3.88 in chips) 
Seat 7: richard4848 ($5.83 in chips) 
Seat 8: iggypop85 ($6.86 in chips) 
Seat 9: Almanza63 ($5.85 in chips) 
Sr ÁviIa: posts small blind $0.02
Dorex2007: posts big blind $0.05
*** HOLE CARDS ***
Dealt to Dorex2007 [3c 5h]
pokereye2222: calls $0.05
richard4848: folds 
iggypop85: folds 
PokerJP41 joins the table at seat #4 
Almanza63: folds 
Lagosha: folds 
Sr ÁviIa: folds 
Dorex2007: checks 
*** FLOP *** [Tc Jh 6h]
Dorex2007: checks 
pokereye2222: bets $0.06
Dorex2007: folds 
Uncalled bet ($0.06) returned to pokereye2222
pokereye2222 collected $0.12 from pot
pokereye2222: doesn't show hand 
*** SUMMARY ***
Total pot $0.12 | Rake $0 
Board [Tc Jh 6h]
Seat 1: Lagosha (button) folded before Flop (didn't bet)
Seat 2: Sr ÁviIa (small blind) folded before Flop
Seat 3: Dorex2007 (big blind) folded on the Flop
Seat 6: pokereye2222 collected ($0.12)
Seat 7: richard4848 folded before Flop (didn't bet)
Seat 8: iggypop85 folded before Flop (didn't bet)
Seat 9: Almanza63 folded before Flop (didn't bet)



PokerStars Hand #238884410853:  Hold'em No Limit ($0.02/$0.05 USD) - 2022/09/26 20:57:02 PT [2022/09/26 23:57:02 ET]
Table 'Deimos' 9-max Seat #2 is the button
Seat 1: Lagosha ($5.48 in chips) 
Seat 2: Sr ÁviIa ($4.86 in chips) 
Seat 3: Dorex2007 ($5.73 in chips) 
Seat 4: PokerJP41 ($4.26 in chips) 
Seat 5: EuroMan33 ($5 in chips) 
Seat 6: pokereye2222 ($3.95 in chips) 
Seat 7: richard4848 ($5.83 in chips) 
Seat 8: iggypop85 ($6.86 in chips) 
Seat 9: Almanza63 ($5.85 in chips) 
Dorex2007: posts small blind $0.02
PokerJP41: posts big blind $0.05
*** HOLE CARDS ***
Dealt to Dorex2007 [Qd 9h]
EuroMan33: calls $0.05
pokereye2222: folds 
richard4848: folds 
iggypop85: folds 
Almanza63: folds 
Lagosha: folds 
Sr ÁviIa: folds 
Dorex2007: folds 
PokerJP41: checks 
*** FLOP *** [8h 3s Jh]
PokerJP41: bets $0.12
EuroMan33: raises $0.12 to $0.24
PokerJP41: calls $0.12
*** TURN *** [8h 3s Jh] [As]
PokerJP41: checks 
EuroMan33: bets $0.58
PokerJP41: folds 
Uncalled bet ($0.58) returned to EuroMan33
EuroMan33 collected $0.58 from pot
EuroMan33: doesn't show hand 
*** SUMMARY ***
Total pot $0.60 | Rake $0.02 
Board [8h 3s Jh As]
Seat 1: Lagosha folded before Flop (didn't bet)
Seat 2: Sr ÁviIa (button) folded before Flop (didn't bet)
Seat 3: Dorex2007 (small blind) folded before Flop
Seat 4: PokerJP41 (big blind) folded on the Turn
Seat 5: EuroMan33 collected ($0.58)
Seat 6: pokereye2222 folded before Flop (didn't bet)
Seat 7: richard4848 folded before Flop (didn't bet)
Seat 8: iggypop85 folded before Flop (didn't bet)
Seat 9: Almanza63 folded before Flop (didn't bet)



PokerStars Hand #238884415326:  Hold'em No Limit ($0.02/$0.05 USD) - 2022/09/26 20:57:42 PT [2022/09/26 23:57:42 ET]
Table 'Deimos' 9-max Seat #3 is the button
Seat 1: Lagosha ($5.48 in chips) 
Seat 2: Sr ÁviIa ($4.86 in chips) 
Seat 3: Dorex2007 ($5.71 in chips) 
Seat 4: PokerJP41 ($3.97 in chips) 
Seat 5: EuroMan33 ($5.29 in chips) 
Seat 6: pokereye2222 ($3.95 in chips) 
Seat 7: richard4848 ($5.83 in chips) 
Seat 8: iggypop85 ($6.86 in chips) 
Seat 9: Almanza63 ($5.85 in chips) 
PokerJP41: posts small blind $0.02
EuroMan33: posts big blind $0.05
*** HOLE CARDS ***
Dealt to Dorex2007 [Qh Kh]
pokereye2222: folds 
richard4848: folds 
iggypop85: raises $0.10 to $0.15
Almanza63: folds 
Lagosha: calls $0.15
Sr ÁviIa: folds 
Dorex2007: calls $0.15
PokerJP41: folds 
EuroMan33: calls $0.10
*** FLOP *** [Qd Ts Td]
EuroMan33: checks 
iggypop85: checks 
Lagosha: checks 
Dorex2007: bets $0.59
EuroMan33: folds 
iggypop85: folds 
Lagosha: folds 
Uncalled bet ($0.59) returned to Dorex2007
Dorex2007 collected $0.59 from pot
Dorex2007: doesn't show hand 
*** SUMMARY ***
Total pot $0.62 | Rake $0.03 
Board [Qd Ts Td]
Seat 1: Lagosha folded on the Flop
Seat 2: Sr ÁviIa folded before Flop (didn't bet)
Seat 3: Dorex2007 (button) collected ($0.59)
Seat 4: PokerJP41 (small blind) folded before Flop
Seat 5: EuroMan33 (big blind) folded on the Flop
Seat 6: pokereye2222 folded before Flop (didn't bet)
Seat 7: richard4848 folded before Flop (didn't bet)
Seat 8: iggypop85 folded on the Flop
Seat 9: Almanza63 folded before Flop (didn't bet)



PokerStars Hand #238884421242:  Hold'em No Limit ($0.02/$0.05 USD) - 2022/09/26 20:58:36 PT [2022/09/26 23:58:36 ET]
Table 'Deimos' 9-max Seat #4 is the button
Seat 1: Lagosha ($5.33 in chips) 
Seat 3: Dorex2007 ($6.15 in chips) 
Seat 4: PokerJP41 ($3.95 in chips) 
Seat 5: EuroMan33 ($5.14 in chips) 
Seat 6: pokereye2222 ($3.95 in chips) 
Seat 7: richard4848 ($5.83 in chips) 
Seat 8: iggypop85 ($6.71 in chips) 
Seat 9: Almanza63 ($5.85 in chips) 
EuroMan33: posts small blind $0.02
pokereye2222: posts big blind $0.05
*** HOLE CARDS ***
Dealt to Dorex2007 [Ts 5s]
richard4848: folds 
iggypop85: folds 
Almanza63: folds 
Lagosha: folds 
Dorex2007: folds 
PokerJP41: calls $0.05
EuroMan33: calls $0.03
pokereye2222: checks 
*** FLOP *** [8c 8s 7c]
EuroMan33: checks 
pokereye2222: bets $0.05
PokerJP41: calls $0.05
EuroMan33: calls $0.05
*** TURN *** [8c 8s 7c] [Kd]
EuroMan33: checks 
pokereye2222: checks 
PokerJP41: bets $0.14
EuroMan33: folds 
pokereye2222: calls $0.14
*** RIVER *** [8c 8s 7c Kd] [9h]
pokereye2222: checks 
PokerJP41: bets $0.28
pokereye2222: calls $0.28
*** SHOW DOWN ***
PokerJP41: shows [8d As] (three of a kind, Eights)
pokereye2222: mucks hand 
PokerJP41 collected $1.09 from pot
*** SUMMARY ***
Total pot $1.14 | Rake $0.05 
Board [8c 8s 7c Kd 9h]
Seat 1: Lagosha folded before Flop (didn't bet)
Seat 3: Dorex2007 folded before Flop (didn't bet)
Seat 4: PokerJP41 (button) showed [8d As] and won ($1.09) with three of a kind, Eights
Seat 5: EuroMan33 (small blind) folded on the Turn
Seat 6: pokereye2222 (big blind) mucked [9d 6s]
Seat 7: richard4848 folded before Flop (didn't bet)
Seat 8: iggypop85 folded before Flop (didn't bet)
Seat 9: Almanza63 folded before Flop (didn't bet)



