PokerStars Hand #234577228093:  Hold'em No Limit ($0.01/$0.02 USD) - 2022/03/05 8:37:09 PT [2022/03/05 11:37:09 ET]
Table 'Golia II' 9-max Seat #1 is the button
Seat 1: bgabor420 ($2 in chips) 
Seat 3: Trashomon ($0.95 in chips) 
Seat 4: wALEXSANDRw ($1.96 in chips) 
Seat 5: urbyone ($2.20 in chips) 
Seat 6: ginolas69 ($2.50 in chips) 
Seat 7: Valsomething ($1.54 in chips) 
Seat 8: tiger33373 ($0.07 in chips) 
Seat 9: Dorex2007 ($2 in chips) 
Trashomon: posts small blind $0.01
wALEXSANDRw: posts big blind $0.02
Dorex2007: posts big blind $0.02
*** HOLE CARDS ***
Dealt to Dorex2007 [Ah Td]
urbyone: folds 
ginolas69: folds 
Valsomething: folds 
tiger33373: raises $0.05 to $0.07 and is all-in
Dorex2007: calls $0.05
bgabor420: folds 
Trashomon: folds 
wALEXSANDRw: folds 
*** FLOP *** [Ks Qh 4s]
*** TURN *** [Ks Qh 4s] [2d]
*** RIVER *** [Ks Qh 4s 2d] [9h]
*** SHOW DOWN ***
tiger33373: shows [6c 6s] (a pair of Sixes)
Dorex2007: shows [Ah Td] (high card Ace)
tiger33373 cashed out the hand for $0.09
*** SUMMARY ***
Total pot $0.17 | Rake $0.01 
Board [Ks Qh 4s 2d 9h]
Seat 1: bgabor420 (button) folded before Flop (didn't bet)
Seat 3: Trashomon (small blind) folded before Flop
Seat 4: wALEXSANDRw (big blind) folded before Flop
Seat 5: urbyone folded before Flop (didn't bet)
Seat 6: ginolas69 folded before Flop (didn't bet)
Seat 7: Valsomething folded before Flop (didn't bet)
Seat 8: tiger33373 showed [6c 6s] and won ($0.16) with a pair of Sixes (pot not awarded as player cashed out)
Seat 9: Dorex2007 showed [Ah Td] and lost with high card Ace



PokerStars Hand #234577243979:  Hold'em No Limit ($0.01/$0.02 USD) - 2022/03/05 8:37:49 PT [2022/03/05 11:37:49 ET]
Table 'Golia II' 9-max Seat #3 is the button
Seat 1: bgabor420 ($2 in chips) 
Seat 3: Trashomon ($0.94 in chips) 
Seat 4: wALEXSANDRw ($1.94 in chips) 
Seat 5: urbyone ($2.20 in chips) 
Seat 6: ginolas69 ($2.50 in chips) 
Seat 7: Valsomething ($1.54 in chips) 
Seat 8: tiger33373 ($0.09 in chips) 
Seat 9: Dorex2007 ($2 in chips) 
wALEXSANDRw: posts small blind $0.01
urbyone: posts big blind $0.02
loyola2211: sits out 
*** HOLE CARDS ***
Dealt to Dorex2007 [2s As]
ginolas69: calls $0.02
Valsomething: folds 
tiger33373: calls $0.02
Dorex2007: calls $0.02
bgabor420: calls $0.02
Trashomon: folds 
wALEXSANDRw: calls $0.01
urbyone: checks 
*** FLOP *** [2c 9s 5d]
wALEXSANDRw: checks 
urbyone: checks 
ginolas69: checks 
tiger33373: bets $0.07 and is all-in
Dorex2007: folds 
bgabor420: folds 
wALEXSANDRw: folds 
urbyone: folds 
ginolas69: folds 
Uncalled bet ($0.07) returned to tiger33373
tiger33373 collected $0.12 from pot
tiger33373: doesn't show hand 
*** SUMMARY ***
Total pot $0.12 | Rake $0 
Board [2c 9s 5d]
Seat 1: bgabor420 folded on the Flop
Seat 3: Trashomon (button) folded before Flop (didn't bet)
Seat 4: wALEXSANDRw (small blind) folded on the Flop
Seat 5: urbyone (big blind) folded on the Flop
Seat 6: ginolas69 folded on the Flop
Seat 7: Valsomething folded before Flop (didn't bet)
Seat 8: tiger33373 collected ($0.12)
Seat 9: Dorex2007 folded on the Flop



PokerStars Hand #234577266993:  Hold'em No Limit ($0.01/$0.02 USD) - 2022/03/05 8:38:47 PT [2022/03/05 11:38:47 ET]
Table 'Golia II' 9-max Seat #4 is the button
Seat 1: bgabor420 ($2 in chips) 
Seat 3: Trashomon ($0.94 in chips) 
Seat 4: wALEXSANDRw ($1.92 in chips) 
Seat 5: urbyone ($2.18 in chips) 
Seat 6: ginolas69 ($2.48 in chips) 
Seat 7: Valsomething ($1.54 in chips) 
Seat 8: tiger33373 ($0.19 in chips) 
Seat 9: Dorex2007 ($2 in chips) 
urbyone: posts small blind $0.01
ginolas69: posts big blind $0.02
loyola2211: sits out 
*** HOLE CARDS ***
Dealt to Dorex2007 [2s Kd]
Valsomething: folds 
tiger33373: folds 
Dorex2007: folds 
bgabor420: folds 
Trashomon: folds 
wALEXSANDRw: raises $0.04 to $0.06
urbyone: folds 
ginolas69: folds 
Uncalled bet ($0.04) returned to wALEXSANDRw
wALEXSANDRw collected $0.05 from pot
wALEXSANDRw: doesn't show hand 
*** SUMMARY ***
Total pot $0.05 | Rake $0 
Seat 1: bgabor420 folded before Flop (didn't bet)
Seat 3: Trashomon folded before Flop (didn't bet)
Seat 4: wALEXSANDRw (button) collected ($0.05)
Seat 5: urbyone (small blind) folded before Flop
Seat 6: ginolas69 (big blind) folded before Flop
Seat 7: Valsomething folded before Flop (didn't bet)
Seat 8: tiger33373 folded before Flop (didn't bet)
Seat 9: Dorex2007 folded before Flop (didn't bet)



PokerStars Hand #234577277838:  Hold'em No Limit ($0.01/$0.02 USD) - 2022/03/05 8:39:14 PT [2022/03/05 11:39:14 ET]
Table 'Golia II' 9-max Seat #5 is the button
Seat 1: bgabor420 ($2 in chips) 
Seat 3: Trashomon ($0.94 in chips) 
Seat 4: wALEXSANDRw ($1.95 in chips) 
Seat 5: urbyone ($2.17 in chips) 
Seat 6: ginolas69 ($2.46 in chips) 
Seat 7: Valsomething ($1.54 in chips) 
Seat 8: tiger33373 ($0.19 in chips) 
Seat 9: Dorex2007 ($2 in chips) 
ginolas69: posts small blind $0.01
Valsomething: posts big blind $0.02
loyola2211: sits out 
*** HOLE CARDS ***
Dealt to Dorex2007 [Th 3c]
tiger33373: folds 
Dorex2007: folds 
bgabor420: folds 
Trashomon: folds 
wALEXSANDRw: raises $0.04 to $0.06
urbyone: folds 
ginolas69: folds 
Valsomething: folds 
Uncalled bet ($0.04) returned to wALEXSANDRw
wALEXSANDRw collected $0.05 from pot
wALEXSANDRw: doesn't show hand 
*** SUMMARY ***
Total pot $0.05 | Rake $0 
Seat 1: bgabor420 folded before Flop (didn't bet)
Seat 3: Trashomon folded before Flop (didn't bet)
Seat 4: wALEXSANDRw collected ($0.05)
Seat 5: urbyone (button) folded before Flop (didn't bet)
Seat 6: ginolas69 (small blind) folded before Flop
Seat 7: Valsomething (big blind) folded before Flop
Seat 8: tiger33373 folded before Flop (didn't bet)
Seat 9: Dorex2007 folded before Flop (didn't bet)



PokerStars Hand #234577291632:  Hold'em No Limit ($0.01/$0.02 USD) - 2022/03/05 8:39:39 PT [2022/03/05 11:39:39 ET]
Table 'Golia II' 9-max Seat #6 is the button
Seat 1: bgabor420 ($2 in chips) 
Seat 3: Trashomon ($0.94 in chips) 
Seat 4: wALEXSANDRw ($1.98 in chips) 
Seat 5: urbyone ($2.17 in chips) 
Seat 6: ginolas69 ($2.45 in chips) 
Seat 7: Valsomething ($1.52 in chips) 
Seat 8: tiger33373 ($0.19 in chips) 
Seat 9: Dorex2007 ($2 in chips) 
Valsomething: posts small blind $0.01
tiger33373: posts big blind $0.02
loyola2211: sits out 
*** HOLE CARDS ***
Dealt to Dorex2007 [5c 2s]
Dorex2007: folds 
bgabor420: folds 
Trashomon: folds 
wALEXSANDRw: folds 
urbyone: folds 
ginolas69: folds 
Valsomething: folds 
Uncalled bet ($0.01) returned to tiger33373
tiger33373 collected $0.02 from pot
tiger33373: doesn't show hand 
*** SUMMARY ***
Total pot $0.02 | Rake $0 
Seat 1: bgabor420 folded before Flop (didn't bet)
Seat 3: Trashomon folded before Flop (didn't bet)
Seat 4: wALEXSANDRw folded before Flop (didn't bet)
Seat 5: urbyone folded before Flop (didn't bet)
Seat 6: ginolas69 (button) folded before Flop (didn't bet)
Seat 7: Valsomething (small blind) folded before Flop
Seat 8: tiger33373 (big blind) collected ($0.02)
Seat 9: Dorex2007 folded before Flop (didn't bet)



PokerStars Hand #234577298873:  Hold'em No Limit ($0.01/$0.02 USD) - 2022/03/05 8:39:57 PT [2022/03/05 11:39:57 ET]
Table 'Golia II' 9-max Seat #7 is the button
Seat 1: bgabor420 ($2 in chips) 
Seat 3: Trashomon ($0.94 in chips) 
Seat 4: wALEXSANDRw ($1.98 in chips) 
Seat 5: urbyone ($2.17 in chips) 
Seat 6: ginolas69 ($2.45 in chips) 
Seat 7: Valsomething ($1.51 in chips) 
Seat 8: tiger33373 ($0.20 in chips) 
Seat 9: Dorex2007 ($2 in chips) 
tiger33373: posts small blind $0.01
Dorex2007: posts big blind $0.02
loyola2211: sits out 
*** HOLE CARDS ***
Dealt to Dorex2007 [8s Ac]
bgabor420: folds 
Trashomon: raises $0.06 to $0.08
wALEXSANDRw: folds 
urbyone: folds 
ginolas69: calls $0.08
Valsomething: folds 
tiger33373: folds 
Dorex2007: folds 
*** FLOP *** [Js Td Qh]
Trashomon: bets $0.09
ginolas69: folds 
Uncalled bet ($0.09) returned to Trashomon
Trashomon collected $0.18 from pot
*** SUMMARY ***
Total pot $0.19 | Rake $0.01 
Board [Js Td Qh]
Seat 1: bgabor420 folded before Flop (didn't bet)
Seat 3: Trashomon collected ($0.18)
Seat 4: wALEXSANDRw folded before Flop (didn't bet)
Seat 5: urbyone folded before Flop (didn't bet)
Seat 6: ginolas69 folded on the Flop
Seat 7: Valsomething (button) folded before Flop (didn't bet)
Seat 8: tiger33373 (small blind) folded before Flop
Seat 9: Dorex2007 (big blind) folded before Flop



PokerStars Hand #234577314376:  Hold'em No Limit ($0.01/$0.02 USD) - 2022/03/05 8:40:36 PT [2022/03/05 11:40:36 ET]
Table 'Golia II' 9-max Seat #8 is the button
Seat 1: bgabor420 ($2 in chips) 
Seat 3: Trashomon ($1.04 in chips) 
Seat 4: wALEXSANDRw ($1.98 in chips) 
Seat 5: urbyone ($2.17 in chips) 
Seat 6: ginolas69 ($2.37 in chips) 
Seat 7: Valsomething ($1.51 in chips) 
Seat 8: tiger33373 ($0.19 in chips) 
Seat 9: Dorex2007 ($2 in chips) 
Dorex2007: posts small blind $0.01
bgabor420: posts big blind $0.02
loyola2211: sits out 
*** HOLE CARDS ***
Dealt to Dorex2007 [9h Qd]
Trashomon: folds 
wALEXSANDRw: raises $0.02 to $0.04
urbyone: folds 
ginolas69: calls $0.04
Valsomething: calls $0.04
tiger33373: folds 
Dorex2007: folds 
bgabor420: folds 
*** FLOP *** [Ah 9s Td]
wALEXSANDRw: checks 
ginolas69: bets $0.14
Valsomething: calls $0.14
wALEXSANDRw: folds 
*** TURN *** [Ah 9s Td] [2d]
ginolas69: bets $0.21
Valsomething: calls $0.21
*** RIVER *** [Ah 9s Td 2d] [9c]
ginolas69: checks 
Valsomething: bets $0.72
ginolas69: calls $0.72
*** SHOW DOWN ***
Valsomething: shows [7d 9d] (three of a kind, Nines)
ginolas69: mucks hand 
Valsomething collected $2.21 from pot
*** SUMMARY ***
Total pot $2.29 | Rake $0.08 
Board [Ah 9s Td 2d 9c]
Seat 1: bgabor420 (big blind) folded before Flop
Seat 3: Trashomon folded before Flop (didn't bet)
Seat 4: wALEXSANDRw folded on the Flop
Seat 5: urbyone folded before Flop (didn't bet)
Seat 6: ginolas69 mucked [Ac 3c]
Seat 7: Valsomething showed [7d 9d] and won ($2.21) with three of a kind, Nines
Seat 8: tiger33373 (button) folded before Flop (didn't bet)
Seat 9: Dorex2007 (small blind) folded before Flop



PokerStars Hand #234577339748:  Hold'em No Limit ($0.01/$0.02 USD) - 2022/03/05 8:41:40 PT [2022/03/05 11:41:40 ET]
Table 'Golia II' 9-max Seat #9 is the button
Seat 1: bgabor420 ($2 in chips) 
Seat 2: loyola2211 ($1.60 in chips) 
Seat 3: Trashomon ($1.04 in chips) 
Seat 4: wALEXSANDRw ($1.94 in chips) 
Seat 5: urbyone ($2.17 in chips) 
Seat 6: ginolas69 ($2 in chips) 
Seat 7: Valsomething ($2.61 in chips) 
Seat 8: tiger33373 ($0.19 in chips) 
Seat 9: Dorex2007 ($2 in chips) 
bgabor420: posts small blind $0.01
loyola2211: posts big blind $0.02
*** HOLE CARDS ***
Dealt to Dorex2007 [2c Ah]
Trashomon: raises $0.04 to $0.06
wALEXSANDRw: folds 
urbyone: folds 
ginolas69: folds 
Valsomething: folds 
tiger33373: calls $0.06
Dorex2007: folds 
bgabor420: folds 
loyola2211: folds 
*** FLOP *** [8h 7s 7c]
Trashomon: bets $0.07
tiger33373: calls $0.07
*** TURN *** [8h 7s 7c] [8d]
Trashomon: bets $0.14
tiger33373: calls $0.06 and is all-in
Uncalled bet ($0.08) returned to Trashomon
*** RIVER *** [8h 7s 7c 8d] [Kd]
*** SHOW DOWN ***
Trashomon: shows [Js Ts] (two pair, Eights and Sevens)
tiger33373: shows [Qh 6h] (two pair, Eights and Sevens)
Trashomon cashed out the hand for $0.15
tiger33373 cashed out the hand for $0.25
*** SUMMARY ***
Total pot $0.41 | Rake $0.01 
Board [8h 7s 7c 8d Kd]
Seat 1: bgabor420 (small blind) folded before Flop
Seat 2: loyola2211 (big blind) folded before Flop
Seat 3: Trashomon showed [Js Ts] and won ($0.20) with two pair, Eights and Sevens (pot not awarded as player cashed out)
Seat 4: wALEXSANDRw folded before Flop (didn't bet)
Seat 5: urbyone folded before Flop (didn't bet)
Seat 6: ginolas69 folded before Flop (didn't bet)
Seat 7: Valsomething folded before Flop (didn't bet)
Seat 8: tiger33373 showed [Qh 6h] and won ($0.20) with two pair, Eights and Sevens (pot not awarded as player cashed out)
Seat 9: Dorex2007 (button) folded before Flop (didn't bet)



PokerStars Hand #234577363135:  Hold'em No Limit ($0.01/$0.02 USD) - 2022/03/05 8:42:39 PT [2022/03/05 11:42:39 ET]
Table 'Golia II' 9-max Seat #1 is the button
Seat 1: bgabor420 ($2 in chips) 
Seat 2: loyola2211 ($1.58 in chips) 
Seat 3: Trashomon ($1 in chips) 
Seat 4: wALEXSANDRw ($1.94 in chips) 
Seat 5: urbyone ($2.17 in chips) 
Seat 6: ginolas69 ($2 in chips) 
Seat 7: Valsomething ($2.61 in chips) 
Seat 8: tiger33373 ($0.25 in chips) 
Seat 9: Dorex2007 ($2 in chips) 
loyola2211: posts small blind $0.01
Trashomon: posts big blind $0.02
*** HOLE CARDS ***
Dealt to Dorex2007 [As 6h]
wALEXSANDRw: folds 
urbyone: folds 
ginolas69: calls $0.02
Valsomething: folds 
tiger33373: folds 
Dorex2007: folds 
bgabor420: folds 
loyola2211: folds 
Trashomon: checks 
*** FLOP *** [8c 3s Qh]
Trashomon: checks 
ginolas69: checks 
*** TURN *** [8c 3s Qh] [5s]
Trashomon: checks 
ginolas69: checks 
*** RIVER *** [8c 3s Qh 5s] [Kh]
Trashomon: bets $0.05
ginolas69: folds 
Uncalled bet ($0.05) returned to Trashomon
Trashomon collected $0.05 from pot
*** SUMMARY ***
Total pot $0.05 | Rake $0 
Board [8c 3s Qh 5s Kh]
Seat 1: bgabor420 (button) folded before Flop (didn't bet)
Seat 2: loyola2211 (small blind) folded before Flop
Seat 3: Trashomon (big blind) collected ($0.05)
Seat 4: wALEXSANDRw folded before Flop (didn't bet)
Seat 5: urbyone folded before Flop (didn't bet)
Seat 6: ginolas69 folded on the River
Seat 7: Valsomething folded before Flop (didn't bet)
Seat 8: tiger33373 folded before Flop (didn't bet)
Seat 9: Dorex2007 folded before Flop (didn't bet)



PokerStars Hand #234577380215:  Hold'em No Limit ($0.01/$0.02 USD) - 2022/03/05 8:43:22 PT [2022/03/05 11:43:22 ET]
Table 'Golia II' 9-max Seat #2 is the button
Seat 1: bgabor420 ($2 in chips) 
Seat 2: loyola2211 ($1.57 in chips) 
Seat 3: Trashomon ($1.03 in chips) 
Seat 4: wALEXSANDRw ($1.94 in chips) 
Seat 5: urbyone ($2.17 in chips) 
Seat 6: ginolas69 ($1.98 in chips) 
Seat 7: Valsomething ($2.61 in chips) 
Seat 8: tiger33373 ($0.25 in chips) 
Seat 9: Dorex2007 ($2 in chips) 
Trashomon: posts small blind $0.01
wALEXSANDRw: posts big blind $0.02
*** HOLE CARDS ***
Dealt to Dorex2007 [8c Ks]
urbyone: folds 
ginolas69: calls $0.02
Valsomething: folds 
tiger33373: calls $0.02
Dorex2007: folds 
bgabor420: folds 
loyola2211: calls $0.02
Trashomon: calls $0.01
wALEXSANDRw: raises $0.04 to $0.06
ginolas69: calls $0.04
tiger33373: calls $0.04
loyola2211: calls $0.04
Trashomon: folds 
*** FLOP *** [Qh 2d 9c]
wALEXSANDRw: checks 
ginolas69: checks 
tiger33373: checks 
loyola2211: checks 
*** TURN *** [Qh 2d 9c] [Qc]
wALEXSANDRw: checks 
ginolas69: checks 
tiger33373: checks 
loyola2211: bets $0.06
wALEXSANDRw: folds 
ginolas69: folds 
tiger33373: calls $0.06
*** RIVER *** [Qh 2d 9c Qc] [4h]
tiger33373: checks 
loyola2211: checks 
*** SHOW DOWN ***
tiger33373: shows [Td Kc] (a pair of Queens)
loyola2211: shows [Tc 9s] (two pair, Queens and Nines)
loyola2211 collected $0.37 from pot
*** SUMMARY ***
Total pot $0.38 | Rake $0.01 
Board [Qh 2d 9c Qc 4h]
Seat 1: bgabor420 folded before Flop (didn't bet)
Seat 2: loyola2211 (button) showed [Tc 9s] and won ($0.37) with two pair, Queens and Nines
Seat 3: Trashomon (small blind) folded before Flop
Seat 4: wALEXSANDRw (big blind) folded on the Turn
Seat 5: urbyone folded before Flop (didn't bet)
Seat 6: ginolas69 folded on the Turn
Seat 7: Valsomething folded before Flop (didn't bet)
Seat 8: tiger33373 showed [Td Kc] and lost with a pair of Queens
Seat 9: Dorex2007 folded before Flop (didn't bet)



PokerStars Hand #234577405716:  Hold'em No Limit ($0.01/$0.02 USD) - 2022/03/05 8:44:27 PT [2022/03/05 11:44:27 ET]
Table 'Golia II' 9-max Seat #3 is the button
Seat 1: bgabor420 ($2 in chips) 
Seat 2: loyola2211 ($1.82 in chips) 
Seat 3: Trashomon ($1.01 in chips) 
Seat 4: wALEXSANDRw ($1.88 in chips) 
Seat 5: urbyone ($2.17 in chips) 
Seat 6: ginolas69 ($1.92 in chips) 
Seat 7: Valsomething ($2.61 in chips) 
Seat 8: tiger33373 ($0.13 in chips) 
Seat 9: Dorex2007 ($2 in chips) 
wALEXSANDRw: posts small blind $0.01
urbyone: posts big blind $0.02
*** HOLE CARDS ***
Dealt to Dorex2007 [Jc Jh]
ginolas69: folds 
Valsomething: folds 
tiger33373: calls $0.02
Dorex2007: raises $0.04 to $0.06
bgabor420: calls $0.06
loyola2211: folds 
Trashomon: folds 
wALEXSANDRw: calls $0.05
urbyone: folds 
tiger33373: calls $0.04
*** FLOP *** [Th 9s 6c]
wALEXSANDRw: checks 
tiger33373: checks 
Dorex2007: bets $0.25
bgabor420: folds 
wALEXSANDRw: folds 
tiger33373: folds 
Uncalled bet ($0.25) returned to Dorex2007
Dorex2007 collected $0.25 from pot
Dorex2007: doesn't show hand 
*** SUMMARY ***
Total pot $0.26 | Rake $0.01 
Board [Th 9s 6c]
Seat 1: bgabor420 folded on the Flop
Seat 2: loyola2211 folded before Flop (didn't bet)
Seat 3: Trashomon (button) folded before Flop (didn't bet)
Seat 4: wALEXSANDRw (small blind) folded on the Flop
Seat 5: urbyone (big blind) folded before Flop
Seat 6: ginolas69 folded before Flop (didn't bet)
Seat 7: Valsomething folded before Flop (didn't bet)
Seat 8: tiger33373 folded on the Flop
Seat 9: Dorex2007 collected ($0.25)



PokerStars Hand #234577423431:  Hold'em No Limit ($0.01/$0.02 USD) - 2022/03/05 8:45:11 PT [2022/03/05 11:45:11 ET]
Table 'Golia II' 9-max Seat #4 is the button
Seat 1: bgabor420 ($2 in chips) 
Seat 2: loyola2211 ($1.82 in chips) 
Seat 3: Trashomon ($1.01 in chips) 
Seat 4: wALEXSANDRw ($1.82 in chips) 
Seat 5: urbyone ($2.15 in chips) 
Seat 6: ginolas69 ($1.92 in chips) 
Seat 7: Valsomething ($2.61 in chips) 
Seat 8: tiger33373 ($0.07 in chips) 
Seat 9: Dorex2007 ($2.19 in chips) 
urbyone: posts small blind $0.01
ginolas69: posts big blind $0.02
*** HOLE CARDS ***
Dealt to Dorex2007 [2s 2h]
Valsomething: folds 
tiger33373: raises $0.05 to $0.07 and is all-in
Dorex2007: folds 
bgabor420: folds 
loyola2211: folds 
Trashomon: folds 
wALEXSANDRw: folds 
urbyone: folds 
ginolas69: calls $0.05
ginolas69 has timed out
*** FLOP *** [2d Ad 9c]
*** TURN *** [2d Ad 9c] [4d]
*** RIVER *** [2d Ad 9c 4d] [8d]
*** SHOW DOWN ***
ginolas69: shows [8c Qc] (a pair of Eights)
tiger33373: shows [As Kc] (a pair of Aces)
tiger33373 cashed out the hand for $0.08
*** SUMMARY ***
Total pot $0.15 | Rake $0.01 
Board [2d Ad 9c 4d 8d]
Seat 1: bgabor420 folded before Flop (didn't bet)
Seat 2: loyola2211 folded before Flop (didn't bet)
Seat 3: Trashomon folded before Flop (didn't bet)
Seat 4: wALEXSANDRw (button) folded before Flop (didn't bet)
Seat 5: urbyone (small blind) folded before Flop
Seat 6: ginolas69 (big blind) showed [8c Qc] and lost with a pair of Eights
Seat 7: Valsomething folded before Flop (didn't bet)
Seat 8: tiger33373 showed [As Kc] and won ($0.14) with a pair of Aces (pot not awarded as player cashed out)
Seat 9: Dorex2007 folded before Flop (didn't bet)



PokerStars Hand #234577443335:  Hold'em No Limit ($0.01/$0.02 USD) - 2022/03/05 8:46:01 PT [2022/03/05 11:46:01 ET]
Table 'Golia II' 9-max Seat #5 is the button
Seat 1: bgabor420 ($2 in chips) 
Seat 2: loyola2211 ($1.82 in chips) 
Seat 3: Trashomon ($1.01 in chips) 
Seat 4: wALEXSANDRw ($1.82 in chips) 
Seat 5: urbyone ($2.14 in chips) 
Seat 6: ginolas69 ($1.85 in chips) 
Seat 7: Valsomething ($2.61 in chips) 
Seat 8: tiger33373 ($0.08 in chips) 
Seat 9: Dorex2007 ($2.19 in chips) 
ginolas69: posts small blind $0.01
Valsomething: posts big blind $0.02
*** HOLE CARDS ***
Dealt to Dorex2007 [2h Qh]
tiger33373: raises $0.06 to $0.08 and is all-in
Dorex2007: folds 
bgabor420: folds 
loyola2211: folds 
Trashomon: folds 
wALEXSANDRw: folds 
urbyone: folds 
ginolas69: folds 
Valsomething: folds 
Uncalled bet ($0.06) returned to tiger33373
tiger33373 collected $0.05 from pot
tiger33373: doesn't show hand 
*** SUMMARY ***
Total pot $0.05 | Rake $0 
Seat 1: bgabor420 folded before Flop (didn't bet)
Seat 2: loyola2211 folded before Flop (didn't bet)
Seat 3: Trashomon folded before Flop (didn't bet)
Seat 4: wALEXSANDRw folded before Flop (didn't bet)
Seat 5: urbyone (button) folded before Flop (didn't bet)
Seat 6: ginolas69 (small blind) folded before Flop
Seat 7: Valsomething (big blind) folded before Flop
Seat 8: tiger33373 collected ($0.05)
Seat 9: Dorex2007 folded before Flop (didn't bet)



PokerStars Hand #234577451199:  Hold'em No Limit ($0.01/$0.02 USD) - 2022/03/05 8:46:22 PT [2022/03/05 11:46:22 ET]
Table 'Golia II' 9-max Seat #6 is the button
Seat 1: bgabor420 ($2 in chips) 
Seat 2: loyola2211 ($1.82 in chips) 
Seat 3: Trashomon ($1.01 in chips) 
Seat 4: wALEXSANDRw ($1.82 in chips) 
Seat 5: urbyone ($2.14 in chips) 
Seat 6: ginolas69 ($1.84 in chips) 
Seat 7: Valsomething ($2.59 in chips) 
Seat 8: tiger33373 ($0.11 in chips) 
Seat 9: Dorex2007 ($2.19 in chips) 
Valsomething: posts small blind $0.01
tiger33373: posts big blind $0.02
*** HOLE CARDS ***
Dealt to Dorex2007 [3s Ac]
Dorex2007: folds 
bgabor420: folds 
loyola2211: folds 
Trashomon: calls $0.02
wALEXSANDRw: calls $0.02
urbyone: folds 
ginolas69: calls $0.02
Valsomething: calls $0.01
tiger33373: raises $0.09 to $0.11 and is all-in
Trashomon: calls $0.09
wALEXSANDRw: folds 
ginolas69: folds 
Valsomething: folds 
*** FLOP *** [7s As 6s]
*** TURN *** [7s As 6s] [2s]
*** RIVER *** [7s As 6s 2s] [9d]
*** SHOW DOWN ***
tiger33373: shows [Th Qh] (high card Ace)
Trashomon: shows [8h 9h] (a pair of Nines)
Trashomon collected $0.27 from pot
*** SUMMARY ***
Total pot $0.28 | Rake $0.01 
Board [7s As 6s 2s 9d]
Seat 1: bgabor420 folded before Flop (didn't bet)
Seat 2: loyola2211 folded before Flop (didn't bet)
Seat 3: Trashomon showed [8h 9h] and won ($0.27) with a pair of Nines
Seat 4: wALEXSANDRw folded before Flop
Seat 5: urbyone folded before Flop (didn't bet)
Seat 6: ginolas69 (button) folded before Flop
Seat 7: Valsomething (small blind) folded before Flop
Seat 8: tiger33373 (big blind) showed [Th Qh] and lost with high card Ace
Seat 9: Dorex2007 folded before Flop (didn't bet)



PokerStars Hand #234577468144:  Hold'em No Limit ($0.01/$0.02 USD) - 2022/03/05 8:47:04 PT [2022/03/05 11:47:04 ET]
Table 'Golia II' 9-max Seat #7 is the button
Seat 1: bgabor420 ($2 in chips) 
Seat 2: loyola2211 ($1.82 in chips) 
Seat 3: Trashomon ($1.17 in chips) 
Seat 4: wALEXSANDRw ($1.80 in chips) 
Seat 5: urbyone ($2.14 in chips) 
Seat 6: ginolas69 ($1.82 in chips) 
Seat 7: Valsomething ($2.57 in chips) 
Seat 9: Dorex2007 ($2.19 in chips) 
Dorex2007: posts small blind $0.01
bgabor420: posts big blind $0.02
*** HOLE CARDS ***
Dealt to Dorex2007 [Kc Kd]
loyola2211: calls $0.02
Trashomon: folds 
wALEXSANDRw: folds 
urbyone: folds 
ginolas69: calls $0.02
Valsomething: folds 
Dorex2007: raises $0.08 to $0.10
bgabor420: raises $0.22 to $0.32
loyola2211: folds 
ginolas69: folds 
Dorex2007: calls $0.22
*** FLOP *** [3s 2h 5d]
Dorex2007: bets $0.33
bgabor420: raises $0.47 to $0.80
Dorex2007: calls $0.47
*** TURN *** [3s 2h 5d] [4s]
Dorex2007: bets $1.07 and is all-in
bgabor420: calls $0.88 and is all-in
Uncalled bet ($0.19) returned to Dorex2007
*** RIVER *** [3s 2h 5d 4s] [Qs]
*** SHOW DOWN ***
Dorex2007: shows [Kc Kd] (a pair of Kings)
bgabor420: shows [Ad Ah] (a straight, Ace to Five)
bgabor420 collected $3.90 from pot
Dorex2007 cashed out the hand for $0.27
*** SUMMARY ***
Total pot $4.04 | Rake $0.14 
Board [3s 2h 5d 4s Qs]
Seat 1: bgabor420 (big blind) showed [Ad Ah] and won ($3.90) with a straight, Ace to Five
Seat 2: loyola2211 folded before Flop
Seat 3: Trashomon folded before Flop (didn't bet)
Seat 4: wALEXSANDRw folded before Flop (didn't bet)
Seat 5: urbyone folded before Flop (didn't bet)
Seat 6: ginolas69 folded before Flop
Seat 7: Valsomething (button) folded before Flop (didn't bet)
Seat 9: Dorex2007 (small blind) showed [Kc Kd] and lost with a pair of Kings (cashed out).



PokerStars Hand #234577495655:  Hold'em No Limit ($0.01/$0.02 USD) - 2022/03/05 8:48:14 PT [2022/03/05 11:48:14 ET]
Table 'Golia II' 9-max Seat #9 is the button
Seat 1: bgabor420 ($3.90 in chips) 
Seat 2: loyola2211 ($1.80 in chips) 
Seat 3: Trashomon ($1.17 in chips) 
Seat 4: wALEXSANDRw ($1.80 in chips) 
Seat 5: urbyone ($2.14 in chips) 
Seat 6: ginolas69 ($1.80 in chips) 
Seat 7: Valsomething ($2.57 in chips) 
Seat 8: tiger33373 ($0.80 in chips) 
Seat 9: Dorex2007 ($2 in chips) 
bgabor420: posts small blind $0.01
loyola2211: posts big blind $0.02
tiger33373: posts small blind $0.01
*** HOLE CARDS ***
Dealt to Dorex2007 [4h 6h]
Trashomon: folds 
wALEXSANDRw: folds 
urbyone has timed out
urbyone: folds 
ginolas69: folds 
Valsomething: folds 
tiger33373: calls $0.02
Dorex2007: folds 
bgabor420: raises $0.08 to $0.10
loyola2211: folds 
tiger33373: calls $0.08
*** FLOP *** [Js 6s Qh]
bgabor420: bets $0.14
tiger33373: folds 
Uncalled bet ($0.14) returned to bgabor420
bgabor420 collected $0.22 from pot
*** SUMMARY ***
Total pot $0.23 | Rake $0.01 
Board [Js 6s Qh]
Seat 1: bgabor420 (small blind) collected ($0.22)
Seat 2: loyola2211 (big blind) folded before Flop
Seat 3: Trashomon folded before Flop (didn't bet)
Seat 4: wALEXSANDRw folded before Flop (didn't bet)
Seat 5: urbyone folded before Flop (didn't bet)
Seat 6: ginolas69 folded before Flop (didn't bet)
Seat 7: Valsomething folded before Flop (didn't bet)
Seat 8: tiger33373 folded on the Flop
Seat 9: Dorex2007 (button) folded before Flop (didn't bet)



PokerStars Hand #234577518960:  Hold'em No Limit ($0.01/$0.02 USD) - 2022/03/05 8:49:13 PT [2022/03/05 11:49:13 ET]
Table 'Golia II' 9-max Seat #1 is the button
Seat 1: bgabor420 ($4.02 in chips) 
Seat 2: loyola2211 ($1.78 in chips) 
Seat 3: Trashomon ($1.17 in chips) 
Seat 4: wALEXSANDRw ($1.80 in chips) 
Seat 5: urbyone ($2.14 in chips) 
Seat 6: ginolas69 ($1.80 in chips) 
Seat 7: Valsomething ($2.57 in chips) 
Seat 8: tiger33373 ($0.69 in chips) 
Seat 9: Dorex2007 ($2 in chips) 
loyola2211: posts small blind $0.01
Trashomon: posts big blind $0.02
*** HOLE CARDS ***
Dealt to Dorex2007 [Kc Th]
wALEXSANDRw: folds 
urbyone: raises $0.04 to $0.06
ginolas69: folds 
Valsomething: folds 
tiger33373: calls $0.06
Dorex2007: folds 
bgabor420: folds 
loyola2211: folds 
Trashomon: folds 
*** FLOP *** [Ts 2c Ac]
urbyone: bets $0.07
tiger33373: folds 
Uncalled bet ($0.07) returned to urbyone
urbyone collected $0.14 from pot
urbyone: doesn't show hand 
*** SUMMARY ***
Total pot $0.15 | Rake $0.01 
Board [Ts 2c Ac]
Seat 1: bgabor420 (button) folded before Flop (didn't bet)
Seat 2: loyola2211 (small blind) folded before Flop
Seat 3: Trashomon (big blind) folded before Flop
Seat 4: wALEXSANDRw folded before Flop (didn't bet)
Seat 5: urbyone collected ($0.14)
Seat 6: ginolas69 folded before Flop (didn't bet)
Seat 7: Valsomething folded before Flop (didn't bet)
Seat 8: tiger33373 folded on the Flop
Seat 9: Dorex2007 folded before Flop (didn't bet)



PokerStars Hand #234577532455:  Hold'em No Limit ($0.01/$0.02 USD) - 2022/03/05 8:49:48 PT [2022/03/05 11:49:48 ET]
Table 'Golia II' 9-max Seat #2 is the button
Seat 1: bgabor420 ($4.02 in chips) 
Seat 2: loyola2211 ($1.77 in chips) 
Seat 3: Trashomon ($1.15 in chips) 
Seat 4: wALEXSANDRw ($1.80 in chips) 
Seat 5: urbyone ($2.22 in chips) 
Seat 6: ginolas69 ($1.80 in chips) 
Seat 7: Valsomething ($2.57 in chips) 
Seat 8: tiger33373 ($0.63 in chips) 
Seat 9: Dorex2007 ($2 in chips) 
Trashomon: posts small blind $0.01
wALEXSANDRw: posts big blind $0.02
*** HOLE CARDS ***
Dealt to Dorex2007 [3s 2c]
urbyone: folds 
ginolas69: raises $0.03 to $0.05
Valsomething: folds 
tiger33373: calls $0.05
Dorex2007: folds 
bgabor420: folds 
loyola2211: raises $0.07 to $0.12
Trashomon: folds 
wALEXSANDRw: folds 
ginolas69: calls $0.07
tiger33373: calls $0.07
*** FLOP *** [3h 2h Qh]
ginolas69: checks 
tiger33373: checks 
loyola2211: bets $0.16
ginolas69: folds 
tiger33373: folds 
Uncalled bet ($0.16) returned to loyola2211
loyola2211 collected $0.38 from pot
*** SUMMARY ***
Total pot $0.39 | Rake $0.01 
Board [3h 2h Qh]
Seat 1: bgabor420 folded before Flop (didn't bet)
Seat 2: loyola2211 (button) collected ($0.38)
Seat 3: Trashomon (small blind) folded before Flop
Seat 4: wALEXSANDRw (big blind) folded before Flop
Seat 5: urbyone folded before Flop (didn't bet)
Seat 6: ginolas69 folded on the Flop
Seat 7: Valsomething folded before Flop (didn't bet)
Seat 8: tiger33373 folded on the Flop
Seat 9: Dorex2007 folded before Flop (didn't bet)



PokerStars Hand #234577557729:  Hold'em No Limit ($0.01/$0.02 USD) - 2022/03/05 8:50:52 PT [2022/03/05 11:50:52 ET]
Table 'Golia II' 9-max Seat #3 is the button
Seat 1: bgabor420 ($4.02 in chips) 
Seat 2: loyola2211 ($2.03 in chips) 
Seat 3: Trashomon ($1.14 in chips) 
Seat 4: wALEXSANDRw ($1.78 in chips) 
Seat 5: urbyone ($2.22 in chips) 
Seat 6: ginolas69 ($2 in chips) 
Seat 7: Valsomething ($2.57 in chips) 
Seat 8: tiger33373 ($0.51 in chips) 
Seat 9: Dorex2007 ($2 in chips) 
wALEXSANDRw: posts small blind $0.01
urbyone: posts big blind $0.02
*** HOLE CARDS ***
Dealt to Dorex2007 [6s Qc]
ginolas69: calls $0.02
Valsomething: folds 
tiger33373: calls $0.02
Dorex2007: folds 
bgabor420: folds 
loyola2211: folds 
Trashomon: calls $0.02
wALEXSANDRw: calls $0.01
urbyone: checks 
*** FLOP *** [4s 7h 8h]
wALEXSANDRw: checks 
urbyone: checks 
ginolas69: checks 
tiger33373: checks 
Trashomon: checks 
*** TURN *** [4s 7h 8h] [4h]
wALEXSANDRw: checks 
urbyone: checks 
ginolas69: checks 
tiger33373: checks 
Trashomon: bets $0.10
wALEXSANDRw: folds 
urbyone: folds 
ginolas69: folds 
tiger33373: folds 
Uncalled bet ($0.10) returned to Trashomon
Trashomon collected $0.10 from pot
*** SUMMARY ***
Total pot $0.10 | Rake $0 
Board [4s 7h 8h 4h]
Seat 1: bgabor420 folded before Flop (didn't bet)
Seat 2: loyola2211 folded before Flop (didn't bet)
Seat 3: Trashomon (button) collected ($0.10)
Seat 4: wALEXSANDRw (small blind) folded on the Turn
Seat 5: urbyone (big blind) folded on the Turn
Seat 6: ginolas69 folded on the Turn
Seat 7: Valsomething folded before Flop (didn't bet)
Seat 8: tiger33373 folded on the Turn
Seat 9: Dorex2007 folded before Flop (didn't bet)



PokerStars Hand #234577583062:  Hold'em No Limit ($0.01/$0.02 USD) - 2022/03/05 8:51:58 PT [2022/03/05 11:51:58 ET]
Table 'Golia II' 9-max Seat #4 is the button
Seat 1: bgabor420 ($4.02 in chips) 
Seat 2: loyola2211 ($2.03 in chips) 
Seat 3: Trashomon ($1.22 in chips) 
Seat 4: wALEXSANDRw ($1.76 in chips) 
Seat 5: urbyone ($2.20 in chips) 
Seat 6: ginolas69 ($1.98 in chips) 
Seat 7: Valsomething ($2.57 in chips) 
Seat 8: tiger33373 ($0.49 in chips) 
Seat 9: Dorex2007 ($2 in chips) 
urbyone: posts small blind $0.01
ginolas69: posts big blind $0.02
*** HOLE CARDS ***
Dealt to Dorex2007 [Js Td]
Valsomething: folds 
tiger33373: calls $0.02
Dorex2007: folds 
bgabor420: folds 
loyola2211: calls $0.02
Trashomon: calls $0.02
wALEXSANDRw: calls $0.02
urbyone: calls $0.01
ginolas69: checks 
*** FLOP *** [Ah Qc 6d]
urbyone: checks 
ginolas69: checks 
tiger33373: checks 
loyola2211: checks 
Trashomon: bets $0.06
wALEXSANDRw: folds 
urbyone: folds 
ginolas69: calls $0.06
tiger33373: folds 
loyola2211: folds 
*** TURN *** [Ah Qc 6d] [Th]
ginolas69: checks 
Trashomon: bets $0.12
ginolas69: calls $0.12
*** RIVER *** [Ah Qc 6d Th] [4c]
ginolas69: checks 
Trashomon: bets $0.23
ginolas69: folds 
Uncalled bet ($0.23) returned to Trashomon
Trashomon collected $0.46 from pot
*** SUMMARY ***
Total pot $0.48 | Rake $0.02 
Board [Ah Qc 6d Th 4c]
Seat 1: bgabor420 folded before Flop (didn't bet)
Seat 2: loyola2211 folded on the Flop
Seat 3: Trashomon collected ($0.46)
Seat 4: wALEXSANDRw (button) folded on the Flop
Seat 5: urbyone (small blind) folded on the Flop
Seat 6: ginolas69 (big blind) folded on the River
Seat 7: Valsomething folded before Flop (didn't bet)
Seat 8: tiger33373 folded on the Flop
Seat 9: Dorex2007 folded before Flop (didn't bet)



PokerStars Hand #234577616671:  Hold'em No Limit ($0.01/$0.02 USD) - 2022/03/05 8:53:24 PT [2022/03/05 11:53:24 ET]
Table 'Golia II' 9-max Seat #5 is the button
Seat 1: bgabor420 ($4.02 in chips) 
Seat 2: loyola2211 ($2.01 in chips) 
Seat 3: Trashomon ($1.48 in chips) 
Seat 4: wALEXSANDRw ($1.74 in chips) 
Seat 5: urbyone ($2.18 in chips) 
Seat 6: ginolas69 ($2 in chips) 
Seat 7: Valsomething ($2.57 in chips) 
Seat 8: tiger33373 ($0.47 in chips) 
Seat 9: Dorex2007 ($2 in chips) 
ginolas69: posts small blind $0.01
Valsomething: posts big blind $0.02
*** HOLE CARDS ***
Dealt to Dorex2007 [Qs 8c]
tiger33373: calls $0.02
Dorex2007: folds 
bgabor420: folds 
loyola2211: raises $0.02 to $0.04
Trashomon: calls $0.04
wALEXSANDRw: calls $0.04
urbyone: folds 
ginolas69: calls $0.03
Valsomething: calls $0.02
tiger33373: calls $0.02
*** FLOP *** [Jd Ts Ac]
ginolas69: checks 
Valsomething: checks 
tiger33373: bets $0.12
loyola2211: folds 
Trashomon: folds 
wALEXSANDRw: folds 
ginolas69: folds 
Valsomething: folds 
Uncalled bet ($0.12) returned to tiger33373
tiger33373 collected $0.23 from pot
tiger33373: doesn't show hand 
*** SUMMARY ***
Total pot $0.24 | Rake $0.01 
Board [Jd Ts Ac]
Seat 1: bgabor420 folded before Flop (didn't bet)
Seat 2: loyola2211 folded on the Flop
Seat 3: Trashomon folded on the Flop
Seat 4: wALEXSANDRw folded on the Flop
Seat 5: urbyone (button) folded before Flop (didn't bet)
Seat 6: ginolas69 (small blind) folded on the Flop
Seat 7: Valsomething (big blind) folded on the Flop
Seat 8: tiger33373 collected ($0.23)
Seat 9: Dorex2007 folded before Flop (didn't bet)



PokerStars Hand #234577640077:  Hold'em No Limit ($0.01/$0.02 USD) - 2022/03/05 8:54:25 PT [2022/03/05 11:54:25 ET]
Table 'Golia II' 9-max Seat #6 is the button
Seat 1: bgabor420 ($4.02 in chips) 
Seat 2: loyola2211 ($1.97 in chips) 
Seat 3: Trashomon ($1.44 in chips) 
Seat 4: wALEXSANDRw ($1.70 in chips) 
Seat 5: urbyone ($2.18 in chips) 
Seat 6: ginolas69 ($1.96 in chips) 
Seat 7: Valsomething ($2.53 in chips) 
Seat 8: tiger33373 ($0.66 in chips) 
Seat 9: Dorex2007 ($2 in chips) 
Valsomething: posts small blind $0.01
tiger33373: posts big blind $0.02
*** HOLE CARDS ***
Dealt to Dorex2007 [9h Kh]
Dorex2007: raises $0.02 to $0.04
bgabor420: folds 
loyola2211: folds 
Trashomon: folds 
wALEXSANDRw: folds 
urbyone: raises $0.10 to $0.14
ginolas69: calls $0.14
Valsomething: folds 
tiger33373: calls $0.12
Dorex2007: folds 
*** FLOP *** [3h Ts Qc]
tiger33373: checks 
urbyone: bets $0.18
ginolas69: folds 
tiger33373: calls $0.18
*** TURN *** [3h Ts Qc] [3c]
tiger33373: checks 
urbyone: bets $0.36
tiger33373: calls $0.34 and is all-in
Uncalled bet ($0.02) returned to urbyone
*** RIVER *** [3h Ts Qc 3c] [2c]
*** SHOW DOWN ***
tiger33373: shows [Jc Ah] (a pair of Threes)
urbyone: shows [4s As] (a pair of Threes - lower kicker)
tiger33373 collected $1.46 from pot
*** SUMMARY ***
Total pot $1.51 | Rake $0.05 
Board [3h Ts Qc 3c 2c]
Seat 1: bgabor420 folded before Flop (didn't bet)
Seat 2: loyola2211 folded before Flop (didn't bet)
Seat 3: Trashomon folded before Flop (didn't bet)
Seat 4: wALEXSANDRw folded before Flop (didn't bet)
Seat 5: urbyone showed [4s As] and lost with a pair of Threes
Seat 6: ginolas69 (button) folded on the Flop
Seat 7: Valsomething (small blind) folded before Flop
Seat 8: tiger33373 (big blind) showed [Jc Ah] and won ($1.46) with a pair of Threes
Seat 9: Dorex2007 folded before Flop



PokerStars Hand #234577660208:  Hold'em No Limit ($0.01/$0.02 USD) - 2022/03/05 8:55:20 PT [2022/03/05 11:55:20 ET]
Table 'Golia II' 9-max Seat #7 is the button
Seat 1: bgabor420 ($4.02 in chips) 
Seat 2: loyola2211 ($1.97 in chips) 
Seat 3: Trashomon ($1.44 in chips) 
Seat 4: wALEXSANDRw ($1.70 in chips) 
Seat 5: urbyone ($2 in chips) 
Seat 6: ginolas69 ($1.82 in chips) 
Seat 7: Valsomething ($2.52 in chips) 
Seat 8: tiger33373 ($1.46 in chips) 
Seat 9: Dorex2007 ($2 in chips) 
tiger33373: posts small blind $0.01
Dorex2007: posts big blind $0.02
*** HOLE CARDS ***
Dealt to Dorex2007 [4c 7h]
bgabor420: raises $0.06 to $0.08
loyola2211: folds 
Trashomon: folds 
wALEXSANDRw: folds 
urbyone: folds 
ginolas69: calls $0.08
Valsomething: folds 
tiger33373: calls $0.07
Dorex2007: folds 
*** FLOP *** [Qs Td Kd]
tiger33373: checks 
bgabor420: bets $0.16
ginolas69: folds 
tiger33373: folds 
Uncalled bet ($0.16) returned to bgabor420
bgabor420 collected $0.25 from pot
bgabor420: doesn't show hand 
*** SUMMARY ***
Total pot $0.26 | Rake $0.01 
Board [Qs Td Kd]
Seat 1: bgabor420 collected ($0.25)
Seat 2: loyola2211 folded before Flop (didn't bet)
Seat 3: Trashomon folded before Flop (didn't bet)
Seat 4: wALEXSANDRw folded before Flop (didn't bet)
Seat 5: urbyone folded before Flop (didn't bet)
Seat 6: ginolas69 folded on the Flop
Seat 7: Valsomething (button) folded before Flop (didn't bet)
Seat 8: tiger33373 (small blind) folded on the Flop
Seat 9: Dorex2007 (big blind) folded before Flop



PokerStars Hand #234577671108:  Hold'em No Limit ($0.01/$0.02 USD) - 2022/03/05 8:55:56 PT [2022/03/05 11:55:56 ET]
Table 'Golia II' 9-max Seat #8 is the button
Seat 1: bgabor420 ($4.19 in chips) 
Seat 2: loyola2211 ($1.97 in chips) 
Seat 3: Trashomon ($1.44 in chips) 
Seat 4: wALEXSANDRw ($1.70 in chips) 
Seat 5: urbyone ($2 in chips) 
Seat 6: ginolas69 ($2 in chips) 
Seat 8: tiger33373 ($1.38 in chips) 
Seat 9: Dorex2007 ($2 in chips) 
Dorex2007: posts small blind $0.01
bgabor420: posts big blind $0.02
*** HOLE CARDS ***
Dealt to Dorex2007 [Ac 2c]
loyola2211: calls $0.02
Trashomon: folds 
wALEXSANDRw: folds 
urbyone: folds 
ginolas69: raises $0.04 to $0.06
tiger33373: folds 
Dorex2007: folds 
bgabor420: folds 
loyola2211: calls $0.04
*** FLOP *** [Kh 6s 4d]
loyola2211: bets $0.04
ginolas69: calls $0.04
*** TURN *** [Kh 6s 4d] [9s]
loyola2211: checks 
ginolas69: bets $0.11
loyola2211: folds 
Uncalled bet ($0.11) returned to ginolas69
ginolas69 collected $0.22 from pot
ginolas69: doesn't show hand 
*** SUMMARY ***
Total pot $0.23 | Rake $0.01 
Board [Kh 6s 4d 9s]
Seat 1: bgabor420 (big blind) folded before Flop
Seat 2: loyola2211 folded on the Turn
Seat 3: Trashomon folded before Flop (didn't bet)
Seat 4: wALEXSANDRw folded before Flop (didn't bet)
Seat 5: urbyone folded before Flop (didn't bet)
Seat 6: ginolas69 collected ($0.22)
Seat 8: tiger33373 (button) folded before Flop (didn't bet)
Seat 9: Dorex2007 (small blind) folded before Flop



PokerStars Hand #234577689158:  Hold'em No Limit ($0.01/$0.02 USD) - 2022/03/05 8:56:57 PT [2022/03/05 11:56:57 ET]
Table 'Golia II' 9-max Seat #9 is the button
Seat 1: bgabor420 ($4.17 in chips) 
Seat 2: loyola2211 ($1.87 in chips) 
Seat 3: Trashomon ($1.44 in chips) 
Seat 4: wALEXSANDRw ($1.70 in chips) 
Seat 5: urbyone ($2 in chips) 
Seat 6: ginolas69 ($2.12 in chips) 
Seat 8: tiger33373 ($1.38 in chips) 
Seat 9: Dorex2007 ($2 in chips) 
bgabor420: posts small blind $0.01
loyola2211: posts big blind $0.02
*** HOLE CARDS ***
Dealt to Dorex2007 [2s 9d]
Trashomon: folds 
wALEXSANDRw: folds 
urbyone: folds 
ginolas69: folds 
tiger33373: calls $0.02
Dorex2007: folds 
bgabor420: folds 
loyola2211: checks 
*** FLOP *** [8h Kd 4s]
loyola2211: checks 
tiger33373: checks 
*** TURN *** [8h Kd 4s] [Th]
loyola2211: bets $0.02
tiger33373: calls $0.02
*** RIVER *** [8h Kd 4s Th] [7d]
loyola2211: bets $0.02
tiger33373: calls $0.02
*** SHOW DOWN ***
loyola2211: shows [Td 9h] (a pair of Tens)
tiger33373: mucks hand 
loyola2211 collected $0.13 from pot
*** SUMMARY ***
Total pot $0.13 | Rake $0 
Board [8h Kd 4s Th 7d]
Seat 1: bgabor420 (small blind) folded before Flop
Seat 2: loyola2211 (big blind) showed [Td 9h] and won ($0.13) with a pair of Tens
Seat 3: Trashomon folded before Flop (didn't bet)
Seat 4: wALEXSANDRw folded before Flop (didn't bet)
Seat 5: urbyone folded before Flop (didn't bet)
Seat 6: ginolas69 folded before Flop (didn't bet)
Seat 8: tiger33373 mucked [8d 6h]
Seat 9: Dorex2007 (button) folded before Flop (didn't bet)



PokerStars Hand #234577698925:  Hold'em No Limit ($0.01/$0.02 USD) - 2022/03/05 8:57:29 PT [2022/03/05 11:57:29 ET]
Table 'Golia II' 9-max Seat #1 is the button
Seat 1: bgabor420 ($4.16 in chips) 
Seat 2: loyola2211 ($1.94 in chips) 
Seat 3: Trashomon ($1.44 in chips) 
Seat 4: wALEXSANDRw ($1.70 in chips) 
Seat 5: urbyone ($2 in chips) 
Seat 6: ginolas69 ($2.12 in chips) 
Seat 8: tiger33373 ($1.32 in chips) 
Seat 9: Dorex2007 ($2 in chips) 
loyola2211: posts small blind $0.01
Trashomon: posts big blind $0.02
*** HOLE CARDS ***
Dealt to Dorex2007 [4d 2c]
wALEXSANDRw: folds 
urbyone: folds 
ginolas69: calls $0.02
tiger33373: calls $0.02
Dorex2007: folds 
bgabor420: raises $0.10 to $0.12
loyola2211: folds 
Trashomon: folds 
ginolas69: folds 
tiger33373: calls $0.10
*** FLOP *** [Th 6h 6c]
tiger33373: checks 
bgabor420: checks 
*** TURN *** [Th 6h 6c] [7s]
tiger33373: bets $0.14
bgabor420: calls $0.14
*** RIVER *** [Th 6h 6c 7s] [8d]
tiger33373: bets $0.28
bgabor420: raises $0.92 to $1.20
tiger33373: folds 
Uncalled bet ($0.92) returned to bgabor420
bgabor420 collected $1.09 from pot
bgabor420: doesn't show hand 
*** SUMMARY ***
Total pot $1.13 | Rake $0.04 
Board [Th 6h 6c 7s 8d]
Seat 1: bgabor420 (button) collected ($1.09)
Seat 2: loyola2211 (small blind) folded before Flop
Seat 3: Trashomon (big blind) folded before Flop
Seat 4: wALEXSANDRw folded before Flop (didn't bet)
Seat 5: urbyone folded before Flop (didn't bet)
Seat 6: ginolas69 folded before Flop
Seat 8: tiger33373 folded on the River
Seat 9: Dorex2007 folded before Flop (didn't bet)



PokerStars Hand #234577718492:  Hold'em No Limit ($0.01/$0.02 USD) - 2022/03/05 8:58:35 PT [2022/03/05 11:58:35 ET]
Table 'Golia II' 9-max Seat #2 is the button
Seat 1: bgabor420 ($4.71 in chips) 
Seat 2: loyola2211 ($1.93 in chips) 
Seat 3: Trashomon ($1.42 in chips) 
Seat 4: wALEXSANDRw ($1.70 in chips) 
Seat 5: urbyone ($2 in chips) 
Seat 6: ginolas69 ($2.10 in chips) 
Seat 8: tiger33373 ($0.78 in chips) 
Seat 9: Dorex2007 ($2 in chips) 
Trashomon: posts small blind $0.01
wALEXSANDRw: posts big blind $0.02
*** HOLE CARDS ***
Dealt to Dorex2007 [6c Th]
urbyone: folds 
ginolas69 has timed out
ginolas69: folds 
tiger33373: raises $0.10 to $0.12
Dorex2007: folds 
bgabor420: folds 
loyola2211: folds 
Trashomon: folds 
wALEXSANDRw: folds 
Uncalled bet ($0.10) returned to tiger33373
tiger33373 collected $0.05 from pot
tiger33373: doesn't show hand 
*** SUMMARY ***
Total pot $0.05 | Rake $0 
Seat 1: bgabor420 folded before Flop (didn't bet)
Seat 2: loyola2211 (button) folded before Flop (didn't bet)
Seat 3: Trashomon (small blind) folded before Flop
Seat 4: wALEXSANDRw (big blind) folded before Flop
Seat 5: urbyone folded before Flop (didn't bet)
Seat 6: ginolas69 folded before Flop (didn't bet)
Seat 8: tiger33373 collected ($0.05)
Seat 9: Dorex2007 folded before Flop (didn't bet)



PokerStars Hand #234577727326:  Hold'em No Limit ($0.01/$0.02 USD) - 2022/03/05 8:59:04 PT [2022/03/05 11:59:04 ET]
Table 'Golia II' 9-max Seat #3 is the button
Seat 1: bgabor420 ($4.71 in chips) 
Seat 2: loyola2211 ($1.93 in chips) 
Seat 3: Trashomon ($1.41 in chips) 
Seat 4: wALEXSANDRw ($1.68 in chips) 
Seat 5: urbyone ($2 in chips) 
Seat 8: tiger33373 ($0.81 in chips) 
Seat 9: Dorex2007 ($2 in chips) 
wALEXSANDRw: posts small blind $0.01
urbyone: posts big blind $0.02
*** HOLE CARDS ***
Dealt to Dorex2007 [3h 7d]
tiger33373: raises $0.10 to $0.12
Dorex2007: folds 
bgabor420: folds 
loyola2211: folds 
Trashomon: folds 
wALEXSANDRw: folds 
urbyone: calls $0.10
*** FLOP *** [4d Kc 2h]
urbyone: checks 
tiger33373: bets $0.12
urbyone: calls $0.12
*** TURN *** [4d Kc 2h] [9d]
urbyone: checks 
tiger33373: bets $0.24
urbyone: calls $0.24
*** RIVER *** [4d Kc 2h 9d] [3s]
urbyone: checks 
tiger33373: bets $0.33 and is all-in
urbyone: folds 
Uncalled bet ($0.33) returned to tiger33373
tiger33373 collected $0.94 from pot
tiger33373: doesn't show hand 
*** SUMMARY ***
Total pot $0.97 | Rake $0.03 
Board [4d Kc 2h 9d 3s]
Seat 1: bgabor420 folded before Flop (didn't bet)
Seat 2: loyola2211 folded before Flop (didn't bet)
Seat 3: Trashomon (button) folded before Flop (didn't bet)
Seat 4: wALEXSANDRw (small blind) folded before Flop
Seat 5: urbyone (big blind) folded on the River
Seat 8: tiger33373 collected ($0.94)
Seat 9: Dorex2007 folded before Flop (didn't bet)



PokerStars Hand #234577737725:  Hold'em No Limit ($0.01/$0.02 USD) - 2022/03/05 8:59:39 PT [2022/03/05 11:59:39 ET]
Table 'Golia II' 9-max Seat #4 is the button
Seat 1: bgabor420 ($4.71 in chips) 
Seat 2: loyola2211 ($1.93 in chips) 
Seat 3: Trashomon ($1.41 in chips) 
Seat 4: wALEXSANDRw ($1.67 in chips) 
Seat 5: urbyone ($2 in chips) 
Seat 8: tiger33373 ($1.27 in chips) 
Seat 9: Dorex2007 ($2 in chips) 
urbyone: posts small blind $0.01
tiger33373: posts big blind $0.02
*** HOLE CARDS ***
Dealt to Dorex2007 [2c Ks]
Dorex2007: folds 
bgabor420: folds 
loyola2211: folds 
Trashomon: folds 
wALEXSANDRw: raises $0.04 to $0.06
urbyone: folds 
tiger33373: calls $0.04
*** FLOP *** [2h 6d Td]
tiger33373: checks 
wALEXSANDRw: bets $0.07
tiger33373: calls $0.07
*** TURN *** [2h 6d Td] [7d]
tiger33373: checks 
wALEXSANDRw: checks 
*** RIVER *** [2h 6d Td 7d] [6h]
tiger33373: bets $0.24
wALEXSANDRw: folds 
Uncalled bet ($0.24) returned to tiger33373
tiger33373 collected $0.26 from pot
tiger33373: doesn't show hand 
*** SUMMARY ***
Total pot $0.27 | Rake $0.01 
Board [2h 6d Td 7d 6h]
Seat 1: bgabor420 folded before Flop (didn't bet)
Seat 2: loyola2211 folded before Flop (didn't bet)
Seat 3: Trashomon folded before Flop (didn't bet)
Seat 4: wALEXSANDRw (button) folded on the River
Seat 5: urbyone (small blind) folded before Flop
Seat 8: tiger33373 (big blind) collected ($0.26)
Seat 9: Dorex2007 folded before Flop (didn't bet)



PokerStars Hand #234577749041:  Hold'em No Limit ($0.01/$0.02 USD) - 2022/03/05 9:00:15 PT [2022/03/05 12:00:15 ET]
Table 'Golia II' 9-max Seat #5 is the button
Seat 1: bgabor420 ($4.71 in chips) 
Seat 2: loyola2211 ($1.93 in chips) 
Seat 3: Trashomon ($1.41 in chips) 
Seat 4: wALEXSANDRw ($1.54 in chips) 
Seat 5: urbyone ($2 in chips) 
Seat 8: tiger33373 ($1.40 in chips) 
Seat 9: Dorex2007 ($2 in chips) 
tiger33373: posts small blind $0.01
Dorex2007: posts big blind $0.02
*** HOLE CARDS ***
Dealt to Dorex2007 [3h 5d]
bgabor420: folds 
loyola2211: raises $0.02 to $0.04
Trashomon: folds 
wALEXSANDRw: calls $0.04
urbyone: folds 
tiger33373: raises $0.14 to $0.18
Dorex2007: folds 
loyola2211: folds 
wALEXSANDRw: calls $0.14
*** FLOP *** [Jh 4s 7s]
tiger33373: bets $0.41
wALEXSANDRw: folds 
Uncalled bet ($0.41) returned to tiger33373
tiger33373 collected $0.41 from pot
tiger33373: doesn't show hand 
*** SUMMARY ***
Total pot $0.42 | Rake $0.01 
Board [Jh 4s 7s]
Seat 1: bgabor420 folded before Flop (didn't bet)
Seat 2: loyola2211 folded before Flop
Seat 3: Trashomon folded before Flop (didn't bet)
Seat 4: wALEXSANDRw folded on the Flop
Seat 5: urbyone (button) folded before Flop (didn't bet)
Seat 8: tiger33373 (small blind) collected ($0.41)
Seat 9: Dorex2007 (big blind) folded before Flop



PokerStars Hand #234577758941:  Hold'em No Limit ($0.01/$0.02 USD) - 2022/03/05 9:00:46 PT [2022/03/05 12:00:46 ET]
Table 'Golia II' 9-max Seat #8 is the button
Seat 1: bgabor420 ($4.71 in chips) 
Seat 2: loyola2211 ($1.89 in chips) 
Seat 3: Trashomon ($1.41 in chips) 
Seat 4: wALEXSANDRw ($1.36 in chips) 
Seat 5: urbyone ($2 in chips) 
Seat 8: tiger33373 ($1.63 in chips) 
Seat 9: Dorex2007 ($2 in chips) 
Dorex2007: posts small blind $0.01
bgabor420: posts big blind $0.02
ginolas69: sits out 
*** HOLE CARDS ***
Dealt to Dorex2007 [Qc Qd]
loyola2211: folds 
Trashomon: folds 
wALEXSANDRw: folds 
urbyone: folds 
tiger33373: calls $0.02
Dorex2007: raises $0.08 to $0.10
bgabor420: folds 
tiger33373: calls $0.08
*** FLOP *** [5h Ks Ac]
Dorex2007: bets $0.06
tiger33373: folds 
Uncalled bet ($0.06) returned to Dorex2007
Dorex2007 collected $0.21 from pot
Dorex2007: doesn't show hand 
*** SUMMARY ***
Total pot $0.22 | Rake $0.01 
Board [5h Ks Ac]
Seat 1: bgabor420 (big blind) folded before Flop
Seat 2: loyola2211 folded before Flop (didn't bet)
Seat 3: Trashomon folded before Flop (didn't bet)
Seat 4: wALEXSANDRw folded before Flop (didn't bet)
Seat 5: urbyone folded before Flop (didn't bet)
Seat 8: tiger33373 (button) folded on the Flop
Seat 9: Dorex2007 (small blind) collected ($0.21)



PokerStars Hand #234577769708:  Hold'em No Limit ($0.01/$0.02 USD) - 2022/03/05 9:01:17 PT [2022/03/05 12:01:17 ET]
Table 'Golia II' 9-max Seat #9 is the button
Seat 1: bgabor420 ($4.69 in chips) 
Seat 2: loyola2211 ($1.89 in chips) 
Seat 3: Trashomon ($1.41 in chips) 
Seat 4: wALEXSANDRw ($1.36 in chips) 
Seat 5: urbyone ($2 in chips) 
Seat 8: tiger33373 ($1.53 in chips) 
Seat 9: Dorex2007 ($2.11 in chips) 
bgabor420: posts small blind $0.01
loyola2211: posts big blind $0.02
ginolas69: sits out 
Valsomething: sits out 
*** HOLE CARDS ***
Dealt to Dorex2007 [8s 5d]
Trashomon: folds 
wALEXSANDRw: folds 
urbyone: raises $0.04 to $0.06
tiger33373: calls $0.06
Dorex2007: folds 
bgabor420: folds 
loyola2211: folds 
*** FLOP *** [6c 5s 7h]
urbyone: checks 
tiger33373: checks 
*** TURN *** [6c 5s 7h] [9s]
urbyone: checks 
tiger33373: checks 
*** RIVER *** [6c 5s 7h 9s] [Jd]
urbyone: bets $0.05
tiger33373: folds 
Uncalled bet ($0.05) returned to urbyone
urbyone collected $0.14 from pot
urbyone: doesn't show hand 
*** SUMMARY ***
Total pot $0.15 | Rake $0.01 
Board [6c 5s 7h 9s Jd]
Seat 1: bgabor420 (small blind) folded before Flop
Seat 2: loyola2211 (big blind) folded before Flop
Seat 3: Trashomon folded before Flop (didn't bet)
Seat 4: wALEXSANDRw folded before Flop (didn't bet)
Seat 5: urbyone collected ($0.14)
Seat 8: tiger33373 folded on the River
Seat 9: Dorex2007 (button) folded before Flop (didn't bet)



PokerStars Hand #234577782993:  Hold'em No Limit ($0.01/$0.02 USD) - 2022/03/05 9:01:51 PT [2022/03/05 12:01:51 ET]
Table 'Golia II' 9-max Seat #1 is the button
Seat 1: bgabor420 ($4.68 in chips) 
Seat 2: loyola2211 ($1.87 in chips) 
Seat 3: Trashomon ($1.41 in chips) 
Seat 4: wALEXSANDRw ($1.36 in chips) 
Seat 5: urbyone ($2.08 in chips) 
Seat 8: tiger33373 ($1.47 in chips) 
Seat 9: Dorex2007 ($2.11 in chips) 
loyola2211: posts small blind $0.01
Trashomon: posts big blind $0.02
ginolas69: sits out 
Valsomething: sits out 
*** HOLE CARDS ***
Dealt to Dorex2007 [4h 5c]
wALEXSANDRw: folds 
urbyone: folds 
tiger33373: folds 
Dorex2007: folds 
bgabor420: folds 
loyola2211: folds 
Uncalled bet ($0.01) returned to Trashomon
Trashomon collected $0.02 from pot
*** SUMMARY ***
Total pot $0.02 | Rake $0 
Seat 1: bgabor420 (button) folded before Flop (didn't bet)
Seat 2: loyola2211 (small blind) folded before Flop
Seat 3: Trashomon (big blind) collected ($0.02)
Seat 4: wALEXSANDRw folded before Flop (didn't bet)
Seat 5: urbyone folded before Flop (didn't bet)
Seat 8: tiger33373 folded before Flop (didn't bet)
Seat 9: Dorex2007 folded before Flop (didn't bet)



PokerStars Hand #234577788426:  Hold'em No Limit ($0.01/$0.02 USD) - 2022/03/05 9:02:05 PT [2022/03/05 12:02:05 ET]
Table 'Golia II' 9-max Seat #2 is the button
Seat 1: bgabor420 ($4.68 in chips) 
Seat 2: loyola2211 ($1.86 in chips) 
Seat 3: Trashomon ($1.42 in chips) 
Seat 4: wALEXSANDRw ($1.36 in chips) 
Seat 5: urbyone ($2.08 in chips) 
Seat 8: tiger33373 ($1.47 in chips) 
Seat 9: Dorex2007 ($2.11 in chips) 
Trashomon: posts small blind $0.01
wALEXSANDRw: posts big blind $0.02
ginolas69: sits out 
Valsomething: sits out 
*** HOLE CARDS ***
Dealt to Dorex2007 [4c 7c]
urbyone: raises $0.04 to $0.06
tiger33373: folds 
Dorex2007: folds 
bgabor420: folds 
loyola2211: folds 
Trashomon: folds 
wALEXSANDRw: folds 
Uncalled bet ($0.04) returned to urbyone
urbyone collected $0.05 from pot
urbyone: doesn't show hand 
*** SUMMARY ***
Total pot $0.05 | Rake $0 
Seat 1: bgabor420 folded before Flop (didn't bet)
Seat 2: loyola2211 (button) folded before Flop (didn't bet)
Seat 3: Trashomon (small blind) folded before Flop
Seat 4: wALEXSANDRw (big blind) folded before Flop
Seat 5: urbyone collected ($0.05)
Seat 8: tiger33373 folded before Flop (didn't bet)
Seat 9: Dorex2007 folded before Flop (didn't bet)



PokerStars Hand #234577794417:  Hold'em No Limit ($0.01/$0.02 USD) - 2022/03/05 9:02:20 PT [2022/03/05 12:02:20 ET]
Table 'Golia II' 9-max Seat #3 is the button
Seat 1: bgabor420 ($4.68 in chips) 
Seat 2: loyola2211 ($1.86 in chips) 
Seat 3: Trashomon ($1.41 in chips) 
Seat 4: wALEXSANDRw ($1.34 in chips) 
Seat 5: urbyone ($2.11 in chips) 
Seat 8: tiger33373 ($1.47 in chips) 
Seat 9: Dorex2007 ($2.11 in chips) 
wALEXSANDRw: posts small blind $0.01
urbyone: posts big blind $0.02
ginolas69: sits out 
Valsomething: sits out 
*** HOLE CARDS ***
Dealt to Dorex2007 [Kc 8h]
tiger33373: calls $0.02
Dorex2007: folds 
bgabor420: folds 
loyola2211: folds 
Trashomon: calls $0.02
wALEXSANDRw: calls $0.01
urbyone: checks 
*** FLOP *** [7d 4s 6s]
wALEXSANDRw: checks 
urbyone: checks 
tiger33373: bets $0.10
Trashomon: folds 
wALEXSANDRw: folds 
urbyone: folds 
Uncalled bet ($0.10) returned to tiger33373
tiger33373 collected $0.08 from pot
tiger33373: doesn't show hand 
*** SUMMARY ***
Total pot $0.08 | Rake $0 
Board [7d 4s 6s]
Seat 1: bgabor420 folded before Flop (didn't bet)
Seat 2: loyola2211 folded before Flop (didn't bet)
Seat 3: Trashomon (button) folded on the Flop
Seat 4: wALEXSANDRw (small blind) folded on the Flop
Seat 5: urbyone (big blind) folded on the Flop
Seat 8: tiger33373 collected ($0.08)
Seat 9: Dorex2007 folded before Flop (didn't bet)



PokerStars Hand #234577811203:  Hold'em No Limit ($0.01/$0.02 USD) - 2022/03/05 9:03:03 PT [2022/03/05 12:03:03 ET]
Table 'Golia II' 9-max Seat #4 is the button
Seat 1: bgabor420 ($4.68 in chips) 
Seat 2: loyola2211 ($1.86 in chips) 
Seat 3: Trashomon ($1.39 in chips) 
Seat 4: wALEXSANDRw ($1.32 in chips) 
Seat 5: urbyone ($2.09 in chips) 
Seat 6: ginolas69 ($2.10 in chips) 
Seat 9: Dorex2007 ($2.11 in chips) 
urbyone: posts small blind $0.01
ginolas69: posts big blind $0.02
Valsomething: sits out 
*** HOLE CARDS ***
Dealt to Dorex2007 [7d 9s]
Dorex2007: folds 
bgabor420: raises $0.06 to $0.08
loyola2211: folds 
Trashomon: folds 
wALEXSANDRw: folds 
urbyone: folds 
ginolas69: calls $0.06
*** FLOP *** [9h 3d 2c]
ginolas69: checks 
bgabor420: bets $0.12
ginolas69: folds 
Uncalled bet ($0.12) returned to bgabor420
bgabor420 collected $0.16 from pot
*** SUMMARY ***
Total pot $0.17 | Rake $0.01 
Board [9h 3d 2c]
Seat 1: bgabor420 collected ($0.16)
Seat 2: loyola2211 folded before Flop (didn't bet)
Seat 3: Trashomon folded before Flop (didn't bet)
Seat 4: wALEXSANDRw (button) folded before Flop (didn't bet)
Seat 5: urbyone (small blind) folded before Flop
Seat 6: ginolas69 (big blind) folded on the Flop
Seat 9: Dorex2007 folded before Flop (didn't bet)



PokerStars Hand #234577833023:  Hold'em No Limit ($0.01/$0.02 USD) - 2022/03/05 9:03:41 PT [2022/03/05 12:03:41 ET]
Table 'Golia II' 9-max Seat #5 is the button
Seat 1: bgabor420 ($4.76 in chips) 
Seat 2: loyola2211 ($1.86 in chips) 
Seat 3: Trashomon ($1.39 in chips) 
Seat 4: wALEXSANDRw ($1.32 in chips) 
Seat 5: urbyone ($2.08 in chips) 
Seat 6: ginolas69 ($2.02 in chips) 
Seat 7: Valsomething ($2.52 in chips) 
Seat 9: Dorex2007 ($2.11 in chips) 
ginolas69: posts small blind $0.01
Valsomething: posts big blind $0.02
*** HOLE CARDS ***
Dealt to Dorex2007 [8d 5h]
Dorex2007: folds 
bgabor420: folds 
loyola2211: folds 
Trashomon: folds 
wALEXSANDRw: folds 
urbyone: raises $0.03 to $0.05
ginolas69: calls $0.04
Valsomething: folds 
*** FLOP *** [3h 4h Tc]
ginolas69: checks 
urbyone: checks 
*** TURN *** [3h 4h Tc] [Js]
ginolas69: checks 
urbyone: checks 
*** RIVER *** [3h 4h Tc Js] [9d]
ginolas69: checks 
urbyone: checks 
*** SHOW DOWN ***
ginolas69: shows [6c 8c] (high card Jack)
urbyone: shows [Ad 5d] (high card Ace)
urbyone collected $0.12 from pot
*** SUMMARY ***
Total pot $0.12 | Rake $0 
Board [3h 4h Tc Js 9d]
Seat 1: bgabor420 folded before Flop (didn't bet)
Seat 2: loyola2211 folded before Flop (didn't bet)
Seat 3: Trashomon folded before Flop (didn't bet)
Seat 4: wALEXSANDRw folded before Flop (didn't bet)
Seat 5: urbyone (button) showed [Ad 5d] and won ($0.12) with high card Ace
Seat 6: ginolas69 (small blind) showed [6c 8c] and lost with high card Jack
Seat 7: Valsomething (big blind) folded before Flop
Seat 9: Dorex2007 folded before Flop (didn't bet)



PokerStars Hand #234577851844:  Hold'em No Limit ($0.01/$0.02 USD) - 2022/03/05 9:04:29 PT [2022/03/05 12:04:29 ET]
Table 'Golia II' 9-max Seat #6 is the button
Seat 1: bgabor420 ($4.76 in chips) 
Seat 2: loyola2211 ($1.86 in chips) 
Seat 3: Trashomon ($1.39 in chips) 
Seat 4: wALEXSANDRw ($1.32 in chips) 
Seat 5: urbyone ($2.15 in chips) 
Seat 6: ginolas69 ($1.97 in chips) 
Seat 7: Valsomething ($2.50 in chips) 
Seat 8: tiger33373 ($1.53 in chips) 
Seat 9: Dorex2007 ($2.11 in chips) 
Valsomething: posts small blind $0.01
tiger33373: posts big blind $0.02
*** HOLE CARDS ***
Dealt to Dorex2007 [9c 2c]
Dorex2007: folds 
bgabor420: folds 
loyola2211: raises $0.02 to $0.04
Trashomon: folds 
wALEXSANDRw: calls $0.04
urbyone: raises $0.16 to $0.20
ginolas69: folds 
Valsomething: folds 
tiger33373: folds 
loyola2211: folds 
wALEXSANDRw: folds 
Uncalled bet ($0.16) returned to urbyone
urbyone collected $0.15 from pot
urbyone: doesn't show hand 
*** SUMMARY ***
Total pot $0.15 | Rake $0 
Seat 1: bgabor420 folded before Flop (didn't bet)
Seat 2: loyola2211 folded before Flop
Seat 3: Trashomon folded before Flop (didn't bet)
Seat 4: wALEXSANDRw folded before Flop
Seat 5: urbyone collected ($0.15)
Seat 6: ginolas69 (button) folded before Flop (didn't bet)
Seat 7: Valsomething (small blind) folded before Flop
Seat 8: tiger33373 (big blind) folded before Flop
Seat 9: Dorex2007 folded before Flop (didn't bet)



PokerStars Hand #234577865268:  Hold'em No Limit ($0.01/$0.02 USD) - 2022/03/05 9:05:02 PT [2022/03/05 12:05:02 ET]
Table 'Golia II' 9-max Seat #7 is the button
Seat 1: bgabor420 ($4.76 in chips) 
Seat 2: loyola2211 ($1.82 in chips) 
Seat 3: Trashomon ($1.39 in chips) 
Seat 4: wALEXSANDRw ($1.28 in chips) 
Seat 5: urbyone ($2.26 in chips) 
Seat 6: ginolas69 ($1.97 in chips) 
Seat 7: Valsomething ($2.49 in chips) 
Seat 8: tiger33373 ($1.51 in chips) 
Seat 9: Dorex2007 ($2.11 in chips) 
tiger33373: posts small blind $0.01
Dorex2007: posts big blind $0.02
*** HOLE CARDS ***
Dealt to Dorex2007 [2c Kd]
bgabor420: folds 
loyola2211: folds 
Trashomon: folds 
wALEXSANDRw: folds 
urbyone: raises $0.04 to $0.06
ginolas69: folds 
Valsomething: folds 
tiger33373: calls $0.05
Dorex2007: folds 
*** FLOP *** [Ks 7s Ac]
tiger33373: checks 
urbyone: checks 
*** TURN *** [Ks 7s Ac] [2d]
tiger33373: checks 
urbyone: checks 
*** RIVER *** [Ks 7s Ac 2d] [9c]
tiger33373: checks 
urbyone: checks 
*** SHOW DOWN ***
tiger33373: shows [Qs 6d] (high card Ace)
urbyone: shows [3h 3d] (a pair of Threes)
urbyone collected $0.14 from pot
*** SUMMARY ***
Total pot $0.14 | Rake $0 
Board [Ks 7s Ac 2d 9c]
Seat 1: bgabor420 folded before Flop (didn't bet)
Seat 2: loyola2211 folded before Flop (didn't bet)
Seat 3: Trashomon folded before Flop (didn't bet)
Seat 4: wALEXSANDRw folded before Flop (didn't bet)
Seat 5: urbyone showed [3h 3d] and won ($0.14) with a pair of Threes
Seat 6: ginolas69 folded before Flop (didn't bet)
Seat 7: Valsomething (button) folded before Flop (didn't bet)
Seat 8: tiger33373 (small blind) showed [Qs 6d] and lost with high card Ace
Seat 9: Dorex2007 (big blind) folded before Flop



PokerStars Hand #234577895467:  Hold'em No Limit ($0.01/$0.02 USD) - 2022/03/05 9:06:17 PT [2022/03/05 12:06:17 ET]
Table 'Golia II' 9-max Seat #8 is the button
Seat 1: bgabor420 ($4.76 in chips) 
Seat 2: loyola2211 ($1.82 in chips) 
Seat 3: Trashomon ($1.39 in chips) 
Seat 4: wALEXSANDRw ($1.28 in chips) 
Seat 5: urbyone ($2.34 in chips) 
Seat 6: ginolas69 ($1.97 in chips) 
Seat 7: Valsomething ($2.49 in chips) 
Seat 8: tiger33373 ($1.45 in chips) 
Seat 9: Dorex2007 ($2.09 in chips) 
Dorex2007: posts small blind $0.01
bgabor420: posts big blind $0.02
*** HOLE CARDS ***
Dealt to Dorex2007 [4h Jc]
loyola2211: calls $0.02
Trashomon: folds 
wALEXSANDRw: calls $0.02
urbyone: folds 
ginolas69: folds 
Valsomething: folds 
tiger33373: calls $0.02
Dorex2007: folds 
bgabor420: checks 
*** FLOP *** [5d As Jd]
bgabor420: checks 
loyola2211: checks 
wALEXSANDRw: checks 
tiger33373: checks 
*** TURN *** [5d As Jd] [7c]
bgabor420: checks 
loyola2211: checks 
wALEXSANDRw: checks 
tiger33373: checks 
*** RIVER *** [5d As Jd 7c] [Qd]
bgabor420: checks 
loyola2211: checks 
wALEXSANDRw: checks 
tiger33373: checks 
*** SHOW DOWN ***
bgabor420: shows [5c 4c] (a pair of Fives)
loyola2211: mucks hand 
wALEXSANDRw: shows [5h 6c] (a pair of Fives)
tiger33373: mucks hand 
bgabor420 collected $0.05 from pot
wALEXSANDRw collected $0.04 from pot
*** SUMMARY ***
Total pot $0.09 | Rake $0 
Board [5d As Jd 7c Qd]
Seat 1: bgabor420 (big blind) showed [5c 4c] and won ($0.05) with a pair of Fives
Seat 2: loyola2211 mucked [Tc 8s]
Seat 3: Trashomon folded before Flop (didn't bet)
Seat 4: wALEXSANDRw showed [5h 6c] and won ($0.04) with a pair of Fives
Seat 5: urbyone folded before Flop (didn't bet)
Seat 6: ginolas69 folded before Flop (didn't bet)
Seat 7: Valsomething folded before Flop (didn't bet)
Seat 8: tiger33373 (button) mucked [9c Kh]
Seat 9: Dorex2007 (small blind) folded before Flop



PokerStars Hand #234577921791:  Hold'em No Limit ($0.01/$0.02 USD) - 2022/03/05 9:07:15 PT [2022/03/05 12:07:15 ET]
Table 'Golia II' 9-max Seat #9 is the button
Seat 1: bgabor420 ($4.79 in chips) 
Seat 3: Trashomon ($1.39 in chips) 
Seat 4: wALEXSANDRw ($1.30 in chips) 
Seat 5: urbyone ($2.34 in chips) 
Seat 6: ginolas69 ($1.97 in chips) 
Seat 7: Valsomething ($2.49 in chips) 
Seat 8: tiger33373 ($1.43 in chips) 
Seat 9: Dorex2007 ($2.08 in chips) 
bgabor420: posts small blind $0.01
loyola2211: is sitting out 
Trashomon: posts big blind $0.02
*** HOLE CARDS ***
Dealt to Dorex2007 [Kd 3c]
wALEXSANDRw: folds 
urbyone: folds 
ginolas69: folds 
Valsomething: folds 
tiger33373: calls $0.02
Dorex2007: folds 
bgabor420: folds 
loyola2211 leaves the table
Trashomon: checks 
*** FLOP *** [6c Qh 9h]
Trashomon: checks 
tiger33373: checks 
*** TURN *** [6c Qh 9h] [Th]
davegoa joins the table at seat #2 
Trashomon: checks 
tiger33373: bets $0.12
Trashomon: folds 
Uncalled bet ($0.12) returned to tiger33373
tiger33373 collected $0.05 from pot
tiger33373: doesn't show hand 
*** SUMMARY ***
Total pot $0.05 | Rake $0 
Board [6c Qh 9h Th]
Seat 1: bgabor420 (small blind) folded before Flop
Seat 3: Trashomon (big blind) folded on the Turn
Seat 4: wALEXSANDRw folded before Flop (didn't bet)
Seat 5: urbyone folded before Flop (didn't bet)
Seat 6: ginolas69 folded before Flop (didn't bet)
Seat 7: Valsomething folded before Flop (didn't bet)
Seat 8: tiger33373 collected ($0.05)
Seat 9: Dorex2007 (button) folded before Flop (didn't bet)



PokerStars Hand #234577934433:  Hold'em No Limit ($0.01/$0.02 USD) - 2022/03/05 9:07:46 PT [2022/03/05 12:07:46 ET]
Table 'Golia II' 9-max Seat #1 is the button
Seat 1: bgabor420 ($4.78 in chips) 
Seat 3: Trashomon ($1.37 in chips) 
Seat 4: wALEXSANDRw ($1.30 in chips) 
Seat 5: urbyone ($2.34 in chips) 
Seat 6: ginolas69 ($1.97 in chips) 
Seat 7: Valsomething ($2.49 in chips) 
Seat 8: tiger33373 ($1.46 in chips) 
Seat 9: Dorex2007 ($2.08 in chips) 
Trashomon: posts small blind $0.01
wALEXSANDRw: posts big blind $0.02
*** HOLE CARDS ***
Dealt to Dorex2007 [6d 8s]
urbyone: folds 
ginolas69: raises $0.03 to $0.05
Valsomething: folds 
tiger33373: calls $0.05
Dorex2007: folds 
bgabor420: folds 
Trashomon: calls $0.04
wALEXSANDRw: raises $0.05 to $0.10
ginolas69: calls $0.05
tiger33373: calls $0.05
Trashomon: calls $0.05
*** FLOP *** [Qd 2h 2d]
Trashomon: checks 
wALEXSANDRw: checks 
ginolas69: checks 
tiger33373: bets $0.39
Trashomon: folds 
wALEXSANDRw: folds 
ginolas69: folds 
Uncalled bet ($0.39) returned to tiger33373
tiger33373 collected $0.39 from pot
tiger33373: doesn't show hand 
*** SUMMARY ***
Total pot $0.40 | Rake $0.01 
Board [Qd 2h 2d]
Seat 1: bgabor420 (button) folded before Flop (didn't bet)
Seat 3: Trashomon (small blind) folded on the Flop
Seat 4: wALEXSANDRw (big blind) folded on the Flop
Seat 5: urbyone folded before Flop (didn't bet)
Seat 6: ginolas69 folded on the Flop
Seat 7: Valsomething folded before Flop (didn't bet)
Seat 8: tiger33373 collected ($0.39)
Seat 9: Dorex2007 folded before Flop (didn't bet)



PokerStars Hand #234577955386:  Hold'em No Limit ($0.01/$0.02 USD) - 2022/03/05 9:08:38 PT [2022/03/05 12:08:38 ET]
Table 'Golia II' 9-max Seat #3 is the button
Seat 1: bgabor420 ($4.78 in chips) 
Seat 3: Trashomon ($1.27 in chips) 
Seat 4: wALEXSANDRw ($1.20 in chips) 
Seat 5: urbyone ($2.34 in chips) 
Seat 6: ginolas69 ($1.87 in chips) 
Seat 7: Valsomething ($2.49 in chips) 
Seat 8: tiger33373 ($1.75 in chips) 
Seat 9: Dorex2007 ($2.08 in chips) 
wALEXSANDRw: posts small blind $0.01
urbyone: posts big blind $0.02
davegoa: sits out 
*** HOLE CARDS ***
Dealt to Dorex2007 [5d Ad]
ginolas69: calls $0.02
Valsomething: folds 
tiger33373: folds 
Dorex2007: calls $0.02
bgabor420: folds 
Trashomon: folds 
wALEXSANDRw: calls $0.01
urbyone: checks 
*** FLOP *** [Kc Qd 6d]
wALEXSANDRw: checks 
urbyone: checks 
ginolas69: checks 
Dorex2007: bets $0.08
wALEXSANDRw: folds 
urbyone: folds 
ginolas69: folds 
Uncalled bet ($0.08) returned to Dorex2007
Dorex2007 collected $0.08 from pot
Dorex2007: doesn't show hand 
*** SUMMARY ***
Total pot $0.08 | Rake $0 
Board [Kc Qd 6d]
Seat 1: bgabor420 folded before Flop (didn't bet)
Seat 3: Trashomon (button) folded before Flop (didn't bet)
Seat 4: wALEXSANDRw (small blind) folded on the Flop
Seat 5: urbyone (big blind) folded on the Flop
Seat 6: ginolas69 folded on the Flop
Seat 7: Valsomething folded before Flop (didn't bet)
Seat 8: tiger33373 folded before Flop (didn't bet)
Seat 9: Dorex2007 collected ($0.08)



PokerStars Hand #234577971833:  Hold'em No Limit ($0.01/$0.02 USD) - 2022/03/05 9:09:19 PT [2022/03/05 12:09:19 ET]
Table 'Golia II' 9-max Seat #4 is the button
Seat 1: bgabor420 ($4.78 in chips) 
Seat 3: Trashomon ($1.27 in chips) 
Seat 4: wALEXSANDRw ($1.18 in chips) 
Seat 5: urbyone ($2.32 in chips) 
Seat 6: ginolas69 ($1.85 in chips) 
Seat 7: Valsomething ($2.49 in chips) 
Seat 8: tiger33373 ($1.75 in chips) 
Seat 9: Dorex2007 ($2.14 in chips) 
urbyone: posts small blind $0.01
ginolas69: posts big blind $0.02
davegoa: sits out 
*** HOLE CARDS ***
Dealt to Dorex2007 [6h 5d]
Valsomething: folds 
tiger33373: folds 
Dorex2007: folds 
bgabor420: folds 
Trashomon: calls $0.02
wALEXSANDRw: raises $0.04 to $0.06
urbyone: folds 
ginolas69: calls $0.04
Trashomon: calls $0.04
*** FLOP *** [Jc 9d 7h]
ginolas69: checks 
Trashomon: checks 
wALEXSANDRw: bets $0.06
ginolas69: raises $1.73 to $1.79 and is all-in
Trashomon: folds 
wALEXSANDRw: folds 
Uncalled bet ($1.73) returned to ginolas69
ginolas69 collected $0.30 from pot
ginolas69: doesn't show hand 
*** SUMMARY ***
Total pot $0.31 | Rake $0.01 
Board [Jc 9d 7h]
Seat 1: bgabor420 folded before Flop (didn't bet)
Seat 3: Trashomon folded on the Flop
Seat 4: wALEXSANDRw (button) folded on the Flop
Seat 5: urbyone (small blind) folded before Flop
Seat 6: ginolas69 (big blind) collected ($0.30)
Seat 7: Valsomething folded before Flop (didn't bet)
Seat 8: tiger33373 folded before Flop (didn't bet)
Seat 9: Dorex2007 folded before Flop (didn't bet)



PokerStars Hand #234577984891:  Hold'em No Limit ($0.01/$0.02 USD) - 2022/03/05 9:09:52 PT [2022/03/05 12:09:52 ET]
Table 'Golia II' 9-max Seat #5 is the button
Seat 1: bgabor420 ($4.78 in chips) 
Seat 3: Trashomon ($1.21 in chips) 
Seat 4: wALEXSANDRw ($1.06 in chips) 
Seat 5: urbyone ($2.31 in chips) 
Seat 6: ginolas69 ($2.03 in chips) 
Seat 7: Valsomething ($2.49 in chips) 
Seat 8: tiger33373 ($1.75 in chips) 
Seat 9: Dorex2007 ($2.14 in chips) 
ginolas69: posts small blind $0.01
Valsomething: posts big blind $0.02
davegoa: sits out 
*** HOLE CARDS ***
Dealt to Dorex2007 [Td Ad]
tiger33373: calls $0.02
Dorex2007: raises $0.04 to $0.06
bgabor420: calls $0.06
Trashomon: calls $0.06
wALEXSANDRw: calls $0.06
urbyone: folds 
ginolas69: folds 
Valsomething: folds 
tiger33373: calls $0.04
*** FLOP *** [6c 6h Jc]
tiger33373: checks 
Dorex2007: checks 
bgabor420: checks 
Trashomon: checks 
wALEXSANDRw: checks 
*** TURN *** [6c 6h Jc] [8c]
tiger33373: bets $0.32
Dorex2007: folds 
bgabor420: folds 
Trashomon: folds 
wALEXSANDRw: folds 
Uncalled bet ($0.32) returned to tiger33373
tiger33373 collected $0.32 from pot
tiger33373: doesn't show hand 
*** SUMMARY ***
Total pot $0.33 | Rake $0.01 
Board [6c 6h Jc 8c]
Seat 1: bgabor420 folded on the Turn
Seat 3: Trashomon folded on the Turn
Seat 4: wALEXSANDRw folded on the Turn
Seat 5: urbyone (button) folded before Flop (didn't bet)
Seat 6: ginolas69 (small blind) folded before Flop
Seat 7: Valsomething (big blind) folded before Flop
Seat 8: tiger33373 collected ($0.32)
Seat 9: Dorex2007 folded on the Turn



PokerStars Hand #234578007923:  Hold'em No Limit ($0.01/$0.02 USD) - 2022/03/05 9:10:49 PT [2022/03/05 12:10:49 ET]
Table 'Golia II' 9-max Seat #6 is the button
Seat 1: bgabor420 ($4.72 in chips) 
Seat 3: Trashomon ($1.15 in chips) 
Seat 4: wALEXSANDRw ($1 in chips) 
Seat 5: urbyone ($2.31 in chips) 
Seat 6: ginolas69 ($2.02 in chips) 
Seat 7: Valsomething ($2.47 in chips) 
Seat 8: tiger33373 ($2.01 in chips) 
Seat 9: Dorex2007 ($2.08 in chips) 
Valsomething: posts small blind $0.01
tiger33373: posts big blind $0.02
davegoa: sits out 
*** HOLE CARDS ***
Dealt to Dorex2007 [Qs 2c]
Dorex2007: folds 
bgabor420: folds 
Trashomon: calls $0.02
wALEXSANDRw: calls $0.02
urbyone: calls $0.02
ginolas69: calls $0.02
Valsomething: folds 
tiger33373: checks 
*** FLOP *** [Tc 5h 6d]
tiger33373: checks 
Trashomon: bets $0.06
wALEXSANDRw: folds 
urbyone: folds 
ginolas69: folds 
tiger33373: folds 
Uncalled bet ($0.06) returned to Trashomon
Trashomon collected $0.11 from pot
*** SUMMARY ***
Total pot $0.11 | Rake $0 
Board [Tc 5h 6d]
Seat 1: bgabor420 folded before Flop (didn't bet)
Seat 3: Trashomon collected ($0.11)
Seat 4: wALEXSANDRw folded on the Flop
Seat 5: urbyone folded on the Flop
Seat 6: ginolas69 (button) folded on the Flop
Seat 7: Valsomething (small blind) folded before Flop
Seat 8: tiger33373 (big blind) folded on the Flop
Seat 9: Dorex2007 folded before Flop (didn't bet)



PokerStars Hand #234578023600:  Hold'em No Limit ($0.01/$0.02 USD) - 2022/03/05 9:11:28 PT [2022/03/05 12:11:28 ET]
Table 'Golia II' 9-max Seat #7 is the button
Seat 1: bgabor420 ($4.72 in chips) 
Seat 3: Trashomon ($1.24 in chips) 
Seat 4: wALEXSANDRw ($1.78 in chips) 
Seat 5: urbyone ($2.29 in chips) 
Seat 6: ginolas69 ($2 in chips) 
Seat 7: Valsomething ($2.46 in chips) 
Seat 8: tiger33373 ($1.99 in chips) 
Seat 9: Dorex2007 ($2.08 in chips) 
tiger33373: posts small blind $0.01
Dorex2007: posts big blind $0.02
davegoa: sits out 
*** HOLE CARDS ***
Dealt to Dorex2007 [4c 5d]
bgabor420: folds 
Trashomon: calls $0.02
wALEXSANDRw: calls $0.02
urbyone: folds 
ginolas69: calls $0.02
Valsomething: folds 
tiger33373: calls $0.01
Dorex2007: checks 
*** FLOP *** [8c Ks Td]
tiger33373: bets $0.10
Dorex2007: folds 
Trashomon: folds 
wALEXSANDRw: folds 
ginolas69: folds 
Uncalled bet ($0.10) returned to tiger33373
tiger33373 collected $0.10 from pot
tiger33373: doesn't show hand 
*** SUMMARY ***
Total pot $0.10 | Rake $0 
Board [8c Ks Td]
Seat 1: bgabor420 folded before Flop (didn't bet)
Seat 3: Trashomon folded on the Flop
Seat 4: wALEXSANDRw folded on the Flop
Seat 5: urbyone folded before Flop (didn't bet)
Seat 6: ginolas69 folded on the Flop
Seat 7: Valsomething (button) folded before Flop (didn't bet)
Seat 8: tiger33373 (small blind) collected ($0.10)
Seat 9: Dorex2007 (big blind) folded on the Flop



PokerStars Hand #234578036838:  Hold'em No Limit ($0.01/$0.02 USD) - 2022/03/05 9:12:01 PT [2022/03/05 12:12:01 ET]
Table 'Golia II' 9-max Seat #8 is the button
Seat 1: bgabor420 ($4.72 in chips) 
Seat 3: Trashomon ($1.22 in chips) 
Seat 4: wALEXSANDRw ($1.76 in chips) 
Seat 5: urbyone ($2.29 in chips) 
Seat 6: ginolas69 ($1.98 in chips) 
Seat 7: Valsomething ($2.46 in chips) 
Seat 8: tiger33373 ($2.07 in chips) 
Seat 9: Dorex2007 ($2.06 in chips) 
Dorex2007: posts small blind $0.01
bgabor420: posts big blind $0.02
davegoa: sits out 
*** HOLE CARDS ***
Dealt to Dorex2007 [6d 5s]
Trashomon: folds 
wALEXSANDRw: folds 
urbyone: folds 
ginolas69: raises $0.02 to $0.04
Valsomething: calls $0.04
tiger33373: folds 
Dorex2007: folds 
bgabor420: folds 
*** FLOP *** [Jh 7s 9h]
ginolas69: checks 
Valsomething: checks 
*** TURN *** [Jh 7s 9h] [5d]
ginolas69: bets $0.02
Valsomething: calls $0.02
*** RIVER *** [Jh 7s 9h 5d] [Jc]
ginolas69: bets $0.02
Valsomething: folds 
Uncalled bet ($0.02) returned to ginolas69
ginolas69 collected $0.14 from pot
ginolas69: doesn't show hand 
*** SUMMARY ***
Total pot $0.15 | Rake $0.01 
Board [Jh 7s 9h 5d Jc]
Seat 1: bgabor420 (big blind) folded before Flop
Seat 3: Trashomon folded before Flop (didn't bet)
Seat 4: wALEXSANDRw folded before Flop (didn't bet)
Seat 5: urbyone folded before Flop (didn't bet)
Seat 6: ginolas69 collected ($0.14)
Seat 7: Valsomething folded on the River
Seat 8: tiger33373 (button) folded before Flop (didn't bet)
Seat 9: Dorex2007 (small blind) folded before Flop



PokerStars Hand #234578050261:  Hold'em No Limit ($0.01/$0.02 USD) - 2022/03/05 9:12:35 PT [2022/03/05 12:12:35 ET]
Table 'Golia II' 9-max Seat #9 is the button
Seat 1: bgabor420 ($4.70 in chips) 
Seat 2: davegoa ($2 in chips) 
Seat 3: Trashomon ($1.22 in chips) 
Seat 4: wALEXSANDRw ($1.76 in chips) 
Seat 5: urbyone ($2.29 in chips) 
Seat 6: ginolas69 ($2.06 in chips) 
Seat 7: Valsomething ($2.40 in chips) 
Seat 8: tiger33373 ($2.07 in chips) 
Seat 9: Dorex2007 ($2.05 in chips) 
bgabor420: posts small blind $0.01
davegoa: posts big blind $0.02
*** HOLE CARDS ***
Dealt to Dorex2007 [5c As]
Trashomon: folds 
wALEXSANDRw: folds 
urbyone: folds 
ginolas69: raises $0.04 to $0.06
Valsomething: folds 
tiger33373: calls $0.06
Dorex2007: folds 
bgabor420: folds 
davegoa: folds 
*** FLOP *** [9h Ah Ks]
ginolas69: checks 
tiger33373: checks 
*** TURN *** [9h Ah Ks] [8s]
ginolas69: checks 
tiger33373: checks 
*** RIVER *** [9h Ah Ks 8s] [Qd]
ginolas69: bets $0.02
tiger33373: folds 
Uncalled bet ($0.02) returned to ginolas69
ginolas69 collected $0.14 from pot
ginolas69: doesn't show hand 
*** SUMMARY ***
Total pot $0.15 | Rake $0.01 
Board [9h Ah Ks 8s Qd]
Seat 1: bgabor420 (small blind) folded before Flop
Seat 2: davegoa (big blind) folded before Flop
Seat 3: Trashomon folded before Flop (didn't bet)
Seat 4: wALEXSANDRw folded before Flop (didn't bet)
Seat 5: urbyone folded before Flop (didn't bet)
Seat 6: ginolas69 collected ($0.14)
Seat 7: Valsomething folded before Flop (didn't bet)
Seat 8: tiger33373 folded on the River
Seat 9: Dorex2007 (button) folded before Flop (didn't bet)



PokerStars Hand #234578065665:  Hold'em No Limit ($0.01/$0.02 USD) - 2022/03/05 9:13:13 PT [2022/03/05 12:13:13 ET]
Table 'Golia II' 9-max Seat #1 is the button
Seat 1: bgabor420 ($4.69 in chips) 
Seat 2: davegoa ($2 in chips) 
Seat 3: Trashomon ($1.22 in chips) 
Seat 4: wALEXSANDRw ($1.76 in chips) 
Seat 5: urbyone ($2.29 in chips) 
Seat 6: ginolas69 ($2.14 in chips) 
Seat 7: Valsomething ($2.40 in chips) 
Seat 8: tiger33373 ($2.01 in chips) 
Seat 9: Dorex2007 ($2.05 in chips) 
davegoa: posts small blind $0.01
Trashomon: posts big blind $0.02
*** HOLE CARDS ***
Dealt to Dorex2007 [Th Ac]
wALEXSANDRw: folds 
urbyone: folds 
ginolas69: folds 
Valsomething: folds 
tiger33373: calls $0.02
Dorex2007 has timed out
Dorex2007: folds 
bgabor420: folds 
davegoa: folds 
Trashomon: checks 
*** FLOP *** [Kc 7d 2c]
Trashomon: checks 
tiger33373: bets $0.12
Trashomon: folds 
Uncalled bet ($0.12) returned to tiger33373
tiger33373 collected $0.05 from pot
tiger33373: doesn't show hand 
*** SUMMARY ***
Total pot $0.05 | Rake $0 
Board [Kc 7d 2c]
Seat 1: bgabor420 (button) folded before Flop (didn't bet)
Seat 2: davegoa (small blind) folded before Flop
Seat 3: Trashomon (big blind) folded on the Flop
Seat 4: wALEXSANDRw folded before Flop (didn't bet)
Seat 5: urbyone folded before Flop (didn't bet)
Seat 6: ginolas69 folded before Flop (didn't bet)
Seat 7: Valsomething folded before Flop (didn't bet)
Seat 8: tiger33373 collected ($0.05)
Seat 9: Dorex2007 folded before Flop (didn't bet)



PokerStars Hand #234578083235:  Hold'em No Limit ($0.01/$0.02 USD) - 2022/03/05 9:13:56 PT [2022/03/05 12:13:56 ET]
Table 'Golia II' 9-max Seat #2 is the button
Seat 1: bgabor420 ($4.69 in chips) 
Seat 2: davegoa ($2 in chips) 
Seat 3: Trashomon ($1.20 in chips) 
Seat 4: wALEXSANDRw ($1.76 in chips) 
Seat 5: urbyone ($2.29 in chips) 
Seat 6: ginolas69 ($2.14 in chips) 
Seat 7: Valsomething ($2.40 in chips) 
Seat 8: tiger33373 ($2.04 in chips) 
Seat 9: Dorex2007 ($2.05 in chips) 
Trashomon: posts small blind $0.01
wALEXSANDRw: posts big blind $0.02
*** HOLE CARDS ***
Dealt to Dorex2007 [Th 9d]
urbyone: folds 
ginolas69: folds 
Valsomething: folds 
tiger33373: folds 
Dorex2007: folds 
bgabor420: folds 
davegoa: folds 
Trashomon: calls $0.01
wALEXSANDRw: checks 
*** FLOP *** [Ah Qd Ad]
Trashomon: checks 
wALEXSANDRw: checks 
*** TURN *** [Ah Qd Ad] [5h]
Trashomon: bets $0.04
wALEXSANDRw: folds 
Uncalled bet ($0.04) returned to Trashomon
Trashomon collected $0.04 from pot
*** SUMMARY ***
Total pot $0.04 | Rake $0 
Board [Ah Qd Ad 5h]
Seat 1: bgabor420 folded before Flop (didn't bet)
Seat 2: davegoa (button) folded before Flop (didn't bet)
Seat 3: Trashomon (small blind) collected ($0.04)
Seat 4: wALEXSANDRw (big blind) folded on the Turn
Seat 5: urbyone folded before Flop (didn't bet)
Seat 6: ginolas69 folded before Flop (didn't bet)
Seat 7: Valsomething folded before Flop (didn't bet)
Seat 8: tiger33373 folded before Flop (didn't bet)
Seat 9: Dorex2007 folded before Flop (didn't bet)



PokerStars Hand #234578096433:  Hold'em No Limit ($0.01/$0.02 USD) - 2022/03/05 9:14:29 PT [2022/03/05 12:14:29 ET]
Table 'Golia II' 9-max Seat #3 is the button
Seat 1: bgabor420 ($4.69 in chips) 
Seat 2: davegoa ($2 in chips) 
Seat 3: Trashomon ($1.22 in chips) 
Seat 4: wALEXSANDRw ($1.74 in chips) 
Seat 5: urbyone ($2.29 in chips) 
Seat 6: ginolas69 ($2.14 in chips) 
Seat 7: Valsomething ($2.40 in chips) 
Seat 8: tiger33373 ($2.04 in chips) 
Seat 9: Dorex2007 ($2.05 in chips) 
wALEXSANDRw: posts small blind $0.01
urbyone: posts big blind $0.02
*** HOLE CARDS ***
Dealt to Dorex2007 [Jh 3s]
ginolas69: folds 
Valsomething: folds 
tiger33373: calls $0.02
Dorex2007: folds 
bgabor420: folds 
davegoa: folds 
Trashomon: calls $0.02
wALEXSANDRw: calls $0.01
urbyone: checks 
*** FLOP *** [3c 5d 6h]
wALEXSANDRw: checks 
urbyone: checks 
tiger33373: checks 
Trashomon: bets $0.08
wALEXSANDRw: folds 
urbyone: folds 
tiger33373: calls $0.08
*** TURN *** [3c 5d 6h] [8h]
tiger33373: checks 
Trashomon: checks 
*** RIVER *** [3c 5d 6h 8h] [4s]
tiger33373: bets $0.12
Trashomon: calls $0.12
*** SHOW DOWN ***
tiger33373: shows [5s Qh] (a pair of Fives)
Trashomon: shows [6d 4d] (two pair, Sixes and Fours)
Trashomon collected $0.46 from pot
*** SUMMARY ***
Total pot $0.48 | Rake $0.02 
Board [3c 5d 6h 8h 4s]
Seat 1: bgabor420 folded before Flop (didn't bet)
Seat 2: davegoa folded before Flop (didn't bet)
Seat 3: Trashomon (button) showed [6d 4d] and won ($0.46) with two pair, Sixes and Fours
Seat 4: wALEXSANDRw (small blind) folded on the Flop
Seat 5: urbyone (big blind) folded on the Flop
Seat 6: ginolas69 folded before Flop (didn't bet)
Seat 7: Valsomething folded before Flop (didn't bet)
Seat 8: tiger33373 showed [5s Qh] and lost with a pair of Fives
Seat 9: Dorex2007 folded before Flop (didn't bet)



PokerStars Hand #234578117159:  Hold'em No Limit ($0.01/$0.02 USD) - 2022/03/05 9:15:18 PT [2022/03/05 12:15:18 ET]
Table 'Golia II' 9-max Seat #4 is the button
Seat 1: bgabor420 ($4.69 in chips) 
Seat 2: davegoa ($2 in chips) 
Seat 3: Trashomon ($1.46 in chips) 
Seat 4: wALEXSANDRw ($1.72 in chips) 
Seat 5: urbyone ($2.27 in chips) 
Seat 6: ginolas69 ($2.14 in chips) 
Seat 7: Valsomething ($2.40 in chips) 
Seat 8: tiger33373 ($1.82 in chips) 
Seat 9: Dorex2007 ($2.05 in chips) 
urbyone: posts small blind $0.01
ginolas69: posts big blind $0.02
*** HOLE CARDS ***
Dealt to Dorex2007 [2c 4s]
Valsomething: folds 
tiger33373: folds 
Dorex2007: folds 
bgabor420: raises $0.06 to $0.08
davegoa: folds 
Trashomon: folds 
wALEXSANDRw: folds 
urbyone: folds 
ginolas69: calls $0.06
*** FLOP *** [8d Td Qh]
ginolas69: checks 
bgabor420: bets $0.10
ginolas69: folds 
Uncalled bet ($0.10) returned to bgabor420
bgabor420 collected $0.16 from pot
bgabor420: doesn't show hand 
*** SUMMARY ***
Total pot $0.17 | Rake $0.01 
Board [8d Td Qh]
Seat 1: bgabor420 collected ($0.16)
Seat 2: davegoa folded before Flop (didn't bet)
Seat 3: Trashomon folded before Flop (didn't bet)
Seat 4: wALEXSANDRw (button) folded before Flop (didn't bet)
Seat 5: urbyone (small blind) folded before Flop
Seat 6: ginolas69 (big blind) folded on the Flop
Seat 7: Valsomething folded before Flop (didn't bet)
Seat 8: tiger33373 folded before Flop (didn't bet)
Seat 9: Dorex2007 folded before Flop (didn't bet)



PokerStars Hand #234578134385:  Hold'em No Limit ($0.01/$0.02 USD) - 2022/03/05 9:16:01 PT [2022/03/05 12:16:01 ET]
Table 'Golia II' 9-max Seat #5 is the button
Seat 1: bgabor420 ($4.77 in chips) 
Seat 2: davegoa ($2 in chips) 
Seat 3: Trashomon ($1.46 in chips) 
Seat 4: wALEXSANDRw ($1.72 in chips) 
Seat 5: urbyone ($2.26 in chips) 
Seat 6: ginolas69 ($2.06 in chips) 
Seat 7: Valsomething ($2.40 in chips) 
Seat 8: tiger33373 ($1.82 in chips) 
Seat 9: Dorex2007 ($2.05 in chips) 
ginolas69: posts small blind $0.01
Valsomething: posts big blind $0.02
*** HOLE CARDS ***
Dealt to Dorex2007 [8c 4s]
tiger33373: calls $0.02
Dorex2007: folds 
bgabor420: folds 
davegoa: folds 
Trashomon: folds 
wALEXSANDRw: calls $0.02
urbyone: calls $0.02
ginolas69: calls $0.01
Valsomething: checks 
*** FLOP *** [2c Ah 2h]
ginolas69: checks 
Valsomething: checks 
tiger33373: checks 
wALEXSANDRw: checks 
urbyone: checks 
*** TURN *** [2c Ah 2h] [7h]
ginolas69: bets $0.02
Valsomething: folds 
tiger33373: calls $0.02
wALEXSANDRw: calls $0.02
urbyone: raises $0.10 to $0.12
ginolas69: folds 
tiger33373: calls $0.10
wALEXSANDRw: calls $0.10
*** RIVER *** [2c Ah 2h 7h] [Td]
tiger33373: checks 
wALEXSANDRw: bets $0.08
urbyone: raises $0.32 to $0.40
tiger33373: folds 
wALEXSANDRw: folds 
Uncalled bet ($0.32) returned to urbyone
urbyone collected $0.62 from pot
urbyone: doesn't show hand 
*** SUMMARY ***
Total pot $0.64 | Rake $0.02 
Board [2c Ah 2h 7h Td]
Seat 1: bgabor420 folded before Flop (didn't bet)
Seat 2: davegoa folded before Flop (didn't bet)
Seat 3: Trashomon folded before Flop (didn't bet)
Seat 4: wALEXSANDRw folded on the River
Seat 5: urbyone (button) collected ($0.62)
Seat 6: ginolas69 (small blind) folded on the Turn
Seat 7: Valsomething (big blind) folded on the Turn
Seat 8: tiger33373 folded on the River
Seat 9: Dorex2007 folded before Flop (didn't bet)



PokerStars Hand #234578167437:  Hold'em No Limit ($0.01/$0.02 USD) - 2022/03/05 9:17:20 PT [2022/03/05 12:17:20 ET]
Table 'Golia II' 9-max Seat #6 is the button
Seat 1: bgabor420 ($4.77 in chips) 
Seat 2: davegoa ($2 in chips) 
Seat 3: Trashomon ($1.46 in chips) 
Seat 4: wALEXSANDRw ($1.50 in chips) 
Seat 5: urbyone ($2.66 in chips) 
Seat 6: ginolas69 ($2.02 in chips) 
Seat 7: Valsomething ($2.38 in chips) 
Seat 8: tiger33373 ($1.68 in chips) 
Seat 9: Dorex2007 ($2.05 in chips) 
Valsomething: posts small blind $0.01
tiger33373: posts big blind $0.02
*** HOLE CARDS ***
Dealt to Dorex2007 [6h Qs]
Dorex2007: folds 
bgabor420: folds 
davegoa: folds 
Trashomon: folds 
wALEXSANDRw: folds 
urbyone: folds 
ginolas69: raises $0.02 to $0.04
Valsomething: folds 
tiger33373: calls $0.02
*** FLOP *** [Ah Jd 6s]
tiger33373: checks 
ginolas69: checks 
*** TURN *** [Ah Jd 6s] [Kh]
tiger33373: checks 
ginolas69: checks 
*** RIVER *** [Ah Jd 6s Kh] [Td]
tiger33373: checks 
ginolas69: checks 
*** SHOW DOWN ***
tiger33373: shows [6c 7s] (a pair of Sixes)
ginolas69: shows [2s Ts] (a pair of Tens)
ginolas69 collected $0.09 from pot
*** SUMMARY ***
Total pot $0.09 | Rake $0 
Board [Ah Jd 6s Kh Td]
Seat 1: bgabor420 folded before Flop (didn't bet)
Seat 2: davegoa folded before Flop (didn't bet)
Seat 3: Trashomon folded before Flop (didn't bet)
Seat 4: wALEXSANDRw folded before Flop (didn't bet)
Seat 5: urbyone folded before Flop (didn't bet)
Seat 6: ginolas69 (button) showed [2s Ts] and won ($0.09) with a pair of Tens
Seat 7: Valsomething (small blind) folded before Flop
Seat 8: tiger33373 (big blind) showed [6c 7s] and lost with a pair of Sixes
Seat 9: Dorex2007 folded before Flop (didn't bet)



PokerStars Hand #234578182964:  Hold'em No Limit ($0.01/$0.02 USD) - 2022/03/05 9:17:57 PT [2022/03/05 12:17:57 ET]
Table 'Golia II' 9-max Seat #7 is the button
Seat 1: bgabor420 ($4.77 in chips) 
Seat 2: davegoa ($2 in chips) 
Seat 3: Trashomon ($1.46 in chips) 
Seat 4: wALEXSANDRw ($1.50 in chips) 
Seat 5: urbyone ($2.66 in chips) 
Seat 6: ginolas69 ($2.07 in chips) 
Seat 7: Valsomething ($2.37 in chips) 
Seat 8: tiger33373 ($1.64 in chips) 
Seat 9: Dorex2007 ($2.05 in chips) 
tiger33373: posts small blind $0.01
Dorex2007: posts big blind $0.02
*** HOLE CARDS ***
Dealt to Dorex2007 [8c 8s]
bgabor420: folds 
davegoa: folds 
Trashomon: folds 
wALEXSANDRw: raises $0.04 to $0.06
urbyone: calls $0.06
ginolas69: calls $0.06
Valsomething: folds 
tiger33373: calls $0.05
Dorex2007: calls $0.04
*** FLOP *** [Jc 3h Th]
tiger33373: checks 
Dorex2007: checks 
wALEXSANDRw: checks 
urbyone: checks 
ginolas69: checks 
*** TURN *** [Jc 3h Th] [Kd]
tiger33373: checks 
Dorex2007: checks 
wALEXSANDRw: checks 
urbyone: bets $0.22
ginolas69: folds 
tiger33373: folds 
Dorex2007: folds 
wALEXSANDRw: folds 
Uncalled bet ($0.22) returned to urbyone
urbyone collected $0.29 from pot
urbyone: doesn't show hand 
*** SUMMARY ***
Total pot $0.30 | Rake $0.01 
Board [Jc 3h Th Kd]
Seat 1: bgabor420 folded before Flop (didn't bet)
Seat 2: davegoa folded before Flop (didn't bet)
Seat 3: Trashomon folded before Flop (didn't bet)
Seat 4: wALEXSANDRw folded on the Turn
Seat 5: urbyone collected ($0.29)
Seat 6: ginolas69 folded on the Turn
Seat 7: Valsomething (button) folded before Flop (didn't bet)
Seat 8: tiger33373 (small blind) folded on the Turn
Seat 9: Dorex2007 (big blind) folded on the Turn



PokerStars Hand #234578208431:  Hold'em No Limit ($0.01/$0.02 USD) - 2022/03/05 9:18:59 PT [2022/03/05 12:18:59 ET]
Table 'Golia II' 9-max Seat #8 is the button
Seat 1: bgabor420 ($4.77 in chips) 
Seat 2: davegoa ($2 in chips) 
Seat 3: Trashomon ($1.46 in chips) 
Seat 4: wALEXSANDRw ($1.44 in chips) 
Seat 5: urbyone ($2.89 in chips) 
Seat 6: ginolas69 ($2.01 in chips) 
Seat 7: Valsomething ($2.37 in chips) 
Seat 8: tiger33373 ($1.58 in chips) 
Seat 9: Dorex2007 ($2 in chips) 
Dorex2007: posts small blind $0.01
bgabor420: posts big blind $0.02
*** HOLE CARDS ***
Dealt to Dorex2007 [5s 4h]
davegoa: raises $0.04 to $0.06
Trashomon: folds 
wALEXSANDRw: folds 
urbyone: folds 
ginolas69: calls $0.06
Valsomething: folds 
tiger33373: calls $0.06
Dorex2007: folds 
bgabor420: folds 
*** FLOP *** [9s 2h 7c]
davegoa: bets $0.10
ginolas69: folds 
tiger33373: calls $0.10
*** TURN *** [9s 2h 7c] [Ts]
davegoa: bets $0.15
tiger33373: calls $0.15
*** RIVER *** [9s 2h 7c Ts] [Ks]
davegoa: bets $0.05
tiger33373: calls $0.05
*** SHOW DOWN ***
davegoa: shows [Qh Qd] (a pair of Queens)
tiger33373: mucks hand 
davegoa collected $0.78 from pot
*** SUMMARY ***
Total pot $0.81 | Rake $0.03 
Board [9s 2h 7c Ts Ks]
Seat 1: bgabor420 (big blind) folded before Flop
Seat 2: davegoa showed [Qh Qd] and won ($0.78) with a pair of Queens
Seat 3: Trashomon folded before Flop (didn't bet)
Seat 4: wALEXSANDRw folded before Flop (didn't bet)
Seat 5: urbyone folded before Flop (didn't bet)
Seat 6: ginolas69 folded on the Flop
Seat 7: Valsomething folded before Flop (didn't bet)
Seat 8: tiger33373 (button) mucked [6d 9c]
Seat 9: Dorex2007 (small blind) folded before Flop



PokerStars Hand #234578226390:  Hold'em No Limit ($0.01/$0.02 USD) - 2022/03/05 9:19:42 PT [2022/03/05 12:19:42 ET]
Table 'Golia II' 9-max Seat #9 is the button
Seat 1: bgabor420 ($4.75 in chips) 
Seat 3: Trashomon ($1.46 in chips) 
Seat 4: wALEXSANDRw ($1.44 in chips) 
Seat 5: urbyone ($2.89 in chips) 
Seat 6: ginolas69 ($1.95 in chips) 
Seat 7: Valsomething ($2.37 in chips) 
Seat 8: tiger33373 ($1.22 in chips) 
Seat 9: Dorex2007 ($2 in chips) 
bgabor420: posts small blind $0.01
davegoa: is sitting out 
Trashomon: posts big blind $0.02
*** HOLE CARDS ***
Dealt to Dorex2007 [Kd 6h]
davegoa leaves the table
wALEXSANDRw: calls $0.02
urbyone: folds 
ginolas69: raises $0.06 to $0.08
Valsomething: folds 
tiger33373: calls $0.08
Dorex2007: folds 
bgabor420: folds 
Trashomon: folds 
wALEXSANDRw: calls $0.06
*** FLOP *** [Ks 2c Th]
wALEXSANDRw: checks 
VKim_V joins the table at seat #2 
ginolas69: checks 
tiger33373: bets $0.26
wALEXSANDRw: folds 
ginolas69: folds 
Uncalled bet ($0.26) returned to tiger33373
tiger33373 collected $0.26 from pot
tiger33373: doesn't show hand 
*** SUMMARY ***
Total pot $0.27 | Rake $0.01 
Board [Ks 2c Th]
Seat 1: bgabor420 (small blind) folded before Flop
Seat 3: Trashomon (big blind) folded before Flop
Seat 4: wALEXSANDRw folded on the Flop
Seat 5: urbyone folded before Flop (didn't bet)
Seat 6: ginolas69 folded on the Flop
Seat 7: Valsomething folded before Flop (didn't bet)
Seat 8: tiger33373 collected ($0.26)
Seat 9: Dorex2007 (button) folded before Flop (didn't bet)



PokerStars Hand #234578242447:  Hold'em No Limit ($0.01/$0.02 USD) - 2022/03/05 9:20:21 PT [2022/03/05 12:20:21 ET]
Table 'Golia II' 9-max Seat #1 is the button
Seat 1: bgabor420 ($4.74 in chips) 
Seat 3: Trashomon ($1.44 in chips) 
Seat 4: wALEXSANDRw ($1.36 in chips) 
Seat 5: urbyone ($2.89 in chips) 
Seat 6: ginolas69 ($1.87 in chips) 
Seat 7: Valsomething ($2.37 in chips) 
Seat 8: tiger33373 ($1.40 in chips) 
Seat 9: Dorex2007 ($2 in chips) 
Trashomon: posts small blind $0.01
wALEXSANDRw: posts big blind $0.02
*** HOLE CARDS ***
Dealt to Dorex2007 [8c 4d]
urbyone: folds 
ginolas69: calls $0.02
Valsomething: folds 
tiger33373: calls $0.02
Dorex2007: folds 
bgabor420: folds 
Trashomon: calls $0.01
wALEXSANDRw: checks 
*** FLOP *** [7d As Ks]
Trashomon: checks 
wALEXSANDRw: checks 
ginolas69: checks 
tiger33373: checks 
*** TURN *** [7d As Ks] [5d]
Trashomon: bets $0.04
wALEXSANDRw: calls $0.04
ginolas69: folds 
tiger33373: calls $0.04
*** RIVER *** [7d As Ks 5d] [2s]
Trashomon: checks 
wALEXSANDRw: checks 
tiger33373: bets $0.50
Trashomon: folds 
wALEXSANDRw: folds 
Uncalled bet ($0.50) returned to tiger33373
tiger33373 collected $0.19 from pot
tiger33373: doesn't show hand 
*** SUMMARY ***
Total pot $0.20 | Rake $0.01 
Board [7d As Ks 5d 2s]
Seat 1: bgabor420 (button) folded before Flop (didn't bet)
Seat 3: Trashomon (small blind) folded on the River
Seat 4: wALEXSANDRw (big blind) folded on the River
Seat 5: urbyone folded before Flop (didn't bet)
Seat 6: ginolas69 folded on the Turn
Seat 7: Valsomething folded before Flop (didn't bet)
Seat 8: tiger33373 collected ($0.19)
Seat 9: Dorex2007 folded before Flop (didn't bet)



PokerStars Hand #234578305415:  Hold'em No Limit ($0.01/$0.02 USD) - 2022/03/05 9:22:47 PT [2022/03/05 12:22:47 ET]
Table 'Golia II' 9-max Seat #4 is the button
Seat 1: bgabor420 ($4.74 in chips) 
Seat 3: Trashomon ($1.34 in chips) 
Seat 4: wALEXSANDRw ($1.90 in chips) 
Seat 5: urbyone ($2.87 in chips) 
Seat 6: ginolas69 ($1.98 in chips) 
Seat 7: Valsomething ($2.37 in chips) 
Seat 8: tiger33373 ($1.49 in chips) 
Seat 9: Dorex2007 ($2 in chips) 
urbyone: posts small blind $0.01
ginolas69: posts big blind $0.02
VKim_V: sits out 
*** HOLE CARDS ***
Dealt to Dorex2007 [4s As]
Valsomething: folds 
tiger33373: calls $0.02
Dorex2007: folds 
bgabor420: folds 
Trashomon: folds 
wALEXSANDRw: folds 
urbyone: folds 
ginolas69: checks 
*** FLOP *** [3d Qc Qd]
ginolas69: bets $0.02
tiger33373: folds 
Uncalled bet ($0.02) returned to ginolas69
ginolas69 collected $0.05 from pot
ginolas69: doesn't show hand 
*** SUMMARY ***
Total pot $0.05 | Rake $0 
Board [3d Qc Qd]
Seat 1: bgabor420 folded before Flop (didn't bet)
Seat 3: Trashomon folded before Flop (didn't bet)
Seat 4: wALEXSANDRw (button) folded before Flop (didn't bet)
Seat 5: urbyone (small blind) folded before Flop
Seat 6: ginolas69 (big blind) collected ($0.05)
Seat 7: Valsomething folded before Flop (didn't bet)
Seat 8: tiger33373 folded on the Flop
Seat 9: Dorex2007 folded before Flop (didn't bet)



PokerStars Hand #234578315867:  Hold'em No Limit ($0.01/$0.02 USD) - 2022/03/05 9:23:12 PT [2022/03/05 12:23:12 ET]
Table 'Golia II' 9-max Seat #5 is the button
Seat 1: bgabor420 ($4.74 in chips) 
Seat 3: Trashomon ($1.34 in chips) 
Seat 4: wALEXSANDRw ($1.90 in chips) 
Seat 5: urbyone ($2.86 in chips) 
Seat 6: ginolas69 ($2.01 in chips) 
Seat 7: Valsomething ($2.37 in chips) 
Seat 8: tiger33373 ($1.47 in chips) 
Seat 9: Dorex2007 ($2 in chips) 
ginolas69: posts small blind $0.01
Valsomething: posts big blind $0.02
VKim_V: sits out 
*** HOLE CARDS ***
Dealt to Dorex2007 [Ts 4h]
tiger33373: calls $0.02
Dorex2007: folds 
bgabor420: raises $0.08 to $0.10
Trashomon: folds 
wALEXSANDRw: folds 
urbyone: folds 
ginolas69: folds 
Valsomething: folds 
tiger33373: calls $0.08
*** FLOP *** [8c 9s 7h]
tiger33373: checks 
bgabor420: bets $0.14
tiger33373: folds 
Uncalled bet ($0.14) returned to bgabor420
bgabor420 collected $0.22 from pot
bgabor420: doesn't show hand 
*** SUMMARY ***
Total pot $0.23 | Rake $0.01 
Board [8c 9s 7h]
Seat 1: bgabor420 collected ($0.22)
Seat 3: Trashomon folded before Flop (didn't bet)
Seat 4: wALEXSANDRw folded before Flop (didn't bet)
Seat 5: urbyone (button) folded before Flop (didn't bet)
Seat 6: ginolas69 (small blind) folded before Flop
Seat 7: Valsomething (big blind) folded before Flop
Seat 8: tiger33373 folded on the Flop
Seat 9: Dorex2007 folded before Flop (didn't bet)



PokerStars Hand #234578333974:  Hold'em No Limit ($0.01/$0.02 USD) - 2022/03/05 9:23:56 PT [2022/03/05 12:23:56 ET]
Table 'Golia II' 9-max Seat #6 is the button
Seat 1: bgabor420 ($4.86 in chips) 
Seat 3: Trashomon ($1.34 in chips) 
Seat 4: wALEXSANDRw ($1.90 in chips) 
Seat 5: urbyone ($2.86 in chips) 
Seat 6: ginolas69 ($2 in chips) 
Seat 7: Valsomething ($2.35 in chips) 
Seat 8: tiger33373 ($1.37 in chips) 
Seat 9: Dorex2007 ($2 in chips) 
Valsomething: posts small blind $0.01
tiger33373: posts big blind $0.02
VKim_V: sits out 
*** HOLE CARDS ***
Dealt to Dorex2007 [Jc 2s]
Dorex2007: folds 
bgabor420: folds 
Trashomon: folds 
wALEXSANDRw: folds 
urbyone: raises $0.04 to $0.06
ginolas69: calls $0.06
Valsomething: folds 
tiger33373: calls $0.04
*** FLOP *** [Ac 9s 7c]
tiger33373: checks 
urbyone: bets $0.14
ginolas69: folds 
tiger33373: folds 
Uncalled bet ($0.14) returned to urbyone
urbyone collected $0.18 from pot
urbyone: doesn't show hand 
*** SUMMARY ***
Total pot $0.19 | Rake $0.01 
Board [Ac 9s 7c]
Seat 1: bgabor420 folded before Flop (didn't bet)
Seat 3: Trashomon folded before Flop (didn't bet)
Seat 4: wALEXSANDRw folded before Flop (didn't bet)
Seat 5: urbyone collected ($0.18)
Seat 6: ginolas69 (button) folded on the Flop
Seat 7: Valsomething (small blind) folded before Flop
Seat 8: tiger33373 (big blind) folded on the Flop
Seat 9: Dorex2007 folded before Flop (didn't bet)



PokerStars Hand #234578354068:  Hold'em No Limit ($0.01/$0.02 USD) - 2022/03/05 9:24:45 PT [2022/03/05 12:24:45 ET]
Table 'Golia II' 9-max Seat #7 is the button
Seat 1: bgabor420 ($4.86 in chips) 
Seat 3: Trashomon ($1.34 in chips) 
Seat 4: wALEXSANDRw ($1.90 in chips) 
Seat 5: urbyone ($2.98 in chips) 
Seat 6: ginolas69 ($1.94 in chips) 
Seat 7: Valsomething ($2.34 in chips) 
Seat 8: tiger33373 ($1.31 in chips) 
Seat 9: Dorex2007 ($2 in chips) 
tiger33373: posts small blind $0.01
Dorex2007: posts big blind $0.02
VKim_V: sits out 
*** HOLE CARDS ***
Dealt to Dorex2007 [8c 5c]
bgabor420: folds 
Trashomon: folds 
wALEXSANDRw: raises $0.04 to $0.06
urbyone: folds 
ginolas69: calls $0.06
Valsomething: folds 
tiger33373: calls $0.05
Dorex2007: folds 
*** FLOP *** [As 3s 4c]
tiger33373: checks 
wALEXSANDRw: checks 
ginolas69: bets $0.10
tiger33373: folds 
wALEXSANDRw: folds 
Uncalled bet ($0.10) returned to ginolas69
ginolas69 collected $0.19 from pot
ginolas69: doesn't show hand 
*** SUMMARY ***
Total pot $0.20 | Rake $0.01 
Board [As 3s 4c]
Seat 1: bgabor420 folded before Flop (didn't bet)
Seat 3: Trashomon folded before Flop (didn't bet)
Seat 4: wALEXSANDRw folded on the Flop
Seat 5: urbyone folded before Flop (didn't bet)
Seat 6: ginolas69 collected ($0.19)
Seat 7: Valsomething (button) folded before Flop (didn't bet)
Seat 8: tiger33373 (small blind) folded on the Flop
Seat 9: Dorex2007 (big blind) folded before Flop



PokerStars Hand #234578371333:  Hold'em No Limit ($0.01/$0.02 USD) - 2022/03/05 9:25:27 PT [2022/03/05 12:25:27 ET]
Table 'Golia II' 9-max Seat #8 is the button
Seat 1: bgabor420 ($4.86 in chips) 
Seat 3: Trashomon ($1.34 in chips) 
Seat 4: wALEXSANDRw ($1.84 in chips) 
Seat 5: urbyone ($2.98 in chips) 
Seat 6: ginolas69 ($2.07 in chips) 
Seat 7: Valsomething ($2.34 in chips) 
Seat 8: tiger33373 ($1.25 in chips) 
Seat 9: Dorex2007 ($2 in chips) 
Dorex2007: posts small blind $0.01
bgabor420: posts big blind $0.02
VKim_V: sits out 
*** HOLE CARDS ***
Dealt to Dorex2007 [9d 8s]
Trashomon: calls $0.02
wALEXSANDRw: calls $0.02
urbyone: folds 
ginolas69: raises $0.02 to $0.04
Valsomething: raises $0.08 to $0.12
tiger33373: calls $0.12
Dorex2007: folds 
bgabor420: folds 
Trashomon: folds 
wALEXSANDRw: folds 
ginolas69: calls $0.08
*** FLOP *** [Qh 2c 7d]
ginolas69: checks 
Valsomething: bets $0.21
tiger33373: calls $0.21
ginolas69: folds 
*** TURN *** [Qh 2c 7d] [6c]
Valsomething: checks 
tiger33373: bets $0.82
Valsomething: folds 
Uncalled bet ($0.82) returned to tiger33373
tiger33373 collected $0.82 from pot
tiger33373: doesn't show hand 
*** SUMMARY ***
Total pot $0.85 | Rake $0.03 
Board [Qh 2c 7d 6c]
Seat 1: bgabor420 (big blind) folded before Flop
Seat 3: Trashomon folded before Flop
Seat 4: wALEXSANDRw folded before Flop
Seat 5: urbyone folded before Flop (didn't bet)
Seat 6: ginolas69 folded on the Flop
Seat 7: Valsomething folded on the Turn
Seat 8: tiger33373 (button) collected ($0.82)
Seat 9: Dorex2007 (small blind) folded before Flop



PokerStars Hand #234578414533:  Hold'em No Limit ($0.01/$0.02 USD) - 2022/03/05 9:27:10 PT [2022/03/05 12:27:10 ET]
Table 'Golia II' 9-max Seat #9 is the button
Seat 1: bgabor420 ($4.84 in chips) 
Seat 2: VKim_V ($1.60 in chips) 
Seat 3: Trashomon ($1.32 in chips) 
Seat 4: wALEXSANDRw ($1.82 in chips) 
Seat 5: urbyone ($2.98 in chips) 
Seat 6: ginolas69 ($1.95 in chips) 
Seat 7: Valsomething ($2.01 in chips) 
Seat 8: tiger33373 ($1.74 in chips) 
Seat 9: Dorex2007 ($2 in chips) 
bgabor420: posts small blind $0.01
VKim_V: posts big blind $0.02
*** HOLE CARDS ***
Dealt to Dorex2007 [As 7c]
Trashomon: folds 
wALEXSANDRw: folds 
urbyone: raises $0.04 to $0.06
ginolas69: folds 
Valsomething: calls $0.06
tiger33373: folds 
Dorex2007: folds 
bgabor420: folds 
VKim_V: folds 
*** FLOP *** [9d 4c 4h]
urbyone: bets $0.08
Valsomething: calls $0.08
*** TURN *** [9d 4c 4h] [4s]
urbyone: bets $0.20
Valsomething: folds 
Uncalled bet ($0.20) returned to urbyone
urbyone collected $0.30 from pot
urbyone: doesn't show hand 
*** SUMMARY ***
Total pot $0.31 | Rake $0.01 
Board [9d 4c 4h 4s]
Seat 1: bgabor420 (small blind) folded before Flop
Seat 2: VKim_V (big blind) folded before Flop
Seat 3: Trashomon folded before Flop (didn't bet)
Seat 4: wALEXSANDRw folded before Flop (didn't bet)
Seat 5: urbyone collected ($0.30)
Seat 6: ginolas69 folded before Flop (didn't bet)
Seat 7: Valsomething folded on the Turn
Seat 8: tiger33373 folded before Flop (didn't bet)
Seat 9: Dorex2007 (button) folded before Flop (didn't bet)



PokerStars Hand #234578433261:  Hold'em No Limit ($0.01/$0.02 USD) - 2022/03/05 9:27:54 PT [2022/03/05 12:27:54 ET]
Table 'Golia II' 9-max Seat #1 is the button
Seat 1: bgabor420 ($4.83 in chips) 
Seat 2: VKim_V ($1.58 in chips) 
Seat 3: Trashomon ($1.32 in chips) 
Seat 4: wALEXSANDRw ($1.82 in chips) 
Seat 5: urbyone ($3.14 in chips) 
Seat 6: ginolas69 ($1.95 in chips) 
Seat 7: Valsomething ($1.87 in chips) 
Seat 8: tiger33373 ($1.74 in chips) 
Seat 9: Dorex2007 ($2 in chips) 
VKim_V: posts small blind $0.01
Trashomon: posts big blind $0.02
*** HOLE CARDS ***
Dealt to Dorex2007 [5d 8h]
wALEXSANDRw has timed out
wALEXSANDRw: folds 
urbyone: folds 
ginolas69: folds 
Valsomething: folds 
tiger33373: calls $0.02
Dorex2007: folds 
bgabor420: raises $0.08 to $0.10
VKim_V: calls $0.09
Trashomon: folds 
tiger33373: calls $0.08
*** FLOP *** [2h 3s Qd]
VKim_V: bets $0.15
tiger33373: folds 
bgabor420: folds 
Uncalled bet ($0.15) returned to VKim_V
VKim_V collected $0.31 from pot
VKim_V: doesn't show hand 
*** SUMMARY ***
Total pot $0.32 | Rake $0.01 
Board [2h 3s Qd]
Seat 1: bgabor420 (button) folded on the Flop
Seat 2: VKim_V (small blind) collected ($0.31)
Seat 3: Trashomon (big blind) folded before Flop
Seat 4: wALEXSANDRw folded before Flop (didn't bet)
Seat 5: urbyone folded before Flop (didn't bet)
Seat 6: ginolas69 folded before Flop (didn't bet)
Seat 7: Valsomething folded before Flop (didn't bet)
Seat 8: tiger33373 folded on the Flop
Seat 9: Dorex2007 folded before Flop (didn't bet)



PokerStars Hand #234578463952:  Hold'em No Limit ($0.01/$0.02 USD) - 2022/03/05 9:28:47 PT [2022/03/05 12:28:47 ET]
Table 'Golia II' 9-max Seat #2 is the button
Seat 1: bgabor420 ($4.73 in chips) 
Seat 2: VKim_V ($1.79 in chips) 
Seat 3: Trashomon ($1.30 in chips) 
Seat 4: wALEXSANDRw ($1.82 in chips) 
Seat 5: urbyone ($3.14 in chips) 
Seat 6: ginolas69 ($1.95 in chips) 
Seat 7: Valsomething ($1.87 in chips) 
Seat 8: tiger33373 ($1.64 in chips) 
Seat 9: Dorex2007 ($2 in chips) 
Trashomon: posts small blind $0.01
wALEXSANDRw: posts big blind $0.02
*** HOLE CARDS ***
Dealt to Dorex2007 [Ad Kh]
urbyone: folds 
ginolas69: calls $0.02
Valsomething: folds 
tiger33373: calls $0.02
Dorex2007: raises $0.04 to $0.06
bgabor420: folds 
VKim_V: calls $0.06
Trashomon: folds 
wALEXSANDRw: calls $0.04
ginolas69: calls $0.04
tiger33373: calls $0.04
*** FLOP *** [7h 3s 5s]
wALEXSANDRw: checks 
ginolas69: checks 
tiger33373: checks 
Dorex2007: bets $0.20
VKim_V: folds 
wALEXSANDRw: folds 
ginolas69: raises $0.20 to $0.40
tiger33373: folds 
Dorex2007: calls $0.20
*** TURN *** [7h 3s 5s] [5d]
ginolas69: bets $1.49 and is all-in
Dorex2007: folds 
Uncalled bet ($1.49) returned to ginolas69
ginolas69 collected $1.07 from pot
ginolas69: doesn't show hand 
*** SUMMARY ***
Total pot $1.11 | Rake $0.04 
Board [7h 3s 5s 5d]
Seat 1: bgabor420 folded before Flop (didn't bet)
Seat 2: VKim_V (button) folded on the Flop
Seat 3: Trashomon (small blind) folded before Flop
Seat 4: wALEXSANDRw (big blind) folded on the Flop
Seat 5: urbyone folded before Flop (didn't bet)
Seat 6: ginolas69 collected ($1.07)
Seat 7: Valsomething folded before Flop (didn't bet)
Seat 8: tiger33373 folded on the Flop
Seat 9: Dorex2007 folded on the Turn



PokerStars Hand #234578489310:  Hold'em No Limit ($0.01/$0.02 USD) - 2022/03/05 9:29:47 PT [2022/03/05 12:29:47 ET]
Table 'Golia II' 9-max Seat #3 is the button
Seat 1: bgabor420 ($4.73 in chips) 
Seat 2: VKim_V ($1.73 in chips) 
Seat 3: Trashomon ($1.29 in chips) 
Seat 4: wALEXSANDRw ($1.76 in chips) 
Seat 5: urbyone ($3.14 in chips) 
Seat 6: ginolas69 ($2.56 in chips) 
Seat 7: Valsomething ($1.87 in chips) 
Seat 8: tiger33373 ($1.58 in chips) 
Seat 9: Dorex2007 ($2 in chips) 
wALEXSANDRw: posts small blind $0.01
urbyone: posts big blind $0.02
*** HOLE CARDS ***
Dealt to Dorex2007 [2s 4c]
ginolas69: calls $0.02
Valsomething: folds 
tiger33373: folds 
Dorex2007: folds 
bgabor420: raises $0.08 to $0.10
VKim_V: folds 
Trashomon: folds 
wALEXSANDRw: folds 
urbyone: calls $0.08
ginolas69: calls $0.08
*** FLOP *** [As 6d 7s]
urbyone: checks 
ginolas69: checks 
bgabor420: bets $0.20
urbyone: folds 
ginolas69: folds 
Uncalled bet ($0.20) returned to bgabor420
bgabor420 collected $0.30 from pot
bgabor420: doesn't show hand 
*** SUMMARY ***
Total pot $0.31 | Rake $0.01 
Board [As 6d 7s]
Seat 1: bgabor420 collected ($0.30)
Seat 2: VKim_V folded before Flop (didn't bet)
Seat 3: Trashomon (button) folded before Flop (didn't bet)
Seat 4: wALEXSANDRw (small blind) folded before Flop
Seat 5: urbyone (big blind) folded on the Flop
Seat 6: ginolas69 folded on the Flop
Seat 7: Valsomething folded before Flop (didn't bet)
Seat 8: tiger33373 folded before Flop (didn't bet)
Seat 9: Dorex2007 folded before Flop (didn't bet)



PokerStars Hand #234578508667:  Hold'em No Limit ($0.01/$0.02 USD) - 2022/03/05 9:30:31 PT [2022/03/05 12:30:31 ET]
Table 'Golia II' 9-max Seat #4 is the button
Seat 1: bgabor420 ($4.93 in chips) 
Seat 2: VKim_V ($1.73 in chips) 
Seat 3: Trashomon ($1.29 in chips) 
Seat 4: wALEXSANDRw ($1.75 in chips) 
Seat 5: urbyone ($3.04 in chips) 
Seat 6: ginolas69 ($2.46 in chips) 
Seat 7: Valsomething ($1.87 in chips) 
Seat 8: tiger33373 ($1.58 in chips) 
Seat 9: Dorex2007 ($2 in chips) 
urbyone: posts small blind $0.01
ginolas69: posts big blind $0.02
*** HOLE CARDS ***
Dealt to Dorex2007 [Jc 3s]
Valsomething: folds 
tiger33373: folds 
Dorex2007: folds 
bgabor420: folds 
VKim_V: folds 
Trashomon: raises $0.04 to $0.06
wALEXSANDRw: calls $0.06
urbyone: calls $0.05
ginolas69: calls $0.04
*** FLOP *** [4s 5h 7c]
urbyone: checks 
ginolas69: checks 
Trashomon: checks 
wALEXSANDRw: checks 
*** TURN *** [4s 5h 7c] [Jh]
urbyone: checks 
ginolas69: checks 
Trashomon: checks 
wALEXSANDRw: bets $0.06
urbyone: calls $0.06
ginolas69: folds 
Trashomon: folds 
*** RIVER *** [4s 5h 7c Jh] [Ks]
urbyone: checks 
wALEXSANDRw: bets $0.24
urbyone: folds 
Uncalled bet ($0.24) returned to wALEXSANDRw
wALEXSANDRw collected $0.35 from pot
wALEXSANDRw: doesn't show hand 
*** SUMMARY ***
Total pot $0.36 | Rake $0.01 
Board [4s 5h 7c Jh Ks]
Seat 1: bgabor420 folded before Flop (didn't bet)
Seat 2: VKim_V folded before Flop (didn't bet)
Seat 3: Trashomon folded on the Turn
Seat 4: wALEXSANDRw (button) collected ($0.35)
Seat 5: urbyone (small blind) folded on the River
Seat 6: ginolas69 (big blind) folded on the Turn
Seat 7: Valsomething folded before Flop (didn't bet)
Seat 8: tiger33373 folded before Flop (didn't bet)
Seat 9: Dorex2007 folded before Flop (didn't bet)



PokerStars Hand #234578551199:  Hold'em No Limit ($0.01/$0.02 USD) - 2022/03/05 9:31:52 PT [2022/03/05 12:31:52 ET]
Table 'Golia II' 9-max Seat #5 is the button
Seat 1: bgabor420 ($4.93 in chips) 
Seat 2: VKim_V ($1.73 in chips) 
Seat 3: Trashomon ($1.23 in chips) 
Seat 4: wALEXSANDRw ($1.98 in chips) 
Seat 5: urbyone ($2.92 in chips) 
Seat 6: ginolas69 ($2.40 in chips) 
Seat 7: Valsomething ($1.87 in chips) 
Seat 8: tiger33373 ($1.58 in chips) 
Seat 9: Dorex2007 ($2 in chips) 
ginolas69: posts small blind $0.01
Valsomething: posts big blind $0.02
*** HOLE CARDS ***
Dealt to Dorex2007 [2s 9d]
tiger33373: folds 
Dorex2007: folds 
bgabor420: folds 
VKim_V: folds 
Trashomon: folds 
wALEXSANDRw: folds 
urbyone: raises $0.03 to $0.05
ginolas69: calls $0.04
Valsomething: calls $0.03
*** FLOP *** [Qs Qc 3h]
ginolas69: checks 
Valsomething: checks 
urbyone: checks 
*** TURN *** [Qs Qc 3h] [Ac]
ginolas69: checks 
Valsomething: checks 
urbyone: checks 
*** RIVER *** [Qs Qc 3h Ac] [4c]
ginolas69: checks 
Valsomething: checks 
urbyone: bets $0.04
ginolas69: folds 
Valsomething: folds 
Uncalled bet ($0.04) returned to urbyone
urbyone collected $0.14 from pot
urbyone: doesn't show hand 
*** SUMMARY ***
Total pot $0.15 | Rake $0.01 
Board [Qs Qc 3h Ac 4c]
Seat 1: bgabor420 folded before Flop (didn't bet)
Seat 2: VKim_V folded before Flop (didn't bet)
Seat 3: Trashomon folded before Flop (didn't bet)
Seat 4: wALEXSANDRw folded before Flop (didn't bet)
Seat 5: urbyone (button) collected ($0.14)
Seat 6: ginolas69 (small blind) folded on the River
Seat 7: Valsomething (big blind) folded on the River
Seat 8: tiger33373 folded before Flop (didn't bet)
Seat 9: Dorex2007 folded before Flop (didn't bet)



PokerStars Hand #234578568700:  Hold'em No Limit ($0.01/$0.02 USD) - 2022/03/05 9:32:32 PT [2022/03/05 12:32:32 ET]
Table 'Golia II' 9-max Seat #6 is the button
Seat 1: bgabor420 ($4.93 in chips) 
Seat 2: VKim_V ($1.73 in chips) 
Seat 3: Trashomon ($1.23 in chips) 
Seat 5: urbyone ($3.01 in chips) 
Seat 6: ginolas69 ($2.35 in chips) 
Seat 7: Valsomething ($1.82 in chips) 
Seat 8: tiger33373 ($1.58 in chips) 
Seat 9: Dorex2007 ($2 in chips) 
Valsomething: posts small blind $0.01
tiger33373: posts big blind $0.02
*** HOLE CARDS ***
Dealt to Dorex2007 [Kh 8s]
Dorex2007: folds 
bgabor420: folds 
VKim_V: folds 
Trashomon: folds 
urbyone: folds 
ginolas69: raises $0.02 to $0.04
Valsomething: folds 
tiger33373: calls $0.02
*** FLOP *** [2s 9s Kd]
tiger33373: checks 
ginolas69: checks 
*** TURN *** [2s 9s Kd] [5c]
tiger33373: checks 
ginolas69: checks 
*** RIVER *** [2s 9s Kd 5c] [6d]
tiger33373: checks 
ginolas69: checks 
*** SHOW DOWN ***
tiger33373: shows [4h Jd] (high card King)
ginolas69: mucks hand 
tiger33373 collected $0.09 from pot
*** SUMMARY ***
Total pot $0.09 | Rake $0 
Board [2s 9s Kd 5c 6d]
Seat 1: bgabor420 folded before Flop (didn't bet)
Seat 2: VKim_V folded before Flop (didn't bet)
Seat 3: Trashomon folded before Flop (didn't bet)
Seat 5: urbyone folded before Flop (didn't bet)
Seat 6: ginolas69 (button) mucked [8h Tc]
Seat 7: Valsomething (small blind) folded before Flop
Seat 8: tiger33373 (big blind) showed [4h Jd] and won ($0.09) with high card King
Seat 9: Dorex2007 folded before Flop (didn't bet)



PokerStars Hand #234578584954:  Hold'em No Limit ($0.01/$0.02 USD) - 2022/03/05 9:33:10 PT [2022/03/05 12:33:10 ET]
Table 'Golia II' 9-max Seat #7 is the button
Seat 1: bgabor420 ($4.93 in chips) 
Seat 2: VKim_V ($1.73 in chips) 
Seat 3: Trashomon ($1.23 in chips) 
Seat 5: urbyone ($3.01 in chips) 
Seat 6: ginolas69 ($2.31 in chips) 
Seat 7: Valsomething ($1.81 in chips) 
Seat 8: tiger33373 ($1.63 in chips) 
Seat 9: Dorex2007 ($2 in chips) 
tiger33373: posts small blind $0.01
Dorex2007: posts big blind $0.02
*** HOLE CARDS ***
Dealt to Dorex2007 [6d Kd]
bgabor420: folds 
VKim_V: folds 
Trashomon: calls $0.02
urbyone: folds 
ginolas69: raises $0.03 to $0.05
Valsomething: folds 
tiger33373: folds 
Dorex2007: folds 
Trashomon: calls $0.03
*** FLOP *** [8d 7c Jh]
Trashomon: checks 
ginolas69: checks 
*** TURN *** [8d 7c Jh] [4h]
Trashomon: bets $0.07
ginolas69: calls $0.07
*** RIVER *** [8d 7c Jh 4h] [8s]
Trashomon: checks 
ginolas69: checks 
*** SHOW DOWN ***
Trashomon: shows [Ah Th] (a pair of Eights)
ginolas69: mucks hand 
Trashomon collected $0.26 from pot
*** SUMMARY ***
Total pot $0.27 | Rake $0.01 
Board [8d 7c Jh 4h 8s]
Seat 1: bgabor420 folded before Flop (didn't bet)
Seat 2: VKim_V folded before Flop (didn't bet)
Seat 3: Trashomon showed [Ah Th] and won ($0.26) with a pair of Eights
Seat 5: urbyone folded before Flop (didn't bet)
Seat 6: ginolas69 mucked [As 9h]
Seat 7: Valsomething (button) folded before Flop (didn't bet)
Seat 8: tiger33373 (small blind) folded before Flop
Seat 9: Dorex2007 (big blind) folded before Flop



PokerStars Hand #234578603206:  Hold'em No Limit ($0.01/$0.02 USD) - 2022/03/05 9:33:53 PT [2022/03/05 12:33:53 ET]
Table 'Golia II' 9-max Seat #8 is the button
Seat 1: bgabor420 ($4.93 in chips) 
Seat 2: VKim_V ($1.73 in chips) 
Seat 3: Trashomon ($1.37 in chips) 
Seat 5: urbyone ($3.01 in chips) 
Seat 6: ginolas69 ($2.19 in chips) 
Seat 7: Valsomething ($1.81 in chips) 
Seat 8: tiger33373 ($1.62 in chips) 
Seat 9: Dorex2007 ($2 in chips) 
Dorex2007: posts small blind $0.01
bgabor420: posts big blind $0.02
*** HOLE CARDS ***
Dealt to Dorex2007 [9s As]
VKim_V: folds 
Trashomon: folds 
urbyone: folds 
ginolas69: calls $0.02
Valsomething: folds 
tiger33373: calls $0.02
Dorex2007: calls $0.01
bgabor420: checks 
*** FLOP *** [Jc 7c 5d]
Dorex2007: checks 
bgabor420: checks 
ginolas69: checks 
tiger33373: checks 
*** TURN *** [Jc 7c 5d] [2s]
Dorex2007: checks 
bgabor420: checks 
ginolas69: checks 
tiger33373: checks 
*** RIVER *** [Jc 7c 5d 2s] [Th]
Dorex2007: checks 
bgabor420: checks 
ginolas69: checks 
tiger33373: checks 
*** SHOW DOWN ***
Dorex2007: shows [9s As] (high card Ace)
bgabor420: shows [7s 3s] (a pair of Sevens)
ginolas69: mucks hand 
tiger33373: mucks hand 
bgabor420 collected $0.08 from pot
*** SUMMARY ***
Total pot $0.08 | Rake $0 
Board [Jc 7c 5d 2s Th]
Seat 1: bgabor420 (big blind) showed [7s 3s] and won ($0.08) with a pair of Sevens
Seat 2: VKim_V folded before Flop (didn't bet)
Seat 3: Trashomon folded before Flop (didn't bet)
Seat 5: urbyone folded before Flop (didn't bet)
Seat 6: ginolas69 mucked [Ks 6h]
Seat 7: Valsomething folded before Flop (didn't bet)
Seat 8: tiger33373 (button) mucked [4d Ac]
Seat 9: Dorex2007 (small blind) showed [9s As] and lost with high card Ace



PokerStars Hand #234578624299:  Hold'em No Limit ($0.01/$0.02 USD) - 2022/03/05 9:34:43 PT [2022/03/05 12:34:43 ET]
Table 'Golia II' 9-max Seat #9 is the button
Seat 1: bgabor420 ($4.99 in chips) 
Seat 2: VKim_V ($1.73 in chips) 
Seat 3: Trashomon ($1.37 in chips) 
Seat 5: urbyone ($3.01 in chips) 
Seat 6: ginolas69 ($2.17 in chips) 
Seat 7: Valsomething ($1.81 in chips) 
Seat 8: tiger33373 ($1.60 in chips) 
Seat 9: Dorex2007 ($2 in chips) 
bgabor420: posts small blind $0.01
VKim_V: posts big blind $0.02
*** HOLE CARDS ***
Dealt to Dorex2007 [4d 4h]
Trashomon: folds 
urbyone: folds 
ginolas69: raises $0.02 to $0.04
Valsomething: folds 
tiger33373: folds 
Dorex2007: calls $0.04
bgabor420: folds 
VKim_V: calls $0.02
*** FLOP *** [8d Kd 2c]
VKim_V: checks 
ginolas69: bets $0.04
Dorex2007: folds 
VKim_V: calls $0.04
*** TURN *** [8d Kd 2c] [7d]
VKim_V: bets $0.10
ginolas69: folds 
Uncalled bet ($0.10) returned to VKim_V
VKim_V collected $0.20 from pot
VKim_V: doesn't show hand 
*** SUMMARY ***
Total pot $0.21 | Rake $0.01 
Board [8d Kd 2c 7d]
Seat 1: bgabor420 (small blind) folded before Flop
Seat 2: VKim_V (big blind) collected ($0.20)
Seat 3: Trashomon folded before Flop (didn't bet)
Seat 5: urbyone folded before Flop (didn't bet)
Seat 6: ginolas69 folded on the Turn
Seat 7: Valsomething folded before Flop (didn't bet)
Seat 8: tiger33373 folded before Flop (didn't bet)
Seat 9: Dorex2007 (button) folded on the Flop



PokerStars Hand #234578639378:  Hold'em No Limit ($0.01/$0.02 USD) - 2022/03/05 9:35:18 PT [2022/03/05 12:35:18 ET]
Table 'Golia II' 9-max Seat #1 is the button
Seat 1: bgabor420 ($4.98 in chips) 
Seat 2: VKim_V ($1.85 in chips) 
Seat 3: Trashomon ($1.37 in chips) 
Seat 5: urbyone ($3.01 in chips) 
Seat 6: ginolas69 ($2.09 in chips) 
Seat 7: Valsomething ($1.81 in chips) 
Seat 8: tiger33373 ($1.60 in chips) 
Seat 9: Dorex2007 ($2 in chips) 
VKim_V: posts small blind $0.01
Trashomon: posts big blind $0.02
*** HOLE CARDS ***
Dealt to Dorex2007 [7d 6c]
urbyone: folds 
ginolas69: raises $0.02 to $0.04
Valsomething: raises $0.04 to $0.08
tiger33373: calls $0.08
Dorex2007: folds 
bgabor420: folds 
VKim_V: calls $0.07
Trashomon: folds 
ginolas69: calls $0.04
*** FLOP *** [Kd 9c Ts]
VKim_V: checks 
ginolas69: bets $0.22
Valsomething: folds 
tiger33373: calls $0.22
VKim_V: folds 
*** TURN *** [Kd 9c Ts] [3h]
ginolas69: bets $1.79 and is all-in
tiger33373: calls $1.30 and is all-in
Uncalled bet ($0.49) returned to ginolas69
*** RIVER *** [Kd 9c Ts 3h] [7c]
*** SHOW DOWN ***
ginolas69: shows [Qd Jh] (a straight, Nine to King)
tiger33373: shows [8c 7s] (a pair of Sevens)
ginolas69 collected $3.26 from pot
*** SUMMARY ***
Total pot $3.38 | Rake $0.12 
Board [Kd 9c Ts 3h 7c]
Seat 1: bgabor420 (button) folded before Flop (didn't bet)
Seat 2: VKim_V (small blind) folded on the Flop
Seat 3: Trashomon (big blind) folded before Flop
Seat 5: urbyone folded before Flop (didn't bet)
Seat 6: ginolas69 showed [Qd Jh] and won ($3.26) with a straight, Nine to King
Seat 7: Valsomething folded on the Flop
Seat 8: tiger33373 showed [8c 7s] and lost with a pair of Sevens
Seat 9: Dorex2007 folded before Flop (didn't bet)



PokerStars Hand #234578667608:  Hold'em No Limit ($0.01/$0.02 USD) - 2022/03/05 9:36:24 PT [2022/03/05 12:36:24 ET]
Table 'Golia II' 9-max Seat #2 is the button
Seat 1: bgabor420 ($4.98 in chips) 
Seat 2: VKim_V ($1.77 in chips) 
Seat 3: Trashomon ($1.35 in chips) 
Seat 5: urbyone ($3.01 in chips) 
Seat 6: ginolas69 ($3.75 in chips) 
Seat 7: Valsomething ($1.73 in chips) 
Seat 9: Dorex2007 ($2 in chips) 
Trashomon: posts small blind $0.01
urbyone: posts big blind $0.02
*** HOLE CARDS ***
Dealt to Dorex2007 [Ts 2h]
ginolas69: calls $0.02
Valsomething: folds 
Dorex2007: folds 
bgabor420: raises $0.08 to $0.10
VKim_V: calls $0.10
Trashomon: folds 
urbyone: folds 
ginolas69: calls $0.08
*** FLOP *** [6c 3s 3h]
ginolas69: bets $0.02
bgabor420: raises $0.22 to $0.24
VKim_V: folds 
ginolas69: folds 
Uncalled bet ($0.22) returned to bgabor420
bgabor420 collected $0.36 from pot
*** SUMMARY ***
Total pot $0.37 | Rake $0.01 
Board [6c 3s 3h]
Seat 1: bgabor420 collected ($0.36)
Seat 2: VKim_V (button) folded on the Flop
Seat 3: Trashomon (small blind) folded before Flop
Seat 5: urbyone (big blind) folded before Flop
Seat 6: ginolas69 folded on the Flop
Seat 7: Valsomething folded before Flop (didn't bet)
Seat 9: Dorex2007 folded before Flop (didn't bet)



PokerStars Hand #234578686122:  Hold'em No Limit ($0.01/$0.02 USD) - 2022/03/05 9:37:08 PT [2022/03/05 12:37:08 ET]
Table 'Golia II' 9-max Seat #3 is the button
Seat 1: bgabor420 ($5.22 in chips) 
Seat 2: VKim_V ($1.67 in chips) 
Seat 3: Trashomon ($1.34 in chips) 
Seat 5: urbyone ($2.99 in chips) 
Seat 6: ginolas69 ($3.63 in chips) 
Seat 7: Valsomething ($1.73 in chips) 
Seat 8: tiger33373 ($0.80 in chips) 
Seat 9: Dorex2007 ($2 in chips) 
urbyone: posts small blind $0.01
ginolas69: posts big blind $0.02
*** HOLE CARDS ***
Dealt to Dorex2007 [8d 9d]
Valsomething: folds 
tiger33373: folds 
Dorex2007: folds 
bgabor420: folds 
VKim_V: folds 
Trashomon: raises $0.02 to $0.04
urbyone: folds 
ginolas69: calls $0.02
*** FLOP *** [Jd 3s Js]
ginolas69: checks 
Trashomon: checks 
*** TURN *** [Jd 3s Js] [7h]
ginolas69: bets $0.02
Trashomon: calls $0.02
*** RIVER *** [Jd 3s Js 7h] [5h]
ginolas69: bets $0.06
Trashomon: folds 
Uncalled bet ($0.06) returned to ginolas69
ginolas69 collected $0.13 from pot
ginolas69: doesn't show hand 
*** SUMMARY ***
Total pot $0.13 | Rake $0 
Board [Jd 3s Js 7h 5h]
Seat 1: bgabor420 folded before Flop (didn't bet)
Seat 2: VKim_V folded before Flop (didn't bet)
Seat 3: Trashomon (button) folded on the River
Seat 5: urbyone (small blind) folded before Flop
Seat 6: ginolas69 (big blind) collected ($0.13)
Seat 7: Valsomething folded before Flop (didn't bet)
Seat 8: tiger33373 folded before Flop (didn't bet)
Seat 9: Dorex2007 folded before Flop (didn't bet)



PokerStars Hand #234578703371:  Hold'em No Limit ($0.01/$0.02 USD) - 2022/03/05 9:37:48 PT [2022/03/05 12:37:48 ET]
Table 'Golia II' 9-max Seat #5 is the button
Seat 1: bgabor420 ($5.22 in chips) 
Seat 2: VKim_V ($1.67 in chips) 
Seat 3: Trashomon ($1.28 in chips) 
Seat 5: urbyone ($2.98 in chips) 
Seat 6: ginolas69 ($3.70 in chips) 
Seat 7: Valsomething ($1.73 in chips) 
Seat 8: tiger33373 ($0.80 in chips) 
Seat 9: Dorex2007 ($2 in chips) 
ginolas69: posts small blind $0.01
Valsomething: posts big blind $0.02
*** HOLE CARDS ***
Dealt to Dorex2007 [7s 9c]
tiger33373: folds 
Dorex2007: folds 
bgabor420: folds 
VKim_V: folds 
Trashomon: raises $0.04 to $0.06
urbyone: folds 
ginolas69: calls $0.05
Valsomething: folds 
*** FLOP *** [Ad 7h 3h]
ginolas69: bets $0.02
Trashomon: raises $0.09 to $0.11
ginolas69: calls $0.09
*** TURN *** [Ad 7h 3h] [2c]
ginolas69: checks 
Trashomon: bets $0.18
ginolas69: folds 
Uncalled bet ($0.18) returned to Trashomon
Trashomon collected $0.35 from pot
*** SUMMARY ***
Total pot $0.36 | Rake $0.01 
Board [Ad 7h 3h 2c]
Seat 1: bgabor420 folded before Flop (didn't bet)
Seat 2: VKim_V folded before Flop (didn't bet)
Seat 3: Trashomon collected ($0.35)
Seat 5: urbyone (button) folded before Flop (didn't bet)
Seat 6: ginolas69 (small blind) folded on the Turn
Seat 7: Valsomething (big blind) folded before Flop
Seat 8: tiger33373 folded before Flop (didn't bet)
Seat 9: Dorex2007 folded before Flop (didn't bet)



PokerStars Hand #234578729029:  Hold'em No Limit ($0.01/$0.02 USD) - 2022/03/05 9:38:48 PT [2022/03/05 12:38:48 ET]
Table 'Golia II' 9-max Seat #6 is the button
Seat 1: bgabor420 ($5.22 in chips) 
Seat 2: VKim_V ($1.67 in chips) 
Seat 3: Trashomon ($1.46 in chips) 
Seat 5: urbyone ($2.98 in chips) 
Seat 6: ginolas69 ($3.53 in chips) 
Seat 7: Valsomething ($1.71 in chips) 
Seat 8: tiger33373 ($0.80 in chips) 
Seat 9: Dorex2007 ($2 in chips) 
Valsomething: posts small blind $0.01
tiger33373: posts big blind $0.02
wALEXSANDRw: sits out 
*** HOLE CARDS ***
Dealt to Dorex2007 [Qd 3d]
Dorex2007: folds 
bgabor420: folds 
VKim_V: folds 
Trashomon: raises $0.06 to $0.08
urbyone: folds 
ginolas69: folds 
Valsomething: folds 
tiger33373: raises $0.06 to $0.14
Trashomon: raises $1.32 to $1.46 and is all-in
tiger33373: calls $0.66 and is all-in
Uncalled bet ($0.66) returned to Trashomon
*** FLOP *** [Jd 4d 9h]
*** TURN *** [Jd 4d 9h] [2s]
*** RIVER *** [Jd 4d 9h 2s] [6s]
*** SHOW DOWN ***
tiger33373: shows [8s 8c] (a pair of Eights)
Trashomon: shows [Kd Ks] (a pair of Kings)
Trashomon collected $1.53 from pot
*** SUMMARY ***
Total pot $1.61 | Rake $0.08 
Board [Jd 4d 9h 2s 6s]
Seat 1: bgabor420 folded before Flop (didn't bet)
Seat 2: VKim_V folded before Flop (didn't bet)
Seat 3: Trashomon showed [Kd Ks] and won ($1.53) with a pair of Kings
Seat 5: urbyone folded before Flop (didn't bet)
Seat 6: ginolas69 (button) folded before Flop (didn't bet)
Seat 7: Valsomething (small blind) folded before Flop
Seat 8: tiger33373 (big blind) showed [8s 8c] and lost with a pair of Eights
Seat 9: Dorex2007 folded before Flop (didn't bet)



PokerStars Hand #234578752529:  Hold'em No Limit ($0.01/$0.02 USD) - 2022/03/05 9:39:28 PT [2022/03/05 12:39:28 ET]
Table 'Golia II' 9-max Seat #7 is the button
Seat 1: bgabor420 ($5.22 in chips) 
Seat 2: VKim_V ($1.67 in chips) 
Seat 3: Trashomon ($2.19 in chips) 
Seat 5: urbyone ($2.98 in chips) 
Seat 6: ginolas69 ($3.53 in chips) 
Seat 7: Valsomething ($1.70 in chips) 
Seat 9: Dorex2007 ($2 in chips) 
Dorex2007: posts small blind $0.01
bgabor420: posts big blind $0.02
wALEXSANDRw: sits out 
*** HOLE CARDS ***
Dealt to Dorex2007 [4d 9s]
VKim_V: calls $0.02
Trashomon: folds 
urbyone: folds 
ginolas69: raises $0.03 to $0.05
Valsomething: calls $0.05
Dorex2007: folds 
bgabor420: calls $0.03
VKim_V: calls $0.03
*** FLOP *** [Jc 7h Td]
bgabor420: checks 
VKim_V: checks 
ginolas69: checks 
Valsomething: checks 
*** TURN *** [Jc 7h Td] [7c]
bgabor420: checks 
VKim_V: checks 
ginolas69: bets $0.02
Valsomething: raises $0.12 to $0.14
bgabor420: raises $0.22 to $0.36
VKim_V: folds 
ginolas69: folds 
Valsomething: folds 
Uncalled bet ($0.22) returned to bgabor420
bgabor420 collected $0.49 from pot
bgabor420: doesn't show hand 
*** SUMMARY ***
Total pot $0.51 | Rake $0.02 
Board [Jc 7h Td 7c]
Seat 1: bgabor420 (big blind) collected ($0.49)
Seat 2: VKim_V folded on the Turn
Seat 3: Trashomon folded before Flop (didn't bet)
Seat 5: urbyone folded before Flop (didn't bet)
Seat 6: ginolas69 folded on the Turn
Seat 7: Valsomething (button) folded on the Turn
Seat 9: Dorex2007 (small blind) folded before Flop



PokerStars Hand #234578792160:  Hold'em No Limit ($0.01/$0.02 USD) - 2022/03/05 9:41:02 PT [2022/03/05 12:41:02 ET]
Table 'Golia II' 9-max Seat #9 is the button
Seat 1: bgabor420 ($5.52 in chips) 
Seat 2: VKim_V ($1.62 in chips) 
Seat 3: Trashomon ($2.19 in chips) 
Seat 5: urbyone ($2.98 in chips) 
Seat 6: ginolas69 ($3.46 in chips) 
Seat 7: Valsomething ($1.51 in chips) 
Seat 8: tiger33373 ($0.80 in chips) 
Seat 9: Dorex2007 ($2 in chips) 
bgabor420: posts small blind $0.01
VKim_V: posts big blind $0.02
wALEXSANDRw: sits out 
tiger33373: posts small blind $0.01
*** HOLE CARDS ***
Dealt to Dorex2007 [4s 5h]
Trashomon: folds 
urbyone: folds 
ginolas69: folds 
Valsomething: raises $0.04 to $0.06
tiger33373: folds 
Dorex2007: folds 
bgabor420: folds 
VKim_V: calls $0.04
*** FLOP *** [3h Tc Ad]
VKim_V: bets $0.14
Valsomething: folds 
Uncalled bet ($0.14) returned to VKim_V
VKim_V collected $0.14 from pot
VKim_V: doesn't show hand 
*** SUMMARY ***
Total pot $0.14 | Rake $0 
Board [3h Tc Ad]
Seat 1: bgabor420 (small blind) folded before Flop
Seat 2: VKim_V (big blind) collected ($0.14)
Seat 3: Trashomon folded before Flop (didn't bet)
Seat 5: urbyone folded before Flop (didn't bet)
Seat 6: ginolas69 folded before Flop (didn't bet)
Seat 7: Valsomething folded on the Flop
Seat 8: tiger33373 folded before Flop (didn't bet)
Seat 9: Dorex2007 (button) folded before Flop (didn't bet)



PokerStars Hand #234578808547:  Hold'em No Limit ($0.01/$0.02 USD) - 2022/03/05 9:41:40 PT [2022/03/05 12:41:40 ET]
Table 'Golia II' 9-max Seat #1 is the button
Seat 1: bgabor420 ($5.51 in chips) 
Seat 2: VKim_V ($1.70 in chips) 
Seat 3: Trashomon ($2.19 in chips) 
Seat 5: urbyone ($2.98 in chips) 
Seat 6: ginolas69 ($3.46 in chips) 
Seat 7: Valsomething ($1.45 in chips) 
Seat 8: tiger33373 ($0.79 in chips) 
Seat 9: Dorex2007 ($2 in chips) 
VKim_V: posts small blind $0.01
Trashomon: posts big blind $0.02
wALEXSANDRw: sits out 
*** HOLE CARDS ***
Dealt to Dorex2007 [4h Ks]
urbyone: folds 
ginolas69: calls $0.02
Valsomething: folds 
tiger33373: calls $0.02
Dorex2007: folds 
bgabor420: folds 
VKim_V: raises $0.04 to $0.06
Trashomon: folds 
ginolas69: folds 
tiger33373: calls $0.04
*** FLOP *** [Ac 3s 3c]
VKim_V: bets $0.07
tiger33373: folds 
Uncalled bet ($0.07) returned to VKim_V
VKim_V collected $0.15 from pot
VKim_V: doesn't show hand 
*** SUMMARY ***
Total pot $0.16 | Rake $0.01 
Board [Ac 3s 3c]
Seat 1: bgabor420 (button) folded before Flop (didn't bet)
Seat 2: VKim_V (small blind) collected ($0.15)
Seat 3: Trashomon (big blind) folded before Flop
Seat 5: urbyone folded before Flop (didn't bet)
Seat 6: ginolas69 folded before Flop
Seat 7: Valsomething folded before Flop (didn't bet)
Seat 8: tiger33373 folded on the Flop
Seat 9: Dorex2007 folded before Flop (didn't bet)



PokerStars Hand #234578823941:  Hold'em No Limit ($0.01/$0.02 USD) - 2022/03/05 9:42:17 PT [2022/03/05 12:42:17 ET]
Table 'Golia II' 9-max Seat #2 is the button
Seat 1: bgabor420 ($5.51 in chips) 
Seat 2: VKim_V ($1.79 in chips) 
Seat 3: Trashomon ($2.17 in chips) 
Seat 4: wALEXSANDRw ($1.98 in chips) 
Seat 5: urbyone ($2.98 in chips) 
Seat 6: ginolas69 ($3.44 in chips) 
Seat 7: Valsomething ($1.45 in chips) 
Seat 8: tiger33373 ($0.73 in chips) 
Seat 9: Dorex2007 ($2 in chips) 
Trashomon: posts small blind $0.01
wALEXSANDRw: posts big blind $0.02
*** HOLE CARDS ***
Dealt to Dorex2007 [8s 7s]
urbyone: folds 
ginolas69: folds 
Valsomething: folds 
tiger33373: calls $0.02
Dorex2007: folds 
bgabor420: raises $0.08 to $0.10
VKim_V: folds 
Trashomon: folds 
wALEXSANDRw: folds 
tiger33373: calls $0.08
*** FLOP *** [5h Ts 4h]
tiger33373: bets $0.22
bgabor420: raises $0.43 to $0.65
tiger33373: calls $0.41 and is all-in
Uncalled bet ($0.02) returned to bgabor420
*** TURN *** [5h Ts 4h] [8d]
*** RIVER *** [5h Ts 4h 8d] [6d]
*** SHOW DOWN ***
tiger33373: shows [Kd Td] (a pair of Tens)
bgabor420: shows [Ks Kh] (a pair of Kings)
bgabor420 collected $1.44 from pot
*** SUMMARY ***
Total pot $1.49 | Rake $0.05 
Board [5h Ts 4h 8d 6d]
Seat 1: bgabor420 showed [Ks Kh] and won ($1.44) with a pair of Kings
Seat 2: VKim_V (button) folded before Flop (didn't bet)
Seat 3: Trashomon (small blind) folded before Flop
Seat 4: wALEXSANDRw (big blind) folded before Flop
Seat 5: urbyone folded before Flop (didn't bet)
Seat 6: ginolas69 folded before Flop (didn't bet)
Seat 7: Valsomething folded before Flop (didn't bet)
Seat 8: tiger33373 showed [Kd Td] and lost with a pair of Tens
Seat 9: Dorex2007 folded before Flop (didn't bet)



PokerStars Hand #234578846265:  Hold'em No Limit ($0.01/$0.02 USD) - 2022/03/05 9:43:09 PT [2022/03/05 12:43:09 ET]
Table 'Golia II' 9-max Seat #3 is the button
Seat 1: bgabor420 ($6.22 in chips) 
Seat 2: VKim_V ($1.79 in chips) 
Seat 3: Trashomon ($2.16 in chips) 
Seat 4: wALEXSANDRw ($1.96 in chips) 
Seat 5: urbyone ($2.98 in chips) 
Seat 6: ginolas69 ($3.44 in chips) 
Seat 7: Valsomething ($1.45 in chips) 
Seat 9: Dorex2007 ($2 in chips) 
wALEXSANDRw: posts small blind $0.01
urbyone: posts big blind $0.02
*** HOLE CARDS ***
Dealt to Dorex2007 [8d Ts]
tiger33373 leaves the table
ginolas69: raises $0.02 to $0.04
Valsomething: folds 
Dorex2007: folds 
bgabor420: raises $0.08 to $0.12
VKim_V: folds 
Trashomon: folds 
fjmuller joins the table at seat #8 
wALEXSANDRw: folds 
urbyone: folds 
ginolas69: calls $0.08
*** FLOP *** [Th 5s Tc]
ginolas69: checks 
bgabor420: bets $0.16
ginolas69: folds 
Uncalled bet ($0.16) returned to bgabor420
ginolas69 leaves the table
bgabor420 collected $0.26 from pot
bgabor420: doesn't show hand 
*** SUMMARY ***
Total pot $0.27 | Rake $0.01 
Board [Th 5s Tc]
Seat 1: bgabor420 collected ($0.26)
Seat 2: VKim_V folded before Flop (didn't bet)
Seat 3: Trashomon (button) folded before Flop (didn't bet)
Seat 4: wALEXSANDRw (small blind) folded before Flop
Seat 5: urbyone (big blind) folded before Flop
Seat 6: ginolas69 folded on the Flop
Seat 7: Valsomething folded before Flop (didn't bet)
Seat 9: Dorex2007 folded before Flop (didn't bet)



PokerStars Hand #234578863825:  Hold'em No Limit ($0.01/$0.02 USD) - 2022/03/05 9:43:50 PT [2022/03/05 12:43:50 ET]
Table 'Golia II' 9-max Seat #4 is the button
Seat 1: bgabor420 ($6.36 in chips) 
Seat 2: VKim_V ($1.79 in chips) 
Seat 3: Trashomon ($2.16 in chips) 
Seat 4: wALEXSANDRw ($1.95 in chips) 
Seat 5: urbyone ($2.96 in chips) 
Seat 7: Valsomething ($1.45 in chips) 
Seat 9: Dorex2007 ($2 in chips) 
urbyone: posts small blind $0.01
Valsomething: posts big blind $0.02
*** HOLE CARDS ***
Dealt to Dorex2007 [2d 9c]
nagaElf joins the table at seat #6 
Dorex2007: folds 
bgabor420: folds 
VKim_V: folds 
Trashomon: folds 
wALEXSANDRw: folds 
urbyone: folds 
Uncalled bet ($0.01) returned to Valsomething
Valsomething collected $0.02 from pot
Valsomething: doesn't show hand 
*** SUMMARY ***
Total pot $0.02 | Rake $0 
Seat 1: bgabor420 folded before Flop (didn't bet)
Seat 2: VKim_V folded before Flop (didn't bet)
Seat 3: Trashomon folded before Flop (didn't bet)
Seat 4: wALEXSANDRw (button) folded before Flop (didn't bet)
Seat 5: urbyone (small blind) folded before Flop
Seat 7: Valsomething (big blind) collected ($0.02)
Seat 9: Dorex2007 folded before Flop (didn't bet)



PokerStars Hand #234578869377:  Hold'em No Limit ($0.01/$0.02 USD) - 2022/03/05 9:44:03 PT [2022/03/05 12:44:03 ET]
Table 'Golia II' 9-max Seat #5 is the button
Seat 1: bgabor420 ($6.36 in chips) 
Seat 2: VKim_V ($1.79 in chips) 
Seat 3: Trashomon ($2.16 in chips) 
Seat 4: wALEXSANDRw ($1.95 in chips) 
Seat 5: urbyone ($2.95 in chips) 
Seat 7: Valsomething ($1.46 in chips) 
Seat 9: Dorex2007 ($2 in chips) 
Valsomething: posts small blind $0.01
Dorex2007: posts big blind $0.02
*** HOLE CARDS ***
Dealt to Dorex2007 [Ts Kd]
bgabor420: folds 
VKim_V: raises $0.04 to $0.06
Trashomon: folds 
wALEXSANDRw: folds 
urbyone: calls $0.06
Valsomething: calls $0.05
Dorex2007: folds 
*** FLOP *** [Qs 3d 2s]
Valsomething: checks 
VKim_V: bets $0.09
urbyone: folds 
Valsomething: calls $0.09
*** TURN *** [Qs 3d 2s] [5s]
Valsomething: checks 
VKim_V: checks 
*** RIVER *** [Qs 3d 2s 5s] [7d]
Valsomething: bets $0.25
VKim_V: folds 
Uncalled bet ($0.25) returned to Valsomething
Valsomething collected $0.37 from pot
Valsomething: doesn't show hand 
*** SUMMARY ***
Total pot $0.38 | Rake $0.01 
Board [Qs 3d 2s 5s 7d]
Seat 1: bgabor420 folded before Flop (didn't bet)
Seat 2: VKim_V folded on the River
Seat 3: Trashomon folded before Flop (didn't bet)
Seat 4: wALEXSANDRw folded before Flop (didn't bet)
Seat 5: urbyone (button) folded on the Flop
Seat 7: Valsomething (small blind) collected ($0.37)
Seat 9: Dorex2007 (big blind) folded before Flop



PokerStars Hand #234578895242:  Hold'em No Limit ($0.01/$0.02 USD) - 2022/03/05 9:45:05 PT [2022/03/05 12:45:05 ET]
Table 'Golia II' 9-max Seat #7 is the button
Seat 2: VKim_V ($1.64 in chips) 
Seat 3: Trashomon ($2.16 in chips) 
Seat 4: wALEXSANDRw ($1.95 in chips) 
Seat 5: urbyone ($2.89 in chips) 
Seat 7: Valsomething ($1.68 in chips) 
Seat 9: Dorex2007 ($2 in chips) 
Dorex2007: posts small blind $0.01
bgabor420: is sitting out 
VKim_V: posts big blind $0.02
nagaElf: sits out 
*** HOLE CARDS ***
Dealt to Dorex2007 [Kh 7s]
Trashomon: folds 
wALEXSANDRw: raises $0.04 to $0.06
urbyone: folds 
Trashomon leaves the table
Valsomething: folds 
Dorex2007: folds 
VKim_V: calls $0.04
*** FLOP *** [Kc 6c 6s]
Garri643 joins the table at seat #3 
bgabor420 leaves the table
Gatzin joins the table at seat #1 
VKim_V: checks 
wALEXSANDRw: bets $0.06
VKim_V: folds 
Uncalled bet ($0.06) returned to wALEXSANDRw
wALEXSANDRw collected $0.13 from pot
wALEXSANDRw: doesn't show hand 
*** SUMMARY ***
Total pot $0.13 | Rake $0 
Board [Kc 6c 6s]
Seat 2: VKim_V (big blind) folded on the Flop
Seat 3: Trashomon folded before Flop (didn't bet)
Seat 4: wALEXSANDRw collected ($0.13)
Seat 5: urbyone folded before Flop (didn't bet)
Seat 7: Valsomething (button) folded before Flop (didn't bet)
Seat 9: Dorex2007 (small blind) folded before Flop



PokerStars Hand #234578906634:  Hold'em No Limit ($0.01/$0.02 USD) - 2022/03/05 9:45:31 PT [2022/03/05 12:45:31 ET]
Table 'Golia II' 9-max Seat #9 is the button
Seat 2: VKim_V ($1.58 in chips) 
Seat 3: Garri643 ($1.60 in chips) 
Seat 4: wALEXSANDRw ($2.02 in chips) 
Seat 5: urbyone ($2.89 in chips) 
Seat 7: Valsomething ($1.68 in chips) 
Seat 9: Dorex2007 ($2 in chips) 
VKim_V: posts small blind $0.01
Garri643: posts big blind $0.02
nagaElf: sits out 
*** HOLE CARDS ***
Dealt to Dorex2007 [3s 3h]
wALEXSANDRw: folds 
urbyone: folds 
Valsomething: folds 
Dorex2007: raises $0.02 to $0.04
VKim_V: calls $0.03
Garri643: calls $0.02
*** FLOP *** [Ac Td 8c]
VKim_V: checks 
Garri643: checks 
Dorex2007: checks 
*** TURN *** [Ac Td 8c] [2d]
VKim_V: checks 
Garri643: bets $0.12
Dorex2007: folds 
VKim_V: folds 
Uncalled bet ($0.12) returned to Garri643
Garri643 collected $0.12 from pot
Garri643: doesn't show hand 
*** SUMMARY ***
Total pot $0.12 | Rake $0 
Board [Ac Td 8c 2d]
Seat 2: VKim_V (small blind) folded on the Turn
Seat 3: Garri643 (big blind) collected ($0.12)
Seat 4: wALEXSANDRw folded before Flop (didn't bet)
Seat 5: urbyone folded before Flop (didn't bet)
Seat 7: Valsomething folded before Flop (didn't bet)
Seat 9: Dorex2007 (button) folded on the Turn



PokerStars Hand #234578921592:  Hold'em No Limit ($0.01/$0.02 USD) - 2022/03/05 9:46:06 PT [2022/03/05 12:46:06 ET]
Table 'Golia II' 9-max Seat #2 is the button
Seat 2: VKim_V ($1.54 in chips) 
Seat 3: Garri643 ($1.68 in chips) 
Seat 4: wALEXSANDRw ($2.02 in chips) 
Seat 5: urbyone ($2.89 in chips) 
Seat 7: Valsomething ($1.68 in chips) 
Seat 9: Dorex2007 ($2 in chips) 
Garri643: posts small blind $0.01
wALEXSANDRw: posts big blind $0.02
nagaElf: sits out 
Gatzin: sits out 
*** HOLE CARDS ***
Dealt to Dorex2007 [3c 5d]
urbyone: folds 
Valsomething: folds 
Dorex2007: folds 
VKim_V: folds 
Garri643: calls $0.01
wALEXSANDRw: raises $0.04 to $0.06
Garri643: calls $0.04
*** FLOP *** [9c 2c 5s]
Garri643: checks 
wALEXSANDRw: bets $0.04
Garri643: calls $0.04
*** TURN *** [9c 2c 5s] [2h]
Garri643: checks 
wALEXSANDRw: checks 
*** RIVER *** [9c 2c 5s 2h] [Js]
Garri643: bets $0.09
wALEXSANDRw: folds 
Uncalled bet ($0.09) returned to Garri643
Garri643 collected $0.19 from pot
Garri643: doesn't show hand 
*** SUMMARY ***
Total pot $0.20 | Rake $0.01 
Board [9c 2c 5s 2h Js]
Seat 2: VKim_V (button) folded before Flop (didn't bet)
Seat 3: Garri643 (small blind) collected ($0.19)
Seat 4: wALEXSANDRw (big blind) folded on the River
Seat 5: urbyone folded before Flop (didn't bet)
Seat 7: Valsomething folded before Flop (didn't bet)
Seat 9: Dorex2007 folded before Flop (didn't bet)



PokerStars Hand #234578939144:  Hold'em No Limit ($0.01/$0.02 USD) - 2022/03/05 9:46:48 PT [2022/03/05 12:46:48 ET]
Table 'Golia II' 9-max Seat #3 is the button
Seat 2: VKim_V ($1.54 in chips) 
Seat 3: Garri643 ($1.77 in chips) 
Seat 4: wALEXSANDRw ($1.92 in chips) 
Seat 5: urbyone ($2.89 in chips) 
Seat 7: Valsomething ($1.68 in chips) 
Seat 9: Dorex2007 ($2 in chips) 
wALEXSANDRw: posts small blind $0.01
urbyone: posts big blind $0.02
nagaElf: sits out 
Gatzin: sits out 
*** HOLE CARDS ***
Dealt to Dorex2007 [8d Kh]
Valsomething: folds 
Dorex2007: folds 
VKim_V: raises $0.02 to $0.04
Garri643: calls $0.04
wALEXSANDRw: calls $0.03
urbyone: folds 
*** FLOP *** [Ac 2s 3h]
wALEXSANDRw: checks 
VKim_V: checks 
Garri643: checks 
*** TURN *** [Ac 2s 3h] [6s]
wALEXSANDRw: bets $0.06
VKim_V: raises $0.06 to $0.12
Garri643: calls $0.12
wALEXSANDRw: calls $0.06
*** RIVER *** [Ac 2s 3h 6s] [2c]
wALEXSANDRw: checks 
VKim_V: checks 
Garri643: checks 
*** SHOW DOWN ***
wALEXSANDRw: shows [Ad Jh] (two pair, Aces and Deuces)
VKim_V: mucks hand 
Garri643: mucks hand 
wALEXSANDRw collected $0.48 from pot
*** SUMMARY ***
Total pot $0.50 | Rake $0.02 
Board [Ac 2s 3h 6s 2c]
Seat 2: VKim_V mucked [Qd Kc]
Seat 3: Garri643 (button) mucked [Th Tc]
Seat 4: wALEXSANDRw (small blind) showed [Ad Jh] and won ($0.48) with two pair, Aces and Deuces
Seat 5: urbyone (big blind) folded before Flop
Seat 7: Valsomething folded before Flop (didn't bet)
Seat 9: Dorex2007 folded before Flop (didn't bet)



PokerStars Hand #234578960443:  Hold'em No Limit ($0.01/$0.02 USD) - 2022/03/05 9:47:38 PT [2022/03/05 12:47:38 ET]
Table 'Golia II' 9-max Seat #4 is the button
Seat 2: VKim_V ($1.38 in chips) 
Seat 3: Garri643 ($1.61 in chips) 
Seat 4: wALEXSANDRw ($2.24 in chips) 
Seat 5: urbyone ($2.87 in chips) 
Seat 6: nagaElf ($2 in chips) 
Seat 7: Valsomething ($1.68 in chips) 
Seat 8: fjmuller ($1.60 in chips) 
Seat 9: Dorex2007 ($2 in chips) 
urbyone: posts small blind $0.01
nagaElf: posts big blind $0.02
fjmuller: posts big blind $0.02
Gatzin: sits out 
*** HOLE CARDS ***
Dealt to Dorex2007 [Kh Qd]
Valsomething: folds 
fjmuller: checks 
Dorex2007: raises $0.02 to $0.04
VKim_V: folds 
Garri643: calls $0.04
wALEXSANDRw: calls $0.04
urbyone: folds 
nagaElf: calls $0.02
fjmuller: calls $0.02
*** FLOP *** [4h Td 9d]
nagaElf: checks 
fjmuller: checks 
Dorex2007: checks 
Garri643: checks 
wALEXSANDRw: bets $0.04
nagaElf: calls $0.04
fjmuller: calls $0.04
Dorex2007: folds 
Garri643: folds 
*** TURN *** [4h Td 9d] [4s]
nagaElf: checks 
fjmuller: checks 
wALEXSANDRw: bets $0.04
nagaElf: calls $0.04
fjmuller: folds 
*** RIVER *** [4h Td 9d 4s] [2c]
nagaElf: checks 
wALEXSANDRw: bets $0.06
nagaElf: calls $0.06
*** SHOW DOWN ***
wALEXSANDRw: shows [Ts Qh] (two pair, Tens and Fours)
nagaElf: mucks hand 
wALEXSANDRw collected $0.51 from pot
*** SUMMARY ***
Total pot $0.53 | Rake $0.02 
Board [4h Td 9d 4s 2c]
Seat 2: VKim_V folded before Flop (didn't bet)
Seat 3: Garri643 folded on the Flop
Seat 4: wALEXSANDRw (button) showed [Ts Qh] and won ($0.51) with two pair, Tens and Fours
Seat 5: urbyone (small blind) folded before Flop
Seat 6: nagaElf (big blind) mucked [9s 5s]
Seat 7: Valsomething folded before Flop (didn't bet)
Seat 8: fjmuller folded on the Turn
Seat 9: Dorex2007 folded on the Flop



PokerStars Hand #234578991996:  Hold'em No Limit ($0.01/$0.02 USD) - 2022/03/05 9:48:52 PT [2022/03/05 12:48:52 ET]
Table 'Golia II' 9-max Seat #5 is the button
Seat 2: VKim_V ($1.38 in chips) 
Seat 3: Garri643 ($1.57 in chips) 
Seat 4: wALEXSANDRw ($2.57 in chips) 
Seat 5: urbyone ($2.86 in chips) 
Seat 6: nagaElf ($1.82 in chips) 
Seat 7: Valsomething ($1.68 in chips) 
Seat 8: fjmuller ($1.52 in chips) 
Seat 9: Dorex2007 ($2 in chips) 
nagaElf: posts small blind $0.01
Valsomething: posts big blind $0.02
Gatzin: sits out 
*** HOLE CARDS ***
Dealt to Dorex2007 [9d Tc]
fjmuller: folds 
Dorex2007: folds 
VKim_V: folds 
Garri643: calls $0.02
wALEXSANDRw: calls $0.02
urbyone: folds 
nagaElf: calls $0.01
Valsomething: raises $0.20 to $0.22
Garri643: folds 
wALEXSANDRw: folds 
nagaElf: folds 
Uncalled bet ($0.20) returned to Valsomething
Valsomething collected $0.08 from pot
Valsomething: doesn't show hand 
*** SUMMARY ***
Total pot $0.08 | Rake $0 
Seat 2: VKim_V folded before Flop (didn't bet)
Seat 3: Garri643 folded before Flop
Seat 4: wALEXSANDRw folded before Flop
Seat 5: urbyone (button) folded before Flop (didn't bet)
Seat 6: nagaElf (small blind) folded before Flop
Seat 7: Valsomething (big blind) collected ($0.08)
Seat 8: fjmuller folded before Flop (didn't bet)
Seat 9: Dorex2007 folded before Flop (didn't bet)



PokerStars Hand #234579008238:  Hold'em No Limit ($0.01/$0.02 USD) - 2022/03/05 9:49:31 PT [2022/03/05 12:49:31 ET]
Table 'Golia II' 9-max Seat #6 is the button
Seat 2: VKim_V ($1.38 in chips) 
Seat 3: Garri643 ($1.55 in chips) 
Seat 4: wALEXSANDRw ($2.55 in chips) 
Seat 5: urbyone ($2.86 in chips) 
Seat 6: nagaElf ($1.80 in chips) 
Seat 7: Valsomething ($1.74 in chips) 
Seat 8: fjmuller ($1.52 in chips) 
Seat 9: Dorex2007 ($2 in chips) 
Valsomething: posts small blind $0.01
fjmuller: posts big blind $0.02
Gatzin: sits out 
*** HOLE CARDS ***
Dealt to Dorex2007 [8s 3s]
Dorex2007: folds 
VKim_V: folds 
Garri643: folds 
wALEXSANDRw: raises $0.02 to $0.04
urbyone: folds 
nagaElf: calls $0.04
Valsomething: calls $0.03
fjmuller: calls $0.02
*** FLOP *** [7c 6c 9d]
Valsomething: checks 
fjmuller: checks 
wALEXSANDRw: checks 
nagaElf: bets $0.12
Valsomething: folds 
fjmuller: folds 
wALEXSANDRw: folds 
Uncalled bet ($0.12) returned to nagaElf
nagaElf collected $0.15 from pot
nagaElf: doesn't show hand 
*** SUMMARY ***
Total pot $0.16 | Rake $0.01 
Board [7c 6c 9d]
Seat 2: VKim_V folded before Flop (didn't bet)
Seat 3: Garri643 folded before Flop (didn't bet)
Seat 4: wALEXSANDRw folded on the Flop
Seat 5: urbyone folded before Flop (didn't bet)
Seat 6: nagaElf (button) collected ($0.15)
Seat 7: Valsomething (small blind) folded on the Flop
Seat 8: fjmuller (big blind) folded on the Flop
Seat 9: Dorex2007 folded before Flop (didn't bet)



PokerStars Hand #234579030075:  Hold'em No Limit ($0.01/$0.02 USD) - 2022/03/05 9:50:22 PT [2022/03/05 12:50:22 ET]
Table 'Golia II' 9-max Seat #7 is the button
Seat 2: VKim_V ($1.38 in chips) 
Seat 3: Garri643 ($1.55 in chips) 
Seat 4: wALEXSANDRw ($2.51 in chips) 
Seat 5: urbyone ($2.86 in chips) 
Seat 6: nagaElf ($1.91 in chips) 
Seat 7: Valsomething ($1.70 in chips) 
Seat 8: fjmuller ($1.48 in chips) 
Seat 9: Dorex2007 ($2 in chips) 
fjmuller: posts small blind $0.01
Dorex2007: posts big blind $0.02
Gatzin: sits out 
*** HOLE CARDS ***
Dealt to Dorex2007 [Kh 9c]
VKim_V: folds 
Garri643: calls $0.02
wALEXSANDRw: raises $0.04 to $0.06
urbyone: folds 
nagaElf: folds 
Valsomething: folds 
fjmuller: folds 
Dorex2007: folds 
Garri643: calls $0.04
*** FLOP *** [2c Kd 6c]
Garri643: checks 
wALEXSANDRw: bets $0.07
Garri643: folds 
Uncalled bet ($0.07) returned to wALEXSANDRw
wALEXSANDRw collected $0.14 from pot
wALEXSANDRw: doesn't show hand 
*** SUMMARY ***
Total pot $0.15 | Rake $0.01 
Board [2c Kd 6c]
Seat 2: VKim_V folded before Flop (didn't bet)
Seat 3: Garri643 folded on the Flop
Seat 4: wALEXSANDRw collected ($0.14)
Seat 5: urbyone folded before Flop (didn't bet)
Seat 6: nagaElf folded before Flop (didn't bet)
Seat 7: Valsomething (button) folded before Flop (didn't bet)
Seat 8: fjmuller (small blind) folded before Flop
Seat 9: Dorex2007 (big blind) folded before Flop



PokerStars Hand #234579044770:  Hold'em No Limit ($0.01/$0.02 USD) - 2022/03/05 9:50:57 PT [2022/03/05 12:50:57 ET]
Table 'Golia II' 9-max Seat #8 is the button
Seat 1: Gatzin ($2 in chips) 
Seat 2: VKim_V ($1.38 in chips) 
Seat 3: Garri643 ($1.49 in chips) 
Seat 4: wALEXSANDRw ($2.59 in chips) 
Seat 5: urbyone ($2.86 in chips) 
Seat 6: nagaElf ($2 in chips) 
Seat 7: Valsomething ($1.70 in chips) 
Seat 8: fjmuller ($1.47 in chips) 
Seat 9: Dorex2007 ($2 in chips) 
Dorex2007: posts small blind $0.01
Gatzin: posts big blind $0.02
*** HOLE CARDS ***
Dealt to Dorex2007 [Th 9c]
VKim_V: raises $0.04 to $0.06
Garri643: folds 
wALEXSANDRw: folds 
urbyone: calls $0.06
nagaElf: raises $0.08 to $0.14
Valsomething: folds 
fjmuller: folds 
Dorex2007: folds 
Gatzin: folds 
VKim_V: calls $0.08
urbyone: calls $0.08
*** FLOP *** [2c 2s 9h]
VKim_V: checks 
urbyone: checks 
nagaElf: checks 
*** TURN *** [2c 2s 9h] [Jd]
VKim_V: checks 
urbyone: checks 
nagaElf: checks 
*** RIVER *** [2c 2s 9h Jd] [9d]
VKim_V: checks 
urbyone: checks 
nagaElf: checks 
*** SHOW DOWN ***
VKim_V: shows [Ah Ks] (two pair, Nines and Deuces)
urbyone: shows [6h 6s] (two pair, Nines and Sixes)
nagaElf: mucks hand 
urbyone collected $0.43 from pot
*** SUMMARY ***
Total pot $0.45 | Rake $0.02 
Board [2c 2s 9h Jd 9d]
Seat 1: Gatzin (big blind) folded before Flop
Seat 2: VKim_V showed [Ah Ks] and lost with two pair, Nines and Deuces
Seat 3: Garri643 folded before Flop (didn't bet)
Seat 4: wALEXSANDRw folded before Flop (didn't bet)
Seat 5: urbyone showed [6h 6s] and won ($0.43) with two pair, Nines and Sixes
Seat 6: nagaElf mucked [Kd Qs]
Seat 7: Valsomething folded before Flop (didn't bet)
Seat 8: fjmuller (button) folded before Flop (didn't bet)
Seat 9: Dorex2007 (small blind) folded before Flop



PokerStars Hand #234579077814:  Hold'em No Limit ($0.01/$0.02 USD) - 2022/03/05 9:52:15 PT [2022/03/05 12:52:15 ET]
Table 'Golia II' 9-max Seat #9 is the button
Seat 1: Gatzin ($2 in chips) 
Seat 2: VKim_V ($1.24 in chips) 
Seat 3: Garri643 ($1.49 in chips) 
Seat 4: wALEXSANDRw ($2.59 in chips) 
Seat 5: urbyone ($3.15 in chips) 
Seat 6: nagaElf ($1.86 in chips) 
Seat 7: Valsomething ($1.70 in chips) 
Seat 8: fjmuller ($1.47 in chips) 
Seat 9: Dorex2007 ($2 in chips) 
Gatzin: posts small blind $0.01
VKim_V: posts big blind $0.02
*** HOLE CARDS ***
Dealt to Dorex2007 [Ks 7d]
Garri643: folds 
wALEXSANDRw: raises $0.02 to $0.04
urbyone: folds 
nagaElf: folds 
Valsomething: folds 
Dorex2007 said, "nagaElf.  I see you've been on a downswing lately."
fjmuller: folds 
Dorex2007: folds 
Gatzin: folds 
VKim_V: folds 
Uncalled bet ($0.02) returned to wALEXSANDRw
wALEXSANDRw collected $0.05 from pot
wALEXSANDRw: doesn't show hand 
*** SUMMARY ***
Total pot $0.05 | Rake $0 
Seat 1: Gatzin (small blind) folded before Flop
Seat 2: VKim_V (big blind) folded before Flop
Seat 3: Garri643 folded before Flop (didn't bet)
Seat 4: wALEXSANDRw collected ($0.05)
Seat 5: urbyone folded before Flop (didn't bet)
Seat 6: nagaElf folded before Flop (didn't bet)
Seat 7: Valsomething folded before Flop (didn't bet)
Seat 8: fjmuller folded before Flop (didn't bet)
Seat 9: Dorex2007 (button) folded before Flop (didn't bet)



PokerStars Hand #234579087260:  Hold'em No Limit ($0.01/$0.02 USD) - 2022/03/05 9:52:37 PT [2022/03/05 12:52:37 ET]
Table 'Golia II' 9-max Seat #1 is the button
Seat 1: Gatzin ($2 in chips) 
Seat 2: VKim_V ($1.22 in chips) 
Seat 3: Garri643 ($1.49 in chips) 
Seat 4: wALEXSANDRw ($2.62 in chips) 
Seat 5: urbyone ($3.15 in chips) 
Seat 6: nagaElf ($2 in chips) 
Seat 7: Valsomething ($1.70 in chips) 
Seat 8: fjmuller ($1.47 in chips) 
Seat 9: Dorex2007 ($2 in chips) 
VKim_V: posts small blind $0.01
Garri643: posts big blind $0.02
*** HOLE CARDS ***
Dealt to Dorex2007 [Jh 8s]
wALEXSANDRw: folds 
urbyone: folds 
nagaElf: folds 
Valsomething: raises $0.04 to $0.06
fjmuller: folds 
Dorex2007: folds 
Gatzin: folds 
VKim_V: folds 
Garri643: folds 
Uncalled bet ($0.04) returned to Valsomething
Valsomething collected $0.05 from pot
Valsomething: doesn't show hand 
*** SUMMARY ***
Total pot $0.05 | Rake $0 
Seat 1: Gatzin (button) folded before Flop (didn't bet)
Seat 2: VKim_V (small blind) folded before Flop
Seat 3: Garri643 (big blind) folded before Flop
Seat 4: wALEXSANDRw folded before Flop (didn't bet)
Seat 5: urbyone folded before Flop (didn't bet)
Seat 6: nagaElf folded before Flop (didn't bet)
Seat 7: Valsomething collected ($0.05)
Seat 8: fjmuller folded before Flop (didn't bet)
Seat 9: Dorex2007 folded before Flop (didn't bet)



PokerStars Hand #234579094752:  Hold'em No Limit ($0.01/$0.02 USD) - 2022/03/05 9:52:54 PT [2022/03/05 12:52:54 ET]
Table 'Golia II' 9-max Seat #2 is the button
Seat 1: Gatzin ($2 in chips) 
Seat 2: VKim_V ($1.21 in chips) 
Seat 3: Garri643 ($1.47 in chips) 
Seat 4: wALEXSANDRw ($2.62 in chips) 
Seat 5: urbyone ($3.15 in chips) 
Seat 6: nagaElf ($2 in chips) 
Seat 7: Valsomething ($1.73 in chips) 
Seat 8: fjmuller ($1.47 in chips) 
Seat 9: Dorex2007 ($2 in chips) 
Garri643: posts small blind $0.01
wALEXSANDRw: posts big blind $0.02
*** HOLE CARDS ***
Dealt to Dorex2007 [Tc Qd]
urbyone: folds 
nagaElf: folds 
Valsomething: folds 
fjmuller: folds 
Dorex2007: folds 
Gatzin: folds 
VKim_V: calls $0.02
Garri643: raises $0.04 to $0.06
wALEXSANDRw: folds 
VKim_V: calls $0.04
*** FLOP *** [9d 5c 7h]
Garri643: checks 
VKim_V: bets $0.09
Garri643: calls $0.09
*** TURN *** [9d 5c 7h] [7s]
Garri643: checks 
VKim_V: checks 
*** RIVER *** [9d 5c 7h 7s] [4c]
Garri643: checks 
VKim_V: bets $0.17
Garri643: folds 
Uncalled bet ($0.17) returned to VKim_V
VKim_V collected $0.31 from pot
VKim_V: doesn't show hand 
*** SUMMARY ***
Total pot $0.32 | Rake $0.01 
Board [9d 5c 7h 7s 4c]
Seat 1: Gatzin folded before Flop (didn't bet)
Seat 2: VKim_V (button) collected ($0.31)
Seat 3: Garri643 (small blind) folded on the River
Seat 4: wALEXSANDRw (big blind) folded before Flop
Seat 5: urbyone folded before Flop (didn't bet)
Seat 6: nagaElf folded before Flop (didn't bet)
Seat 7: Valsomething folded before Flop (didn't bet)
Seat 8: fjmuller folded before Flop (didn't bet)
Seat 9: Dorex2007 folded before Flop (didn't bet)



PokerStars Hand #234579114591:  Hold'em No Limit ($0.01/$0.02 USD) - 2022/03/05 9:53:42 PT [2022/03/05 12:53:42 ET]
Table 'Golia II' 9-max Seat #3 is the button
Seat 1: Gatzin ($2 in chips) 
Seat 2: VKim_V ($1.37 in chips) 
Seat 3: Garri643 ($1.32 in chips) 
Seat 4: wALEXSANDRw ($2.60 in chips) 
Seat 6: nagaElf ($2 in chips) 
Seat 7: Valsomething ($1.73 in chips) 
Seat 8: fjmuller ($1.47 in chips) 
Seat 9: Dorex2007 ($2 in chips) 
wALEXSANDRw: posts small blind $0.01
nagaElf: posts big blind $0.02
*** HOLE CARDS ***
Dealt to Dorex2007 [Td Tc]
Valsomething: folds 
fjmuller: calls $0.02
Dorex2007: calls $0.02
Gatzin: raises $0.09 to $0.11
VKim_V: folds 
Garri643: folds 
wALEXSANDRw: calls $0.10
urbyone leaves the table
nagaElf: folds 
fjmuller: calls $0.09
Dorex2007: folds 
*** FLOP *** [Qh 9c Th]
wALEXSANDRw: checks 
fjmuller: checks 
Gatzin: checks 
*** TURN *** [Qh 9c Th] [Js]
wALEXSANDRw: checks 
tomashovka55 joins the table at seat #5 
fjmuller: bets $0.02
Gatzin: folds 
wALEXSANDRw: folds 
Uncalled bet ($0.02) returned to fjmuller
fjmuller collected $0.36 from pot
fjmuller: doesn't show hand 
*** SUMMARY ***
Total pot $0.37 | Rake $0.01 
Board [Qh 9c Th Js]
Seat 1: Gatzin folded on the Turn
Seat 2: VKim_V folded before Flop (didn't bet)
Seat 3: Garri643 (button) folded before Flop (didn't bet)
Seat 4: wALEXSANDRw (small blind) folded on the Turn
Seat 6: nagaElf (big blind) folded before Flop
Seat 7: Valsomething folded before Flop (didn't bet)
Seat 8: fjmuller collected ($0.36)
Seat 9: Dorex2007 folded before Flop



PokerStars Hand #234579136215:  Hold'em No Limit ($0.01/$0.02 USD) - 2022/03/05 9:54:33 PT [2022/03/05 12:54:33 ET]
Table 'Golia II' 9-max Seat #4 is the button
Seat 1: Gatzin ($2 in chips) 
Seat 2: VKim_V ($1.37 in chips) 
Seat 3: Garri643 ($1.32 in chips) 
Seat 4: wALEXSANDRw ($2.49 in chips) 
Seat 6: nagaElf ($2 in chips) 
Seat 7: Valsomething ($1.73 in chips) 
Seat 8: fjmuller ($1.72 in chips) 
Seat 9: Dorex2007 ($2 in chips) 
nagaElf: posts small blind $0.01
Valsomething: posts big blind $0.02
*** HOLE CARDS ***
Dealt to Dorex2007 [5c 8s]
fjmuller: folds 
Dorex2007: folds 
Gatzin: raises $0.10 to $0.12
VKim_V: folds 
Garri643: calls $0.12
wALEXSANDRw: folds 
nagaElf: folds 
Valsomething: folds 
*** FLOP *** [6h 7d Ac]
Gatzin: bets $0.14
Garri643: folds 
Uncalled bet ($0.14) returned to Gatzin
Gatzin collected $0.26 from pot
Gatzin: doesn't show hand 
*** SUMMARY ***
Total pot $0.27 | Rake $0.01 
Board [6h 7d Ac]
Seat 1: Gatzin collected ($0.26)
Seat 2: VKim_V folded before Flop (didn't bet)
Seat 3: Garri643 folded on the Flop
Seat 4: wALEXSANDRw (button) folded before Flop (didn't bet)
Seat 6: nagaElf (small blind) folded before Flop
Seat 7: Valsomething (big blind) folded before Flop
Seat 8: fjmuller folded before Flop (didn't bet)
Seat 9: Dorex2007 folded before Flop (didn't bet)



PokerStars Hand #234579151319:  Hold'em No Limit ($0.01/$0.02 USD) - 2022/03/05 9:55:10 PT [2022/03/05 12:55:10 ET]
Table 'Golia II' 9-max Seat #6 is the button
Seat 1: Gatzin ($2.14 in chips) 
Seat 2: VKim_V ($1.37 in chips) 
Seat 3: Garri643 ($1.20 in chips) 
Seat 4: wALEXSANDRw ($2.49 in chips) 
Seat 6: nagaElf ($1.99 in chips) 
Seat 7: Valsomething ($1.71 in chips) 
Seat 8: fjmuller ($1.72 in chips) 
Seat 9: Dorex2007 ($2 in chips) 
Valsomething: posts small blind $0.01
fjmuller: posts big blind $0.02
tomashovka55: sits out 
*** HOLE CARDS ***
Dealt to Dorex2007 [Ad 4h]
Dorex2007: folds 
Gatzin: folds 
VKim_V: calls $0.02
Garri643: calls $0.02
wALEXSANDRw: calls $0.02
nagaElf: calls $0.02
Valsomething: folds 
fjmuller: checks 
*** FLOP *** [Ts 4d Kc]
fjmuller: checks 
VKim_V: checks 
Garri643: checks 
wALEXSANDRw: checks 
nagaElf: checks 
*** TURN *** [Ts 4d Kc] [Ks]
fjmuller: checks 
VKim_V: bets $0.07
Garri643: folds 
wALEXSANDRw: folds 
nagaElf: folds 
fjmuller: folds 
Uncalled bet ($0.07) returned to VKim_V
VKim_V collected $0.11 from pot
VKim_V: doesn't show hand 
*** SUMMARY ***
Total pot $0.11 | Rake $0 
Board [Ts 4d Kc Ks]
Seat 1: Gatzin folded before Flop (didn't bet)
Seat 2: VKim_V collected ($0.11)
Seat 3: Garri643 folded on the Turn
Seat 4: wALEXSANDRw folded on the Turn
Seat 6: nagaElf (button) folded on the Turn
Seat 7: Valsomething (small blind) folded before Flop
Seat 8: fjmuller (big blind) folded on the Turn
Seat 9: Dorex2007 folded before Flop (didn't bet)



PokerStars Hand #234579167981:  Hold'em No Limit ($0.01/$0.02 USD) - 2022/03/05 9:56:05 PT [2022/03/05 12:56:05 ET]
Table 'Golia II' 9-max Seat #8 is the button
Seat 1: Gatzin ($2.14 in chips) 
Seat 2: VKim_V ($1.46 in chips) 
Seat 3: Garri643 ($1.18 in chips) 
Seat 4: wALEXSANDRw ($2.47 in chips) 
Seat 6: nagaElf ($2 in chips) 
Seat 8: fjmuller ($1.70 in chips) 
Seat 9: Dorex2007 ($2 in chips) 
Dorex2007: posts small blind $0.01
Gatzin: posts big blind $0.02
tomashovka55: sits out 
*** HOLE CARDS ***
Dealt to Dorex2007 [2h 2d]
VKim_V: folds 
Garri643: folds 
wALEXSANDRw: raises $0.02 to $0.04
nagaElf: folds 
fjmuller: folds 
Dorex2007: calls $0.03
Gatzin: folds 
*** FLOP *** [7s 5c 7c]
Dorex2007: bets $0.07
wALEXSANDRw: calls $0.07
*** TURN *** [7s 5c 7c] [Qd]
Dorex2007: checks 
wALEXSANDRw: checks 
*** RIVER *** [7s 5c 7c Qd] [Td]
Dorex2007: bets $0.12
wALEXSANDRw: folds 
Uncalled bet ($0.12) returned to Dorex2007
Dorex2007 collected $0.23 from pot
Dorex2007: doesn't show hand 
*** SUMMARY ***
Total pot $0.24 | Rake $0.01 
Board [7s 5c 7c Qd Td]
Seat 1: Gatzin (big blind) folded before Flop
Seat 2: VKim_V folded before Flop (didn't bet)
Seat 3: Garri643 folded before Flop (didn't bet)
Seat 4: wALEXSANDRw folded on the River
Seat 6: nagaElf folded before Flop (didn't bet)
Seat 8: fjmuller (button) folded before Flop (didn't bet)
Seat 9: Dorex2007 (small blind) collected ($0.23)



PokerStars Hand #234579178331:  Hold'em No Limit ($0.01/$0.02 USD) - 2022/03/05 9:56:38 PT [2022/03/05 12:56:38 ET]
Table 'Golia II' 9-max Seat #9 is the button
Seat 1: Gatzin ($2.12 in chips) 
Seat 2: VKim_V ($1.46 in chips) 
Seat 3: Garri643 ($1.18 in chips) 
Seat 4: wALEXSANDRw ($2.36 in chips) 
Seat 6: nagaElf ($2 in chips) 
Seat 8: fjmuller ($1.70 in chips) 
Seat 9: Dorex2007 ($2.12 in chips) 
Gatzin: posts small blind $0.01
VKim_V: posts big blind $0.02
tomashovka55: sits out 
*** HOLE CARDS ***
Dealt to Dorex2007 [Qd 2d]
Garri643: folds 
wALEXSANDRw: folds 
nagaElf: folds 
fjmuller: calls $0.02
Dorex2007: folds 
Gatzin: raises $0.10 to $0.12
VKim_V: calls $0.10
fjmuller: calls $0.10
*** FLOP *** [7c Kc As]
Gatzin: checks 
VKim_V: bets $0.17
fjmuller: calls $0.17
Gatzin: folds 
*** TURN *** [7c Kc As] [5d]
VKim_V: bets $0.68
fjmuller: calls $0.68
*** RIVER *** [7c Kc As 5d] [Qh]
VKim_V: bets $0.49 and is all-in
fjmuller: calls $0.49
*** SHOW DOWN ***
VKim_V: shows [Jh Ac] (a pair of Aces)
fjmuller: shows [7h Ah] (two pair, Aces and Sevens)
fjmuller collected $2.93 from pot
*** SUMMARY ***
Total pot $3.04 | Rake $0.11 
Board [7c Kc As 5d Qh]
Seat 1: Gatzin (small blind) folded on the Flop
Seat 2: VKim_V (big blind) showed [Jh Ac] and lost with a pair of Aces
Seat 3: Garri643 folded before Flop (didn't bet)
Seat 4: wALEXSANDRw folded before Flop (didn't bet)
Seat 6: nagaElf folded before Flop (didn't bet)
Seat 8: fjmuller showed [7h Ah] and won ($2.93) with two pair, Aces and Sevens
Seat 9: Dorex2007 (button) folded before Flop (didn't bet)



PokerStars Hand #234579205853:  Hold'em No Limit ($0.01/$0.02 USD) - 2022/03/05 9:58:03 PT [2022/03/05 12:58:03 ET]
Table 'Golia II' 9-max Seat #1 is the button
Seat 1: Gatzin ($2 in chips) 
Seat 3: Garri643 ($1.18 in chips) 
Seat 4: wALEXSANDRw ($2.36 in chips) 
Seat 6: nagaElf ($2 in chips) 
Seat 8: fjmuller ($3.17 in chips) 
Seat 9: Dorex2007 ($2.12 in chips) 
Garri643: posts small blind $0.01
wALEXSANDRw: posts big blind $0.02
tomashovka55: sits out 
*** HOLE CARDS ***
Dealt to Dorex2007 [7s 5d]
nagaElf: folds 
VKim_V leaves the table
fjmuller: calls $0.02
Dorex2007: folds 
Gatzin: folds 
dimitriusDZ joins the table at seat #2 
Garri643: calls $0.01
wALEXSANDRw: checks 
*** FLOP *** [Qs 8h 7d]
Garri643: checks 
wALEXSANDRw: bets $0.02
fjmuller: calls $0.02
Garri643: calls $0.02
*** TURN *** [Qs 8h 7d] [4s]
Garri643: checks 
wALEXSANDRw: bets $0.04
fjmuller: calls $0.04
Garri643: calls $0.04
*** RIVER *** [Qs 8h 7d 4s] [Kh]
Garri643: checks 
wALEXSANDRw: bets $0.08
fjmuller: folds 
Garri643: folds 
Uncalled bet ($0.08) returned to wALEXSANDRw
wALEXSANDRw collected $0.23 from pot
wALEXSANDRw: doesn't show hand 
*** SUMMARY ***
Total pot $0.24 | Rake $0.01 
Board [Qs 8h 7d 4s Kh]
Seat 1: Gatzin (button) folded before Flop (didn't bet)
Seat 3: Garri643 (small blind) folded on the River
Seat 4: wALEXSANDRw (big blind) collected ($0.23)
Seat 6: nagaElf folded before Flop (didn't bet)
Seat 8: fjmuller folded on the River
Seat 9: Dorex2007 folded before Flop (didn't bet)



PokerStars Hand #234579222003:  Hold'em No Limit ($0.01/$0.02 USD) - 2022/03/05 9:58:55 PT [2022/03/05 12:58:55 ET]
Table 'Golia II' 9-max Seat #3 is the button
Seat 1: Gatzin ($2 in chips) 
Seat 3: Garri643 ($1.10 in chips) 
Seat 4: wALEXSANDRw ($2.51 in chips) 
Seat 5: tomashovka55 ($2 in chips) 
Seat 6: nagaElf ($2 in chips) 
Seat 8: fjmuller ($3.09 in chips) 
Seat 9: Dorex2007 ($2.12 in chips) 
wALEXSANDRw: posts small blind $0.01
tomashovka55: posts big blind $0.02
dimitriusDZ: sits out 
*** HOLE CARDS ***
Dealt to Dorex2007 [7d 7h]
nagaElf: folds 
fjmuller: folds 
Dorex2007: raises $0.02 to $0.04
Gatzin: calls $0.04
Garri643: folds 
wALEXSANDRw: folds 
tomashovka55: folds 
*** FLOP *** [8h 8c Kd]
Dorex2007: checks 
Gatzin: checks 
*** TURN *** [8h 8c Kd] [6s]
Dorex2007: checks 
Gatzin: checks 
*** RIVER *** [8h 8c Kd 6s] [8d]
Dorex2007: checks 
Gatzin: checks 
*** SHOW DOWN ***
Dorex2007: shows [7d 7h] (a full house, Eights full of Sevens)
Gatzin: mucks hand 
Dorex2007 collected $0.11 from pot
*** SUMMARY ***
Total pot $0.11 | Rake $0 
Board [8h 8c Kd 6s 8d]
Seat 1: Gatzin mucked [2h 2c]
Seat 3: Garri643 (button) folded before Flop (didn't bet)
Seat 4: wALEXSANDRw (small blind) folded before Flop
Seat 5: tomashovka55 (big blind) folded before Flop
Seat 6: nagaElf folded before Flop (didn't bet)
Seat 8: fjmuller folded before Flop (didn't bet)
Seat 9: Dorex2007 showed [7d 7h] and won ($0.11) with a full house, Eights full of Sevens



PokerStars Hand #234579241543:  Hold'em No Limit ($0.01/$0.02 USD) - 2022/03/05 9:59:59 PT [2022/03/05 12:59:59 ET]
Table 'Golia II' 9-max Seat #4 is the button
Seat 1: Gatzin ($2 in chips) 
Seat 3: Garri643 ($1.10 in chips) 
Seat 4: wALEXSANDRw ($2.50 in chips) 
Seat 5: tomashovka55 ($2 in chips) 
Seat 6: nagaElf ($2 in chips) 
Seat 8: fjmuller ($3.09 in chips) 
Seat 9: Dorex2007 ($2.19 in chips) 
tomashovka55: posts small blind $0.01
nagaElf: posts big blind $0.02
*** HOLE CARDS ***
Dealt to Dorex2007 [Qc Qs]
fjmuller: calls $0.02
Dorex2007: raises $0.04 to $0.06
Gatzin: calls $0.06
Garri643: calls $0.06
wALEXSANDRw: calls $0.06
tomashovka55: folds 
nagaElf: calls $0.04
fjmuller: calls $0.04
*** FLOP *** [9d 8d Kh]
nagaElf: checks 
fjmuller: checks 
Dorex2007: checks 
Gatzin: checks 
Garri643: bets $0.18
wALEXSANDRw: folds 
nagaElf: folds 
fjmuller: calls $0.18
Dorex2007: folds 
Gatzin: calls $0.18
*** TURN *** [9d 8d Kh] [3s]
fjmuller: checks 
Gatzin: checks 
Garri643: bets $0.86 and is all-in
fjmuller: folds 
Gatzin: calls $0.86
*** RIVER *** [9d 8d Kh 3s] [3h]
*** SHOW DOWN ***
Gatzin: shows [Jd Kd] (two pair, Kings and Threes)
Garri643: shows [Ks Ts] (two pair, Kings and Threes - lower kicker)
Gatzin cashed out the hand for $2.41 | Cash Out Fee $0.02
*** SUMMARY ***
Total pot $2.63 | Rake $0.09 
Board [9d 8d Kh 3s 3h]
Seat 1: Gatzin showed [Jd Kd] and won ($2.54) with two pair, Kings and Threes (pot not awarded as player cashed out)
Seat 3: Garri643 showed [Ks Ts] and lost with two pair, Kings and Threes
Seat 4: wALEXSANDRw (button) folded on the Flop
Seat 5: tomashovka55 (small blind) folded before Flop
Seat 6: nagaElf (big blind) folded on the Flop
Seat 8: fjmuller folded on the Turn
Seat 9: Dorex2007 folded on the Flop



PokerStars Hand #234579275641:  Hold'em No Limit ($0.01/$0.02 USD) - 2022/03/05 10:01:35 PT [2022/03/05 13:01:35 ET]
Table 'Golia II' 9-max Seat #5 is the button
Seat 1: Gatzin ($3.31 in chips) 
Seat 4: wALEXSANDRw ($2.44 in chips) 
Seat 5: tomashovka55 ($2 in chips) 
Seat 6: nagaElf ($2 in chips) 
Seat 8: fjmuller ($2.85 in chips) 
Seat 9: Dorex2007 ($2.13 in chips) 
nagaElf: posts small blind $0.01
fjmuller: posts big blind $0.02
*** HOLE CARDS ***
Dealt to Dorex2007 [7h Kd]
Dorex2007: folds 
Gatzin: folds 
Garri643 leaves the table
wALEXSANDRw: raises $0.04 to $0.06
tomashovka55: folds 
nagaElf: folds 
fjmuller: folds 
Uncalled bet ($0.04) returned to wALEXSANDRw
wALEXSANDRw collected $0.05 from pot
wALEXSANDRw: doesn't show hand 
*** SUMMARY ***
Total pot $0.05 | Rake $0 
Seat 1: Gatzin folded before Flop (didn't bet)
Seat 4: wALEXSANDRw collected ($0.05)
Seat 5: tomashovka55 (button) folded before Flop (didn't bet)
Seat 6: nagaElf (small blind) folded before Flop
Seat 8: fjmuller (big blind) folded before Flop
Seat 9: Dorex2007 folded before Flop (didn't bet)



PokerStars Hand #234579281699:  Hold'em No Limit ($0.01/$0.02 USD) - 2022/03/05 10:01:51 PT [2022/03/05 13:01:51 ET]
Table 'Golia II' 9-max Seat #6 is the button
Seat 1: Gatzin ($3.31 in chips) 
Seat 4: wALEXSANDRw ($2.47 in chips) 
Seat 5: tomashovka55 ($2 in chips) 
Seat 6: nagaElf ($1.99 in chips) 
Seat 8: fjmuller ($2.83 in chips) 
Seat 9: Dorex2007 ($2.13 in chips) 
fjmuller: posts small blind $0.01
Dorex2007: posts big blind $0.02
*** HOLE CARDS ***
Dealt to Dorex2007 [Jc Td]
Gatzin: folds 
wALEXSANDRw: folds 
tomashovka55: folds 
nagaElf: folds 
nagaElf leaves the table
fjmuller: calls $0.01
Dorex2007: checks 
*** FLOP *** [2h 7s 6c]
fjmuller: checks 
Dorex2007: checks 
*** TURN *** [2h 7s 6c] [Qs]
fjmuller: checks 
Dorex2007: checks 
*** RIVER *** [2h 7s 6c Qs] [9s]
fjmuller: checks 
Dorex2007: checks 
*** SHOW DOWN ***
fjmuller: shows [Th 3h] (high card Queen)
Dorex2007: shows [Jc Td] (high card Queen - Jack kicker)
Dorex2007 collected $0.04 from pot
*** SUMMARY ***
Total pot $0.04 | Rake $0 
Board [2h 7s 6c Qs 9s]
Seat 1: Gatzin folded before Flop (didn't bet)
Seat 4: wALEXSANDRw folded before Flop (didn't bet)
Seat 5: tomashovka55 folded before Flop (didn't bet)
Seat 6: nagaElf (button) folded before Flop (didn't bet)
Seat 8: fjmuller (small blind) showed [Th 3h] and lost with high card Queen
Seat 9: Dorex2007 (big blind) showed [Jc Td] and won ($0.04) with high card Queen



PokerStars Hand #234579302607:  Hold'em No Limit ($0.01/$0.02 USD) - 2022/03/05 10:02:25 PT [2022/03/05 13:02:25 ET]
Table 'Golia II' 9-max Seat #8 is the button
Seat 1: Gatzin ($3.31 in chips) 
Seat 4: wALEXSANDRw ($2.47 in chips) 
Seat 5: tomashovka55 ($2 in chips) 
Seat 8: fjmuller ($2.81 in chips) 
Seat 9: Dorex2007 ($2.15 in chips) 
Dorex2007: posts small blind $0.01
Gatzin: posts big blind $0.02
*** HOLE CARDS ***
Dealt to Dorex2007 [Ks 3s]
wALEXSANDRw: folds 
tomashovka55: folds 
fjmuller: folds 
Dorex2007: folds 
Uncalled bet ($0.01) returned to Gatzin
Gatzin collected $0.02 from pot
Gatzin: doesn't show hand 
*** SUMMARY ***
Total pot $0.02 | Rake $0 
Seat 1: Gatzin (big blind) collected ($0.02)
Seat 4: wALEXSANDRw folded before Flop (didn't bet)
Seat 5: tomashovka55 folded before Flop (didn't bet)
Seat 8: fjmuller (button) folded before Flop (didn't bet)
Seat 9: Dorex2007 (small blind) folded before Flop



PokerStars Hand #234579309257:  Hold'em No Limit ($0.01/$0.02 USD) - 2022/03/05 10:02:42 PT [2022/03/05 13:02:42 ET]
Table 'Golia II' 9-max Seat #9 is the button
Seat 1: Gatzin ($3.32 in chips) 
Seat 4: wALEXSANDRw ($2.47 in chips) 
Seat 5: tomashovka55 ($2 in chips) 
Seat 8: fjmuller ($2.81 in chips) 
Seat 9: Dorex2007 ($2.14 in chips) 
Gatzin: posts small blind $0.01
wALEXSANDRw: posts big blind $0.02
*** HOLE CARDS ***
Dealt to Dorex2007 [Kc 4c]
tomashovka55: folds 
fjmuller: folds 
Dorex2007: folds 
Gatzin: folds 
Uncalled bet ($0.01) returned to wALEXSANDRw
wALEXSANDRw collected $0.02 from pot
wALEXSANDRw: doesn't show hand 
*** SUMMARY ***
Total pot $0.02 | Rake $0 
Seat 1: Gatzin (small blind) folded before Flop
Seat 4: wALEXSANDRw (big blind) collected ($0.02)
Seat 5: tomashovka55 folded before Flop (didn't bet)
Seat 8: fjmuller folded before Flop (didn't bet)
Seat 9: Dorex2007 (button) folded before Flop (didn't bet)



PokerStars Hand #234579314293:  Hold'em No Limit ($0.01/$0.02 USD) - 2022/03/05 10:02:54 PT [2022/03/05 13:02:54 ET]
Table 'Golia II' 9-max Seat #1 is the button
Seat 1: Gatzin ($3.31 in chips) 
Seat 4: wALEXSANDRw ($2.48 in chips) 
Seat 5: tomashovka55 ($2 in chips) 
Seat 8: fjmuller ($2.81 in chips) 
Seat 9: Dorex2007 ($2.14 in chips) 
wALEXSANDRw: posts small blind $0.01
tomashovka55: posts big blind $0.02
*** HOLE CARDS ***
Dealt to Dorex2007 [8s 4h]
fjmuller: folds 
Dorex2007: folds 
Gatzin: folds 
wALEXSANDRw: folds 
Uncalled bet ($0.01) returned to tomashovka55
tomashovka55 collected $0.02 from pot
tomashovka55: doesn't show hand 
*** SUMMARY ***
Total pot $0.02 | Rake $0 
Seat 1: Gatzin (button) folded before Flop (didn't bet)
Seat 4: wALEXSANDRw (small blind) folded before Flop
Seat 5: tomashovka55 (big blind) collected ($0.02)
Seat 8: fjmuller folded before Flop (didn't bet)
Seat 9: Dorex2007 folded before Flop (didn't bet)



PokerStars Hand #234579320890:  Hold'em No Limit ($0.01/$0.02 USD) - 2022/03/05 10:03:10 PT [2022/03/05 13:03:10 ET]
Table 'Golia II' 9-max Seat #4 is the button
Seat 1: Gatzin ($3.31 in chips) 
Seat 4: wALEXSANDRw ($2.47 in chips) 
Seat 5: tomashovka55 ($2.01 in chips) 
Seat 8: fjmuller ($2.81 in chips) 
Seat 9: Dorex2007 ($2.14 in chips) 
tomashovka55: posts small blind $0.01
fjmuller: posts big blind $0.02
*** HOLE CARDS ***
Dealt to Dorex2007 [Kc 8h]
googolth joins the table at seat #6 
Dorex2007: folds 
Gatzin: folds 
wALEXSANDRw: raises $0.02 to $0.04
tomashovka55: folds 
fjmuller: folds 
Uncalled bet ($0.02) returned to wALEXSANDRw
wALEXSANDRw collected $0.05 from pot
wALEXSANDRw: doesn't show hand 
*** SUMMARY ***
Total pot $0.05 | Rake $0 
Seat 1: Gatzin folded before Flop (didn't bet)
Seat 4: wALEXSANDRw (button) collected ($0.05)
Seat 5: tomashovka55 (small blind) folded before Flop
Seat 8: fjmuller (big blind) folded before Flop
Seat 9: Dorex2007 folded before Flop (didn't bet)



