PokerStars Hand #237633390292:  Hold'em No Limit ($0.02/$0.05 USD) - 2022/07/27 21:48:55 PT [2022/07/28 0:48:55 ET]
Table 'Hugo' 9-max Seat #5 is the button
Seat 1: vubi ($3.95 in chips) 
Seat 2: yur4ik777 ($13.26 in chips) 
Seat 3: bebopspike1329 ($5 in chips) 
Seat 4: Dorex2007 ($5 in chips) 
Seat 5: spkrdmg ($10.02 in chips) 
Seat 7: AGVsmarT ($4.55 in chips) 
Seat 9: SpeyFly_714 ($5 in chips) 
AGVsmarT: posts small blind $0.02
SpeyFly_714: posts big blind $0.05
bebopspike1329: posts big blind $0.05
Dorex2007: posts big blind $0.05
*** HOLE CARDS ***
Dealt to Dorex2007 [9s 3h]
vubi: calls $0.05
yur4ik777: raises $0.10 to $0.15
bebopspike1329: folds 
Dorex2007: folds 
pppinclipppe leaves the table
spkrdmg: folds 
AGVsmarT: folds 
SpeyFly_714: folds 
vubi: calls $0.10
*** FLOP *** [2d Ts 4s]
vubi: checks 
yur4ik777: bets $0.36
vubi: folds 
Uncalled bet ($0.36) returned to yur4ik777
yur4ik777 collected $0.45 from pot
yur4ik777: doesn't show hand 
*** SUMMARY ***
Total pot $0.47 | Rake $0.02 
Board [2d Ts 4s]
Seat 1: vubi folded on the Flop
Seat 2: yur4ik777 collected ($0.45)
Seat 3: bebopspike1329 folded before Flop (didn't bet)
Seat 4: Dorex2007 folded before Flop (didn't bet)
Seat 5: spkrdmg (button) folded before Flop (didn't bet)
Seat 7: AGVsmarT (small blind) folded before Flop
Seat 9: SpeyFly_714 (big blind) folded before Flop



PokerStars Hand #237633393975:  Hold'em No Limit ($0.02/$0.05 USD) - 2022/07/27 21:49:27 PT [2022/07/28 0:49:27 ET]
Table 'Hugo' 9-max Seat #7 is the button
Seat 1: vubi ($3.80 in chips) 
Seat 2: yur4ik777 ($13.56 in chips) 
Seat 3: bebopspike1329 ($4.95 in chips) 
Seat 4: Dorex2007 ($5 in chips) 
Seat 5: spkrdmg ($10.02 in chips) 
Seat 7: AGVsmarT ($4.53 in chips) 
Seat 9: SpeyFly_714 ($4.95 in chips) 
SpeyFly_714: posts small blind $0.02
vubi: posts big blind $0.05
geniuss: sits out 
*** HOLE CARDS ***
Dealt to Dorex2007 [5d 4s]
yur4ik777: folds 
bebopspike1329: folds 
Dorex2007: folds 
spkrdmg: raises $0.10 to $0.15
AGVsmarT: folds 
SpeyFly_714: folds 
vubi: calls $0.10
*** FLOP *** [3h Ts 8d]
vubi: checks 
spkrdmg: bets $0.13
vubi: folds 
Uncalled bet ($0.13) returned to spkrdmg
spkrdmg collected $0.31 from pot
spkrdmg: doesn't show hand 
*** SUMMARY ***
Total pot $0.32 | Rake $0.01 
Board [3h Ts 8d]
Seat 1: vubi (big blind) folded on the Flop
Seat 2: yur4ik777 folded before Flop (didn't bet)
Seat 3: bebopspike1329 folded before Flop (didn't bet)
Seat 4: Dorex2007 folded before Flop (didn't bet)
Seat 5: spkrdmg collected ($0.31)
Seat 7: AGVsmarT (button) folded before Flop (didn't bet)
Seat 9: SpeyFly_714 (small blind) folded before Flop



PokerStars Hand #237633398352:  Hold'em No Limit ($0.02/$0.05 USD) - 2022/07/27 21:50:05 PT [2022/07/28 0:50:05 ET]
Table 'Hugo' 9-max Seat #9 is the button
Seat 1: vubi ($3.65 in chips) 
Seat 2: yur4ik777 ($13.56 in chips) 
Seat 3: bebopspike1329 ($4.95 in chips) 
Seat 4: Dorex2007 ($5 in chips) 
Seat 5: spkrdmg ($10.18 in chips) 
Seat 7: AGVsmarT ($4.53 in chips) 
Seat 9: SpeyFly_714 ($4.93 in chips) 
vubi: posts small blind $0.02
yur4ik777: posts big blind $0.05
geniuss: sits out 
*** HOLE CARDS ***
Dealt to Dorex2007 [3c 3s]
checabrita joins the table at seat #8 
bebopspike1329 has timed out
bebopspike1329: folds 
Dorex2007: folds 
spkrdmg: folds 
AGVsmarT: calls $0.05
SpeyFly_714: folds 
vubi: calls $0.03
yur4ik777: checks 
*** FLOP *** [8c 6s 7h]
vubi: checks 
yur4ik777: bets $0.05
AGVsmarT: calls $0.05
vubi: calls $0.05
*** TURN *** [8c 6s 7h] [Ah]
vubi: checks 
yur4ik777: bets $0.05
AGVsmarT: calls $0.05
vubi: calls $0.05
*** RIVER *** [8c 6s 7h Ah] [9c]
vubi: checks 
yur4ik777: bets $0.05
AGVsmarT: calls $0.05
vubi: calls $0.05
*** SHOW DOWN ***
yur4ik777: shows [6c 9s] (two pair, Nines and Sixes)
AGVsmarT: mucks hand 
vubi: shows [As 9d] (two pair, Aces and Nines)
vubi collected $0.58 from pot
*** SUMMARY ***
Total pot $0.60 | Rake $0.02 
Board [8c 6s 7h Ah 9c]
Seat 1: vubi (small blind) showed [As 9d] and won ($0.58) with two pair, Aces and Nines
Seat 2: yur4ik777 (big blind) showed [6c 9s] and lost with two pair, Nines and Sixes
Seat 3: bebopspike1329 folded before Flop (didn't bet)
Seat 4: Dorex2007 folded before Flop (didn't bet)
Seat 5: spkrdmg folded before Flop (didn't bet)
Seat 7: AGVsmarT mucked [9h Qc]
Seat 9: SpeyFly_714 (button) folded before Flop (didn't bet)



PokerStars Hand #237633405065:  Hold'em No Limit ($0.02/$0.05 USD) - 2022/07/27 21:51:03 PT [2022/07/28 0:51:03 ET]
Table 'Hugo' 9-max Seat #1 is the button
Seat 1: vubi ($4.03 in chips) 
Seat 2: yur4ik777 ($13.36 in chips) 
Seat 3: bebopspike1329 ($4.95 in chips) 
Seat 4: Dorex2007 ($5 in chips) 
Seat 5: spkrdmg ($10.18 in chips) 
Seat 7: AGVsmarT ($4.33 in chips) 
Seat 9: SpeyFly_714 ($4.93 in chips) 
yur4ik777: posts small blind $0.02
bebopspike1329: posts big blind $0.05
geniuss: sits out 
checabrita: sits out 
*** HOLE CARDS ***
Dealt to Dorex2007 [3d As]
Dorex2007: folds 
spkrdmg: folds 
AGVsmarT: calls $0.05
SpeyFly_714: folds 
vubi: calls $0.05
yur4ik777: folds 
bebopspike1329: raises $0.20 to $0.25
AGVsmarT: calls $0.20
vubi: calls $0.20
*** FLOP *** [6h Tc Qs]
bebopspike1329: checks 
AGVsmarT: checks 
vubi: checks 
*** TURN *** [6h Tc Qs] [6d]
bebopspike1329: bets $0.35
AGVsmarT: folds 
vubi: folds 
Uncalled bet ($0.35) returned to bebopspike1329
bebopspike1329 collected $0.74 from pot
bebopspike1329: doesn't show hand 
*** SUMMARY ***
Total pot $0.77 | Rake $0.03 
Board [6h Tc Qs 6d]
Seat 1: vubi (button) folded on the Turn
Seat 2: yur4ik777 (small blind) folded before Flop
Seat 3: bebopspike1329 (big blind) collected ($0.74)
Seat 4: Dorex2007 folded before Flop (didn't bet)
Seat 5: spkrdmg folded before Flop (didn't bet)
Seat 7: AGVsmarT folded on the Turn
Seat 9: SpeyFly_714 folded before Flop (didn't bet)



PokerStars Hand #237633415466:  Hold'em No Limit ($0.02/$0.05 USD) - 2022/07/27 21:52:09 PT [2022/07/28 0:52:09 ET]
Table 'Hugo' 9-max Seat #2 is the button
Seat 1: vubi ($3.78 in chips) 
Seat 2: yur4ik777 ($13.34 in chips) 
Seat 3: bebopspike1329 ($5.44 in chips) 
Seat 4: Dorex2007 ($5 in chips) 
Seat 5: spkrdmg ($10.18 in chips) 
Seat 7: AGVsmarT ($4.08 in chips) 
Seat 9: SpeyFly_714 ($4.93 in chips) 
bebopspike1329: posts small blind $0.02
Dorex2007: posts big blind $0.05
geniuss: sits out 
checabrita: sits out 
*** HOLE CARDS ***
Dealt to Dorex2007 [Jd 8d]
spkrdmg: folds 
AGVsmarT: folds 
SpeyFly_714: folds 
vubi: calls $0.05
yur4ik777: folds 
bebopspike1329: folds 
Dorex2007: checks 
*** FLOP *** [Kd Ac 9c]
Dorex2007: checks 
vubi: bets $0.05
Dorex2007: folds 
Uncalled bet ($0.05) returned to vubi
vubi collected $0.12 from pot
vubi: doesn't show hand 
*** SUMMARY ***
Total pot $0.12 | Rake $0 
Board [Kd Ac 9c]
Seat 1: vubi collected ($0.12)
Seat 2: yur4ik777 (button) folded before Flop (didn't bet)
Seat 3: bebopspike1329 (small blind) folded before Flop
Seat 4: Dorex2007 (big blind) folded on the Flop
Seat 5: spkrdmg folded before Flop (didn't bet)
Seat 7: AGVsmarT folded before Flop (didn't bet)
Seat 9: SpeyFly_714 folded before Flop (didn't bet)



PokerStars Hand #237633418597:  Hold'em No Limit ($0.02/$0.05 USD) - 2022/07/27 21:52:37 PT [2022/07/28 0:52:37 ET]
Table 'Hugo' 9-max Seat #3 is the button
Seat 1: vubi ($3.85 in chips) 
Seat 2: yur4ik777 ($13.34 in chips) 
Seat 3: bebopspike1329 ($5.42 in chips) 
Seat 4: Dorex2007 ($5 in chips) 
Seat 5: spkrdmg ($10.18 in chips) 
Seat 7: AGVsmarT ($4.08 in chips) 
Seat 9: SpeyFly_714 ($4.93 in chips) 
Dorex2007: posts small blind $0.02
spkrdmg: posts big blind $0.05
geniuss: sits out 
checabrita: sits out 
*** HOLE CARDS ***
Dealt to Dorex2007 [2h 5s]
AGVsmarT has timed out
AGVsmarT: folds 
SpeyFly_714: folds 
vubi: folds 
yur4ik777: folds 
bebopspike1329: folds 
Dorex2007: folds 
Uncalled bet ($0.03) returned to spkrdmg
spkrdmg collected $0.04 from pot
spkrdmg: doesn't show hand 
*** SUMMARY ***
Total pot $0.04 | Rake $0 
Seat 1: vubi folded before Flop (didn't bet)
Seat 2: yur4ik777 folded before Flop (didn't bet)
Seat 3: bebopspike1329 (button) folded before Flop (didn't bet)
Seat 4: Dorex2007 (small blind) folded before Flop
Seat 5: spkrdmg (big blind) collected ($0.04)
Seat 7: AGVsmarT folded before Flop (didn't bet)
Seat 9: SpeyFly_714 folded before Flop (didn't bet)



PokerStars Hand #237633420659:  Hold'em No Limit ($0.02/$0.05 USD) - 2022/07/27 21:52:55 PT [2022/07/28 0:52:55 ET]
Table 'Hugo' 9-max Seat #4 is the button
Seat 1: vubi ($3.85 in chips) 
Seat 2: yur4ik777 ($13.34 in chips) 
Seat 3: bebopspike1329 ($5.42 in chips) 
Seat 4: Dorex2007 ($5 in chips) 
Seat 5: spkrdmg ($10.20 in chips) 
Seat 6: geniuss ($5 in chips) 
Seat 9: SpeyFly_714 ($4.93 in chips) 
spkrdmg: posts small blind $0.02
geniuss: posts big blind $0.05
checabrita: sits out 
*** HOLE CARDS ***
Dealt to Dorex2007 [Kd 5h]
SpeyFly_714: folds 
vubi: calls $0.05
yur4ik777: folds 
bebopspike1329: folds 
Dorex2007: folds 
spkrdmg: folds 
geniuss: checks 
*** FLOP *** [6c 8d Td]
geniuss: checks 
vubi: checks 
*** TURN *** [6c 8d Td] [Th]
geniuss: checks 
vubi: checks 
*** RIVER *** [6c 8d Td Th] [Qc]
geniuss: checks 
vubi: bets $0.10
geniuss: folds 
Uncalled bet ($0.10) returned to vubi
vubi collected $0.12 from pot
vubi: doesn't show hand 
*** SUMMARY ***
Total pot $0.12 | Rake $0 
Board [6c 8d Td Th Qc]
Seat 1: vubi collected ($0.12)
Seat 2: yur4ik777 folded before Flop (didn't bet)
Seat 3: bebopspike1329 folded before Flop (didn't bet)
Seat 4: Dorex2007 (button) folded before Flop (didn't bet)
Seat 5: spkrdmg (small blind) folded before Flop
Seat 6: geniuss (big blind) folded on the River
Seat 9: SpeyFly_714 folded before Flop (didn't bet)



PokerStars Hand #237633427274:  Hold'em No Limit ($0.02/$0.05 USD) - 2022/07/27 21:53:53 PT [2022/07/28 0:53:53 ET]
Table 'Hugo' 9-max Seat #5 is the button
Seat 1: vubi ($3.92 in chips) 
Seat 2: yur4ik777 ($13.34 in chips) 
Seat 3: bebopspike1329 ($5.42 in chips) 
Seat 4: Dorex2007 ($5 in chips) 
Seat 5: spkrdmg ($10.18 in chips) 
Seat 6: geniuss ($5 in chips) 
Seat 8: checabrita ($5 in chips) 
Seat 9: SpeyFly_714 ($4.93 in chips) 
geniuss: posts small blind $0.02
checabrita: posts big blind $0.05
*** HOLE CARDS ***
Dealt to Dorex2007 [Qs Jc]
SpeyFly_714: folds 
vubi: calls $0.05
yur4ik777: folds 
bebopspike1329: folds 
Dorex2007: calls $0.05
spkrdmg: folds 
geniuss: folds 
checabrita: checks 
*** FLOP *** [5c Js 9c]
checabrita: checks 
vubi: bets $0.05
Dorex2007: raises $0.10 to $0.15
checabrita: folds 
vubi: calls $0.10
*** TURN *** [5c Js 9c] [Ks]
vubi: checks 
Dorex2007: checks 
*** RIVER *** [5c Js 9c Ks] [8c]
vubi: checks 
Dorex2007: checks 
*** SHOW DOWN ***
vubi: shows [5h 8d] (two pair, Eights and Fives)
Dorex2007: mucks hand 
vubi collected $0.45 from pot
*** SUMMARY ***
Total pot $0.47 | Rake $0.02 
Board [5c Js 9c Ks 8c]
Seat 1: vubi showed [5h 8d] and won ($0.45) with two pair, Eights and Fives
Seat 2: yur4ik777 folded before Flop (didn't bet)
Seat 3: bebopspike1329 folded before Flop (didn't bet)
Seat 4: Dorex2007 mucked [Qs Jc]
Seat 5: spkrdmg (button) folded before Flop (didn't bet)
Seat 6: geniuss (small blind) folded before Flop
Seat 8: checabrita (big blind) folded on the Flop
Seat 9: SpeyFly_714 folded before Flop (didn't bet)



PokerStars Hand #237633435517:  Hold'em No Limit ($0.02/$0.05 USD) - 2022/07/27 21:55:05 PT [2022/07/28 0:55:05 ET]
Table 'Hugo' 9-max Seat #6 is the button
Seat 1: vubi ($4.17 in chips) 
Seat 2: yur4ik777 ($13.34 in chips) 
Seat 3: bebopspike1329 ($5.42 in chips) 
Seat 4: Dorex2007 ($5 in chips) 
Seat 5: spkrdmg ($10.18 in chips) 
Seat 6: geniuss ($5 in chips) 
Seat 8: checabrita ($5 in chips) 
Seat 9: SpeyFly_714 ($4.93 in chips) 
checabrita: posts small blind $0.02
SpeyFly_714: posts big blind $0.05
*** HOLE CARDS ***
Dealt to Dorex2007 [3d 5s]
vubi: folds 
yur4ik777: folds 
bebopspike1329: folds 
Dorex2007: folds 
spkrdmg: raises $0.10 to $0.15
geniuss: folds 
checabrita: raises $0.35 to $0.50
SpeyFly_714: folds 
spkrdmg: calls $0.35
*** FLOP *** [9d Qc 5d]
checabrita: bets $0.33
spkrdmg: calls $0.33
*** TURN *** [9d Qc 5d] [6h]
checabrita: bets $0.85
spkrdmg: calls $0.85
*** RIVER *** [9d Qc 5d 6h] [5c]
checabrita: checks 
spkrdmg: bets $1
checabrita: folds 
Uncalled bet ($1) returned to spkrdmg
spkrdmg collected $3.27 from pot
spkrdmg: doesn't show hand 
*** SUMMARY ***
Total pot $3.41 | Rake $0.14 
Board [9d Qc 5d 6h 5c]
Seat 1: vubi folded before Flop (didn't bet)
Seat 2: yur4ik777 folded before Flop (didn't bet)
Seat 3: bebopspike1329 folded before Flop (didn't bet)
Seat 4: Dorex2007 folded before Flop (didn't bet)
Seat 5: spkrdmg collected ($3.27)
Seat 6: geniuss (button) folded before Flop (didn't bet)
Seat 8: checabrita (small blind) folded on the River
Seat 9: SpeyFly_714 (big blind) folded before Flop



PokerStars Hand #237633450244:  Hold'em No Limit ($0.02/$0.05 USD) - 2022/07/27 21:57:32 PT [2022/07/28 0:57:32 ET]
Table 'Hugo' 9-max Seat #8 is the button
Seat 1: vubi ($4.17 in chips) 
Seat 2: yur4ik777 ($13.34 in chips) 
Seat 3: bebopspike1329 ($5.42 in chips) 
Seat 4: Dorex2007 ($5 in chips) 
Seat 5: spkrdmg ($11.77 in chips) 
Seat 6: geniuss ($5 in chips) 
Seat 8: checabrita ($5 in chips) 
Seat 9: SpeyFly_714 ($4.88 in chips) 
SpeyFly_714: posts small blind $0.02
vubi: posts big blind $0.05
AGVsmarT: sits out 
*** HOLE CARDS ***
Dealt to Dorex2007 [4d Ac]
yur4ik777: folds 
bebopspike1329: folds 
Dorex2007: folds 
spkrdmg: folds 
geniuss: folds 
checabrita: raises $0.10 to $0.15
SpeyFly_714: folds 
vubi: calls $0.10
*** FLOP *** [As 2h Js]
vubi: checks 
checabrita: bets $0.10
vubi: folds 
Uncalled bet ($0.10) returned to checabrita
checabrita collected $0.31 from pot
checabrita: doesn't show hand 
*** SUMMARY ***
Total pot $0.32 | Rake $0.01 
Board [As 2h Js]
Seat 1: vubi (big blind) folded on the Flop
Seat 2: yur4ik777 folded before Flop (didn't bet)
Seat 3: bebopspike1329 folded before Flop (didn't bet)
Seat 4: Dorex2007 folded before Flop (didn't bet)
Seat 5: spkrdmg folded before Flop (didn't bet)
Seat 6: geniuss folded before Flop (didn't bet)
Seat 8: checabrita (button) collected ($0.31)
Seat 9: SpeyFly_714 (small blind) folded before Flop



PokerStars Hand #237633453078:  Hold'em No Limit ($0.02/$0.05 USD) - 2022/07/27 21:58:01 PT [2022/07/28 0:58:01 ET]
Table 'Hugo' 9-max Seat #9 is the button
Seat 1: vubi ($4.02 in chips) 
Seat 2: yur4ik777 ($13.34 in chips) 
Seat 3: bebopspike1329 ($5.42 in chips) 
Seat 4: Dorex2007 ($5 in chips) 
Seat 5: spkrdmg ($11.77 in chips) 
Seat 6: geniuss ($5 in chips) 
Seat 8: checabrita ($5.16 in chips) 
Seat 9: SpeyFly_714 ($4.86 in chips) 
vubi: posts small blind $0.02
yur4ik777: posts big blind $0.05
AGVsmarT: sits out 
*** HOLE CARDS ***
Dealt to Dorex2007 [8c Qd]
bebopspike1329: raises $0.10 to $0.15
Dorex2007: folds 
spkrdmg: folds 
geniuss: folds 
checabrita: folds 
SpeyFly_714: folds 
vubi: folds 
yur4ik777: folds 
Uncalled bet ($0.10) returned to bebopspike1329
bebopspike1329 collected $0.12 from pot
bebopspike1329: doesn't show hand 
*** SUMMARY ***
Total pot $0.12 | Rake $0 
Seat 1: vubi (small blind) folded before Flop
Seat 2: yur4ik777 (big blind) folded before Flop
Seat 3: bebopspike1329 collected ($0.12)
Seat 4: Dorex2007 folded before Flop (didn't bet)
Seat 5: spkrdmg folded before Flop (didn't bet)
Seat 6: geniuss folded before Flop (didn't bet)
Seat 8: checabrita folded before Flop (didn't bet)
Seat 9: SpeyFly_714 (button) folded before Flop (didn't bet)



PokerStars Hand #237633456088:  Hold'em No Limit ($0.02/$0.05 USD) - 2022/07/27 21:58:31 PT [2022/07/28 0:58:31 ET]
Table 'Hugo' 9-max Seat #1 is the button
Seat 1: vubi ($4 in chips) 
Seat 2: yur4ik777 ($13.29 in chips) 
Seat 3: bebopspike1329 ($5.49 in chips) 
Seat 4: Dorex2007 ($5 in chips) 
Seat 5: spkrdmg ($11.77 in chips) 
Seat 6: geniuss ($5 in chips) 
Seat 8: checabrita ($5.16 in chips) 
Seat 9: SpeyFly_714 ($4.86 in chips) 
yur4ik777: posts small blind $0.02
bebopspike1329: posts big blind $0.05
AGVsmarT: sits out 
*** HOLE CARDS ***
Dealt to Dorex2007 [Td 5h]
Dorex2007: folds 
spkrdmg: folds 
geniuss: folds 
checabrita: folds 
SpeyFly_714: calls $0.05
vubi: calls $0.05
yur4ik777: folds 
bebopspike1329: checks 
*** FLOP *** [Ks 8d Qc]
bebopspike1329: checks 
SpeyFly_714: checks 
vubi: bets $0.05
bebopspike1329: folds 
SpeyFly_714: calls $0.05
*** TURN *** [Ks 8d Qc] [9h]
SpeyFly_714: checks 
vubi: bets $0.05
SpeyFly_714: calls $0.05
*** RIVER *** [Ks 8d Qc 9h] [6h]
SpeyFly_714: checks 
vubi: bets $0.05
SpeyFly_714: folds 
Uncalled bet ($0.05) returned to vubi
vubi collected $0.35 from pot
vubi: doesn't show hand 
*** SUMMARY ***
Total pot $0.37 | Rake $0.02 
Board [Ks 8d Qc 9h 6h]
Seat 1: vubi (button) collected ($0.35)
Seat 2: yur4ik777 (small blind) folded before Flop
Seat 3: bebopspike1329 (big blind) folded on the Flop
Seat 4: Dorex2007 folded before Flop (didn't bet)
Seat 5: spkrdmg folded before Flop (didn't bet)
Seat 6: geniuss folded before Flop (didn't bet)
Seat 8: checabrita folded before Flop (didn't bet)
Seat 9: SpeyFly_714 folded on the River



PokerStars Hand #237633461384:  Hold'em No Limit ($0.02/$0.05 USD) - 2022/07/27 21:59:24 PT [2022/07/28 0:59:24 ET]
Table 'Hugo' 9-max Seat #2 is the button
Seat 1: vubi ($4.20 in chips) 
Seat 2: yur4ik777 ($13.27 in chips) 
Seat 3: bebopspike1329 ($5.44 in chips) 
Seat 4: Dorex2007 ($5 in chips) 
Seat 5: spkrdmg ($11.77 in chips) 
Seat 6: geniuss ($5 in chips) 
Seat 8: checabrita ($5.16 in chips) 
Seat 9: SpeyFly_714 ($4.71 in chips) 
bebopspike1329: posts small blind $0.02
Dorex2007: posts big blind $0.05
AGVsmarT: sits out 
*** HOLE CARDS ***
Dealt to Dorex2007 [Ah Jh]
spkrdmg: folds 
geniuss: folds 
checabrita: folds 
SpeyFly_714: folds 
vubi: calls $0.05
yur4ik777: folds 
bebopspike1329: folds 
Dorex2007: raises $0.15 to $0.20
vubi: calls $0.15
*** FLOP *** [6s 9s 8c]
Dorex2007: bets $0.20
vubi: calls $0.20
*** TURN *** [6s 9s 8c] [Ac]
Dorex2007: bets $0.79
vubi: folds 
Uncalled bet ($0.79) returned to Dorex2007
Dorex2007 collected $0.79 from pot
Dorex2007: doesn't show hand 
*** SUMMARY ***
Total pot $0.82 | Rake $0.03 
Board [6s 9s 8c Ac]
Seat 1: vubi folded on the Turn
Seat 2: yur4ik777 (button) folded before Flop (didn't bet)
Seat 3: bebopspike1329 (small blind) folded before Flop
Seat 4: Dorex2007 (big blind) collected ($0.79)
Seat 5: spkrdmg folded before Flop (didn't bet)
Seat 6: geniuss folded before Flop (didn't bet)
Seat 8: checabrita folded before Flop (didn't bet)
Seat 9: SpeyFly_714 folded before Flop (didn't bet)



PokerStars Hand #237633465226:  Hold'em No Limit ($0.02/$0.05 USD) - 2022/07/27 22:00:02 PT [2022/07/28 1:00:02 ET]
Table 'Hugo' 9-max Seat #3 is the button
Seat 1: vubi ($3.80 in chips) 
Seat 2: yur4ik777 ($13.27 in chips) 
Seat 3: bebopspike1329 ($5.42 in chips) 
Seat 4: Dorex2007 ($5.39 in chips) 
Seat 5: spkrdmg ($11.77 in chips) 
Seat 6: geniuss ($5 in chips) 
Seat 8: checabrita ($5.16 in chips) 
Seat 9: SpeyFly_714 ($4.71 in chips) 
Dorex2007: posts small blind $0.02
spkrdmg: posts big blind $0.05
AGVsmarT: sits out 
*** HOLE CARDS ***
Dealt to Dorex2007 [3c 9c]
geniuss: folds 
checabrita: folds 
SpeyFly_714: folds 
vubi: folds 
yur4ik777: raises $0.10 to $0.15
bebopspike1329: folds 
Dorex2007: folds 
spkrdmg: calls $0.10
*** FLOP *** [As 8c 7h]
spkrdmg: checks 
yur4ik777: bets $0.24
spkrdmg: calls $0.24
*** TURN *** [As 8c 7h] [Kh]
spkrdmg: checks 
yur4ik777: bets $0.49
spkrdmg: calls $0.49
*** RIVER *** [As 8c 7h Kh] [2h]
spkrdmg: checks 
yur4ik777: bets $0.56
spkrdmg: calls $0.56
*** SHOW DOWN ***
yur4ik777: shows [Ad 7d] (two pair, Aces and Sevens)
spkrdmg: mucks hand 
yur4ik777 collected $2.78 from pot
*** SUMMARY ***
Total pot $2.90 | Rake $0.12 
Board [As 8c 7h Kh 2h]
Seat 1: vubi folded before Flop (didn't bet)
Seat 2: yur4ik777 showed [Ad 7d] and won ($2.78) with two pair, Aces and Sevens
Seat 3: bebopspike1329 (button) folded before Flop (didn't bet)
Seat 4: Dorex2007 (small blind) folded before Flop
Seat 5: spkrdmg (big blind) mucked [6c Ac]
Seat 6: geniuss folded before Flop (didn't bet)
Seat 8: checabrita folded before Flop (didn't bet)
Seat 9: SpeyFly_714 folded before Flop (didn't bet)



PokerStars Hand #237633475332:  Hold'em No Limit ($0.02/$0.05 USD) - 2022/07/27 22:01:35 PT [2022/07/28 1:01:35 ET]
Table 'Hugo' 9-max Seat #4 is the button
Seat 1: vubi ($3.80 in chips) 
Seat 2: yur4ik777 ($14.61 in chips) 
Seat 3: bebopspike1329 ($5.42 in chips) 
Seat 4: Dorex2007 ($5.37 in chips) 
Seat 5: spkrdmg ($10.33 in chips) 
Seat 6: geniuss ($5 in chips) 
Seat 8: checabrita ($5.16 in chips) 
Seat 9: SpeyFly_714 ($4.71 in chips) 
spkrdmg: posts small blind $0.02
geniuss: posts big blind $0.05
AGVsmarT: sits out 
*** HOLE CARDS ***
Dealt to Dorex2007 [2c 4s]
checabrita: raises $0.10 to $0.15
SpeyFly_714: folds 
vubi: folds 
yur4ik777: folds 
bebopspike1329: folds 
Dorex2007: folds 
spkrdmg: calls $0.13
geniuss: folds 
*** FLOP *** [Kc 7c Ac]
spkrdmg: checks 
checabrita: checks 
*** TURN *** [Kc 7c Ac] [Kd]
spkrdmg: checks 
checabrita: checks 
*** RIVER *** [Kc 7c Ac Kd] [Ks]
spkrdmg: checks 
checabrita: bets $0.15
spkrdmg: calls $0.15
*** SHOW DOWN ***
checabrita: shows [Td Ah] (a full house, Kings full of Aces)
spkrdmg: mucks hand 
checabrita collected $0.62 from pot
*** SUMMARY ***
Total pot $0.65 | Rake $0.03 
Board [Kc 7c Ac Kd Ks]
Seat 1: vubi folded before Flop (didn't bet)
Seat 2: yur4ik777 folded before Flop (didn't bet)
Seat 3: bebopspike1329 folded before Flop (didn't bet)
Seat 4: Dorex2007 (button) folded before Flop (didn't bet)
Seat 5: spkrdmg (small blind) mucked [3c 3h]
Seat 6: geniuss (big blind) folded before Flop
Seat 8: checabrita showed [Td Ah] and won ($0.62) with a full house, Kings full of Aces
Seat 9: SpeyFly_714 folded before Flop (didn't bet)



PokerStars Hand #237633482412:  Hold'em No Limit ($0.02/$0.05 USD) - 2022/07/27 22:02:38 PT [2022/07/28 1:02:38 ET]
Table 'Hugo' 9-max Seat #5 is the button
Seat 1: vubi ($3.80 in chips) 
Seat 2: yur4ik777 ($14.61 in chips) 
Seat 3: bebopspike1329 ($5.42 in chips) 
Seat 4: Dorex2007 ($5.37 in chips) 
Seat 5: spkrdmg ($10.03 in chips) 
Seat 6: geniuss ($5 in chips) 
Seat 7: AGVsmarT ($4.08 in chips) 
Seat 8: checabrita ($5.48 in chips) 
Seat 9: SpeyFly_714 ($4.71 in chips) 
geniuss: posts small blind $0.02
AGVsmarT: posts big blind $0.05
*** HOLE CARDS ***
Dealt to Dorex2007 [3c Qs]
checabrita: folds 
SpeyFly_714: raises $0.10 to $0.15
vubi: folds 
yur4ik777: folds 
bebopspike1329: raises $0.30 to $0.45
Dorex2007: folds 
spkrdmg: folds 
geniuss: folds 
AGVsmarT: folds 
SpeyFly_714: folds 
Uncalled bet ($0.30) returned to bebopspike1329
bebopspike1329 collected $0.37 from pot
bebopspike1329: doesn't show hand 
*** SUMMARY ***
Total pot $0.37 | Rake $0 
Seat 1: vubi folded before Flop (didn't bet)
Seat 2: yur4ik777 folded before Flop (didn't bet)
Seat 3: bebopspike1329 collected ($0.37)
Seat 4: Dorex2007 folded before Flop (didn't bet)
Seat 5: spkrdmg (button) folded before Flop (didn't bet)
Seat 6: geniuss (small blind) folded before Flop
Seat 7: AGVsmarT (big blind) folded before Flop
Seat 8: checabrita folded before Flop (didn't bet)
Seat 9: SpeyFly_714 folded before Flop



PokerStars Hand #237633487275:  Hold'em No Limit ($0.02/$0.05 USD) - 2022/07/27 22:03:20 PT [2022/07/28 1:03:20 ET]
Table 'Hugo' 9-max Seat #6 is the button
Seat 1: vubi ($3.80 in chips) 
Seat 2: yur4ik777 ($14.61 in chips) 
Seat 3: bebopspike1329 ($5.64 in chips) 
Seat 4: Dorex2007 ($5.37 in chips) 
Seat 5: spkrdmg ($10.03 in chips) 
Seat 6: geniuss ($5 in chips) 
Seat 7: AGVsmarT ($4.03 in chips) 
Seat 8: checabrita ($5.48 in chips) 
Seat 9: SpeyFly_714 ($4.56 in chips) 
AGVsmarT: posts small blind $0.02
checabrita: posts big blind $0.05
*** HOLE CARDS ***
Dealt to Dorex2007 [Jd 3c]
SpeyFly_714: folds 
vubi: folds 
yur4ik777: folds 
bebopspike1329: folds 
Dorex2007: folds 
spkrdmg: folds 
geniuss: folds 
AGVsmarT: calls $0.03
checabrita: checks 
*** FLOP *** [9d 2c 2d]
AGVsmarT: bets $0.10
checabrita: folds 
Uncalled bet ($0.10) returned to AGVsmarT
AGVsmarT collected $0.10 from pot
AGVsmarT: doesn't show hand 
*** SUMMARY ***
Total pot $0.10 | Rake $0 
Board [9d 2c 2d]
Seat 1: vubi folded before Flop (didn't bet)
Seat 2: yur4ik777 folded before Flop (didn't bet)
Seat 3: bebopspike1329 folded before Flop (didn't bet)
Seat 4: Dorex2007 folded before Flop (didn't bet)
Seat 5: spkrdmg folded before Flop (didn't bet)
Seat 6: geniuss (button) folded before Flop (didn't bet)
Seat 7: AGVsmarT (small blind) collected ($0.10)
Seat 8: checabrita (big blind) folded on the Flop
Seat 9: SpeyFly_714 folded before Flop (didn't bet)



PokerStars Hand #237633490594:  Hold'em No Limit ($0.02/$0.05 USD) - 2022/07/27 22:03:50 PT [2022/07/28 1:03:50 ET]
Table 'Hugo' 9-max Seat #7 is the button
Seat 1: vubi ($3.80 in chips) 
Seat 2: yur4ik777 ($14.61 in chips) 
Seat 3: bebopspike1329 ($5.64 in chips) 
Seat 4: Dorex2007 ($5.37 in chips) 
Seat 5: spkrdmg ($10.03 in chips) 
Seat 6: geniuss ($5 in chips) 
Seat 7: AGVsmarT ($4.08 in chips) 
Seat 8: checabrita ($5.43 in chips) 
Seat 9: SpeyFly_714 ($4.56 in chips) 
checabrita: posts small blind $0.02
SpeyFly_714: posts big blind $0.05
*** HOLE CARDS ***
Dealt to Dorex2007 [8h Jc]
vubi: folds 
yur4ik777: raises $0.10 to $0.15
bebopspike1329: folds 
Dorex2007: folds 
spkrdmg: folds 
geniuss: folds 
AGVsmarT: calls $0.15
checabrita: folds 
SpeyFly_714: folds 
*** FLOP *** [Jd 3h 7h]
yur4ik777: bets $0.28
AGVsmarT: folds 
Uncalled bet ($0.28) returned to yur4ik777
yur4ik777 collected $0.35 from pot
yur4ik777: doesn't show hand 
*** SUMMARY ***
Total pot $0.37 | Rake $0.02 
Board [Jd 3h 7h]
Seat 1: vubi folded before Flop (didn't bet)
Seat 2: yur4ik777 collected ($0.35)
Seat 3: bebopspike1329 folded before Flop (didn't bet)
Seat 4: Dorex2007 folded before Flop (didn't bet)
Seat 5: spkrdmg folded before Flop (didn't bet)
Seat 6: geniuss folded before Flop (didn't bet)
Seat 7: AGVsmarT (button) folded on the Flop
Seat 8: checabrita (small blind) folded before Flop
Seat 9: SpeyFly_714 (big blind) folded before Flop



PokerStars Hand #237633504616:  Hold'em No Limit ($0.02/$0.05 USD) - 2022/07/27 22:04:43 PT [2022/07/28 1:04:43 ET]
Table 'Hugo' 9-max Seat #8 is the button
Seat 1: vubi ($3.80 in chips) 
Seat 2: yur4ik777 ($14.81 in chips) 
Seat 3: bebopspike1329 ($5.64 in chips) 
Seat 4: Dorex2007 ($5.37 in chips) 
Seat 5: spkrdmg ($10.03 in chips) 
Seat 6: geniuss ($5 in chips) 
Seat 7: AGVsmarT ($3.93 in chips) 
Seat 8: checabrita ($5.41 in chips) 
Seat 9: SpeyFly_714 ($4.51 in chips) 
SpeyFly_714: posts small blind $0.02
vubi: posts big blind $0.05
*** HOLE CARDS ***
Dealt to Dorex2007 [Qc 8h]
yur4ik777: folds 
bebopspike1329: folds 
Dorex2007: folds 
spkrdmg: folds 
geniuss: folds 
AGVsmarT: folds 
checabrita: folds 
SpeyFly_714: folds 
Uncalled bet ($0.03) returned to vubi
vubi collected $0.04 from pot
vubi: doesn't show hand 
*** SUMMARY ***
Total pot $0.04 | Rake $0 
Seat 1: vubi (big blind) collected ($0.04)
Seat 2: yur4ik777 folded before Flop (didn't bet)
Seat 3: bebopspike1329 folded before Flop (didn't bet)
Seat 4: Dorex2007 folded before Flop (didn't bet)
Seat 5: spkrdmg folded before Flop (didn't bet)
Seat 6: geniuss folded before Flop (didn't bet)
Seat 7: AGVsmarT folded before Flop (didn't bet)
Seat 8: checabrita (button) folded before Flop (didn't bet)
Seat 9: SpeyFly_714 (small blind) folded before Flop



PokerStars Hand #237633507366:  Hold'em No Limit ($0.02/$0.05 USD) - 2022/07/27 22:05:06 PT [2022/07/28 1:05:06 ET]
Table 'Hugo' 9-max Seat #9 is the button
Seat 1: vubi ($3.82 in chips) 
Seat 2: yur4ik777 ($14.81 in chips) 
Seat 3: bebopspike1329 ($5.64 in chips) 
Seat 4: Dorex2007 ($5.37 in chips) 
Seat 5: spkrdmg ($10.03 in chips) 
Seat 6: geniuss ($5 in chips) 
Seat 7: AGVsmarT ($3.93 in chips) 
Seat 8: checabrita ($5.41 in chips) 
Seat 9: SpeyFly_714 ($4.49 in chips) 
vubi: posts small blind $0.02
yur4ik777: posts big blind $0.05
*** HOLE CARDS ***
Dealt to Dorex2007 [Ah 7d]
bebopspike1329: folds 
Dorex2007: folds 
spkrdmg: folds 
geniuss: raises $0.10 to $0.15
AGVsmarT: calls $0.15
checabrita: folds 
SpeyFly_714: folds 
vubi: calls $0.13
yur4ik777: folds 
*** FLOP *** [Kc 6d 9s]
vubi: checks 
geniuss: checks 
AGVsmarT: bets $0.25
vubi: calls $0.25
geniuss: calls $0.25
*** TURN *** [Kc 6d 9s] [7c]
vubi: checks 
geniuss: bets $0.86
AGVsmarT: folds 
vubi: folds 
Uncalled bet ($0.86) returned to geniuss
geniuss collected $1.20 from pot
*** SUMMARY ***
Total pot $1.25 | Rake $0.05 
Board [Kc 6d 9s 7c]
Seat 1: vubi (small blind) folded on the Turn
Seat 2: yur4ik777 (big blind) folded before Flop
Seat 3: bebopspike1329 folded before Flop (didn't bet)
Seat 4: Dorex2007 folded before Flop (didn't bet)
Seat 5: spkrdmg folded before Flop (didn't bet)
Seat 6: geniuss collected ($1.20)
Seat 7: AGVsmarT folded on the Turn
Seat 8: checabrita folded before Flop (didn't bet)
Seat 9: SpeyFly_714 (button) folded before Flop (didn't bet)



PokerStars Hand #237633516719:  Hold'em No Limit ($0.02/$0.05 USD) - 2022/07/27 22:06:28 PT [2022/07/28 1:06:28 ET]
Table 'Hugo' 9-max Seat #1 is the button
Seat 1: vubi ($3.42 in chips) 
Seat 2: yur4ik777 ($14.76 in chips) 
Seat 3: bebopspike1329 ($5.64 in chips) 
Seat 4: Dorex2007 ($5.37 in chips) 
Seat 5: spkrdmg ($10.03 in chips) 
Seat 6: geniuss ($5.80 in chips) 
Seat 7: AGVsmarT ($3.53 in chips) 
Seat 8: checabrita ($5.41 in chips) 
Seat 9: SpeyFly_714 ($4.49 in chips) 
yur4ik777: posts small blind $0.02
bebopspike1329: posts big blind $0.05
*** HOLE CARDS ***
Dealt to Dorex2007 [8c 2d]
Dorex2007: folds 
spkrdmg: folds 
geniuss: raises $0.10 to $0.15
AGVsmarT: folds 
checabrita: folds 
SpeyFly_714: folds 
vubi: folds 
yur4ik777: calls $0.13
bebopspike1329: folds 
*** FLOP *** [8s 7c Kd]
yur4ik777: checks 
geniuss: checks 
*** TURN *** [8s 7c Kd] [6s]
yur4ik777: bets $0.22
geniuss: folds 
Uncalled bet ($0.22) returned to yur4ik777
yur4ik777 collected $0.34 from pot
yur4ik777: doesn't show hand 
*** SUMMARY ***
Total pot $0.35 | Rake $0.01 
Board [8s 7c Kd 6s]
Seat 1: vubi (button) folded before Flop (didn't bet)
Seat 2: yur4ik777 (small blind) collected ($0.34)
Seat 3: bebopspike1329 (big blind) folded before Flop
Seat 4: Dorex2007 folded before Flop (didn't bet)
Seat 5: spkrdmg folded before Flop (didn't bet)
Seat 6: geniuss folded on the Turn
Seat 7: AGVsmarT folded before Flop (didn't bet)
Seat 8: checabrita folded before Flop (didn't bet)
Seat 9: SpeyFly_714 folded before Flop (didn't bet)



PokerStars Hand #237633524005:  Hold'em No Limit ($0.02/$0.05 USD) - 2022/07/27 22:07:32 PT [2022/07/28 1:07:32 ET]
Table 'Hugo' 9-max Seat #2 is the button
Seat 1: vubi ($3.42 in chips) 
Seat 2: yur4ik777 ($14.95 in chips) 
Seat 3: bebopspike1329 ($5.59 in chips) 
Seat 4: Dorex2007 ($5.37 in chips) 
Seat 5: spkrdmg ($10.03 in chips) 
Seat 6: geniuss ($5.65 in chips) 
Seat 7: AGVsmarT ($3.53 in chips) 
Seat 8: checabrita ($5.41 in chips) 
Seat 9: SpeyFly_714 ($4.49 in chips) 
bebopspike1329: posts small blind $0.02
Dorex2007: posts big blind $0.05
*** HOLE CARDS ***
Dealt to Dorex2007 [Kh Qc]
spkrdmg: folds 
geniuss: folds 
AGVsmarT: folds 
checabrita: folds 
SpeyFly_714: folds 
vubi: calls $0.05
yur4ik777: folds 
bebopspike1329: raises $0.15 to $0.20
Dorex2007: folds 
vubi: calls $0.15
*** FLOP *** [5h 3c 9d]
bebopspike1329: bets $0.15
vubi: calls $0.15
*** TURN *** [5h 3c 9d] [5d]
bebopspike1329: bets $0.50
vubi: calls $0.50
*** RIVER *** [5h 3c 9d 5d] [Ks]
bebopspike1329: checks 
vubi: checks 
*** SHOW DOWN ***
bebopspike1329: shows [6c 6h] (two pair, Sixes and Fives)
vubi: mucks hand 
bebopspike1329 collected $1.68 from pot
*** SUMMARY ***
Total pot $1.75 | Rake $0.07 
Board [5h 3c 9d 5d Ks]
Seat 1: vubi mucked [Qd Td]
Seat 2: yur4ik777 (button) folded before Flop (didn't bet)
Seat 3: bebopspike1329 (small blind) showed [6c 6h] and won ($1.68) with two pair, Sixes and Fives
Seat 4: Dorex2007 (big blind) folded before Flop
Seat 5: spkrdmg folded before Flop (didn't bet)
Seat 6: geniuss folded before Flop (didn't bet)
Seat 7: AGVsmarT folded before Flop (didn't bet)
Seat 8: checabrita folded before Flop (didn't bet)
Seat 9: SpeyFly_714 folded before Flop (didn't bet)



PokerStars Hand #237633531663:  Hold'em No Limit ($0.02/$0.05 USD) - 2022/07/27 22:08:40 PT [2022/07/28 1:08:40 ET]
Table 'Hugo' 9-max Seat #3 is the button
Seat 1: vubi ($2.57 in chips) 
Seat 2: yur4ik777 ($14.95 in chips) 
Seat 3: bebopspike1329 ($6.42 in chips) 
Seat 4: Dorex2007 ($5.32 in chips) 
Seat 5: spkrdmg ($10.03 in chips) 
Seat 6: geniuss ($5.65 in chips) 
Seat 7: AGVsmarT ($3.53 in chips) 
Seat 8: checabrita ($5.41 in chips) 
Seat 9: SpeyFly_714 ($4.49 in chips) 
Dorex2007: posts small blind $0.02
spkrdmg: posts big blind $0.05
*** HOLE CARDS ***
Dealt to Dorex2007 [4s 5c]
geniuss: folds 
AGVsmarT: folds 
checabrita: folds 
SpeyFly_714: calls $0.05
vubi: folds 
yur4ik777: folds 
bebopspike1329: folds 
Dorex2007: folds 
spkrdmg: checks 
*** FLOP *** [Qs 8s 5h]
spkrdmg: checks 
SpeyFly_714: checks 
*** TURN *** [Qs 8s 5h] [7d]
spkrdmg: checks 
SpeyFly_714: checks 
*** RIVER *** [Qs 8s 5h 7d] [Js]
spkrdmg: checks 
SpeyFly_714: checks 
*** SHOW DOWN ***
spkrdmg: shows [9s 7c] (a pair of Sevens)
SpeyFly_714: mucks hand 
spkrdmg collected $0.12 from pot
*** SUMMARY ***
Total pot $0.12 | Rake $0 
Board [Qs 8s 5h 7d Js]
Seat 1: vubi folded before Flop (didn't bet)
Seat 2: yur4ik777 folded before Flop (didn't bet)
Seat 3: bebopspike1329 (button) folded before Flop (didn't bet)
Seat 4: Dorex2007 (small blind) folded before Flop
Seat 5: spkrdmg (big blind) showed [9s 7c] and won ($0.12) with a pair of Sevens
Seat 6: geniuss folded before Flop (didn't bet)
Seat 7: AGVsmarT folded before Flop (didn't bet)
Seat 8: checabrita folded before Flop (didn't bet)
Seat 9: SpeyFly_714 mucked [2s 2c]



PokerStars Hand #237633538336:  Hold'em No Limit ($0.02/$0.05 USD) - 2022/07/27 22:09:39 PT [2022/07/28 1:09:39 ET]
Table 'Hugo' 9-max Seat #4 is the button
Seat 1: vubi ($2.57 in chips) 
Seat 2: yur4ik777 ($14.95 in chips) 
Seat 3: bebopspike1329 ($6.42 in chips) 
Seat 4: Dorex2007 ($5.30 in chips) 
Seat 5: spkrdmg ($10.10 in chips) 
Seat 6: geniuss ($5.65 in chips) 
Seat 7: AGVsmarT ($3.53 in chips) 
Seat 8: checabrita ($5.41 in chips) 
Seat 9: SpeyFly_714 ($4.44 in chips) 
spkrdmg: posts small blind $0.02
geniuss: posts big blind $0.05
*** HOLE CARDS ***
Dealt to Dorex2007 [Qd 9h]
AGVsmarT: folds 
checabrita: folds 
SpeyFly_714: folds 
vubi: calls $0.05
yur4ik777: folds 
bebopspike1329: raises $0.15 to $0.20
Dorex2007: folds 
spkrdmg: folds 
geniuss: folds 
vubi: calls $0.15
*** FLOP *** [9s Jc 4s]
vubi: checks 
bebopspike1329: checks 
*** TURN *** [9s Jc 4s] [3s]
vubi: checks 
bebopspike1329: checks 
*** RIVER *** [9s Jc 4s 3s] [4h]
vubi: bets $0.25
bebopspike1329: calls $0.25
*** SHOW DOWN ***
vubi: shows [3h 3d] (a full house, Threes full of Fours)
bebopspike1329: mucks hand 
vubi collected $0.93 from pot
*** SUMMARY ***
Total pot $0.97 | Rake $0.04 
Board [9s Jc 4s 3s 4h]
Seat 1: vubi showed [3h 3d] and won ($0.93) with a full house, Threes full of Fours
Seat 2: yur4ik777 folded before Flop (didn't bet)
Seat 3: bebopspike1329 mucked [Ah 2h]
Seat 4: Dorex2007 (button) folded before Flop (didn't bet)
Seat 5: spkrdmg (small blind) folded before Flop
Seat 6: geniuss (big blind) folded before Flop
Seat 7: AGVsmarT folded before Flop (didn't bet)
Seat 8: checabrita folded before Flop (didn't bet)
Seat 9: SpeyFly_714 folded before Flop (didn't bet)



PokerStars Hand #237633545890:  Hold'em No Limit ($0.02/$0.05 USD) - 2022/07/27 22:10:45 PT [2022/07/28 1:10:45 ET]
Table 'Hugo' 9-max Seat #5 is the button
Seat 1: vubi ($3.05 in chips) 
Seat 2: yur4ik777 ($14.95 in chips) 
Seat 3: bebopspike1329 ($5.97 in chips) 
Seat 4: Dorex2007 ($5.30 in chips) 
Seat 5: spkrdmg ($10.08 in chips) 
Seat 6: geniuss ($5.60 in chips) 
Seat 7: AGVsmarT ($3.53 in chips) 
Seat 8: checabrita ($5.41 in chips) 
Seat 9: SpeyFly_714 ($4.44 in chips) 
geniuss: posts small blind $0.02
AGVsmarT: posts big blind $0.05
*** HOLE CARDS ***
Dealt to Dorex2007 [Kd Kh]
checabrita: folds 
SpeyFly_714: calls $0.05
vubi: calls $0.05
yur4ik777: folds 
bebopspike1329: folds 
Dorex2007: raises $0.10 to $0.15
spkrdmg: calls $0.15
geniuss: folds 
AGVsmarT: calls $0.10
SpeyFly_714: folds 
vubi: calls $0.10
*** FLOP *** [Tc 6c As]
AGVsmarT: checks 
vubi: checks 
Dorex2007: bets $0.15
spkrdmg: folds 
AGVsmarT: calls $0.15
vubi: calls $0.15
*** TURN *** [Tc 6c As] [6s]
AGVsmarT: checks 
vubi: checks 
Dorex2007: checks 
*** RIVER *** [Tc 6c As 6s] [8h]
AGVsmarT: checks 
vubi: checks 
Dorex2007: checks 
*** SHOW DOWN ***
AGVsmarT: shows [8c Kc] (two pair, Eights and Sixes)
vubi: mucks hand 
Dorex2007: shows [Kd Kh] (two pair, Kings and Sixes)
Dorex2007 collected $1.07 from pot
*** SUMMARY ***
Total pot $1.12 | Rake $0.05 
Board [Tc 6c As 6s 8h]
Seat 1: vubi mucked [Jh 9c]
Seat 2: yur4ik777 folded before Flop (didn't bet)
Seat 3: bebopspike1329 folded before Flop (didn't bet)
Seat 4: Dorex2007 showed [Kd Kh] and won ($1.07) with two pair, Kings and Sixes
Seat 5: spkrdmg (button) folded on the Flop
Seat 6: geniuss (small blind) folded before Flop
Seat 7: AGVsmarT (big blind) showed [8c Kc] and lost with two pair, Eights and Sixes
Seat 8: checabrita folded before Flop (didn't bet)
Seat 9: SpeyFly_714 folded before Flop



PokerStars Hand #237633553006:  Hold'em No Limit ($0.02/$0.05 USD) - 2022/07/27 22:11:47 PT [2022/07/28 1:11:47 ET]
Table 'Hugo' 9-max Seat #6 is the button
Seat 1: vubi ($2.75 in chips) 
Seat 2: yur4ik777 ($14.95 in chips) 
Seat 3: bebopspike1329 ($5.97 in chips) 
Seat 4: Dorex2007 ($6.07 in chips) 
Seat 5: spkrdmg ($9.93 in chips) 
Seat 6: geniuss ($5.58 in chips) 
Seat 7: AGVsmarT ($3.23 in chips) 
Seat 8: checabrita ($5.41 in chips) 
Seat 9: SpeyFly_714 ($4.39 in chips) 
AGVsmarT: posts small blind $0.02
checabrita: posts big blind $0.05
*** HOLE CARDS ***
Dealt to Dorex2007 [Ad 2d]
SpeyFly_714: folds 
vubi: calls $0.05
yur4ik777: folds 
bebopspike1329: folds 
Dorex2007: folds 
spkrdmg: calls $0.05
geniuss: calls $0.05
AGVsmarT: calls $0.03
checabrita: checks 
*** FLOP *** [8c Th 9d]
AGVsmarT: checks 
checabrita: checks 
vubi: bets $0.05
spkrdmg: folds 
geniuss: calls $0.05
AGVsmarT: calls $0.05
checabrita: calls $0.05
*** TURN *** [8c Th 9d] [Qs]
AGVsmarT: checks 
checabrita: checks 
vubi: checks 
geniuss: checks 
*** RIVER *** [8c Th 9d Qs] [Ah]
AGVsmarT: checks 
checabrita: bets $0.10
vubi: raises $0.20 to $0.30
geniuss: calls $0.30
AGVsmarT: folds 
checabrita: raises $2.45 to $2.75
vubi: calls $2.35 and is all-in
geniuss: calls $2.45
*** SHOW DOWN ***
checabrita: shows [Jh Ks] (a straight, Ten to Ace)
geniuss: mucks hand 
checabrita collected $0.19 from side pot
vubi: mucks hand 
checabrita collected $8.05 from main pot
*** SUMMARY ***
Total pot $8.60 Main pot $8.05. Side pot $0.19. | Rake $0.36 
Board [8c Th 9d Qs Ah]
Seat 1: vubi mucked [Ac 9c]
Seat 2: yur4ik777 folded before Flop (didn't bet)
Seat 3: bebopspike1329 folded before Flop (didn't bet)
Seat 4: Dorex2007 folded before Flop (didn't bet)
Seat 5: spkrdmg folded on the Flop
Seat 6: geniuss (button) mucked [As Jc]
Seat 7: AGVsmarT (small blind) folded on the River
Seat 8: checabrita (big blind) showed [Jh Ks] and won ($8.24) with a straight, Ten to Ace
Seat 9: SpeyFly_714 folded before Flop (didn't bet)



PokerStars Hand #237633566101:  Hold'em No Limit ($0.02/$0.05 USD) - 2022/07/27 22:13:36 PT [2022/07/28 1:13:36 ET]
Table 'Hugo' 9-max Seat #7 is the button
Seat 2: yur4ik777 ($14.95 in chips) 
Seat 3: bebopspike1329 ($5.97 in chips) 
Seat 4: Dorex2007 ($6.07 in chips) 
Seat 5: spkrdmg ($9.88 in chips) 
Seat 6: geniuss ($5 in chips) 
Seat 7: AGVsmarT ($3.13 in chips) 
Seat 8: checabrita ($10.80 in chips) 
checabrita: posts small blind $0.02
yur4ik777: posts big blind $0.05
*** HOLE CARDS ***
Dealt to Dorex2007 [As Ac]
bebopspike1329: folds 
Dorex2007: raises $0.05 to $0.10
spkrdmg: folds 
geniuss: folds 
vubi leaves the table
AGVsmarT: calls $0.10
checabrita: folds 
yur4ik777: folds 
*** FLOP *** [Ah 6s Js]
Dorex2007: checks 
Hejter1337 joins the table at seat #1 
AGVsmarT: checks 
*** TURN *** [Ah 6s Js] [4h]
Dorex2007: bets $0.17
AGVsmarT: folds 
Uncalled bet ($0.17) returned to Dorex2007
Dorex2007 collected $0.26 from pot
Dorex2007: doesn't show hand 
*** SUMMARY ***
Total pot $0.27 | Rake $0.01 
Board [Ah 6s Js 4h]
Seat 2: yur4ik777 (big blind) folded before Flop
Seat 3: bebopspike1329 folded before Flop (didn't bet)
Seat 4: Dorex2007 collected ($0.26)
Seat 5: spkrdmg folded before Flop (didn't bet)
Seat 6: geniuss folded before Flop (didn't bet)
Seat 7: AGVsmarT (button) folded on the Turn
Seat 8: checabrita (small blind) folded before Flop



PokerStars Hand #237633570891:  Hold'em No Limit ($0.02/$0.05 USD) - 2022/07/27 22:14:19 PT [2022/07/28 1:14:19 ET]
Table 'Hugo' 9-max Seat #8 is the button
Seat 2: yur4ik777 ($14.90 in chips) 
Seat 3: bebopspike1329 ($5.97 in chips) 
Seat 4: Dorex2007 ($6.23 in chips) 
Seat 5: spkrdmg ($9.88 in chips) 
Seat 6: geniuss ($5 in chips) 
Seat 7: AGVsmarT ($3.03 in chips) 
Seat 8: checabrita ($10.78 in chips) 
yur4ik777: posts small blind $0.02
bebopspike1329: posts big blind $0.05
*** HOLE CARDS ***
Dealt to Dorex2007 [Ts 9c]
Dorex2007: folds 
spkrdmg: raises $0.10 to $0.15
geniuss: folds 
AGVsmarT: raises $0.25 to $0.40
checabrita: folds 
yur4ik777: folds 
bebopspike1329: folds 
spkrdmg: calls $0.25
*** FLOP *** [6d 3h 8h]
spkrdmg: checks 
AGVsmarT: bets $0.41
spkrdmg: folds 
Uncalled bet ($0.41) returned to AGVsmarT
AGVsmarT collected $0.83 from pot
AGVsmarT: doesn't show hand 
*** SUMMARY ***
Total pot $0.87 | Rake $0.04 
Board [6d 3h 8h]
Seat 2: yur4ik777 (small blind) folded before Flop
Seat 3: bebopspike1329 (big blind) folded before Flop
Seat 4: Dorex2007 folded before Flop (didn't bet)
Seat 5: spkrdmg folded on the Flop
Seat 6: geniuss folded before Flop (didn't bet)
Seat 7: AGVsmarT collected ($0.83)
Seat 8: checabrita (button) folded before Flop (didn't bet)



PokerStars Hand #237633578183:  Hold'em No Limit ($0.02/$0.05 USD) - 2022/07/27 22:15:23 PT [2022/07/28 1:15:23 ET]
Table 'Hugo' 9-max Seat #2 is the button
Seat 1: Hejter1337 ($5 in chips) 
Seat 2: yur4ik777 ($14.88 in chips) 
Seat 3: bebopspike1329 ($5.92 in chips) 
Seat 4: Dorex2007 ($6.23 in chips) 
Seat 5: spkrdmg ($9.48 in chips) 
Seat 6: geniuss ($5 in chips) 
Seat 7: AGVsmarT ($3.46 in chips) 
Seat 8: checabrita ($10.78 in chips) 
bebopspike1329: posts small blind $0.02
Dorex2007: posts big blind $0.05
Hejter1337: posts big blind $0.05
*** HOLE CARDS ***
Dealt to Dorex2007 [6s 8c]
spkrdmg: folds 
spkrdmg leaves the table
geniuss: calls $0.05
AGVsmarT: calls $0.05
checabrita: folds 
Hejter1337: checks 
alexahk joins the table at seat #5 
yur4ik777: raises $0.27 to $0.32
bebopspike1329: folds 
Dorex2007: folds 
geniuss: folds 
AGVsmarT: folds 
Hejter1337: folds 
Uncalled bet ($0.27) returned to yur4ik777
yur4ik777 collected $0.27 from pot
yur4ik777: doesn't show hand 
*** SUMMARY ***
Total pot $0.27 | Rake $0 
Seat 1: Hejter1337 folded before Flop (didn't bet)
Seat 2: yur4ik777 (button) collected ($0.27)
Seat 3: bebopspike1329 (small blind) folded before Flop
Seat 4: Dorex2007 (big blind) folded before Flop
Seat 5: spkrdmg folded before Flop (didn't bet)
Seat 6: geniuss folded before Flop
Seat 7: AGVsmarT folded before Flop
Seat 8: checabrita folded before Flop (didn't bet)



PokerStars Hand #237633584246:  Hold'em No Limit ($0.02/$0.05 USD) - 2022/07/27 22:16:17 PT [2022/07/28 1:16:17 ET]
Table 'Hugo' 9-max Seat #3 is the button
Seat 1: Hejter1337 ($4.95 in chips) 
Seat 2: yur4ik777 ($15.10 in chips) 
Seat 3: bebopspike1329 ($5.90 in chips) 
Seat 4: Dorex2007 ($6.18 in chips) 
Seat 5: alexahk ($5 in chips) 
Seat 6: geniuss ($5 in chips) 
Seat 7: AGVsmarT ($3.41 in chips) 
Seat 8: checabrita ($10.78 in chips) 
Dorex2007: posts small blind $0.02
alexahk: posts big blind $0.05
SpeyFly_714: sits out 
*** HOLE CARDS ***
Dealt to Dorex2007 [6c Tc]
geniuss: folds 
AGVsmarT: folds 
checabrita: folds 
Hejter1337: folds 
yur4ik777: folds 
bebopspike1329: folds 
Dorex2007: folds 
Uncalled bet ($0.03) returned to alexahk
alexahk collected $0.04 from pot
alexahk: doesn't show hand 
*** SUMMARY ***
Total pot $0.04 | Rake $0 
Seat 1: Hejter1337 folded before Flop (didn't bet)
Seat 2: yur4ik777 folded before Flop (didn't bet)
Seat 3: bebopspike1329 (button) folded before Flop (didn't bet)
Seat 4: Dorex2007 (small blind) folded before Flop
Seat 5: alexahk (big blind) collected ($0.04)
Seat 6: geniuss folded before Flop (didn't bet)
Seat 7: AGVsmarT folded before Flop (didn't bet)
Seat 8: checabrita folded before Flop (didn't bet)



PokerStars Hand #237633585818:  Hold'em No Limit ($0.02/$0.05 USD) - 2022/07/27 22:16:31 PT [2022/07/28 1:16:31 ET]
Table 'Hugo' 9-max Seat #4 is the button
Seat 1: Hejter1337 ($4.95 in chips) 
Seat 2: yur4ik777 ($15.10 in chips) 
Seat 3: bebopspike1329 ($5.90 in chips) 
Seat 4: Dorex2007 ($6.16 in chips) 
Seat 5: alexahk ($5.02 in chips) 
Seat 6: geniuss ($5 in chips) 
Seat 7: AGVsmarT ($3.41 in chips) 
Seat 8: checabrita ($10.78 in chips) 
alexahk: posts small blind $0.02
geniuss: posts big blind $0.05
SpeyFly_714: sits out 
*** HOLE CARDS ***
Dealt to Dorex2007 [9c 7d]
AGVsmarT: raises $0.05 to $0.10
checabrita: folds 
Hejter1337: folds 
yur4ik777: folds 
bebopspike1329: folds 
Dorex2007: folds 
alexahk: folds 
geniuss: folds 
Uncalled bet ($0.05) returned to AGVsmarT
AGVsmarT collected $0.12 from pot
AGVsmarT: doesn't show hand 
*** SUMMARY ***
Total pot $0.12 | Rake $0 
Seat 1: Hejter1337 folded before Flop (didn't bet)
Seat 2: yur4ik777 folded before Flop (didn't bet)
Seat 3: bebopspike1329 folded before Flop (didn't bet)
Seat 4: Dorex2007 (button) folded before Flop (didn't bet)
Seat 5: alexahk (small blind) folded before Flop
Seat 6: geniuss (big blind) folded before Flop
Seat 7: AGVsmarT collected ($0.12)
Seat 8: checabrita folded before Flop (didn't bet)



PokerStars Hand #237633588457:  Hold'em No Limit ($0.02/$0.05 USD) - 2022/07/27 22:16:54 PT [2022/07/28 1:16:54 ET]
Table 'Hugo' 9-max Seat #5 is the button
Seat 1: Hejter1337 ($4.95 in chips) 
Seat 2: yur4ik777 ($15.10 in chips) 
Seat 3: bebopspike1329 ($5.90 in chips) 
Seat 4: Dorex2007 ($6.16 in chips) 
Seat 5: alexahk ($5 in chips) 
Seat 6: geniuss ($5 in chips) 
Seat 7: AGVsmarT ($3.48 in chips) 
Seat 8: checabrita ($10.78 in chips) 
geniuss: posts small blind $0.02
AGVsmarT: posts big blind $0.05
SpeyFly_714: sits out 
*** HOLE CARDS ***
Dealt to Dorex2007 [7h 9c]
checabrita: folds 
Hejter1337: folds 
yur4ik777: folds 
bebopspike1329: raises $0.10 to $0.15
Dorex2007: folds 
alexahk: folds 
geniuss: folds 
AGVsmarT: folds 
Uncalled bet ($0.10) returned to bebopspike1329
bebopspike1329 collected $0.12 from pot
bebopspike1329: doesn't show hand 
*** SUMMARY ***
Total pot $0.12 | Rake $0 
Seat 1: Hejter1337 folded before Flop (didn't bet)
Seat 2: yur4ik777 folded before Flop (didn't bet)
Seat 3: bebopspike1329 collected ($0.12)
Seat 4: Dorex2007 folded before Flop (didn't bet)
Seat 5: alexahk (button) folded before Flop (didn't bet)
Seat 6: geniuss (small blind) folded before Flop
Seat 7: AGVsmarT (big blind) folded before Flop
Seat 8: checabrita folded before Flop (didn't bet)



PokerStars Hand #237633591474:  Hold'em No Limit ($0.02/$0.05 USD) - 2022/07/27 22:17:21 PT [2022/07/28 1:17:21 ET]
Table 'Hugo' 9-max Seat #6 is the button
Seat 1: Hejter1337 ($4.95 in chips) 
Seat 2: yur4ik777 ($15.10 in chips) 
Seat 3: bebopspike1329 ($5.97 in chips) 
Seat 4: Dorex2007 ($6.16 in chips) 
Seat 5: alexahk ($5 in chips) 
Seat 6: geniuss ($5 in chips) 
Seat 7: AGVsmarT ($3.43 in chips) 
Seat 8: checabrita ($10.78 in chips) 
AGVsmarT: posts small blind $0.02
checabrita: posts big blind $0.05
SpeyFly_714: sits out 
*** HOLE CARDS ***
Dealt to Dorex2007 [8s Td]
Hejter1337: raises $0.07 to $0.12
yur4ik777: folds 
bebopspike1329: raises $0.23 to $0.35
Dorex2007: folds 
alexahk: folds 
geniuss: folds 
AGVsmarT: calls $0.33
checabrita: folds 
Hejter1337: folds 
*** FLOP *** [3s Ts Ac]
AGVsmarT: bets $0.15
bebopspike1329: calls $0.15
*** TURN *** [3s Ts Ac] [Ad]
AGVsmarT: checks 
bebopspike1329: bets $0.30
AGVsmarT: folds 
Uncalled bet ($0.30) returned to bebopspike1329
bebopspike1329 collected $1.12 from pot
bebopspike1329: doesn't show hand 
*** SUMMARY ***
Total pot $1.17 | Rake $0.05 
Board [3s Ts Ac Ad]
Seat 1: Hejter1337 folded before Flop
Seat 2: yur4ik777 folded before Flop (didn't bet)
Seat 3: bebopspike1329 collected ($1.12)
Seat 4: Dorex2007 folded before Flop (didn't bet)
Seat 5: alexahk folded before Flop (didn't bet)
Seat 6: geniuss (button) folded before Flop (didn't bet)
Seat 7: AGVsmarT (small blind) folded on the Turn
Seat 8: checabrita (big blind) folded before Flop



PokerStars Hand #237633597591:  Hold'em No Limit ($0.02/$0.05 USD) - 2022/07/27 22:18:16 PT [2022/07/28 1:18:16 ET]
Table 'Hugo' 9-max Seat #7 is the button
Seat 1: Hejter1337 ($4.83 in chips) 
Seat 2: yur4ik777 ($15.10 in chips) 
Seat 3: bebopspike1329 ($6.59 in chips) 
Seat 4: Dorex2007 ($6.16 in chips) 
Seat 5: alexahk ($5 in chips) 
Seat 6: geniuss ($5 in chips) 
Seat 7: AGVsmarT ($2.93 in chips) 
Seat 8: checabrita ($10.73 in chips) 
Seat 9: SpeyFly_714 ($4.39 in chips) 
checabrita: posts small blind $0.02
SpeyFly_714: posts big blind $0.05
*** HOLE CARDS ***
Dealt to Dorex2007 [6d Qc]
Hejter1337: folds 
yur4ik777: folds 
bebopspike1329: folds 
Dorex2007: folds 
alexahk: folds 
geniuss: raises $0.10 to $0.15
AGVsmarT: calls $0.15
checabrita: folds 
SpeyFly_714: folds 
*** FLOP *** [5d 2d As]
geniuss: bets $0.25
AGVsmarT: folds 
Uncalled bet ($0.25) returned to geniuss
geniuss collected $0.35 from pot
*** SUMMARY ***
Total pot $0.37 | Rake $0.02 
Board [5d 2d As]
Seat 1: Hejter1337 folded before Flop (didn't bet)
Seat 2: yur4ik777 folded before Flop (didn't bet)
Seat 3: bebopspike1329 folded before Flop (didn't bet)
Seat 4: Dorex2007 folded before Flop (didn't bet)
Seat 5: alexahk folded before Flop (didn't bet)
Seat 6: geniuss collected ($0.35)
Seat 7: AGVsmarT (button) folded on the Flop
Seat 8: checabrita (small blind) folded before Flop
Seat 9: SpeyFly_714 (big blind) folded before Flop



PokerStars Hand #237633611482:  Hold'em No Limit ($0.02/$0.05 USD) - 2022/07/27 22:18:54 PT [2022/07/28 1:18:54 ET]
Table 'Hugo' 9-max Seat #8 is the button
Seat 1: Hejter1337 ($4.83 in chips) 
Seat 2: yur4ik777 ($15.10 in chips) 
Seat 3: bebopspike1329 ($6.59 in chips) 
Seat 4: Dorex2007 ($6.16 in chips) 
Seat 5: alexahk ($5 in chips) 
Seat 6: geniuss ($5.20 in chips) 
Seat 7: AGVsmarT ($2.78 in chips) 
Seat 8: checabrita ($10.71 in chips) 
Seat 9: SpeyFly_714 ($4.34 in chips) 
SpeyFly_714: posts small blind $0.02
Hejter1337: posts big blind $0.05
*** HOLE CARDS ***
Dealt to Dorex2007 [Jh 5s]
yur4ik777: folds 
bebopspike1329: folds 
Dorex2007 has timed out
Dorex2007: folds 
alexahk: folds 
geniuss: folds 
AGVsmarT: calls $0.05
checabrita: raises $0.20 to $0.25
SpeyFly_714: folds 
Hejter1337: folds 
AGVsmarT: folds 
Uncalled bet ($0.20) returned to checabrita
checabrita collected $0.17 from pot
checabrita: doesn't show hand 
*** SUMMARY ***
Total pot $0.17 | Rake $0 
Seat 1: Hejter1337 (big blind) folded before Flop
Seat 2: yur4ik777 folded before Flop (didn't bet)
Seat 3: bebopspike1329 folded before Flop (didn't bet)
Seat 4: Dorex2007 folded before Flop (didn't bet)
Seat 5: alexahk folded before Flop (didn't bet)
Seat 6: geniuss folded before Flop (didn't bet)
Seat 7: AGVsmarT folded before Flop
Seat 8: checabrita (button) collected ($0.17)
Seat 9: SpeyFly_714 (small blind) folded before Flop



PokerStars Hand #237633615474:  Hold'em No Limit ($0.02/$0.05 USD) - 2022/07/27 22:19:29 PT [2022/07/28 1:19:29 ET]
Table 'Hugo' 9-max Seat #9 is the button
Seat 1: Hejter1337 ($4.78 in chips) 
Seat 2: yur4ik777 ($15.10 in chips) 
Seat 3: bebopspike1329 ($6.59 in chips) 
Seat 4: Dorex2007 ($6.16 in chips) 
Seat 5: alexahk ($5 in chips) 
Seat 6: geniuss ($5.20 in chips) 
Seat 7: AGVsmarT ($2.73 in chips) 
Seat 8: checabrita ($10.83 in chips) 
Seat 9: SpeyFly_714 ($4.32 in chips) 
Hejter1337: posts small blind $0.02
yur4ik777: posts big blind $0.05
*** HOLE CARDS ***
Dealt to Dorex2007 [7d 5s]
bebopspike1329: folds 
Dorex2007: folds 
alexahk: raises $0.15 to $0.20
geniuss: folds 
AGVsmarT: folds 
checabrita: folds 
SpeyFly_714: folds 
Hejter1337: folds 
yur4ik777: folds 
Uncalled bet ($0.15) returned to alexahk
alexahk collected $0.12 from pot
alexahk: doesn't show hand 
*** SUMMARY ***
Total pot $0.12 | Rake $0 
Seat 1: Hejter1337 (small blind) folded before Flop
Seat 2: yur4ik777 (big blind) folded before Flop
Seat 3: bebopspike1329 folded before Flop (didn't bet)
Seat 4: Dorex2007 folded before Flop (didn't bet)
Seat 5: alexahk collected ($0.12)
Seat 6: geniuss folded before Flop (didn't bet)
Seat 7: AGVsmarT folded before Flop (didn't bet)
Seat 8: checabrita folded before Flop (didn't bet)
Seat 9: SpeyFly_714 (button) folded before Flop (didn't bet)



PokerStars Hand #237633617702:  Hold'em No Limit ($0.02/$0.05 USD) - 2022/07/27 22:19:49 PT [2022/07/28 1:19:49 ET]
Table 'Hugo' 9-max Seat #1 is the button
Seat 1: Hejter1337 ($4.76 in chips) 
Seat 2: yur4ik777 ($15.05 in chips) 
Seat 3: bebopspike1329 ($6.59 in chips) 
Seat 4: Dorex2007 ($6.16 in chips) 
Seat 5: alexahk ($5.07 in chips) 
Seat 6: geniuss ($5.20 in chips) 
Seat 7: AGVsmarT ($2.73 in chips) 
Seat 8: checabrita ($10.83 in chips) 
Seat 9: SpeyFly_714 ($4.32 in chips) 
yur4ik777: posts small blind $0.02
bebopspike1329: posts big blind $0.05
*** HOLE CARDS ***
Dealt to Dorex2007 [Jc 4h]
Dorex2007: folds 
alexahk: folds 
geniuss: folds 
AGVsmarT: folds 
checabrita: folds 
SpeyFly_714: folds 
Hejter1337: folds 
yur4ik777: raises $0.10 to $0.15
bebopspike1329: folds 
Uncalled bet ($0.10) returned to yur4ik777
yur4ik777 collected $0.10 from pot
yur4ik777: doesn't show hand 
*** SUMMARY ***
Total pot $0.10 | Rake $0 
Seat 1: Hejter1337 (button) folded before Flop (didn't bet)
Seat 2: yur4ik777 (small blind) collected ($0.10)
Seat 3: bebopspike1329 (big blind) folded before Flop
Seat 4: Dorex2007 folded before Flop (didn't bet)
Seat 5: alexahk folded before Flop (didn't bet)
Seat 6: geniuss folded before Flop (didn't bet)
Seat 7: AGVsmarT folded before Flop (didn't bet)
Seat 8: checabrita folded before Flop (didn't bet)
Seat 9: SpeyFly_714 folded before Flop (didn't bet)



PokerStars Hand #237633620471:  Hold'em No Limit ($0.02/$0.05 USD) - 2022/07/27 22:20:15 PT [2022/07/28 1:20:15 ET]
Table 'Hugo' 9-max Seat #2 is the button
Seat 1: Hejter1337 ($4.76 in chips) 
Seat 2: yur4ik777 ($15.10 in chips) 
Seat 3: bebopspike1329 ($6.54 in chips) 
Seat 4: Dorex2007 ($6.16 in chips) 
Seat 5: alexahk ($5.07 in chips) 
Seat 6: geniuss ($5.20 in chips) 
Seat 7: AGVsmarT ($2.73 in chips) 
Seat 8: checabrita ($10.83 in chips) 
Seat 9: SpeyFly_714 ($4.32 in chips) 
bebopspike1329: posts small blind $0.02
Dorex2007: posts big blind $0.05
*** HOLE CARDS ***
Dealt to Dorex2007 [3d Ad]
alexahk: folds 
geniuss: folds 
AGVsmarT: raises $0.12 to $0.17
checabrita: folds 
SpeyFly_714: folds 
Hejter1337: folds 
yur4ik777: folds 
yur4ik777 leaves the table
bebopspike1329: folds 
Dorex2007: folds 
Uncalled bet ($0.12) returned to AGVsmarT
AGVsmarT collected $0.12 from pot
AGVsmarT: doesn't show hand 
*** SUMMARY ***
Total pot $0.12 | Rake $0 
Seat 1: Hejter1337 folded before Flop (didn't bet)
Seat 2: yur4ik777 (button) folded before Flop (didn't bet)
Seat 3: bebopspike1329 (small blind) folded before Flop
Seat 4: Dorex2007 (big blind) folded before Flop
Seat 5: alexahk folded before Flop (didn't bet)
Seat 6: geniuss folded before Flop (didn't bet)
Seat 7: AGVsmarT collected ($0.12)
Seat 8: checabrita folded before Flop (didn't bet)
Seat 9: SpeyFly_714 folded before Flop (didn't bet)



PokerStars Hand #237633624205:  Hold'em No Limit ($0.02/$0.05 USD) - 2022/07/27 22:20:49 PT [2022/07/28 1:20:49 ET]
Table 'Hugo' 9-max Seat #3 is the button
Seat 1: Hejter1337 ($4.76 in chips) 
Seat 3: bebopspike1329 ($6.52 in chips) 
Seat 4: Dorex2007 ($6.11 in chips) 
Seat 5: alexahk ($5.07 in chips) 
Seat 6: geniuss ($5.20 in chips) 
Seat 7: AGVsmarT ($2.80 in chips) 
Seat 8: checabrita ($10.83 in chips) 
Seat 9: SpeyFly_714 ($4.32 in chips) 
Dorex2007: posts small blind $0.02
alexahk: posts big blind $0.05
*** HOLE CARDS ***
Dealt to Dorex2007 [7c 3c]
geniuss: folds 
AGVsmarT: folds 
checabrita: folds 
SpeyFly_714: raises $0.10 to $0.15
Hejter1337: folds 
bebopspike1329: folds 
Dorex2007: folds 
alexahk: folds 
Uncalled bet ($0.10) returned to SpeyFly_714
SpeyFly_714 collected $0.12 from pot
SpeyFly_714: doesn't show hand 
*** SUMMARY ***
Total pot $0.12 | Rake $0 
Seat 1: Hejter1337 folded before Flop (didn't bet)
Seat 3: bebopspike1329 (button) folded before Flop (didn't bet)
Seat 4: Dorex2007 (small blind) folded before Flop
Seat 5: alexahk (big blind) folded before Flop
Seat 6: geniuss folded before Flop (didn't bet)
Seat 7: AGVsmarT folded before Flop (didn't bet)
Seat 8: checabrita folded before Flop (didn't bet)
Seat 9: SpeyFly_714 collected ($0.12)



PokerStars Hand #237633626135:  Hold'em No Limit ($0.02/$0.05 USD) - 2022/07/27 22:21:07 PT [2022/07/28 1:21:07 ET]
Table 'Hugo' 9-max Seat #4 is the button
Seat 1: Hejter1337 ($4.76 in chips) 
Seat 3: bebopspike1329 ($6.52 in chips) 
Seat 4: Dorex2007 ($6.09 in chips) 
Seat 5: alexahk ($5.02 in chips) 
Seat 6: geniuss ($5.20 in chips) 
Seat 7: AGVsmarT ($2.80 in chips) 
Seat 8: checabrita ($10.83 in chips) 
Seat 9: SpeyFly_714 ($4.39 in chips) 
alexahk: posts small blind $0.02
geniuss: posts big blind $0.05
*** HOLE CARDS ***
Dealt to Dorex2007 [Qd Jd]
AGVsmarT: folds 
checabrita: folds 
SpeyFly_714: folds 
Hejter1337: folds 
bebopspike1329: folds 
Dorex2007: raises $0.10 to $0.15
alexahk: folds 
geniuss: folds 
Uncalled bet ($0.10) returned to Dorex2007
Dorex2007 collected $0.12 from pot
Dorex2007: doesn't show hand 
*** SUMMARY ***
Total pot $0.12 | Rake $0 
Seat 1: Hejter1337 folded before Flop (didn't bet)
Seat 3: bebopspike1329 folded before Flop (didn't bet)
Seat 4: Dorex2007 (button) collected ($0.12)
Seat 5: alexahk (small blind) folded before Flop
Seat 6: geniuss (big blind) folded before Flop
Seat 7: AGVsmarT folded before Flop (didn't bet)
Seat 8: checabrita folded before Flop (didn't bet)
Seat 9: SpeyFly_714 folded before Flop (didn't bet)



PokerStars Hand #237633627882:  Hold'em No Limit ($0.02/$0.05 USD) - 2022/07/27 22:21:22 PT [2022/07/28 1:21:22 ET]
Table 'Hugo' 9-max Seat #5 is the button
Seat 1: Hejter1337 ($4.76 in chips) 
Seat 3: bebopspike1329 ($6.52 in chips) 
Seat 4: Dorex2007 ($6.16 in chips) 
Seat 5: alexahk ($5 in chips) 
Seat 6: geniuss ($5.15 in chips) 
Seat 7: AGVsmarT ($2.80 in chips) 
Seat 8: checabrita ($10.83 in chips) 
Seat 9: SpeyFly_714 ($4.39 in chips) 
geniuss: posts small blind $0.02
AGVsmarT: posts big blind $0.05
*** HOLE CARDS ***
Dealt to Dorex2007 [Qh 3h]
checabrita: raises $0.10 to $0.15
SpeyFly_714: folds 
Hejter1337: folds 
bebopspike1329: folds 
Dorex2007: folds 
alexahk: folds 
geniuss: folds 
AGVsmarT: calls $0.10
*** FLOP *** [As Th 2s]
AGVsmarT: bets $0.10
freud281 joins the table at seat #2 
checabrita: calls $0.10
*** TURN *** [As Th 2s] [Qs]
AGVsmarT: bets $0.10
checabrita: raises $0.50 to $0.60
AGVsmarT: folds 
Uncalled bet ($0.50) returned to checabrita
checabrita collected $0.69 from pot
checabrita: doesn't show hand 
*** SUMMARY ***
Total pot $0.72 | Rake $0.03 
Board [As Th 2s Qs]
Seat 1: Hejter1337 folded before Flop (didn't bet)
Seat 3: bebopspike1329 folded before Flop (didn't bet)
Seat 4: Dorex2007 folded before Flop (didn't bet)
Seat 5: alexahk (button) folded before Flop (didn't bet)
Seat 6: geniuss (small blind) folded before Flop
Seat 7: AGVsmarT (big blind) folded on the Turn
Seat 8: checabrita collected ($0.69)
Seat 9: SpeyFly_714 folded before Flop (didn't bet)



PokerStars Hand #237633634694:  Hold'em No Limit ($0.02/$0.05 USD) - 2022/07/27 22:22:25 PT [2022/07/28 1:22:25 ET]
Table 'Hugo' 9-max Seat #6 is the button
Seat 1: Hejter1337 ($4.76 in chips) 
Seat 2: freud281 ($3.01 in chips) 
Seat 3: bebopspike1329 ($6.52 in chips) 
Seat 4: Dorex2007 ($6.16 in chips) 
Seat 5: alexahk ($5 in chips) 
Seat 6: geniuss ($5.13 in chips) 
Seat 7: AGVsmarT ($2.45 in chips) 
Seat 8: checabrita ($11.17 in chips) 
Seat 9: SpeyFly_714 ($4.39 in chips) 
AGVsmarT: posts small blind $0.02
checabrita: posts big blind $0.05
freud281: posts big blind $0.05
*** HOLE CARDS ***
Dealt to Dorex2007 [Td 5d]
SpeyFly_714: folds 
Hejter1337: raises $0.10 to $0.15
freud281: folds 
bebopspike1329: folds 
Dorex2007: folds 
alexahk: folds 
geniuss: folds 
AGVsmarT: calls $0.13
checabrita: folds 
*** FLOP *** [7s 2s 7c]
AGVsmarT: checks 
Hejter1337: bets $0.19
AGVsmarT: folds 
Uncalled bet ($0.19) returned to Hejter1337
Hejter1337 collected $0.38 from pot
Hejter1337: doesn't show hand 
*** SUMMARY ***
Total pot $0.40 | Rake $0.02 
Board [7s 2s 7c]
Seat 1: Hejter1337 collected ($0.38)
Seat 2: freud281 folded before Flop (didn't bet)
Seat 3: bebopspike1329 folded before Flop (didn't bet)
Seat 4: Dorex2007 folded before Flop (didn't bet)
Seat 5: alexahk folded before Flop (didn't bet)
Seat 6: geniuss (button) folded before Flop (didn't bet)
Seat 7: AGVsmarT (small blind) folded on the Flop
Seat 8: checabrita (big blind) folded before Flop
Seat 9: SpeyFly_714 folded before Flop (didn't bet)



PokerStars Hand #237633639631:  Hold'em No Limit ($0.02/$0.05 USD) - 2022/07/27 22:23:09 PT [2022/07/28 1:23:09 ET]
Table 'Hugo' 9-max Seat #7 is the button
Seat 1: Hejter1337 ($4.99 in chips) 
Seat 2: freud281 ($2.96 in chips) 
Seat 3: bebopspike1329 ($6.52 in chips) 
Seat 4: Dorex2007 ($6.16 in chips) 
Seat 5: alexahk ($5 in chips) 
Seat 6: geniuss ($5.13 in chips) 
Seat 7: AGVsmarT ($2.30 in chips) 
Seat 8: checabrita ($11.12 in chips) 
Seat 9: SpeyFly_714 ($4.39 in chips) 
checabrita: posts small blind $0.02
SpeyFly_714: posts big blind $0.05
*** HOLE CARDS ***
Dealt to Dorex2007 [4d 5c]
Hejter1337: folds 
freud281: calls $0.05
bebopspike1329: calls $0.05
Dorex2007: folds 
alexahk: folds 
geniuss: folds 
AGVsmarT: folds 
checabrita: folds 
SpeyFly_714: raises $0.10 to $0.15
freud281: calls $0.10
bebopspike1329: raises $0.45 to $0.60
SpeyFly_714: raises $1 to $1.60
freud281: calls $1.45
bebopspike1329: raises $3.20 to $4.80
SpeyFly_714: calls $2.79 and is all-in
freud281: calls $1.36 and is all-in
Uncalled bet ($0.41) returned to bebopspike1329
*** FLOP *** [Ks Js Kc]
*** TURN *** [Ks Js Kc] [Ts]
*** RIVER *** [Ks Js Kc Ts] [5h]
*** SHOW DOWN ***
SpeyFly_714: shows [Ad As] (two pair, Aces and Kings)
bebopspike1329: shows [Ac Ah] (two pair, Aces and Kings)
SpeyFly_714 collected $1.37 from side pot
freud281: shows [8d 6d] (a pair of Kings)
SpeyFly_714 collected $4.27 from main pot
freud281 cashed out the hand for $2 | Cash Out Fee $0.02
bebopspike1329 cashed out the hand for $4.60 | Cash Out Fee $0.05
*** SUMMARY ***
Total pot $11.76 Main pot $8.53. Side pot $2.74. | Rake $0.49 
Board [Ks Js Kc Ts 5h]
Seat 1: Hejter1337 folded before Flop (didn't bet)
Seat 2: freud281 showed [8d 6d] and lost with a pair of Kings (cashed out).
Seat 3: bebopspike1329 showed [Ac Ah] and won ($5.63) with two pair, Aces and Kings (pot not awarded as player cashed out)
Seat 4: Dorex2007 folded before Flop (didn't bet)
Seat 5: alexahk folded before Flop (didn't bet)
Seat 6: geniuss folded before Flop (didn't bet)
Seat 7: AGVsmarT (button) folded before Flop (didn't bet)
Seat 8: checabrita (small blind) folded before Flop
Seat 9: SpeyFly_714 (big blind) showed [Ad As] and won ($5.64) with two pair, Aces and Kings



PokerStars Hand #237633652500:  Hold'em No Limit ($0.02/$0.05 USD) - 2022/07/27 22:25:06 PT [2022/07/28 1:25:06 ET]
Table 'Hugo' 9-max Seat #8 is the button
Seat 1: Hejter1337 ($4.99 in chips) 
Seat 2: freud281 ($2 in chips) 
Seat 3: bebopspike1329 ($6.73 in chips) 
Seat 4: Dorex2007 ($6.16 in chips) 
Seat 5: alexahk ($5 in chips) 
Seat 6: geniuss ($5.13 in chips) 
Seat 7: AGVsmarT ($2.30 in chips) 
Seat 8: checabrita ($11.10 in chips) 
Seat 9: SpeyFly_714 ($5.64 in chips) 
SpeyFly_714: posts small blind $0.02
Hejter1337: posts big blind $0.05
*** HOLE CARDS ***
Dealt to Dorex2007 [8s 8d]
freud281: calls $0.05
bebopspike1329: folds 
Dorex2007: calls $0.05
alexahk: calls $0.05
geniuss: folds 
AGVsmarT: calls $0.05
checabrita: calls $0.05
SpeyFly_714: folds 
Hejter1337: checks 
*** FLOP *** [7s 4h 6s]
Hejter1337: checks 
freud281: checks 
Dorex2007: bets $0.21
alexahk: folds 
AGVsmarT: calls $0.21
checabrita: folds 
Hejter1337: folds 
freud281: calls $0.21
*** TURN *** [7s 4h 6s] [Kh]
freud281: checks 
Dorex2007: checks 
AGVsmarT: checks 
*** RIVER *** [7s 4h 6s Kh] [6h]
freud281: checks 
Dorex2007: bets $0.45
AGVsmarT: folds 
freud281: folds 
Uncalled bet ($0.45) returned to Dorex2007
Dorex2007 collected $0.91 from pot
Dorex2007: doesn't show hand 
*** SUMMARY ***
Total pot $0.95 | Rake $0.04 
Board [7s 4h 6s Kh 6h]
Seat 1: Hejter1337 (big blind) folded on the Flop
Seat 2: freud281 folded on the River
Seat 3: bebopspike1329 folded before Flop (didn't bet)
Seat 4: Dorex2007 collected ($0.91)
Seat 5: alexahk folded on the Flop
Seat 6: geniuss folded before Flop (didn't bet)
Seat 7: AGVsmarT folded on the River
Seat 8: checabrita (button) folded on the Flop
Seat 9: SpeyFly_714 (small blind) folded before Flop



PokerStars Hand #237633661041:  Hold'em No Limit ($0.02/$0.05 USD) - 2022/07/27 22:26:24 PT [2022/07/28 1:26:24 ET]
Table 'Hugo' 9-max Seat #9 is the button
Seat 1: Hejter1337 ($4.94 in chips) 
Seat 2: freud281 ($1.74 in chips) 
Seat 3: bebopspike1329 ($6.73 in chips) 
Seat 4: Dorex2007 ($6.81 in chips) 
Seat 5: alexahk ($5 in chips) 
Seat 6: geniuss ($5.13 in chips) 
Seat 7: AGVsmarT ($2.04 in chips) 
Seat 8: checabrita ($11.05 in chips) 
Seat 9: SpeyFly_714 ($5.62 in chips) 
Hejter1337: posts small blind $0.02
freud281: posts big blind $0.05
*** HOLE CARDS ***
Dealt to Dorex2007 [7s 6d]
bebopspike1329: folds 
Dorex2007: folds 
alexahk: folds 
geniuss: folds 
AGVsmarT: calls $0.05
checabrita: folds 
SpeyFly_714: folds 
Hejter1337: raises $0.10 to $0.15
freud281: calls $0.10
AGVsmarT: calls $0.10
*** FLOP *** [2d 9c Kd]
Hejter1337: checks 
freud281: checks 
AGVsmarT: checks 
*** TURN *** [2d 9c Kd] [7d]
Hejter1337: checks 
freud281: bets $0.05
AGVsmarT: folds 
Hejter1337: calls $0.05
*** RIVER *** [2d 9c Kd 7d] [3c]
Hejter1337: checks 
freud281: checks 
*** SHOW DOWN ***
Hejter1337: shows [Jh Qh] (high card King)
freud281: mucks hand 
Hejter1337 collected $0.53 from pot
*** SUMMARY ***
Total pot $0.55 | Rake $0.02 
Board [2d 9c Kd 7d 3c]
Seat 1: Hejter1337 (small blind) showed [Jh Qh] and won ($0.53) with high card King
Seat 2: freud281 (big blind) mucked [8h 6s]
Seat 3: bebopspike1329 folded before Flop (didn't bet)
Seat 4: Dorex2007 folded before Flop (didn't bet)
Seat 5: alexahk folded before Flop (didn't bet)
Seat 6: geniuss folded before Flop (didn't bet)
Seat 7: AGVsmarT folded on the Turn
Seat 8: checabrita folded before Flop (didn't bet)
Seat 9: SpeyFly_714 (button) folded before Flop (didn't bet)



PokerStars Hand #237633668168:  Hold'em No Limit ($0.02/$0.05 USD) - 2022/07/27 22:27:30 PT [2022/07/28 1:27:30 ET]
Table 'Hugo' 9-max Seat #1 is the button
Seat 1: Hejter1337 ($5.27 in chips) 
Seat 2: freud281 ($1.54 in chips) 
Seat 3: bebopspike1329 ($6.73 in chips) 
Seat 4: Dorex2007 ($6.81 in chips) 
Seat 5: alexahk ($5 in chips) 
Seat 6: geniuss ($5.13 in chips) 
Seat 7: AGVsmarT ($3.89 in chips) 
Seat 8: checabrita ($11.05 in chips) 
Seat 9: SpeyFly_714 ($5.62 in chips) 
freud281: posts small blind $0.02
bebopspike1329: posts big blind $0.05
*** HOLE CARDS ***
Dealt to Dorex2007 [2h Ad]
Dorex2007: folds 
alexahk: folds 
geniuss: folds 
AGVsmarT: calls $0.05
checabrita: folds 
SpeyFly_714: raises $0.10 to $0.15
Hejter1337: folds 
freud281: folds 
bebopspike1329: folds 
AGVsmarT: calls $0.10
*** FLOP *** [9d 4s Qs]
AGVsmarT: checks 
SpeyFly_714: bets $0.17
AGVsmarT: folds 
Uncalled bet ($0.17) returned to SpeyFly_714
SpeyFly_714 collected $0.35 from pot
SpeyFly_714: doesn't show hand 
*** SUMMARY ***
Total pot $0.37 | Rake $0.02 
Board [9d 4s Qs]
Seat 1: Hejter1337 (button) folded before Flop (didn't bet)
Seat 2: freud281 (small blind) folded before Flop
Seat 3: bebopspike1329 (big blind) folded before Flop
Seat 4: Dorex2007 folded before Flop (didn't bet)
Seat 5: alexahk folded before Flop (didn't bet)
Seat 6: geniuss folded before Flop (didn't bet)
Seat 7: AGVsmarT folded on the Flop
Seat 8: checabrita folded before Flop (didn't bet)
Seat 9: SpeyFly_714 collected ($0.35)



PokerStars Hand #237633672608:  Hold'em No Limit ($0.02/$0.05 USD) - 2022/07/27 22:28:11 PT [2022/07/28 1:28:11 ET]
Table 'Hugo' 9-max Seat #2 is the button
Seat 1: Hejter1337 ($5.27 in chips) 
Seat 2: freud281 ($1.52 in chips) 
Seat 3: bebopspike1329 ($6.68 in chips) 
Seat 4: Dorex2007 ($6.81 in chips) 
Seat 5: alexahk ($5 in chips) 
Seat 6: geniuss ($5.13 in chips) 
Seat 7: AGVsmarT ($3.74 in chips) 
Seat 8: checabrita ($11.05 in chips) 
Seat 9: SpeyFly_714 ($5.82 in chips) 
bebopspike1329: posts small blind $0.02
Dorex2007: posts big blind $0.05
*** HOLE CARDS ***
Dealt to Dorex2007 [Qh 7d]
alexahk: folds 
geniuss: folds 
AGVsmarT: raises $0.10 to $0.15
checabrita: folds 
SpeyFly_714: folds 
Hejter1337: folds 
freud281: calls $0.15
bebopspike1329: folds 
Dorex2007: folds 
*** FLOP *** [7h Tc 9h]
AGVsmarT: bets $0.35
freud281: calls $0.35
*** TURN *** [7h Tc 9h] [7s]
AGVsmarT: bets $1.03
freud281: folds 
Uncalled bet ($1.03) returned to AGVsmarT
AGVsmarT collected $1.03 from pot
AGVsmarT: doesn't show hand 
*** SUMMARY ***
Total pot $1.07 | Rake $0.04 
Board [7h Tc 9h 7s]
Seat 1: Hejter1337 folded before Flop (didn't bet)
Seat 2: freud281 (button) folded on the Turn
Seat 3: bebopspike1329 (small blind) folded before Flop
Seat 4: Dorex2007 (big blind) folded before Flop
Seat 5: alexahk folded before Flop (didn't bet)
Seat 6: geniuss folded before Flop (didn't bet)
Seat 7: AGVsmarT collected ($1.03)
Seat 8: checabrita folded before Flop (didn't bet)
Seat 9: SpeyFly_714 folded before Flop (didn't bet)



PokerStars Hand #237633676608:  Hold'em No Limit ($0.02/$0.05 USD) - 2022/07/27 22:28:49 PT [2022/07/28 1:28:49 ET]
Table 'Hugo' 9-max Seat #3 is the button
Seat 1: Hejter1337 ($5.27 in chips) 
Seat 2: freud281 ($1.02 in chips) 
Seat 3: bebopspike1329 ($6.66 in chips) 
Seat 4: Dorex2007 ($6.76 in chips) 
Seat 5: alexahk ($5 in chips) 
Seat 6: geniuss ($5.13 in chips) 
Seat 7: AGVsmarT ($4.27 in chips) 
Seat 8: checabrita ($11.05 in chips) 
Seat 9: SpeyFly_714 ($5.82 in chips) 
Dorex2007: posts small blind $0.02
alexahk: posts big blind $0.05
*** HOLE CARDS ***
Dealt to Dorex2007 [2h Kh]
geniuss: folds 
AGVsmarT: folds 
checabrita: folds 
SpeyFly_714: folds 
Hejter1337: folds 
freud281: folds 
bebopspike1329: folds 
Dorex2007: folds 
Uncalled bet ($0.03) returned to alexahk
alexahk collected $0.04 from pot
alexahk: doesn't show hand 
*** SUMMARY ***
Total pot $0.04 | Rake $0 
Seat 1: Hejter1337 folded before Flop (didn't bet)
Seat 2: freud281 folded before Flop (didn't bet)
Seat 3: bebopspike1329 (button) folded before Flop (didn't bet)
Seat 4: Dorex2007 (small blind) folded before Flop
Seat 5: alexahk (big blind) collected ($0.04)
Seat 6: geniuss folded before Flop (didn't bet)
Seat 7: AGVsmarT folded before Flop (didn't bet)
Seat 8: checabrita folded before Flop (didn't bet)
Seat 9: SpeyFly_714 folded before Flop (didn't bet)



PokerStars Hand #237633678764:  Hold'em No Limit ($0.02/$0.05 USD) - 2022/07/27 22:29:09 PT [2022/07/28 1:29:09 ET]
Table 'Hugo' 9-max Seat #4 is the button
Seat 1: Hejter1337 ($5.27 in chips) 
Seat 2: freud281 ($1.02 in chips) 
Seat 3: bebopspike1329 ($6.66 in chips) 
Seat 4: Dorex2007 ($6.74 in chips) 
Seat 5: alexahk ($5.02 in chips) 
Seat 6: geniuss ($5.13 in chips) 
Seat 7: AGVsmarT ($4.27 in chips) 
Seat 8: checabrita ($11.05 in chips) 
Seat 9: SpeyFly_714 ($5.82 in chips) 
alexahk: posts small blind $0.02
geniuss: posts big blind $0.05
*** HOLE CARDS ***
Dealt to Dorex2007 [2s Ks]
AGVsmarT: folds 
checabrita: folds 
SpeyFly_714: calls $0.05
Hejter1337: folds 
freud281: calls $0.05
bebopspike1329: folds 
Dorex2007: folds 
alexahk: folds 
geniuss: checks 
*** FLOP *** [4d 8c 8s]
geniuss: checks 
SpeyFly_714: checks 
freud281: checks 
*** TURN *** [4d 8c 8s] [6s]
geniuss: checks 
SpeyFly_714: checks 
freud281: checks 
*** RIVER *** [4d 8c 8s 6s] [7d]
geniuss: checks 
SpeyFly_714: checks 
freud281: checks 
*** SHOW DOWN ***
geniuss: shows [Ad 9s] (a pair of Eights)
SpeyFly_714: mucks hand 
freud281: mucks hand 
geniuss collected $0.16 from pot
*** SUMMARY ***
Total pot $0.17 | Rake $0.01 
Board [4d 8c 8s 6s 7d]
Seat 1: Hejter1337 folded before Flop (didn't bet)
Seat 2: freud281 mucked [2h Jh]
Seat 3: bebopspike1329 folded before Flop (didn't bet)
Seat 4: Dorex2007 (button) folded before Flop (didn't bet)
Seat 5: alexahk (small blind) folded before Flop
Seat 6: geniuss (big blind) showed [Ad 9s] and won ($0.16) with a pair of Eights
Seat 7: AGVsmarT folded before Flop (didn't bet)
Seat 8: checabrita folded before Flop (didn't bet)
Seat 9: SpeyFly_714 mucked [Kc Tc]



PokerStars Hand #237633687915:  Hold'em No Limit ($0.02/$0.05 USD) - 2022/07/27 22:30:33 PT [2022/07/28 1:30:33 ET]
Table 'Hugo' 9-max Seat #5 is the button
Seat 1: Hejter1337 ($5.27 in chips) 
Seat 2: freud281 ($0.97 in chips) 
Seat 3: bebopspike1329 ($6.66 in chips) 
Seat 4: Dorex2007 ($6.74 in chips) 
Seat 5: alexahk ($5 in chips) 
Seat 6: geniuss ($5.24 in chips) 
Seat 7: AGVsmarT ($4.27 in chips) 
Seat 8: checabrita ($11.05 in chips) 
Seat 9: SpeyFly_714 ($5.77 in chips) 
geniuss: posts small blind $0.02
AGVsmarT: posts big blind $0.05
*** HOLE CARDS ***
Dealt to Dorex2007 [Jh Jc]
checabrita: folds 
SpeyFly_714: folds 
Hejter1337: folds 
freud281: raises $0.05 to $0.10
bebopspike1329: folds 
Dorex2007: calls $0.10
alexahk: calls $0.10
geniuss: calls $0.08
AGVsmarT: calls $0.05
*** FLOP *** [3h 3d Td]
geniuss: checks 
AGVsmarT: bets $0.24
freud281: calls $0.24
Dorex2007: calls $0.24
alexahk: folds 
geniuss: folds 
*** TURN *** [3h 3d Td] [Qh]
AGVsmarT: bets $0.65
freud281: calls $0.63 and is all-in
Dorex2007: folds 
Uncalled bet ($0.02) returned to AGVsmarT
*** RIVER *** [3h 3d Td Qh] [6h]
*** SHOW DOWN ***
AGVsmarT: shows [4s 3c] (three of a kind, Threes)
freud281: shows [Qc 5c] (two pair, Queens and Threes)
AGVsmarT collected $2.38 from pot
*** SUMMARY ***
Total pot $2.48 | Rake $0.10 
Board [3h 3d Td Qh 6h]
Seat 1: Hejter1337 folded before Flop (didn't bet)
Seat 2: freud281 showed [Qc 5c] and lost with two pair, Queens and Threes
Seat 3: bebopspike1329 folded before Flop (didn't bet)
Seat 4: Dorex2007 folded on the Turn
Seat 5: alexahk (button) folded on the Flop
Seat 6: geniuss (small blind) folded on the Flop
Seat 7: AGVsmarT (big blind) showed [4s 3c] and won ($2.38) with three of a kind, Threes
Seat 8: checabrita folded before Flop (didn't bet)
Seat 9: SpeyFly_714 folded before Flop (didn't bet)



PokerStars Hand #237633695740:  Hold'em No Limit ($0.02/$0.05 USD) - 2022/07/27 22:31:45 PT [2022/07/28 1:31:45 ET]
Table 'Hugo' 9-max Seat #6 is the button
Seat 1: Hejter1337 ($5.27 in chips) 
Seat 3: bebopspike1329 ($6.66 in chips) 
Seat 4: Dorex2007 ($6.40 in chips) 
Seat 5: alexahk ($5 in chips) 
Seat 6: geniuss ($5.14 in chips) 
Seat 7: AGVsmarT ($5.68 in chips) 
Seat 8: checabrita ($11.05 in chips) 
Seat 9: SpeyFly_714 ($5.77 in chips) 
AGVsmarT: posts small blind $0.02
checabrita: posts big blind $0.05
*** HOLE CARDS ***
Dealt to Dorex2007 [Tc Th]
SpeyFly_714: folds 
Hejter1337: folds 
bebopspike1329: folds 
freud281 leaves the table
Dorex2007: raises $0.05 to $0.10
alexahk: folds 
geniuss: folds 
AGVsmarT: calls $0.08
checabrita: calls $0.05
*** FLOP *** [8s 6s Kc]
AGVsmarT: checks 
checabrita: checks 
Dorex2007: bets $0.14
AGVsmarT: folds 
checabrita: folds 
Uncalled bet ($0.14) returned to Dorex2007
Dorex2007 collected $0.29 from pot
Dorex2007: doesn't show hand 
*** SUMMARY ***
Total pot $0.30 | Rake $0.01 
Board [8s 6s Kc]
Seat 1: Hejter1337 folded before Flop (didn't bet)
Seat 3: bebopspike1329 folded before Flop (didn't bet)
Seat 4: Dorex2007 collected ($0.29)
Seat 5: alexahk folded before Flop (didn't bet)
Seat 6: geniuss (button) folded before Flop (didn't bet)
Seat 7: AGVsmarT (small blind) folded on the Flop
Seat 8: checabrita (big blind) folded on the Flop
Seat 9: SpeyFly_714 folded before Flop (didn't bet)



PokerStars Hand #237633701074:  Hold'em No Limit ($0.02/$0.05 USD) - 2022/07/27 22:32:35 PT [2022/07/28 1:32:35 ET]
Table 'Hugo' 9-max Seat #7 is the button
Seat 1: Hejter1337 ($5.27 in chips) 
Seat 3: bebopspike1329 ($6.66 in chips) 
Seat 4: Dorex2007 ($6.59 in chips) 
Seat 5: alexahk ($5 in chips) 
Seat 6: geniuss ($5.14 in chips) 
Seat 7: AGVsmarT ($5.58 in chips) 
Seat 8: checabrita ($10.95 in chips) 
Seat 9: SpeyFly_714 ($5.77 in chips) 
checabrita: posts small blind $0.02
SpeyFly_714: posts big blind $0.05
*** HOLE CARDS ***
Dealt to Dorex2007 [3s 8s]
Hejter1337: folds 
bebopspike1329: folds 
Dorex2007: folds 
impperson17 joins the table at seat #2 
alexahk: folds 
geniuss: raises $0.10 to $0.15
AGVsmarT: calls $0.15
checabrita: raises $0.55 to $0.70
SpeyFly_714: folds 
geniuss: folds 
AGVsmarT: folds 
Uncalled bet ($0.55) returned to checabrita
checabrita collected $0.50 from pot
checabrita: doesn't show hand 
*** SUMMARY ***
Total pot $0.50 | Rake $0 
Seat 1: Hejter1337 folded before Flop (didn't bet)
Seat 3: bebopspike1329 folded before Flop (didn't bet)
Seat 4: Dorex2007 folded before Flop (didn't bet)
Seat 5: alexahk folded before Flop (didn't bet)
Seat 6: geniuss folded before Flop
Seat 7: AGVsmarT (button) folded before Flop
Seat 8: checabrita (small blind) collected ($0.50)
Seat 9: SpeyFly_714 (big blind) folded before Flop



PokerStars Hand #237633705878:  Hold'em No Limit ($0.02/$0.05 USD) - 2022/07/27 22:33:19 PT [2022/07/28 1:33:19 ET]
Table 'Hugo' 9-max Seat #8 is the button
Seat 1: Hejter1337 ($5.27 in chips) 
Seat 3: bebopspike1329 ($6.66 in chips) 
Seat 4: Dorex2007 ($6.59 in chips) 
Seat 5: alexahk ($5 in chips) 
Seat 6: geniuss ($5 in chips) 
Seat 7: AGVsmarT ($5.43 in chips) 
Seat 8: checabrita ($11.30 in chips) 
Seat 9: SpeyFly_714 ($5.72 in chips) 
SpeyFly_714: posts small blind $0.02
Hejter1337: posts big blind $0.05
impperson17: sits out 
*** HOLE CARDS ***
Dealt to Dorex2007 [8d 5h]
bebopspike1329: folds 
Dorex2007 has timed out
Dorex2007: folds 
alexahk: folds 
geniuss: folds 
AGVsmarT: folds 
checabrita: raises $0.08 to $0.13
SpeyFly_714: folds 
Hejter1337: folds 
Uncalled bet ($0.08) returned to checabrita
checabrita collected $0.12 from pot
checabrita: doesn't show hand 
*** SUMMARY ***
Total pot $0.12 | Rake $0 
Seat 1: Hejter1337 (big blind) folded before Flop
Seat 3: bebopspike1329 folded before Flop (didn't bet)
Seat 4: Dorex2007 folded before Flop (didn't bet)
Seat 5: alexahk folded before Flop (didn't bet)
Seat 6: geniuss folded before Flop (didn't bet)
Seat 7: AGVsmarT folded before Flop (didn't bet)
Seat 8: checabrita (button) collected ($0.12)
Seat 9: SpeyFly_714 (small blind) folded before Flop



PokerStars Hand #237633710070:  Hold'em No Limit ($0.02/$0.05 USD) - 2022/07/27 22:33:58 PT [2022/07/28 1:33:58 ET]
Table 'Hugo' 9-max Seat #9 is the button
Seat 1: Hejter1337 ($5.22 in chips) 
Seat 2: impperson17 ($4 in chips) 
Seat 3: bebopspike1329 ($6.66 in chips) 
Seat 4: Dorex2007 ($6.59 in chips) 
Seat 5: alexahk ($5 in chips) 
Seat 6: geniuss ($5 in chips) 
Seat 7: AGVsmarT ($5.43 in chips) 
Seat 8: checabrita ($11.37 in chips) 
Seat 9: SpeyFly_714 ($5.70 in chips) 
Hejter1337: posts small blind $0.02
impperson17: posts big blind $0.05
*** HOLE CARDS ***
Dealt to Dorex2007 [3h Jc]
bebopspike1329: folds 
Dorex2007: folds 
alexahk: folds 
geniuss: folds 
AGVsmarT: folds 
checabrita: raises $0.10 to $0.15
SpeyFly_714: folds 
Hejter1337: folds 
impperson17: folds 
Uncalled bet ($0.10) returned to checabrita
checabrita collected $0.12 from pot
checabrita: doesn't show hand 
*** SUMMARY ***
Total pot $0.12 | Rake $0 
Seat 1: Hejter1337 (small blind) folded before Flop
Seat 2: impperson17 (big blind) folded before Flop
Seat 3: bebopspike1329 folded before Flop (didn't bet)
Seat 4: Dorex2007 folded before Flop (didn't bet)
Seat 5: alexahk folded before Flop (didn't bet)
Seat 6: geniuss folded before Flop (didn't bet)
Seat 7: AGVsmarT folded before Flop (didn't bet)
Seat 8: checabrita collected ($0.12)
Seat 9: SpeyFly_714 (button) folded before Flop (didn't bet)



PokerStars Hand #237633712672:  Hold'em No Limit ($0.02/$0.05 USD) - 2022/07/27 22:34:22 PT [2022/07/28 1:34:22 ET]
Table 'Hugo' 9-max Seat #1 is the button
Seat 1: Hejter1337 ($5.20 in chips) 
Seat 2: impperson17 ($3.95 in chips) 
Seat 3: bebopspike1329 ($6.66 in chips) 
Seat 4: Dorex2007 ($6.59 in chips) 
Seat 5: alexahk ($5 in chips) 
Seat 6: geniuss ($5 in chips) 
Seat 7: AGVsmarT ($5.43 in chips) 
Seat 8: checabrita ($11.44 in chips) 
Seat 9: SpeyFly_714 ($5.70 in chips) 
impperson17: posts small blind $0.02
bebopspike1329: posts big blind $0.05
*** HOLE CARDS ***
Dealt to Dorex2007 [Js 2h]
Dorex2007: folds 
alexahk: folds 
geniuss: folds 
AGVsmarT: folds 
checabrita: raises $0.10 to $0.15
SpeyFly_714: folds 
Hejter1337: folds 
impperson17: folds 
bebopspike1329: calls $0.10
*** FLOP *** [5h 4s 2d]
bebopspike1329: checks 
checabrita: bets $0.10
bebopspike1329: calls $0.10
*** TURN *** [5h 4s 2d] [Jd]
bebopspike1329: checks 
checabrita: checks 
*** RIVER *** [5h 4s 2d Jd] [As]
bebopspike1329: checks 
checabrita: bets $0.38
bebopspike1329: folds 
Uncalled bet ($0.38) returned to checabrita
checabrita collected $0.50 from pot
checabrita: doesn't show hand 
*** SUMMARY ***
Total pot $0.52 | Rake $0.02 
Board [5h 4s 2d Jd As]
Seat 1: Hejter1337 (button) folded before Flop (didn't bet)
Seat 2: impperson17 (small blind) folded before Flop
Seat 3: bebopspike1329 (big blind) folded on the River
Seat 4: Dorex2007 folded before Flop (didn't bet)
Seat 5: alexahk folded before Flop (didn't bet)
Seat 6: geniuss folded before Flop (didn't bet)
Seat 7: AGVsmarT folded before Flop (didn't bet)
Seat 8: checabrita collected ($0.50)
Seat 9: SpeyFly_714 folded before Flop (didn't bet)



PokerStars Hand #237633719504:  Hold'em No Limit ($0.02/$0.05 USD) - 2022/07/27 22:35:26 PT [2022/07/28 1:35:26 ET]
Table 'Hugo' 9-max Seat #2 is the button
Seat 1: Hejter1337 ($5.20 in chips) 
Seat 2: impperson17 ($3.93 in chips) 
Seat 3: bebopspike1329 ($6.41 in chips) 
Seat 4: Dorex2007 ($6.59 in chips) 
Seat 5: alexahk ($5 in chips) 
Seat 6: geniuss ($5 in chips) 
Seat 7: AGVsmarT ($5.43 in chips) 
Seat 8: checabrita ($11.69 in chips) 
Seat 9: SpeyFly_714 ($5.70 in chips) 
bebopspike1329: posts small blind $0.02
Dorex2007: posts big blind $0.05
*** HOLE CARDS ***
Dealt to Dorex2007 [3d Qh]
alexahk: folds 
geniuss: folds 
AGVsmarT: calls $0.05
checabrita: folds 
SpeyFly_714: folds 
Hejter1337: folds 
impperson17: folds 
bebopspike1329: folds 
Dorex2007: checks 
*** FLOP *** [Jc 3s Qs]
Dorex2007: bets $0.08
AGVsmarT: folds 
Uncalled bet ($0.08) returned to Dorex2007
Dorex2007 collected $0.12 from pot
Dorex2007: doesn't show hand 
*** SUMMARY ***
Total pot $0.12 | Rake $0 
Board [Jc 3s Qs]
Seat 1: Hejter1337 folded before Flop (didn't bet)
Seat 2: impperson17 (button) folded before Flop (didn't bet)
Seat 3: bebopspike1329 (small blind) folded before Flop
Seat 4: Dorex2007 (big blind) collected ($0.12)
Seat 5: alexahk folded before Flop (didn't bet)
Seat 6: geniuss folded before Flop (didn't bet)
Seat 7: AGVsmarT folded on the Flop
Seat 8: checabrita folded before Flop (didn't bet)
Seat 9: SpeyFly_714 folded before Flop (didn't bet)



PokerStars Hand #237633725479:  Hold'em No Limit ($0.02/$0.05 USD) - 2022/07/27 22:36:21 PT [2022/07/28 1:36:21 ET]
Table 'Hugo' 9-max Seat #3 is the button
Seat 1: Hejter1337 ($5.20 in chips) 
Seat 2: impperson17 ($3.93 in chips) 
Seat 3: bebopspike1329 ($6.39 in chips) 
Seat 4: Dorex2007 ($6.66 in chips) 
Seat 5: alexahk ($5 in chips) 
Seat 6: geniuss ($5 in chips) 
Seat 7: AGVsmarT ($5.38 in chips) 
Seat 8: checabrita ($11.69 in chips) 
Seat 9: SpeyFly_714 ($5.70 in chips) 
Dorex2007: posts small blind $0.02
alexahk: posts big blind $0.05
*** HOLE CARDS ***
Dealt to Dorex2007 [9s Js]
geniuss: folds 
AGVsmarT: folds 
checabrita: folds 
SpeyFly_714: folds 
Hejter1337: folds 
impperson17: folds 
bebopspike1329: folds 
Dorex2007: folds 
Uncalled bet ($0.03) returned to alexahk
alexahk collected $0.04 from pot
alexahk: doesn't show hand 
*** SUMMARY ***
Total pot $0.04 | Rake $0 
Seat 1: Hejter1337 folded before Flop (didn't bet)
Seat 2: impperson17 folded before Flop (didn't bet)
Seat 3: bebopspike1329 (button) folded before Flop (didn't bet)
Seat 4: Dorex2007 (small blind) folded before Flop
Seat 5: alexahk (big blind) collected ($0.04)
Seat 6: geniuss folded before Flop (didn't bet)
Seat 7: AGVsmarT folded before Flop (didn't bet)
Seat 8: checabrita folded before Flop (didn't bet)
Seat 9: SpeyFly_714 folded before Flop (didn't bet)



PokerStars Hand #237633727417:  Hold'em No Limit ($0.02/$0.05 USD) - 2022/07/27 22:36:39 PT [2022/07/28 1:36:39 ET]
Table 'Hugo' 9-max Seat #4 is the button
Seat 1: Hejter1337 ($5.20 in chips) 
Seat 2: impperson17 ($3.93 in chips) 
Seat 3: bebopspike1329 ($6.39 in chips) 
Seat 4: Dorex2007 ($6.64 in chips) 
Seat 5: alexahk ($5.02 in chips) 
Seat 6: geniuss ($5 in chips) 
Seat 7: AGVsmarT ($5.38 in chips) 
Seat 8: checabrita ($11.69 in chips) 
Seat 9: SpeyFly_714 ($5.70 in chips) 
alexahk: posts small blind $0.02
geniuss: posts big blind $0.05
*** HOLE CARDS ***
Dealt to Dorex2007 [Tc Kc]
AGVsmarT: folds 
checabrita: folds 
SpeyFly_714: calls $0.05
Hejter1337: raises $0.10 to $0.15
impperson17: folds 
bebopspike1329: folds 
Dorex2007: calls $0.15
alexahk: folds 
geniuss: folds 
SpeyFly_714: folds 
*** FLOP *** [8c 6h 9s]
Hejter1337: bets $0.20
Dorex2007: folds 
Uncalled bet ($0.20) returned to Hejter1337
Hejter1337 collected $0.40 from pot
Hejter1337: doesn't show hand 
*** SUMMARY ***
Total pot $0.42 | Rake $0.02 
Board [8c 6h 9s]
Seat 1: Hejter1337 collected ($0.40)
Seat 2: impperson17 folded before Flop (didn't bet)
Seat 3: bebopspike1329 folded before Flop (didn't bet)
Seat 4: Dorex2007 (button) folded on the Flop
Seat 5: alexahk (small blind) folded before Flop
Seat 6: geniuss (big blind) folded before Flop
Seat 7: AGVsmarT folded before Flop (didn't bet)
Seat 8: checabrita folded before Flop (didn't bet)
Seat 9: SpeyFly_714 folded before Flop



PokerStars Hand #237633731155:  Hold'em No Limit ($0.02/$0.05 USD) - 2022/07/27 22:37:14 PT [2022/07/28 1:37:14 ET]
Table 'Hugo' 9-max Seat #5 is the button
Seat 1: Hejter1337 ($5.45 in chips) 
Seat 2: impperson17 ($3.93 in chips) 
Seat 3: bebopspike1329 ($6.39 in chips) 
Seat 4: Dorex2007 ($6.49 in chips) 
Seat 5: alexahk ($5 in chips) 
Seat 6: geniuss ($5 in chips) 
Seat 7: AGVsmarT ($5.38 in chips) 
Seat 8: checabrita ($11.69 in chips) 
Seat 9: SpeyFly_714 ($5.65 in chips) 
geniuss: posts small blind $0.02
AGVsmarT: posts big blind $0.05
*** HOLE CARDS ***
Dealt to Dorex2007 [6h 5h]
checabrita: folds 
SpeyFly_714: folds 
Hejter1337: raises $0.07 to $0.12
impperson17: folds 
bebopspike1329: folds 
Dorex2007: folds 
alexahk: folds 
geniuss: folds 
AGVsmarT: folds 
Uncalled bet ($0.07) returned to Hejter1337
Hejter1337 collected $0.12 from pot
Hejter1337: doesn't show hand 
*** SUMMARY ***
Total pot $0.12 | Rake $0 
Seat 1: Hejter1337 collected ($0.12)
Seat 2: impperson17 folded before Flop (didn't bet)
Seat 3: bebopspike1329 folded before Flop (didn't bet)
Seat 4: Dorex2007 folded before Flop (didn't bet)
Seat 5: alexahk (button) folded before Flop (didn't bet)
Seat 6: geniuss (small blind) folded before Flop
Seat 7: AGVsmarT (big blind) folded before Flop
Seat 8: checabrita folded before Flop (didn't bet)
Seat 9: SpeyFly_714 folded before Flop (didn't bet)



PokerStars Hand #237633733722:  Hold'em No Limit ($0.02/$0.05 USD) - 2022/07/27 22:37:37 PT [2022/07/28 1:37:37 ET]
Table 'Hugo' 9-max Seat #6 is the button
Seat 1: Hejter1337 ($5.52 in chips) 
Seat 2: impperson17 ($3.93 in chips) 
Seat 3: bebopspike1329 ($6.39 in chips) 
Seat 4: Dorex2007 ($6.49 in chips) 
Seat 5: alexahk ($5 in chips) 
Seat 6: geniuss ($5 in chips) 
Seat 7: AGVsmarT ($5.33 in chips) 
Seat 8: checabrita ($11.69 in chips) 
Seat 9: SpeyFly_714 ($5.65 in chips) 
AGVsmarT: posts small blind $0.02
checabrita: posts big blind $0.05
*** HOLE CARDS ***
Dealt to Dorex2007 [Ts 5c]
SpeyFly_714: folds 
Hejter1337: raises $0.07 to $0.12
impperson17: calls $0.12
bebopspike1329: folds 
Dorex2007: folds 
alexahk: folds 
geniuss: folds 
AGVsmarT: folds 
checabrita: folds 
*** FLOP *** [2d 9c Kh]
Hejter1337: checks 
impperson17: checks 
*** TURN *** [2d 9c Kh] [3d]
Hejter1337: checks 
impperson17: bets $0.10
Hejter1337: calls $0.10
*** RIVER *** [2d 9c Kh 3d] [7d]
Hejter1337: bets $0.30
SpeyFly_714 leaves the table
impperson17: folds 
Uncalled bet ($0.30) returned to Hejter1337
Hejter1337 collected $0.49 from pot
Hejter1337: doesn't show hand 
*** SUMMARY ***
Total pot $0.51 | Rake $0.02 
Board [2d 9c Kh 3d 7d]
Seat 1: Hejter1337 collected ($0.49)
Seat 2: impperson17 folded on the River
Seat 3: bebopspike1329 folded before Flop (didn't bet)
Seat 4: Dorex2007 folded before Flop (didn't bet)
Seat 5: alexahk folded before Flop (didn't bet)
Seat 6: geniuss (button) folded before Flop (didn't bet)
Seat 7: AGVsmarT (small blind) folded before Flop
Seat 8: checabrita (big blind) folded before Flop
Seat 9: SpeyFly_714 folded before Flop (didn't bet)



PokerStars Hand #237633741126:  Hold'em No Limit ($0.02/$0.05 USD) - 2022/07/27 22:38:45 PT [2022/07/28 1:38:45 ET]
Table 'Hugo' 9-max Seat #7 is the button
Seat 1: Hejter1337 ($5.79 in chips) 
Seat 2: impperson17 ($3.71 in chips) 
Seat 3: bebopspike1329 ($6.39 in chips) 
Seat 4: Dorex2007 ($6.49 in chips) 
Seat 5: alexahk ($5 in chips) 
Seat 6: geniuss ($5 in chips) 
Seat 7: AGVsmarT ($5.31 in chips) 
Seat 8: checabrita ($11.64 in chips) 
checabrita: posts small blind $0.02
Hejter1337: posts big blind $0.05
*** HOLE CARDS ***
Dealt to Dorex2007 [9d Qc]
impperson17: folds 
bebopspike1329: folds 
Dorex2007: folds 
alexahk: folds 
geniuss: folds 
AGVsmarT: folds 
checabrita: folds 
Uncalled bet ($0.03) returned to Hejter1337
Hejter1337 collected $0.04 from pot
Hejter1337: doesn't show hand 
*** SUMMARY ***
Total pot $0.04 | Rake $0 
Seat 1: Hejter1337 (big blind) collected ($0.04)
Seat 2: impperson17 folded before Flop (didn't bet)
Seat 3: bebopspike1329 folded before Flop (didn't bet)
Seat 4: Dorex2007 folded before Flop (didn't bet)
Seat 5: alexahk folded before Flop (didn't bet)
Seat 6: geniuss folded before Flop (didn't bet)
Seat 7: AGVsmarT (button) folded before Flop (didn't bet)
Seat 8: checabrita (small blind) folded before Flop



PokerStars Hand #237633742812:  Hold'em No Limit ($0.02/$0.05 USD) - 2022/07/27 22:39:01 PT [2022/07/28 1:39:01 ET]
Table 'Hugo' 9-max Seat #8 is the button
Seat 1: Hejter1337 ($5.81 in chips) 
Seat 2: impperson17 ($3.71 in chips) 
Seat 3: bebopspike1329 ($6.39 in chips) 
Seat 4: Dorex2007 ($6.49 in chips) 
Seat 5: alexahk ($5 in chips) 
Seat 6: geniuss ($5 in chips) 
Seat 7: AGVsmarT ($5.31 in chips) 
Seat 8: checabrita ($11.62 in chips) 
Hejter1337: posts small blind $0.02
impperson17: posts big blind $0.05
*** HOLE CARDS ***
Dealt to Dorex2007 [7s 7d]
bebopspike1329: folds 
Dorex2007: raises $0.05 to $0.10
alexahk: calls $0.10
geniuss: folds 
AGVsmarT: folds 
checabrita: folds 
Hejter1337: folds 
impperson17: folds 
*** FLOP *** [3c 5d 2s]
Dorex2007: checks 
alexahk: checks 
*** TURN *** [3c 5d 2s] [8s]
Dorex2007: bets $0.17
alexahk: raises $0.33 to $0.50
Dorex2007: folds 
Uncalled bet ($0.33) returned to alexahk
alexahk collected $0.58 from pot
alexahk: doesn't show hand 
*** SUMMARY ***
Total pot $0.61 | Rake $0.03 
Board [3c 5d 2s 8s]
Seat 1: Hejter1337 (small blind) folded before Flop
Seat 2: impperson17 (big blind) folded before Flop
Seat 3: bebopspike1329 folded before Flop (didn't bet)
Seat 4: Dorex2007 folded on the Turn
Seat 5: alexahk collected ($0.58)
Seat 6: geniuss folded before Flop (didn't bet)
Seat 7: AGVsmarT folded before Flop (didn't bet)
Seat 8: checabrita (button) folded before Flop (didn't bet)



PokerStars Hand #237633753567:  Hold'em No Limit ($0.02/$0.05 USD) - 2022/07/27 22:40:11 PT [2022/07/28 1:40:11 ET]
Table 'Hugo' 9-max Seat #1 is the button
Seat 1: Hejter1337 ($5.79 in chips) 
Seat 2: impperson17 ($3.66 in chips) 
Seat 3: bebopspike1329 ($6.39 in chips) 
Seat 4: Dorex2007 ($6.22 in chips) 
Seat 5: alexahk ($5.31 in chips) 
Seat 6: geniuss ($5 in chips) 
Seat 7: AGVsmarT ($5.31 in chips) 
Seat 8: checabrita ($11.62 in chips) 
impperson17: posts small blind $0.02
bebopspike1329: posts big blind $0.05
*** HOLE CARDS ***
Dealt to Dorex2007 [6h 8c]
Dorex2007: folds 
alexahk: folds 
geniuss: folds 
AGVsmarT: raises $0.12 to $0.17
checabrita: folds 
Hejter1337: folds 
impperson17: folds 
bebopspike1329: folds 
Uncalled bet ($0.12) returned to AGVsmarT
AGVsmarT collected $0.12 from pot
AGVsmarT: doesn't show hand 
*** SUMMARY ***
Total pot $0.12 | Rake $0 
Seat 1: Hejter1337 (button) folded before Flop (didn't bet)
Seat 2: impperson17 (small blind) folded before Flop
Seat 3: bebopspike1329 (big blind) folded before Flop
Seat 4: Dorex2007 folded before Flop (didn't bet)
Seat 5: alexahk folded before Flop (didn't bet)
Seat 6: geniuss folded before Flop (didn't bet)
Seat 7: AGVsmarT collected ($0.12)
Seat 8: checabrita folded before Flop (didn't bet)



PokerStars Hand #237633756558:  Hold'em No Limit ($0.02/$0.05 USD) - 2022/07/27 22:40:38 PT [2022/07/28 1:40:38 ET]
Table 'Hugo' 9-max Seat #2 is the button
Seat 1: Hejter1337 ($5.79 in chips) 
Seat 2: impperson17 ($3.64 in chips) 
Seat 3: bebopspike1329 ($6.34 in chips) 
Seat 4: Dorex2007 ($6.22 in chips) 
Seat 5: alexahk ($5.31 in chips) 
Seat 6: geniuss ($5 in chips) 
Seat 7: AGVsmarT ($5.38 in chips) 
Seat 8: checabrita ($11.62 in chips) 
bebopspike1329: posts small blind $0.02
Dorex2007: posts big blind $0.05
*** HOLE CARDS ***
Dealt to Dorex2007 [2d 3c]
alexahk: raises $0.15 to $0.20
geniuss: folds 
AGVsmarT: folds 
checabrita: folds 
Hejter1337: folds 
impperson17: folds 
bebopspike1329: folds 
Dorex2007: folds 
Uncalled bet ($0.15) returned to alexahk
alexahk collected $0.12 from pot
alexahk: doesn't show hand 
*** SUMMARY ***
Total pot $0.12 | Rake $0 
Seat 1: Hejter1337 folded before Flop (didn't bet)
Seat 2: impperson17 (button) folded before Flop (didn't bet)
Seat 3: bebopspike1329 (small blind) folded before Flop
Seat 4: Dorex2007 (big blind) folded before Flop
Seat 5: alexahk collected ($0.12)
Seat 6: geniuss folded before Flop (didn't bet)
Seat 7: AGVsmarT folded before Flop (didn't bet)
Seat 8: checabrita folded before Flop (didn't bet)



PokerStars Hand #237633758644:  Hold'em No Limit ($0.02/$0.05 USD) - 2022/07/27 22:40:57 PT [2022/07/28 1:40:57 ET]
Table 'Hugo' 9-max Seat #3 is the button
Seat 1: Hejter1337 ($5.79 in chips) 
Seat 2: impperson17 ($3.64 in chips) 
Seat 3: bebopspike1329 ($6.32 in chips) 
Seat 4: Dorex2007 ($6.17 in chips) 
Seat 5: alexahk ($5.38 in chips) 
Seat 6: geniuss ($5 in chips) 
Seat 7: AGVsmarT ($5.38 in chips) 
Seat 8: checabrita ($11.62 in chips) 
Dorex2007: posts small blind $0.02
alexahk: posts big blind $0.05
*** HOLE CARDS ***
Dealt to Dorex2007 [7h 8c]
geniuss: folds 
RodrigoEmpada joins the table at seat #9 
AGVsmarT: raises $0.12 to $0.17
checabrita: folds 
Hejter1337: folds 
impperson17: folds 
bebopspike1329: folds 
Dorex2007: folds 
alexahk: folds 
Uncalled bet ($0.12) returned to AGVsmarT
AGVsmarT collected $0.12 from pot
AGVsmarT: doesn't show hand 
*** SUMMARY ***
Total pot $0.12 | Rake $0 
Seat 1: Hejter1337 folded before Flop (didn't bet)
Seat 2: impperson17 folded before Flop (didn't bet)
Seat 3: bebopspike1329 (button) folded before Flop (didn't bet)
Seat 4: Dorex2007 (small blind) folded before Flop
Seat 5: alexahk (big blind) folded before Flop
Seat 6: geniuss folded before Flop (didn't bet)
Seat 7: AGVsmarT collected ($0.12)
Seat 8: checabrita folded before Flop (didn't bet)



PokerStars Hand #237633761078:  Hold'em No Limit ($0.02/$0.05 USD) - 2022/07/27 22:41:19 PT [2022/07/28 1:41:19 ET]
Table 'Hugo' 9-max Seat #4 is the button
Seat 1: Hejter1337 ($5.79 in chips) 
Seat 2: impperson17 ($3.64 in chips) 
Seat 3: bebopspike1329 ($6.32 in chips) 
Seat 4: Dorex2007 ($6.15 in chips) 
Seat 5: alexahk ($5.33 in chips) 
Seat 6: geniuss ($5 in chips) 
Seat 7: AGVsmarT ($5.45 in chips) 
Seat 8: checabrita ($11.62 in chips) 
Seat 9: RodrigoEmpada ($2 in chips) 
alexahk: posts small blind $0.02
geniuss: posts big blind $0.05
RodrigoEmpada: posts big blind $0.05
*** HOLE CARDS ***
Dealt to Dorex2007 [3c 9d]
AGVsmarT: folds 
checabrita: folds 
RodrigoEmpada: checks 
Hejter1337: folds 
impperson17 has timed out
impperson17: folds 
bebopspike1329: folds 
Dorex2007: folds 
alexahk: calls $0.03
geniuss: checks 
*** FLOP *** [Js 6d 3s]
alexahk: bets $0.09
geniuss: calls $0.09
RodrigoEmpada: folds 
*** TURN *** [Js 6d 3s] [Qh]
alexahk: checks 
geniuss: checks 
*** RIVER *** [Js 6d 3s Qh] [8s]
impperson17 is disconnected 
alexahk: checks 
geniuss: checks 
*** SHOW DOWN ***
alexahk: shows [Ac 6c] (a pair of Sixes)
geniuss: shows [5h Jh] (a pair of Jacks)
geniuss collected $0.32 from pot
*** SUMMARY ***
Total pot $0.33 | Rake $0.01 
Board [Js 6d 3s Qh 8s]
Seat 1: Hejter1337 folded before Flop (didn't bet)
Seat 2: impperson17 folded before Flop (didn't bet)
Seat 3: bebopspike1329 folded before Flop (didn't bet)
Seat 4: Dorex2007 (button) folded before Flop (didn't bet)
Seat 5: alexahk (small blind) showed [Ac 6c] and lost with a pair of Sixes
Seat 6: geniuss (big blind) showed [5h Jh] and won ($0.32) with a pair of Jacks
Seat 7: AGVsmarT folded before Flop (didn't bet)
Seat 8: checabrita folded before Flop (didn't bet)
Seat 9: RodrigoEmpada folded on the Flop (didn't bet)



PokerStars Hand #237633767947:  Hold'em No Limit ($0.02/$0.05 USD) - 2022/07/27 22:42:22 PT [2022/07/28 1:42:22 ET]
Table 'Hugo' 9-max Seat #5 is the button
Seat 1: Hejter1337 ($5.79 in chips) 
Seat 3: bebopspike1329 ($6.32 in chips) 
Seat 4: Dorex2007 ($6.15 in chips) 
Seat 5: alexahk ($5.19 in chips) 
Seat 6: geniuss ($5.18 in chips) 
Seat 7: AGVsmarT ($5.45 in chips) 
Seat 8: checabrita ($11.62 in chips) 
Seat 9: RodrigoEmpada ($1.95 in chips) 
geniuss: posts small blind $0.02
AGVsmarT: posts big blind $0.05
*** HOLE CARDS ***
Dealt to Dorex2007 [Kc As]
checabrita: raises $0.10 to $0.15
RodrigoEmpada: calls $0.15
Hejter1337: folds 
bebopspike1329: folds 
Dorex2007: raises $0.30 to $0.45
alexahk: folds 
geniuss: folds 
AGVsmarT: folds 
checabrita: calls $0.30
RodrigoEmpada: calls $0.30
*** FLOP *** [4d Ts 4s]
checabrita: checks 
RodrigoEmpada: bets $0.20
Dorex2007: calls $0.20
checabrita: raises $0.60 to $0.80
RodrigoEmpada: calls $0.60
Dorex2007: folds 
*** TURN *** [4d Ts 4s] [8h]
checabrita: bets $0.77
RodrigoEmpada: calls $0.70 and is all-in
Uncalled bet ($0.07) returned to checabrita
*** RIVER *** [4d Ts 4s 8h] [Tc]
*** SHOW DOWN ***
checabrita: shows [Qh Qc] (two pair, Queens and Tens)
RodrigoEmpada: shows [7s Qs] (two pair, Tens and Fours)
checabrita collected $4.43 from pot
*** SUMMARY ***
Total pot $4.62 | Rake $0.19 
Board [4d Ts 4s 8h Tc]
Seat 1: Hejter1337 folded before Flop (didn't bet)
Seat 3: bebopspike1329 folded before Flop (didn't bet)
Seat 4: Dorex2007 folded on the Flop
Seat 5: alexahk (button) folded before Flop (didn't bet)
Seat 6: geniuss (small blind) folded before Flop
Seat 7: AGVsmarT (big blind) folded before Flop
Seat 8: checabrita showed [Qh Qc] and won ($4.43) with two pair, Queens and Tens
Seat 9: RodrigoEmpada showed [7s Qs] and lost with two pair, Tens and Fours



PokerStars Hand #237633779434:  Hold'em No Limit ($0.02/$0.05 USD) - 2022/07/27 22:44:05 PT [2022/07/28 1:44:05 ET]
Table 'Hugo' 9-max Seat #6 is the button
Seat 1: Hejter1337 ($5.79 in chips) 
Seat 3: bebopspike1329 ($6.32 in chips) 
Seat 4: Dorex2007 ($5.50 in chips) 
Seat 5: alexahk ($5.19 in chips) 
Seat 6: geniuss ($5.16 in chips) 
Seat 7: AGVsmarT ($5.40 in chips) 
Seat 8: checabrita ($14.10 in chips) 
AGVsmarT: posts small blind $0.02
checabrita: posts big blind $0.05
*** HOLE CARDS ***
Dealt to Dorex2007 [9h Td]
Hejter1337: folds 
bebopspike1329: raises $0.10 to $0.15
Dorex2007: folds 
alexahk: calls $0.15
geniuss: folds 
AGVsmarT: folds 
checabrita: folds 
*** FLOP *** [7d Kd Ks]
bebopspike1329: checks 
alexahk: bets $0.23
bebopspike1329: calls $0.23
*** TURN *** [7d Kd Ks] [6c]
bebopspike1329: checks 
alexahk: bets $0.42
bebopspike1329: calls $0.42
*** RIVER *** [7d Kd Ks 6c] [Ad]
bebopspike1329: checks 
alexahk: checks 
*** SHOW DOWN ***
bebopspike1329: shows [Ah Qd] (two pair, Aces and Kings)
alexahk: mucks hand 
bebopspike1329 collected $1.60 from pot
*** SUMMARY ***
Total pot $1.67 | Rake $0.07 
Board [7d Kd Ks 6c Ad]
Seat 1: Hejter1337 folded before Flop (didn't bet)
Seat 3: bebopspike1329 showed [Ah Qd] and won ($1.60) with two pair, Aces and Kings
Seat 4: Dorex2007 folded before Flop (didn't bet)
Seat 5: alexahk mucked [8s 8d]
Seat 6: geniuss (button) folded before Flop (didn't bet)
Seat 7: AGVsmarT (small blind) folded before Flop
Seat 8: checabrita (big blind) folded before Flop



PokerStars Hand #237633786766:  Hold'em No Limit ($0.02/$0.05 USD) - 2022/07/27 22:45:13 PT [2022/07/28 1:45:13 ET]
Table 'Hugo' 9-max Seat #7 is the button
Seat 1: Hejter1337 ($5.79 in chips) 
Seat 3: bebopspike1329 ($7.12 in chips) 
Seat 4: Dorex2007 ($5.50 in chips) 
Seat 5: alexahk ($5 in chips) 
Seat 6: geniuss ($5.16 in chips) 
Seat 7: AGVsmarT ($5.38 in chips) 
Seat 8: checabrita ($14.05 in chips) 
Seat 9: RodrigoEmpada ($2.43 in chips) 
checabrita: posts small blind $0.02
RodrigoEmpada: posts big blind $0.05
*** HOLE CARDS ***
Dealt to Dorex2007 [4c Ks]
Hejter1337: folds 
bebopspike1329: folds 
Dorex2007: folds 
alexahk: raises $0.15 to $0.20
geniuss: folds 
AGVsmarT: folds 
checabrita: folds 
RodrigoEmpada: calls $0.15
*** FLOP *** [Jd 7c 3h]
RodrigoEmpada: checks 
alexahk: bets $0.27
RodrigoEmpada: folds 
Uncalled bet ($0.27) returned to alexahk
alexahk collected $0.40 from pot
alexahk: doesn't show hand 
*** SUMMARY ***
Total pot $0.42 | Rake $0.02 
Board [Jd 7c 3h]
Seat 1: Hejter1337 folded before Flop (didn't bet)
Seat 3: bebopspike1329 folded before Flop (didn't bet)
Seat 4: Dorex2007 folded before Flop (didn't bet)
Seat 5: alexahk collected ($0.40)
Seat 6: geniuss folded before Flop (didn't bet)
Seat 7: AGVsmarT (button) folded before Flop (didn't bet)
Seat 8: checabrita (small blind) folded before Flop
Seat 9: RodrigoEmpada (big blind) folded on the Flop



PokerStars Hand #237633790656:  Hold'em No Limit ($0.02/$0.05 USD) - 2022/07/27 22:45:48 PT [2022/07/28 1:45:48 ET]
Table 'Hugo' 9-max Seat #8 is the button
Seat 1: Hejter1337 ($5.79 in chips) 
Seat 3: bebopspike1329 ($7.12 in chips) 
Seat 4: Dorex2007 ($5.50 in chips) 
Seat 5: alexahk ($5.20 in chips) 
Seat 6: geniuss ($5.16 in chips) 
Seat 7: AGVsmarT ($5.38 in chips) 
Seat 8: checabrita ($14.03 in chips) 
Seat 9: RodrigoEmpada ($2.23 in chips) 
RodrigoEmpada: posts small blind $0.02
Hejter1337: posts big blind $0.05
*** HOLE CARDS ***
Dealt to Dorex2007 [8d 5c]
bebopspike1329: folds 
Dorex2007 has timed out
Dorex2007: folds 
alexahk: folds 
geniuss: folds 
AGVsmarT: calls $0.05
checabrita: calls $0.05
RodrigoEmpada: calls $0.03
Hejter1337: checks 
*** FLOP *** [6h Th Qd]
RodrigoEmpada: bets $0.05
Hejter1337: folds 
AGVsmarT: folds 
checabrita: calls $0.05
*** TURN *** [6h Th Qd] [Ah]
RodrigoEmpada: bets $0.15
checabrita: folds 
Uncalled bet ($0.15) returned to RodrigoEmpada
RodrigoEmpada collected $0.29 from pot
RodrigoEmpada: doesn't show hand 
*** SUMMARY ***
Total pot $0.30 | Rake $0.01 
Board [6h Th Qd Ah]
Seat 1: Hejter1337 (big blind) folded on the Flop
Seat 3: bebopspike1329 folded before Flop (didn't bet)
Seat 4: Dorex2007 folded before Flop (didn't bet)
Seat 5: alexahk folded before Flop (didn't bet)
Seat 6: geniuss folded before Flop (didn't bet)
Seat 7: AGVsmarT folded on the Flop
Seat 8: checabrita (button) folded on the Turn
Seat 9: RodrigoEmpada (small blind) collected ($0.29)



PokerStars Hand #237633796462:  Hold'em No Limit ($0.02/$0.05 USD) - 2022/07/27 22:46:40 PT [2022/07/28 1:46:40 ET]
Table 'Hugo' 9-max Seat #9 is the button
Seat 1: Hejter1337 ($5.74 in chips) 
Seat 3: bebopspike1329 ($7.12 in chips) 
Seat 4: Dorex2007 ($5.50 in chips) 
Seat 5: alexahk ($5.20 in chips) 
Seat 6: geniuss ($5.16 in chips) 
Seat 7: AGVsmarT ($5.33 in chips) 
Seat 8: checabrita ($13.93 in chips) 
Seat 9: RodrigoEmpada ($2.42 in chips) 
Hejter1337: posts small blind $0.02
bebopspike1329: posts big blind $0.05
*** HOLE CARDS ***
Dealt to Dorex2007 [Ac Ts]
Dorex2007: raises $0.05 to $0.10
alexahk: folds 
geniuss: folds 
AGVsmarT: folds 
checabrita: folds 
RodrigoEmpada: calls $0.10
Hejter1337: folds 
bebopspike1329: folds 
*** FLOP *** [Qd 5d Td]
Dorex2007: checks 
RodrigoEmpada: checks 
*** TURN *** [Qd 5d Td] [Jh]
Dorex2007: bets $0.13
RodrigoEmpada: calls $0.13
*** RIVER *** [Qd 5d Td Jh] [4h]
Dorex2007: checks 
RodrigoEmpada: checks 
*** SHOW DOWN ***
Dorex2007: shows [Ac Ts] (a pair of Tens)
RodrigoEmpada: mucks hand 
Dorex2007 collected $0.51 from pot
*** SUMMARY ***
Total pot $0.53 | Rake $0.02 
Board [Qd 5d Td Jh 4h]
Seat 1: Hejter1337 (small blind) folded before Flop
Seat 3: bebopspike1329 (big blind) folded before Flop
Seat 4: Dorex2007 showed [Ac Ts] and won ($0.51) with a pair of Tens
Seat 5: alexahk folded before Flop (didn't bet)
Seat 6: geniuss folded before Flop (didn't bet)
Seat 7: AGVsmarT folded before Flop (didn't bet)
Seat 8: checabrita folded before Flop (didn't bet)
Seat 9: RodrigoEmpada (button) mucked [Ad 9c]



PokerStars Hand #237633800781:  Hold'em No Limit ($0.02/$0.05 USD) - 2022/07/27 22:47:19 PT [2022/07/28 1:47:19 ET]
Table 'Hugo' 9-max Seat #1 is the button
Seat 1: Hejter1337 ($5.72 in chips) 
Seat 3: bebopspike1329 ($7.07 in chips) 
Seat 4: Dorex2007 ($5.78 in chips) 
Seat 5: alexahk ($5.20 in chips) 
Seat 6: geniuss ($5.16 in chips) 
Seat 7: AGVsmarT ($5.33 in chips) 
Seat 8: checabrita ($13.93 in chips) 
Seat 9: RodrigoEmpada ($2.19 in chips) 
bebopspike1329: posts small blind $0.02
Dorex2007: posts big blind $0.05
*** HOLE CARDS ***
Dealt to Dorex2007 [7c 9d]
alexahk: folds 
geniuss: folds 
AGVsmarT: folds 
checabrita: folds 
RodrigoEmpada: raises $0.05 to $0.10
Hejter1337: folds 
bebopspike1329: folds 
Dorex2007: folds 
Uncalled bet ($0.05) returned to RodrigoEmpada
RodrigoEmpada collected $0.12 from pot
RodrigoEmpada: doesn't show hand 
*** SUMMARY ***
Total pot $0.12 | Rake $0 
Seat 1: Hejter1337 (button) folded before Flop (didn't bet)
Seat 3: bebopspike1329 (small blind) folded before Flop
Seat 4: Dorex2007 (big blind) folded before Flop
Seat 5: alexahk folded before Flop (didn't bet)
Seat 6: geniuss folded before Flop (didn't bet)
Seat 7: AGVsmarT folded before Flop (didn't bet)
Seat 8: checabrita folded before Flop (didn't bet)
Seat 9: RodrigoEmpada collected ($0.12)



PokerStars Hand #237633802581:  Hold'em No Limit ($0.02/$0.05 USD) - 2022/07/27 22:47:36 PT [2022/07/28 1:47:36 ET]
Table 'Hugo' 9-max Seat #3 is the button
Seat 1: Hejter1337 ($5.72 in chips) 
Seat 2: impperson17 ($3.64 in chips) 
Seat 3: bebopspike1329 ($7.05 in chips) 
Seat 4: Dorex2007 ($5.73 in chips) 
Seat 5: alexahk ($5.20 in chips) 
Seat 6: geniuss ($5.16 in chips) 
Seat 7: AGVsmarT ($5.33 in chips) 
Seat 8: checabrita ($13.93 in chips) 
Seat 9: RodrigoEmpada ($2.26 in chips) 
Dorex2007: posts small blind $0.02
alexahk: posts big blind $0.05
impperson17: posts small & big blinds $0.07
*** HOLE CARDS ***
Dealt to Dorex2007 [8h Jh]
geniuss: folds 
AGVsmarT: calls $0.05
checabrita: folds 
RodrigoEmpada: raises $0.05 to $0.10
Hejter1337: folds 
impperson17: folds 
bebopspike1329: folds 
Dorex2007: folds 
alexahk: calls $0.05
AGVsmarT: calls $0.05
*** FLOP *** [2s Qc Js]
alexahk: checks 
AGVsmarT: checks 
RodrigoEmpada: bets $0.10
alexahk: calls $0.10
AGVsmarT: folds 
*** TURN *** [2s Qc Js] [5d]
alexahk: checks 
RodrigoEmpada: checks 
*** RIVER *** [2s Qc Js 5d] [5c]
alexahk: checks 
RodrigoEmpada: checks 
*** SHOW DOWN ***
alexahk: shows [As 8s] (a pair of Fives)
RodrigoEmpada: mucks hand 
alexahk collected $0.57 from pot
*** SUMMARY ***
Total pot $0.59 | Rake $0.02 
Board [2s Qc Js 5d 5c]
Seat 1: Hejter1337 folded before Flop (didn't bet)
Seat 2: impperson17 folded before Flop (didn't bet)
Seat 3: bebopspike1329 (button) folded before Flop (didn't bet)
Seat 4: Dorex2007 (small blind) folded before Flop
Seat 5: alexahk (big blind) showed [As 8s] and won ($0.57) with a pair of Fives
Seat 6: geniuss folded before Flop (didn't bet)
Seat 7: AGVsmarT folded on the Flop
Seat 8: checabrita folded before Flop (didn't bet)
Seat 9: RodrigoEmpada mucked [Kc 9c]



PokerStars Hand #237633810047:  Hold'em No Limit ($0.02/$0.05 USD) - 2022/07/27 22:48:45 PT [2022/07/28 1:48:45 ET]
Table 'Hugo' 9-max Seat #4 is the button
Seat 1: Hejter1337 ($5.72 in chips) 
Seat 2: impperson17 ($3.57 in chips) 
Seat 3: bebopspike1329 ($7.05 in chips) 
Seat 4: Dorex2007 ($5.71 in chips) 
Seat 5: alexahk ($5.57 in chips) 
Seat 6: geniuss ($5.16 in chips) 
Seat 7: AGVsmarT ($5.23 in chips) 
Seat 8: checabrita ($13.93 in chips) 
Seat 9: RodrigoEmpada ($2.06 in chips) 
alexahk: posts small blind $0.02
geniuss: posts big blind $0.05
*** HOLE CARDS ***
Dealt to Dorex2007 [2h Tc]
AGVsmarT: folds 
checabrita: raises $0.10 to $0.15
RodrigoEmpada: calls $0.15
Hejter1337: folds 
impperson17: calls $0.15
bebopspike1329: folds 
Dorex2007: folds 
alexahk: folds 
geniuss: folds 
*** FLOP *** [Ah 5s 4d]
checabrita: checks 
RodrigoEmpada: bets $0.10
impperson17: raises $0.20 to $0.30
checabrita: folds 
RodrigoEmpada: folds 
Uncalled bet ($0.20) returned to impperson17
impperson17 collected $0.69 from pot
impperson17: doesn't show hand 
*** SUMMARY ***
Total pot $0.72 | Rake $0.03 
Board [Ah 5s 4d]
Seat 1: Hejter1337 folded before Flop (didn't bet)
Seat 2: impperson17 collected ($0.69)
Seat 3: bebopspike1329 folded before Flop (didn't bet)
Seat 4: Dorex2007 (button) folded before Flop (didn't bet)
Seat 5: alexahk (small blind) folded before Flop
Seat 6: geniuss (big blind) folded before Flop
Seat 7: AGVsmarT folded before Flop (didn't bet)
Seat 8: checabrita folded on the Flop
Seat 9: RodrigoEmpada folded on the Flop



PokerStars Hand #237633815152:  Hold'em No Limit ($0.02/$0.05 USD) - 2022/07/27 22:49:31 PT [2022/07/28 1:49:31 ET]
Table 'Hugo' 9-max Seat #5 is the button
Seat 1: Hejter1337 ($5.72 in chips) 
Seat 2: impperson17 ($4.01 in chips) 
Seat 3: bebopspike1329 ($7.05 in chips) 
Seat 4: Dorex2007 ($5.71 in chips) 
Seat 5: alexahk ($5.55 in chips) 
Seat 6: geniuss ($5.11 in chips) 
Seat 7: AGVsmarT ($5.23 in chips) 
Seat 8: checabrita ($13.78 in chips) 
Seat 9: RodrigoEmpada ($1.81 in chips) 
geniuss: posts small blind $0.02
AGVsmarT: posts big blind $0.05
*** HOLE CARDS ***
Dealt to Dorex2007 [8d 6s]
checabrita: folds 
RodrigoEmpada: calls $0.05
Hejter1337: raises $0.10 to $0.15
impperson17: folds 
bebopspike1329: folds 
Dorex2007: folds 
alexahk: folds 
geniuss: folds 
AGVsmarT: folds 
RodrigoEmpada: calls $0.10
*** FLOP *** [3s 7h Ac]
RodrigoEmpada: checks 
Hejter1337: checks 
*** TURN *** [3s 7h Ac] [As]
RodrigoEmpada: checks 
Hejter1337: checks 
*** RIVER *** [3s 7h Ac As] [Jd]
RodrigoEmpada: bets $0.10
Hejter1337: folds 
Uncalled bet ($0.10) returned to RodrigoEmpada
RodrigoEmpada collected $0.35 from pot
RodrigoEmpada: doesn't show hand 
*** SUMMARY ***
Total pot $0.37 | Rake $0.02 
Board [3s 7h Ac As Jd]
Seat 1: Hejter1337 folded on the River
Seat 2: impperson17 folded before Flop (didn't bet)
Seat 3: bebopspike1329 folded before Flop (didn't bet)
Seat 4: Dorex2007 folded before Flop (didn't bet)
Seat 5: alexahk (button) folded before Flop (didn't bet)
Seat 6: geniuss (small blind) folded before Flop
Seat 7: AGVsmarT (big blind) folded before Flop
Seat 8: checabrita folded before Flop (didn't bet)
Seat 9: RodrigoEmpada collected ($0.35)



PokerStars Hand #237633820729:  Hold'em No Limit ($0.02/$0.05 USD) - 2022/07/27 22:50:23 PT [2022/07/28 1:50:23 ET]
Table 'Hugo' 9-max Seat #6 is the button
Seat 1: Hejter1337 ($5.57 in chips) 
Seat 2: impperson17 ($4.01 in chips) 
Seat 3: bebopspike1329 ($7.05 in chips) 
Seat 4: Dorex2007 ($5.71 in chips) 
Seat 5: alexahk ($5.55 in chips) 
Seat 6: geniuss ($5.09 in chips) 
Seat 7: AGVsmarT ($5.18 in chips) 
Seat 8: checabrita ($13.78 in chips) 
Seat 9: RodrigoEmpada ($2.01 in chips) 
AGVsmarT: posts small blind $0.02
checabrita: posts big blind $0.05
*** HOLE CARDS ***
Dealt to Dorex2007 [9c 3c]
RodrigoEmpada: folds 
Hejter1337: raises $0.07 to $0.12
impperson17: folds 
bebopspike1329: folds 
Dorex2007: folds 
alexahk: folds 
alexahk leaves the table
geniuss: folds 
AGVsmarT: folds 
checabrita: folds 
Uncalled bet ($0.07) returned to Hejter1337
Hejter1337 collected $0.12 from pot
Hejter1337: doesn't show hand 
*** SUMMARY ***
Total pot $0.12 | Rake $0 
Seat 1: Hejter1337 collected ($0.12)
Seat 2: impperson17 folded before Flop (didn't bet)
Seat 3: bebopspike1329 folded before Flop (didn't bet)
Seat 4: Dorex2007 folded before Flop (didn't bet)
Seat 5: alexahk folded before Flop (didn't bet)
Seat 6: geniuss (button) folded before Flop (didn't bet)
Seat 7: AGVsmarT (small blind) folded before Flop
Seat 8: checabrita (big blind) folded before Flop
Seat 9: RodrigoEmpada folded before Flop (didn't bet)



PokerStars Hand #237633825316:  Hold'em No Limit ($0.02/$0.05 USD) - 2022/07/27 22:51:06 PT [2022/07/28 1:51:06 ET]
Table 'Hugo' 9-max Seat #7 is the button
Seat 1: Hejter1337 ($5.64 in chips) 
Seat 2: impperson17 ($4.01 in chips) 
Seat 3: bebopspike1329 ($7.05 in chips) 
Seat 4: Dorex2007 ($5.71 in chips) 
Seat 6: geniuss ($5.09 in chips) 
Seat 7: AGVsmarT ($5.16 in chips) 
Seat 8: checabrita ($13.73 in chips) 
Seat 9: RodrigoEmpada ($2.01 in chips) 
checabrita: posts small blind $0.02
RodrigoEmpada: posts big blind $0.05
*** HOLE CARDS ***
Dealt to Dorex2007 [6s Jd]
ticalsen joins the table at seat #5 
Hejter1337: folds 
impperson17: folds 
bebopspike1329: folds 
Dorex2007: folds 
geniuss: folds 
AGVsmarT: calls $0.05
checabrita: calls $0.03
RodrigoEmpada: checks 
*** FLOP *** [4h 5h 6d]
checabrita: checks 
RodrigoEmpada: checks 
AGVsmarT: checks 
*** TURN *** [4h 5h 6d] [7s]
checabrita: checks 
RodrigoEmpada: checks 
AGVsmarT: bets $0.14
checabrita: folds 
RodrigoEmpada: folds 
Uncalled bet ($0.14) returned to AGVsmarT
AGVsmarT collected $0.14 from pot
AGVsmarT: doesn't show hand 
*** SUMMARY ***
Total pot $0.15 | Rake $0.01 
Board [4h 5h 6d 7s]
Seat 1: Hejter1337 folded before Flop (didn't bet)
Seat 2: impperson17 folded before Flop (didn't bet)
Seat 3: bebopspike1329 folded before Flop (didn't bet)
Seat 4: Dorex2007 folded before Flop (didn't bet)
Seat 6: geniuss folded before Flop (didn't bet)
Seat 7: AGVsmarT (button) collected ($0.14)
Seat 8: checabrita (small blind) folded on the Turn
Seat 9: RodrigoEmpada (big blind) folded on the Turn



PokerStars Hand #237633832203:  Hold'em No Limit ($0.02/$0.05 USD) - 2022/07/27 22:52:09 PT [2022/07/28 1:52:09 ET]
Table 'Hugo' 9-max Seat #8 is the button
Seat 1: Hejter1337 ($5.64 in chips) 
Seat 2: impperson17 ($4.01 in chips) 
Seat 3: bebopspike1329 ($7.05 in chips) 
Seat 4: Dorex2007 ($5.71 in chips) 
Seat 6: geniuss ($5.09 in chips) 
Seat 7: AGVsmarT ($5.25 in chips) 
Seat 8: checabrita ($13.68 in chips) 
Seat 9: RodrigoEmpada ($1.96 in chips) 
RodrigoEmpada: posts small blind $0.02
Hejter1337: posts big blind $0.05
ticalsen: sits out 
*** HOLE CARDS ***
Dealt to Dorex2007 [2h 5h]
impperson17: calls $0.05
bebopspike1329: folds 
Dorex2007: folds 
geniuss: folds 
AGVsmarT: calls $0.05
checabrita: folds 
RodrigoEmpada: calls $0.03
Hejter1337: checks 
*** FLOP *** [9h Kd Td]
RodrigoEmpada: checks 
Hejter1337: checks 
impperson17: bets $0.19
AGVsmarT: folds 
RodrigoEmpada: folds 
Hejter1337: folds 
Uncalled bet ($0.19) returned to impperson17
impperson17 collected $0.19 from pot
impperson17: doesn't show hand 
*** SUMMARY ***
Total pot $0.20 | Rake $0.01 
Board [9h Kd Td]
Seat 1: Hejter1337 (big blind) folded on the Flop
Seat 2: impperson17 collected ($0.19)
Seat 3: bebopspike1329 folded before Flop (didn't bet)
Seat 4: Dorex2007 folded before Flop (didn't bet)
Seat 6: geniuss folded before Flop (didn't bet)
Seat 7: AGVsmarT folded on the Flop
Seat 8: checabrita (button) folded before Flop (didn't bet)
Seat 9: RodrigoEmpada (small blind) folded on the Flop



PokerStars Hand #237633837045:  Hold'em No Limit ($0.02/$0.05 USD) - 2022/07/27 22:52:55 PT [2022/07/28 1:52:55 ET]
Table 'Hugo' 9-max Seat #9 is the button
Seat 1: Hejter1337 ($5.59 in chips) 
Seat 2: impperson17 ($4.15 in chips) 
Seat 3: bebopspike1329 ($7.05 in chips) 
Seat 4: Dorex2007 ($5.71 in chips) 
Seat 6: geniuss ($5.09 in chips) 
Seat 7: AGVsmarT ($5.20 in chips) 
Seat 8: checabrita ($13.68 in chips) 
Seat 9: RodrigoEmpada ($1.91 in chips) 
Hejter1337: posts small blind $0.02
impperson17: posts big blind $0.05
ticalsen: sits out 
*** HOLE CARDS ***
Dealt to Dorex2007 [3h 8s]
bebopspike1329: folds 
Dorex2007: folds 
geniuss: folds 
AGVsmarT: calls $0.05
checabrita: folds 
RodrigoEmpada: calls $0.05
Hejter1337: folds 
impperson17: checks 
*** FLOP *** [5c 2h Kh]
impperson17: checks 
AGVsmarT: checks 
RodrigoEmpada: bets $0.10
impperson17: folds 
AGVsmarT: folds 
Uncalled bet ($0.10) returned to RodrigoEmpada
RodrigoEmpada collected $0.16 from pot
RodrigoEmpada: doesn't show hand 
*** SUMMARY ***
Total pot $0.17 | Rake $0.01 
Board [5c 2h Kh]
Seat 1: Hejter1337 (small blind) folded before Flop
Seat 2: impperson17 (big blind) folded on the Flop
Seat 3: bebopspike1329 folded before Flop (didn't bet)
Seat 4: Dorex2007 folded before Flop (didn't bet)
Seat 6: geniuss folded before Flop (didn't bet)
Seat 7: AGVsmarT folded on the Flop
Seat 8: checabrita folded before Flop (didn't bet)
Seat 9: RodrigoEmpada (button) collected ($0.16)



PokerStars Hand #237633841059:  Hold'em No Limit ($0.02/$0.05 USD) - 2022/07/27 22:53:32 PT [2022/07/28 1:53:32 ET]
Table 'Hugo' 9-max Seat #1 is the button
Seat 1: Hejter1337 ($5.57 in chips) 
Seat 2: impperson17 ($4.10 in chips) 
Seat 3: bebopspike1329 ($7.05 in chips) 
Seat 4: Dorex2007 ($5.71 in chips) 
Seat 6: geniuss ($5.09 in chips) 
Seat 7: AGVsmarT ($5.15 in chips) 
Seat 8: checabrita ($13.68 in chips) 
Seat 9: RodrigoEmpada ($2.02 in chips) 
impperson17: posts small blind $0.02
bebopspike1329: posts big blind $0.05
ticalsen: sits out 
*** HOLE CARDS ***
Dealt to Dorex2007 [4s 3c]
Dorex2007: folds 
geniuss: folds 
AGVsmarT: folds 
checabrita: folds 
RodrigoEmpada: calls $0.05
Hejter1337: folds 
impperson17: raises $0.15 to $0.20
bebopspike1329: folds 
RodrigoEmpada: calls $0.15
*** FLOP *** [Qh 3h 5s]
impperson17: bets $0.21
RodrigoEmpada: folds 
Uncalled bet ($0.21) returned to impperson17
impperson17 collected $0.43 from pot
impperson17: doesn't show hand 
*** SUMMARY ***
Total pot $0.45 | Rake $0.02 
Board [Qh 3h 5s]
Seat 1: Hejter1337 (button) folded before Flop (didn't bet)
Seat 2: impperson17 (small blind) collected ($0.43)
Seat 3: bebopspike1329 (big blind) folded before Flop
Seat 4: Dorex2007 folded before Flop (didn't bet)
Seat 6: geniuss folded before Flop (didn't bet)
Seat 7: AGVsmarT folded before Flop (didn't bet)
Seat 8: checabrita folded before Flop (didn't bet)
Seat 9: RodrigoEmpada folded on the Flop



PokerStars Hand #237633846025:  Hold'em No Limit ($0.02/$0.05 USD) - 2022/07/27 22:54:19 PT [2022/07/28 1:54:19 ET]
Table 'Hugo' 9-max Seat #2 is the button
Seat 1: Hejter1337 ($5.57 in chips) 
Seat 2: impperson17 ($4.33 in chips) 
Seat 3: bebopspike1329 ($7 in chips) 
Seat 4: Dorex2007 ($5.71 in chips) 
Seat 6: geniuss ($5.09 in chips) 
Seat 7: AGVsmarT ($5.15 in chips) 
Seat 8: checabrita ($13.68 in chips) 
Seat 9: RodrigoEmpada ($1.82 in chips) 
bebopspike1329: posts small blind $0.02
Dorex2007: posts big blind $0.05
ticalsen: sits out 
*** HOLE CARDS ***
Dealt to Dorex2007 [3h Ad]
AGVsmarT is disconnected 
geniuss: folds 
AGVsmarT has timed out while disconnected
AGVsmarT: folds 
checabrita: folds 
RodrigoEmpada: folds 
Hejter1337: folds 
impperson17: folds 
bebopspike1329: folds 
Uncalled bet ($0.03) returned to Dorex2007
Dorex2007 collected $0.04 from pot
Dorex2007: doesn't show hand 
*** SUMMARY ***
Total pot $0.04 | Rake $0 
Seat 1: Hejter1337 folded before Flop (didn't bet)
Seat 2: impperson17 (button) folded before Flop (didn't bet)
Seat 3: bebopspike1329 (small blind) folded before Flop
Seat 4: Dorex2007 (big blind) collected ($0.04)
Seat 6: geniuss folded before Flop (didn't bet)
Seat 7: AGVsmarT folded before Flop (didn't bet)
Seat 8: checabrita folded before Flop (didn't bet)
Seat 9: RodrigoEmpada folded before Flop (didn't bet)



PokerStars Hand #237633848894:  Hold'em No Limit ($0.02/$0.05 USD) - 2022/07/27 22:54:46 PT [2022/07/28 1:54:46 ET]
Table 'Hugo' 9-max Seat #3 is the button
Seat 1: Hejter1337 ($5.57 in chips) 
Seat 2: impperson17 ($4.33 in chips) 
Seat 3: bebopspike1329 ($6.98 in chips) 
Seat 4: Dorex2007 ($5.73 in chips) 
Seat 5: ticalsen ($5 in chips) 
Seat 6: geniuss ($5.09 in chips) 
Seat 8: checabrita ($13.68 in chips) 
Seat 9: RodrigoEmpada ($1.82 in chips) 
Dorex2007: posts small blind $0.02
ticalsen: posts big blind $0.05
*** HOLE CARDS ***
Dealt to Dorex2007 [3h 8d]
geniuss: folds 
checabrita: folds 
RodrigoEmpada: raises $0.05 to $0.10
Hejter1337: folds 
impperson17: calls $0.10
bebopspike1329: raises $0.30 to $0.40
Dorex2007: folds 
ticalsen: calls $0.35
RodrigoEmpada: calls $0.30
impperson17: calls $0.30
*** FLOP *** [Ah 3s 2h]
ticalsen: checks 
RodrigoEmpada: bets $0.77
impperson17: folds 
bebopspike1329: folds 
ticalsen: folds 
Uncalled bet ($0.77) returned to RodrigoEmpada
RodrigoEmpada collected $1.55 from pot
RodrigoEmpada: doesn't show hand 
*** SUMMARY ***
Total pot $1.62 | Rake $0.07 
Board [Ah 3s 2h]
Seat 1: Hejter1337 folded before Flop (didn't bet)
Seat 2: impperson17 folded on the Flop
Seat 3: bebopspike1329 (button) folded on the Flop
Seat 4: Dorex2007 (small blind) folded before Flop
Seat 5: ticalsen (big blind) folded on the Flop
Seat 6: geniuss folded before Flop (didn't bet)
Seat 8: checabrita folded before Flop (didn't bet)
Seat 9: RodrigoEmpada collected ($1.55)



PokerStars Hand #237633855714:  Hold'em No Limit ($0.02/$0.05 USD) - 2022/07/27 22:55:56 PT [2022/07/28 1:55:56 ET]
Table 'Hugo' 9-max Seat #4 is the button
Seat 1: Hejter1337 ($5.57 in chips) 
Seat 2: impperson17 ($3.93 in chips) 
Seat 3: bebopspike1329 ($6.58 in chips) 
Seat 4: Dorex2007 ($5.71 in chips) 
Seat 5: ticalsen ($4.60 in chips) 
Seat 6: geniuss ($5.09 in chips) 
Seat 7: AGVsmarT ($5.15 in chips) 
Seat 8: checabrita ($13.68 in chips) 
Seat 9: RodrigoEmpada ($2.97 in chips) 
ticalsen: posts small blind $0.02
geniuss: posts big blind $0.05
*** HOLE CARDS ***
Dealt to Dorex2007 [8d 9s]
AGVsmarT: calls $0.05
checabrita: folds 
RodrigoEmpada: raises $0.05 to $0.10
Hejter1337: folds 
impperson17: calls $0.10
bebopspike1329: folds 
Dorex2007: folds 
ticalsen: folds 
geniuss: folds 
AGVsmarT: calls $0.05
*** FLOP *** [7d 5d Th]
AGVsmarT: checks 
RodrigoEmpada: checks 
impperson17: bets $0.35
AGVsmarT: folds 
RodrigoEmpada: folds 
Uncalled bet ($0.35) returned to impperson17
impperson17 collected $0.35 from pot
impperson17: doesn't show hand 
*** SUMMARY ***
Total pot $0.37 | Rake $0.02 
Board [7d 5d Th]
Seat 1: Hejter1337 folded before Flop (didn't bet)
Seat 2: impperson17 collected ($0.35)
Seat 3: bebopspike1329 folded before Flop (didn't bet)
Seat 4: Dorex2007 (button) folded before Flop (didn't bet)
Seat 5: ticalsen (small blind) folded before Flop
Seat 6: geniuss (big blind) folded before Flop
Seat 7: AGVsmarT folded on the Flop
Seat 8: checabrita folded before Flop (didn't bet)
Seat 9: RodrigoEmpada folded on the Flop



PokerStars Hand #237633860147:  Hold'em No Limit ($0.02/$0.05 USD) - 2022/07/27 22:56:44 PT [2022/07/28 1:56:44 ET]
Table 'Hugo' 9-max Seat #5 is the button
Seat 1: Hejter1337 ($5.57 in chips) 
Seat 2: impperson17 ($4.18 in chips) 
Seat 3: bebopspike1329 ($6.58 in chips) 
Seat 4: Dorex2007 ($5.71 in chips) 
Seat 5: ticalsen ($4.58 in chips) 
Seat 6: geniuss ($5.04 in chips) 
Seat 7: AGVsmarT ($5.05 in chips) 
Seat 8: checabrita ($13.68 in chips) 
Seat 9: RodrigoEmpada ($2.87 in chips) 
geniuss: posts small blind $0.02
AGVsmarT: posts big blind $0.05
*** HOLE CARDS ***
Dealt to Dorex2007 [Qd Kc]
checabrita: folds 
RodrigoEmpada: calls $0.05
Hejter1337: folds 
impperson17: calls $0.05
bebopspike1329: folds 
Dorex2007: raises $0.10 to $0.15
ticalsen: folds 
geniuss: folds 
AGVsmarT: folds 
RodrigoEmpada: calls $0.10
impperson17: calls $0.10
*** FLOP *** [Ah 2h 5d]
RodrigoEmpada: bets $0.10
impperson17: calls $0.10
Dorex2007: calls $0.10
*** TURN *** [Ah 2h 5d] [8c]
RodrigoEmpada: checks 
impperson17: checks 
Dorex2007: checks 
*** RIVER *** [Ah 2h 5d 8c] [3d]
RodrigoEmpada: checks 
impperson17: bets $0.15
Dorex2007: raises $0.25 to $0.40
RodrigoEmpada: folds 
impperson17: calls $0.25
*** SHOW DOWN ***
Dorex2007: shows [Qd Kc] (high card Ace)
impperson17: shows [7h Ad] (a pair of Aces)
impperson17 collected $1.55 from pot
*** SUMMARY ***
Total pot $1.62 | Rake $0.07 
Board [Ah 2h 5d 8c 3d]
Seat 1: Hejter1337 folded before Flop (didn't bet)
Seat 2: impperson17 showed [7h Ad] and won ($1.55) with a pair of Aces
Seat 3: bebopspike1329 folded before Flop (didn't bet)
Seat 4: Dorex2007 showed [Qd Kc] and lost with high card Ace
Seat 5: ticalsen (button) folded before Flop (didn't bet)
Seat 6: geniuss (small blind) folded before Flop
Seat 7: AGVsmarT (big blind) folded before Flop
Seat 8: checabrita folded before Flop (didn't bet)
Seat 9: RodrigoEmpada folded on the River



PokerStars Hand #237633866505:  Hold'em No Limit ($0.02/$0.05 USD) - 2022/07/27 22:57:52 PT [2022/07/28 1:57:52 ET]
Table 'Hugo' 9-max Seat #6 is the button
Seat 1: Hejter1337 ($5.57 in chips) 
Seat 2: impperson17 ($5.08 in chips) 
Seat 3: bebopspike1329 ($6.58 in chips) 
Seat 4: Dorex2007 ($5.06 in chips) 
Seat 5: ticalsen ($4.58 in chips) 
Seat 6: geniuss ($5.02 in chips) 
Seat 7: AGVsmarT ($5 in chips) 
Seat 8: checabrita ($13.68 in chips) 
Seat 9: RodrigoEmpada ($2.62 in chips) 
AGVsmarT: posts small blind $0.02
checabrita: posts big blind $0.05
*** HOLE CARDS ***
Dealt to Dorex2007 [7d 5d]
RodrigoEmpada: folds 
Hejter1337: raises $0.07 to $0.12
impperson17: calls $0.12
bebopspike1329: raises $0.33 to $0.45
Dorex2007: folds 
ticalsen: folds 
geniuss: folds 
AGVsmarT: folds 
checabrita: folds 
Hejter1337: calls $0.33
impperson17: calls $0.33
*** FLOP *** [7c 9d Jc]
Hejter1337: checks 
impperson17: checks 
bebopspike1329: bets $0.40
Hejter1337: folds 
impperson17: folds 
Uncalled bet ($0.40) returned to bebopspike1329
bebopspike1329 collected $1.36 from pot
bebopspike1329: doesn't show hand 
*** SUMMARY ***
Total pot $1.42 | Rake $0.06 
Board [7c 9d Jc]
Seat 1: Hejter1337 folded on the Flop
Seat 2: impperson17 folded on the Flop
Seat 3: bebopspike1329 collected ($1.36)
Seat 4: Dorex2007 folded before Flop (didn't bet)
Seat 5: ticalsen folded before Flop (didn't bet)
Seat 6: geniuss (button) folded before Flop (didn't bet)
Seat 7: AGVsmarT (small blind) folded before Flop
Seat 8: checabrita (big blind) folded before Flop
Seat 9: RodrigoEmpada folded before Flop (didn't bet)



PokerStars Hand #237633877505:  Hold'em No Limit ($0.02/$0.05 USD) - 2022/07/27 22:59:25 PT [2022/07/28 1:59:25 ET]
Table 'Hugo' 9-max Seat #7 is the button
Seat 1: Hejter1337 ($5.12 in chips) 
Seat 2: impperson17 ($4.63 in chips) 
Seat 3: bebopspike1329 ($7.49 in chips) 
Seat 4: Dorex2007 ($5.06 in chips) 
Seat 5: ticalsen ($4.58 in chips) 
Seat 6: geniuss ($5.02 in chips) 
Seat 7: AGVsmarT ($4.98 in chips) 
Seat 8: checabrita ($13.63 in chips) 
Seat 9: RodrigoEmpada ($2.62 in chips) 
checabrita: posts small blind $0.02
RodrigoEmpada: posts big blind $0.05
*** HOLE CARDS ***
Dealt to Dorex2007 [2s 6d]
Hejter1337: folds 
impperson17: folds 
bebopspike1329: folds 
Dorex2007: folds 
ticalsen: folds 
geniuss: folds 
AGVsmarT: raises $0.12 to $0.17
checabrita: folds 
RodrigoEmpada: folds 
Uncalled bet ($0.12) returned to AGVsmarT
AGVsmarT collected $0.12 from pot
AGVsmarT: doesn't show hand 
*** SUMMARY ***
Total pot $0.12 | Rake $0 
Seat 1: Hejter1337 folded before Flop (didn't bet)
Seat 2: impperson17 folded before Flop (didn't bet)
Seat 3: bebopspike1329 folded before Flop (didn't bet)
Seat 4: Dorex2007 folded before Flop (didn't bet)
Seat 5: ticalsen folded before Flop (didn't bet)
Seat 6: geniuss folded before Flop (didn't bet)
Seat 7: AGVsmarT (button) collected ($0.12)
Seat 8: checabrita (small blind) folded before Flop
Seat 9: RodrigoEmpada (big blind) folded before Flop



PokerStars Hand #237633878823:  Hold'em No Limit ($0.02/$0.05 USD) - 2022/07/27 22:59:39 PT [2022/07/28 1:59:39 ET]
Table 'Hugo' 9-max Seat #8 is the button
Seat 1: Hejter1337 ($5.12 in chips) 
Seat 3: bebopspike1329 ($7.49 in chips) 
Seat 4: Dorex2007 ($5.06 in chips) 
Seat 5: ticalsen ($4.58 in chips) 
Seat 6: geniuss ($5.02 in chips) 
Seat 7: AGVsmarT ($5.05 in chips) 
Seat 8: checabrita ($13.61 in chips) 
Seat 9: RodrigoEmpada ($2.57 in chips) 
RodrigoEmpada: posts small blind $0.02
Hejter1337: posts big blind $0.05
*** HOLE CARDS ***
Dealt to Dorex2007 [4s 5h]
bebopspike1329: folds 
Dorex2007: folds 
ticalsen: calls $0.05
geniuss: folds 
AGVsmarT: calls $0.05
checabrita: folds 
RodrigoEmpada: calls $0.03
Hejter1337: checks 
*** FLOP *** [Jh 9c 5d]
RodrigoEmpada: bets $0.05
Hejter1337: calls $0.05
ticalsen: calls $0.05
AGVsmarT: folds 
*** TURN *** [Jh 9c 5d] [2s]
RodrigoEmpada: checks 
Hejter1337: bets $0.17
ticalsen: calls $0.17
RodrigoEmpada: folds 
*** RIVER *** [Jh 9c 5d 2s] [6d]
impperson17 is disconnected 
Hejter1337: bets $0.33
ticalsen: raises $0.47 to $0.80
Hejter1337: calls $0.47
*** SHOW DOWN ***
ticalsen: shows [5c 6c] (two pair, Sixes and Fives)
Hejter1337: mucks hand 
ticalsen collected $2.19 from pot
*** SUMMARY ***
Total pot $2.29 | Rake $0.10 
Board [Jh 9c 5d 2s 6d]
Seat 1: Hejter1337 (big blind) mucked [Jc As]
Seat 3: bebopspike1329 folded before Flop (didn't bet)
Seat 4: Dorex2007 folded before Flop (didn't bet)
Seat 5: ticalsen showed [5c 6c] and won ($2.19) with two pair, Sixes and Fives
Seat 6: geniuss folded before Flop (didn't bet)
Seat 7: AGVsmarT folded on the Flop
Seat 8: checabrita (button) folded before Flop (didn't bet)
Seat 9: RodrigoEmpada (small blind) folded on the Turn



PokerStars Hand #237633886265:  Hold'em No Limit ($0.02/$0.05 USD) - 2022/07/27 23:00:56 PT [2022/07/28 2:00:56 ET]
Table 'Hugo' 9-max Seat #9 is the button
Seat 1: Hejter1337 ($4.05 in chips) 
Seat 3: bebopspike1329 ($7.49 in chips) 
Seat 4: Dorex2007 ($5.06 in chips) 
Seat 5: ticalsen ($5.70 in chips) 
Seat 6: geniuss ($5.02 in chips) 
Seat 7: AGVsmarT ($5 in chips) 
Seat 8: checabrita ($13.61 in chips) 
Seat 9: RodrigoEmpada ($2.47 in chips) 
Hejter1337: posts small blind $0.02
bebopspike1329: posts big blind $0.05
*** HOLE CARDS ***
Dealt to Dorex2007 [4s 7s]
Dorex2007: folds 
ticalsen: calls $0.05
geniuss: folds 
AGVsmarT: calls $0.05
checabrita: folds 
RodrigoEmpada: calls $0.05
Hejter1337: folds 
bebopspike1329: checks 
*** FLOP *** [8c 6d 6h]
bebopspike1329: checks 
ticalsen: checks 
AGVsmarT: bets $0.21
RodrigoEmpada: folds 
bebopspike1329: folds 
ticalsen: folds 
Uncalled bet ($0.21) returned to AGVsmarT
AGVsmarT collected $0.21 from pot
AGVsmarT: doesn't show hand 
*** SUMMARY ***
Total pot $0.22 | Rake $0.01 
Board [8c 6d 6h]
Seat 1: Hejter1337 (small blind) folded before Flop
Seat 3: bebopspike1329 (big blind) folded on the Flop
Seat 4: Dorex2007 folded before Flop (didn't bet)
Seat 5: ticalsen folded on the Flop
Seat 6: geniuss folded before Flop (didn't bet)
Seat 7: AGVsmarT collected ($0.21)
Seat 8: checabrita folded before Flop (didn't bet)
Seat 9: RodrigoEmpada (button) folded on the Flop



PokerStars Hand #237633890987:  Hold'em No Limit ($0.02/$0.05 USD) - 2022/07/27 23:01:41 PT [2022/07/28 2:01:41 ET]
Table 'Hugo' 9-max Seat #1 is the button
Seat 1: Hejter1337 ($4.03 in chips) 
Seat 3: bebopspike1329 ($7.44 in chips) 
Seat 4: Dorex2007 ($5.06 in chips) 
Seat 5: ticalsen ($5.65 in chips) 
Seat 6: geniuss ($5.02 in chips) 
Seat 7: AGVsmarT ($5.16 in chips) 
Seat 8: checabrita ($13.61 in chips) 
Seat 9: RodrigoEmpada ($2.42 in chips) 
bebopspike1329: posts small blind $0.02
Dorex2007: posts big blind $0.05
*** HOLE CARDS ***
Dealt to Dorex2007 [3d Tc]
ticalsen: calls $0.05
geniuss: raises $0.15 to $0.20
AGVsmarT: folds 
checabrita: folds 
RodrigoEmpada: folds 
Hejter1337: folds 
bebopspike1329: folds 
Dorex2007: folds 
ticalsen: raises $1 to $1.20
geniuss: raises $1.60 to $2.80
ticalsen: raises $2.85 to $5.65 and is all-in
geniuss: calls $2.22 and is all-in
Uncalled bet ($0.63) returned to ticalsen
*** FLOP *** [7s 8h Qh]
*** TURN *** [7s 8h Qh] [3s]
*** RIVER *** [7s 8h Qh 3s] [Kc]
*** SHOW DOWN ***
ticalsen: shows [Kh Ks] (three of a kind, Kings)
geniuss: shows [As Ah] (a pair of Aces)
ticalsen collected $9.69 from pot
*** SUMMARY ***
Total pot $10.11 | Rake $0.42 
Board [7s 8h Qh 3s Kc]
Seat 1: Hejter1337 (button) folded before Flop (didn't bet)
Seat 3: bebopspike1329 (small blind) folded before Flop
Seat 4: Dorex2007 (big blind) folded before Flop
Seat 5: ticalsen showed [Kh Ks] and won ($9.69) with three of a kind, Kings
Seat 6: geniuss showed [As Ah] and lost with a pair of Aces
Seat 7: AGVsmarT folded before Flop (didn't bet)
Seat 8: checabrita folded before Flop (didn't bet)
Seat 9: RodrigoEmpada folded before Flop (didn't bet)



PokerStars Hand #237633899142:  Hold'em No Limit ($0.02/$0.05 USD) - 2022/07/27 23:03:00 PT [2022/07/28 2:03:00 ET]
Table 'Hugo' 9-max Seat #3 is the button
Seat 1: Hejter1337 ($4.03 in chips) 
Seat 3: bebopspike1329 ($7.42 in chips) 
Seat 4: Dorex2007 ($5.01 in chips) 
Seat 5: ticalsen ($10.32 in chips) 
Seat 6: geniuss ($5 in chips) 
Seat 7: AGVsmarT ($5.16 in chips) 
Seat 8: checabrita ($13.61 in chips) 
Seat 9: RodrigoEmpada ($2.42 in chips) 
Dorex2007: posts small blind $0.02
ticalsen: posts big blind $0.05
*** HOLE CARDS ***
Dealt to Dorex2007 [9c 2d]
geniuss: folds 
AGVsmarT: raises $0.12 to $0.17
checabrita: folds 
RodrigoEmpada: folds 
Hejter1337: folds 
bebopspike1329: folds 
Dorex2007: folds 
ticalsen: calls $0.12
*** FLOP *** [2s Ts 5d]
ticalsen: checks 
AGVsmarT: bets $0.10
ticalsen: calls $0.10
*** TURN *** [2s Ts 5d] [Qh]
ticalsen: checks 
AGVsmarT: bets $0.54
ticalsen: folds 
Uncalled bet ($0.54) returned to AGVsmarT
AGVsmarT collected $0.54 from pot
AGVsmarT: doesn't show hand 
*** SUMMARY ***
Total pot $0.56 | Rake $0.02 
Board [2s Ts 5d Qh]
Seat 1: Hejter1337 folded before Flop (didn't bet)
Seat 3: bebopspike1329 (button) folded before Flop (didn't bet)
Seat 4: Dorex2007 (small blind) folded before Flop
Seat 5: ticalsen (big blind) folded on the Turn
Seat 6: geniuss folded before Flop (didn't bet)
Seat 7: AGVsmarT collected ($0.54)
Seat 8: checabrita folded before Flop (didn't bet)
Seat 9: RodrigoEmpada folded before Flop (didn't bet)



PokerStars Hand #237633904524:  Hold'em No Limit ($0.02/$0.05 USD) - 2022/07/27 23:03:51 PT [2022/07/28 2:03:51 ET]
Table 'Hugo' 9-max Seat #4 is the button
Seat 1: Hejter1337 ($4.03 in chips) 
Seat 3: bebopspike1329 ($7.42 in chips) 
Seat 4: Dorex2007 ($5 in chips) 
Seat 5: ticalsen ($10.05 in chips) 
Seat 7: AGVsmarT ($5.43 in chips) 
Seat 8: checabrita ($13.61 in chips) 
Seat 9: RodrigoEmpada ($2.42 in chips) 
ticalsen: posts small blind $0.02
geniuss: is sitting out 
AGVsmarT: posts big blind $0.05
*** HOLE CARDS ***
Dealt to Dorex2007 [9s 6s]
checabrita: folds 
RodrigoEmpada: folds 
Hejter1337: folds 
bebopspike1329: folds 
Dorex2007: folds 
geniuss leaves the table
ticalsen: calls $0.03
AGVsmarT: checks 
*** FLOP *** [Kd 7d 4d]
OMG DerClown joins the table at seat #6 
ticalsen: checks 
AGVsmarT: bets $0.05
ticalsen: calls $0.05
*** TURN *** [Kd 7d 4d] [Qc]
ticalsen: checks 
AGVsmarT: checks 
*** RIVER *** [Kd 7d 4d Qc] [Js]
ticalsen: bets $0.19
AGVsmarT: folds 
Uncalled bet ($0.19) returned to ticalsen
ticalsen collected $0.19 from pot
ticalsen: doesn't show hand 
*** SUMMARY ***
Total pot $0.20 | Rake $0.01 
Board [Kd 7d 4d Qc Js]
Seat 1: Hejter1337 folded before Flop (didn't bet)
Seat 3: bebopspike1329 folded before Flop (didn't bet)
Seat 4: Dorex2007 (button) folded before Flop (didn't bet)
Seat 5: ticalsen (small blind) collected ($0.19)
Seat 7: AGVsmarT (big blind) folded on the River
Seat 8: checabrita folded before Flop (didn't bet)
Seat 9: RodrigoEmpada folded before Flop (didn't bet)



PokerStars Hand #237633909204:  Hold'em No Limit ($0.02/$0.05 USD) - 2022/07/27 23:04:36 PT [2022/07/28 2:04:36 ET]
Table 'Hugo' 9-max Seat #5 is the button
Seat 1: Hejter1337 ($4.03 in chips) 
Seat 3: bebopspike1329 ($7.42 in chips) 
Seat 4: Dorex2007 ($5 in chips) 
Seat 5: ticalsen ($10.14 in chips) 
Seat 7: AGVsmarT ($5.33 in chips) 
Seat 8: checabrita ($13.61 in chips) 
Seat 9: RodrigoEmpada ($2.42 in chips) 
AGVsmarT: posts small blind $0.02
checabrita: posts big blind $0.05
*** HOLE CARDS ***
Dealt to Dorex2007 [3h 6d]
RodrigoEmpada: calls $0.05
Hejter1337: folds 
bebopspike1329: folds 
Dorex2007: folds 
ticalsen: folds 
AGVsmarT: raises $0.15 to $0.20
checabrita: folds 
RodrigoEmpada: calls $0.15
*** FLOP *** [Qs 6h Jc]
AGVsmarT: bets $0.21
RodrigoEmpada: folds 
Uncalled bet ($0.21) returned to AGVsmarT
AGVsmarT collected $0.43 from pot
AGVsmarT: doesn't show hand 
*** SUMMARY ***
Total pot $0.45 | Rake $0.02 
Board [Qs 6h Jc]
Seat 1: Hejter1337 folded before Flop (didn't bet)
Seat 3: bebopspike1329 folded before Flop (didn't bet)
Seat 4: Dorex2007 folded before Flop (didn't bet)
Seat 5: ticalsen (button) folded before Flop (didn't bet)
Seat 7: AGVsmarT (small blind) collected ($0.43)
Seat 8: checabrita (big blind) folded before Flop
Seat 9: RodrigoEmpada folded on the Flop



PokerStars Hand #237633911909:  Hold'em No Limit ($0.02/$0.05 USD) - 2022/07/27 23:05:01 PT [2022/07/28 2:05:01 ET]
Table 'Hugo' 9-max Seat #7 is the button
Seat 1: Hejter1337 ($4.03 in chips) 
Seat 3: bebopspike1329 ($7.42 in chips) 
Seat 4: Dorex2007 ($5 in chips) 
Seat 5: ticalsen ($10.14 in chips) 
Seat 7: AGVsmarT ($5.56 in chips) 
Seat 8: checabrita ($13.56 in chips) 
Seat 9: RodrigoEmpada ($2.22 in chips) 
checabrita: posts small blind $0.02
RodrigoEmpada: posts big blind $0.05
OMG DerClown: sits out 
*** HOLE CARDS ***
Dealt to Dorex2007 [Ah 7d]
Hejter1337: folds 
bebopspike1329: folds 
Dorex2007: folds 
ticalsen: folds 
AGVsmarT: folds 
checabrita: folds 
Uncalled bet ($0.03) returned to RodrigoEmpada
RodrigoEmpada collected $0.04 from pot
RodrigoEmpada: doesn't show hand 
*** SUMMARY ***
Total pot $0.04 | Rake $0 
Seat 1: Hejter1337 folded before Flop (didn't bet)
Seat 3: bebopspike1329 folded before Flop (didn't bet)
Seat 4: Dorex2007 folded before Flop (didn't bet)
Seat 5: ticalsen folded before Flop (didn't bet)
Seat 7: AGVsmarT (button) folded before Flop (didn't bet)
Seat 8: checabrita (small blind) folded before Flop
Seat 9: RodrigoEmpada (big blind) collected ($0.04)



PokerStars Hand #237633913632:  Hold'em No Limit ($0.02/$0.05 USD) - 2022/07/27 23:05:17 PT [2022/07/28 2:05:17 ET]
Table 'Hugo' 9-max Seat #8 is the button
Seat 1: Hejter1337 ($4.03 in chips) 
Seat 3: bebopspike1329 ($7.42 in chips) 
Seat 4: Dorex2007 ($5 in chips) 
Seat 5: ticalsen ($10.14 in chips) 
Seat 7: AGVsmarT ($5.56 in chips) 
Seat 8: checabrita ($13.54 in chips) 
Seat 9: RodrigoEmpada ($2.24 in chips) 
RodrigoEmpada: posts small blind $0.02
Hejter1337: posts big blind $0.05
OMG DerClown: sits out 
*** HOLE CARDS ***
Dealt to Dorex2007 [8d 8h]
bebopspike1329: folds 
Dorex2007: calls $0.05
ticalsen: calls $0.05
AGVsmarT: folds 
checabrita: calls $0.05
RodrigoEmpada: calls $0.03
Hejter1337: checks 
*** FLOP *** [9s Kh 2d]
RodrigoEmpada: checks 
Hejter1337: bets $0.12
Dorex2007: folds 
ticalsen: folds 
checabrita: calls $0.12
RodrigoEmpada: folds 
*** TURN *** [9s Kh 2d] [Jh]
Hejter1337: bets $0.23
checabrita: calls $0.23
*** RIVER *** [9s Kh 2d Jh] [Qc]
Hejter1337: checks 
checabrita: bets $0.90
Hejter1337: calls $0.90
*** SHOW DOWN ***
checabrita: shows [Qh Ts] (a straight, Nine to King)
Hejter1337: mucks hand 
checabrita collected $2.64 from pot
*** SUMMARY ***
Total pot $2.75 | Rake $0.11 
Board [9s Kh 2d Jh Qc]
Seat 1: Hejter1337 (big blind) mucked [9h Ks]
Seat 3: bebopspike1329 folded before Flop (didn't bet)
Seat 4: Dorex2007 folded on the Flop
Seat 5: ticalsen folded on the Flop
Seat 7: AGVsmarT folded before Flop (didn't bet)
Seat 8: checabrita (button) showed [Qh Ts] and won ($2.64) with a straight, Nine to King
Seat 9: RodrigoEmpada (small blind) folded on the Flop



PokerStars Hand #237633920531:  Hold'em No Limit ($0.02/$0.05 USD) - 2022/07/27 23:06:23 PT [2022/07/28 2:06:23 ET]
Table 'Hugo' 9-max Seat #9 is the button
Seat 1: Hejter1337 ($2.73 in chips) 
Seat 3: bebopspike1329 ($7.42 in chips) 
Seat 4: Dorex2007 ($5 in chips) 
Seat 5: ticalsen ($10.09 in chips) 
Seat 7: AGVsmarT ($5.56 in chips) 
Seat 8: checabrita ($14.88 in chips) 
Seat 9: RodrigoEmpada ($2.19 in chips) 
Hejter1337: posts small blind $0.02
bebopspike1329: posts big blind $0.05
OMG DerClown: sits out 
*** HOLE CARDS ***
Dealt to Dorex2007 [Qs Ts]
Dorex2007: folds 
ticalsen: folds 
AGVsmarT: calls $0.05
checabrita: calls $0.05
RodrigoEmpada: calls $0.05
Hejter1337: folds 
bebopspike1329: checks 
*** FLOP *** [2s 5d Qh]
bebopspike1329: checks 
AGVsmarT: checks 
checabrita: checks 
RodrigoEmpada: checks 
*** TURN *** [2s 5d Qh] [8d]
bebopspike1329: checks 
AGVsmarT: checks 
checabrita: bets $0.10
RodrigoEmpada: calls $0.10
bebopspike1329: folds 
AGVsmarT: folds 
*** RIVER *** [2s 5d Qh 8d] [5s]
checabrita: checks 
RodrigoEmpada: checks 
*** SHOW DOWN ***
checabrita: shows [Jc 8c] (two pair, Eights and Fives)
RodrigoEmpada: mucks hand 
checabrita collected $0.40 from pot
*** SUMMARY ***
Total pot $0.42 | Rake $0.02 
Board [2s 5d Qh 8d 5s]
Seat 1: Hejter1337 (small blind) folded before Flop
Seat 3: bebopspike1329 (big blind) folded on the Turn
Seat 4: Dorex2007 folded before Flop (didn't bet)
Seat 5: ticalsen folded before Flop (didn't bet)
Seat 7: AGVsmarT folded on the Turn
Seat 8: checabrita showed [Jc 8c] and won ($0.40) with two pair, Eights and Fives
Seat 9: RodrigoEmpada (button) mucked [Ks Td]



PokerStars Hand #237633925941:  Hold'em No Limit ($0.02/$0.05 USD) - 2022/07/27 23:07:15 PT [2022/07/28 2:07:15 ET]
Table 'Hugo' 9-max Seat #1 is the button
Seat 1: Hejter1337 ($5 in chips) 
Seat 3: bebopspike1329 ($7.37 in chips) 
Seat 4: Dorex2007 ($5 in chips) 
Seat 5: ticalsen ($10.09 in chips) 
Seat 7: AGVsmarT ($5.51 in chips) 
Seat 8: checabrita ($15.13 in chips) 
Seat 9: RodrigoEmpada ($2.04 in chips) 
bebopspike1329: posts small blind $0.02
Dorex2007: posts big blind $0.05
OMG DerClown: sits out 
*** HOLE CARDS ***
Dealt to Dorex2007 [4c 7c]
ticalsen: folds 
AGVsmarT: calls $0.05
checabrita: folds 
RodrigoEmpada: raises $0.05 to $0.10
Hejter1337: calls $0.10
bebopspike1329: folds 
Dorex2007: folds 
AGVsmarT: calls $0.05
*** FLOP *** [4d 3d Ks]
AGVsmarT: checks 
RodrigoEmpada: bets $0.15
Hejter1337: folds 
AGVsmarT: calls $0.15
*** TURN *** [4d 3d Ks] [7s]
AGVsmarT: checks 
RodrigoEmpada: bets $0.20
AGVsmarT: calls $0.20
*** RIVER *** [4d 3d Ks 7s] [Jc]
AGVsmarT: checks 
RodrigoEmpada: bets $1.03
AGVsmarT: folds 
Uncalled bet ($1.03) returned to RodrigoEmpada
RodrigoEmpada collected $1.03 from pot
RodrigoEmpada: doesn't show hand 
*** SUMMARY ***
Total pot $1.07 | Rake $0.04 
Board [4d 3d Ks 7s Jc]
Seat 1: Hejter1337 (button) folded on the Flop
Seat 3: bebopspike1329 (small blind) folded before Flop
Seat 4: Dorex2007 (big blind) folded before Flop
Seat 5: ticalsen folded before Flop (didn't bet)
Seat 7: AGVsmarT folded on the River
Seat 8: checabrita folded before Flop (didn't bet)
Seat 9: RodrigoEmpada collected ($1.03)



PokerStars Hand #237633932768:  Hold'em No Limit ($0.02/$0.05 USD) - 2022/07/27 23:08:20 PT [2022/07/28 2:08:20 ET]
Table 'Hugo' 9-max Seat #3 is the button
Seat 1: Hejter1337 ($4.90 in chips) 
Seat 3: bebopspike1329 ($7.35 in chips) 
Seat 4: Dorex2007 ($5 in chips) 
Seat 5: ticalsen ($10.09 in chips) 
Seat 7: AGVsmarT ($5.06 in chips) 
Seat 8: checabrita ($15.13 in chips) 
Seat 9: RodrigoEmpada ($2.62 in chips) 
Dorex2007: posts small blind $0.02
ticalsen: posts big blind $0.05
OMG DerClown: sits out 
*** HOLE CARDS ***
Dealt to Dorex2007 [9h Ad]
AGVsmarT: raises $0.12 to $0.17
checabrita: calls $0.17
RodrigoEmpada: calls $0.17
Hejter1337: calls $0.17
bebopspike1329: folds 
Dorex2007: folds 
ticalsen: calls $0.12
*** FLOP *** [4d 4c Kd]
ticalsen: checks 
AGVsmarT: bets $0.15
checabrita: raises $0.30 to $0.45
RodrigoEmpada: folds 
Hejter1337: folds 
ticalsen: folds 
AGVsmarT: folds 
Uncalled bet ($0.30) returned to checabrita
checabrita collected $1.12 from pot
checabrita: doesn't show hand 
*** SUMMARY ***
Total pot $1.17 | Rake $0.05 
Board [4d 4c Kd]
Seat 1: Hejter1337 folded on the Flop
Seat 3: bebopspike1329 (button) folded before Flop (didn't bet)
Seat 4: Dorex2007 (small blind) folded before Flop
Seat 5: ticalsen (big blind) folded on the Flop
Seat 7: AGVsmarT folded on the Flop
Seat 8: checabrita collected ($1.12)
Seat 9: RodrigoEmpada folded on the Flop



PokerStars Hand #237633938179:  Hold'em No Limit ($0.02/$0.05 USD) - 2022/07/27 23:09:10 PT [2022/07/28 2:09:10 ET]
Table 'Hugo' 9-max Seat #4 is the button
Seat 1: Hejter1337 ($4.73 in chips) 
Seat 3: bebopspike1329 ($7.35 in chips) 
Seat 4: Dorex2007 ($5 in chips) 
Seat 5: ticalsen ($9.92 in chips) 
Seat 7: AGVsmarT ($4.74 in chips) 
Seat 8: checabrita ($15.93 in chips) 
Seat 9: RodrigoEmpada ($2.45 in chips) 
ticalsen: posts small blind $0.02
OMG DerClown: is sitting out 
AGVsmarT: posts big blind $0.05
*** HOLE CARDS ***
Dealt to Dorex2007 [Qc Ts]
checabrita: folds 
RodrigoEmpada: calls $0.05
Hejter1337: folds 
bebopspike1329: folds 
Dorex2007: raises $0.05 to $0.10
ticalsen: calls $0.08
AGVsmarT: calls $0.05
RodrigoEmpada: raises $0.10 to $0.20
Dorex2007: calls $0.10
ticalsen: calls $0.10
AGVsmarT: calls $0.10
*** FLOP *** [5s 4d 8d]
ticalsen: checks 
AGVsmarT: checks 
RodrigoEmpada: bets $0.10
Dorex2007: calls $0.10
ticalsen: folds 
AGVsmarT: folds 
*** TURN *** [5s 4d 8d] [2d]
RodrigoEmpada: bets $0.25
Dorex2007: calls $0.25
*** RIVER *** [5s 4d 8d 2d] [5d]
RodrigoEmpada: checks 
Dorex2007: bets $1.44
RodrigoEmpada: calls $1.44
*** SHOW DOWN ***
Dorex2007: shows [Qc Ts] (a pair of Fives)
RodrigoEmpada: shows [Kc Kh] (two pair, Kings and Fives)
RodrigoEmpada collected $4.20 from pot
*** SUMMARY ***
Total pot $4.38 | Rake $0.18 
Board [5s 4d 8d 2d 5d]
Seat 1: Hejter1337 folded before Flop (didn't bet)
Seat 3: bebopspike1329 folded before Flop (didn't bet)
Seat 4: Dorex2007 (button) showed [Qc Ts] and lost with a pair of Fives
Seat 5: ticalsen (small blind) folded on the Flop
Seat 7: AGVsmarT (big blind) folded on the Flop
Seat 8: checabrita folded before Flop (didn't bet)
Seat 9: RodrigoEmpada showed [Kc Kh] and won ($4.20) with two pair, Kings and Fives



PokerStars Hand #237633947282:  Hold'em No Limit ($0.02/$0.05 USD) - 2022/07/27 23:10:36 PT [2022/07/28 2:10:36 ET]
Table 'Hugo' 9-max Seat #5 is the button
Seat 1: Hejter1337 ($4.73 in chips) 
Seat 3: bebopspike1329 ($7.35 in chips) 
Seat 4: Dorex2007 ($5 in chips) 
Seat 5: ticalsen ($9.72 in chips) 
Seat 7: AGVsmarT ($4.54 in chips) 
Seat 8: checabrita ($15.93 in chips) 
Seat 9: RodrigoEmpada ($4.66 in chips) 
impperson17 leaves the table
AGVsmarT: posts small blind $0.02
checabrita: posts big blind $0.05
*** HOLE CARDS ***
Dealt to Dorex2007 [6h 5d]
Yuralema joins the table at seat #2 
RodrigoEmpada: calls $0.05
Hejter1337: folds 
bebopspike1329: folds 
Dorex2007: folds 
ticalsen: folds 
AGVsmarT: folds 
checabrita: checks 
*** FLOP *** [3h 8d Ah]
checabrita: checks 
RodrigoEmpada: bets $0.10
checabrita: calls $0.10
*** TURN *** [3h 8d Ah] [4c]
checabrita: checks 
RodrigoEmpada: bets $0.15
checabrita: calls $0.15
*** RIVER *** [3h 8d Ah 4c] [Jh]
checabrita: checks 
RodrigoEmpada: bets $0.10
checabrita: calls $0.10
*** SHOW DOWN ***
RodrigoEmpada: shows [9s Ac] (a pair of Aces)
checabrita: mucks hand 
RodrigoEmpada collected $0.79 from pot
*** SUMMARY ***
Total pot $0.82 | Rake $0.03 
Board [3h 8d Ah 4c Jh]
Seat 1: Hejter1337 folded before Flop (didn't bet)
Seat 3: bebopspike1329 folded before Flop (didn't bet)
Seat 4: Dorex2007 folded before Flop (didn't bet)
Seat 5: ticalsen (button) folded before Flop (didn't bet)
Seat 7: AGVsmarT (small blind) folded before Flop
Seat 8: checabrita (big blind) mucked [6d Ad]
Seat 9: RodrigoEmpada showed [9s Ac] and won ($0.79) with a pair of Aces



PokerStars Hand #237633952796:  Hold'em No Limit ($0.02/$0.05 USD) - 2022/07/27 23:11:27 PT [2022/07/28 2:11:27 ET]
Table 'Hugo' 9-max Seat #7 is the button
Seat 1: Hejter1337 ($4.73 in chips) 
Seat 3: bebopspike1329 ($7.35 in chips) 
Seat 4: Dorex2007 ($5 in chips) 
Seat 5: ticalsen ($9.72 in chips) 
Seat 6: OMG DerClown ($5 in chips) 
Seat 7: AGVsmarT ($4.52 in chips) 
Seat 8: checabrita ($15.53 in chips) 
Seat 9: RodrigoEmpada ($5.05 in chips) 
checabrita: posts small blind $0.02
RodrigoEmpada: posts big blind $0.05
Yuralema: sits out 
OMG DerClown: posts small & big blinds $0.07
*** HOLE CARDS ***
Dealt to Dorex2007 [7s 4s]
Hejter1337: folds 
bebopspike1329: raises $0.10 to $0.15
Dorex2007: folds 
ticalsen: folds 
OMG DerClown: folds 
AGVsmarT: folds 
checabrita: folds 
RodrigoEmpada: calls $0.10
*** FLOP *** [5d 2c 6c]
RodrigoEmpada: checks 
bebopspike1329: bets $0.10
RodrigoEmpada: calls $0.10
*** TURN *** [5d 2c 6c] [5h]
RodrigoEmpada: checks 
bebopspike1329: bets $0.35
RodrigoEmpada: folds 
Uncalled bet ($0.35) returned to bebopspike1329
bebopspike1329 collected $0.57 from pot
bebopspike1329: doesn't show hand 
*** SUMMARY ***
Total pot $0.59 | Rake $0.02 
Board [5d 2c 6c 5h]
Seat 1: Hejter1337 folded before Flop (didn't bet)
Seat 3: bebopspike1329 collected ($0.57)
Seat 4: Dorex2007 folded before Flop (didn't bet)
Seat 5: ticalsen folded before Flop (didn't bet)
Seat 6: OMG DerClown folded before Flop (didn't bet)
Seat 7: AGVsmarT (button) folded before Flop (didn't bet)
Seat 8: checabrita (small blind) folded before Flop
Seat 9: RodrigoEmpada (big blind) folded on the Turn



PokerStars Hand #237633958797:  Hold'em No Limit ($0.02/$0.05 USD) - 2022/07/27 23:12:24 PT [2022/07/28 2:12:24 ET]
Table 'Hugo' 9-max Seat #8 is the button
Seat 1: Hejter1337 ($4.73 in chips) 
Seat 3: bebopspike1329 ($7.67 in chips) 
Seat 4: Dorex2007 ($5 in chips) 
Seat 5: ticalsen ($9.72 in chips) 
Seat 6: OMG DerClown ($4.93 in chips) 
Seat 7: AGVsmarT ($4.52 in chips) 
Seat 8: checabrita ($15.51 in chips) 
Seat 9: RodrigoEmpada ($4.80 in chips) 
RodrigoEmpada: posts small blind $0.02
Hejter1337: posts big blind $0.05
Yuralema: sits out 
*** HOLE CARDS ***
Dealt to Dorex2007 [Ks 7d]
bebopspike1329: folds 
Dorex2007 has timed out
Dorex2007: folds 
ticalsen: calls $0.05
OMG DerClown: raises $0.05 to $0.10
AGVsmarT: calls $0.10
checabrita: folds 
RodrigoEmpada: calls $0.08
Hejter1337: folds 
ticalsen: calls $0.05
*** FLOP *** [8c 8d 9c]
RodrigoEmpada: checks 
ticalsen: checks 
OMG DerClown: checks 
AGVsmarT: bets $0.20
RodrigoEmpada: folds 
ticalsen: folds 
OMG DerClown: calls $0.20
*** TURN *** [8c 8d 9c] [Ac]
OMG DerClown: bets $0.32
AGVsmarT: calls $0.32
*** RIVER *** [8c 8d 9c Ac] [6c]
OMG DerClown: checks 
AGVsmarT: bets $0.71
OMG DerClown: raises $0.84 to $1.55
AGVsmarT: calls $0.84
*** SHOW DOWN ***
OMG DerClown: shows [9s 9d] (a full house, Nines full of Eights)
AGVsmarT: mucks hand 
OMG DerClown collected $4.35 from pot
*** SUMMARY ***
Total pot $4.59 | Rake $0.24 
Board [8c 8d 9c Ac 6c]
Seat 1: Hejter1337 (big blind) folded before Flop
Seat 3: bebopspike1329 folded before Flop (didn't bet)
Seat 4: Dorex2007 folded before Flop (didn't bet)
Seat 5: ticalsen folded on the Flop
Seat 6: OMG DerClown showed [9s 9d] and won ($4.35) with a full house, Nines full of Eights
Seat 7: AGVsmarT mucked [5c Qc]
Seat 8: checabrita (button) folded before Flop (didn't bet)
Seat 9: RodrigoEmpada (small blind) folded on the Flop



PokerStars Hand #237633975486:  Hold'em No Limit ($0.02/$0.05 USD) - 2022/07/27 23:13:53 PT [2022/07/28 2:13:53 ET]
Table 'Hugo' 9-max Seat #9 is the button
Seat 1: Hejter1337 ($4.68 in chips) 
Seat 2: Yuralema ($5 in chips) 
Seat 3: bebopspike1329 ($7.67 in chips) 
Seat 4: Dorex2007 ($5 in chips) 
Seat 5: ticalsen ($9.62 in chips) 
Seat 6: OMG DerClown ($7.11 in chips) 
Seat 7: AGVsmarT ($2.35 in chips) 
Seat 8: checabrita ($15.51 in chips) 
Seat 9: RodrigoEmpada ($4.70 in chips) 
Hejter1337: posts small blind $0.02
Yuralema: posts big blind $0.05
*** HOLE CARDS ***
Dealt to Dorex2007 [5h 2s]
bebopspike1329: folds 
Dorex2007: folds 
ticalsen: calls $0.05
OMG DerClown: folds 
AGVsmarT: folds 
checabrita: folds 
RodrigoEmpada: folds 
Hejter1337: folds 
Yuralema: checks 
*** FLOP *** [9s 7h 5s]
Yuralema: bets $0.06
ticalsen: raises $0.09 to $0.15
Yuralema: calls $0.09
*** TURN *** [9s 7h 5s] [2h]
Yuralema: checks 
ticalsen: checks 
*** RIVER *** [9s 7h 5s 2h] [4d]
Yuralema: checks 
ticalsen: bets $0.20
Yuralema: calls $0.20
*** SHOW DOWN ***
ticalsen: shows [9h As] (a pair of Nines)
Yuralema: mucks hand 
ticalsen collected $0.79 from pot
*** SUMMARY ***
Total pot $0.82 | Rake $0.03 
Board [9s 7h 5s 2h 4d]
Seat 1: Hejter1337 (small blind) folded before Flop
Seat 2: Yuralema (big blind) mucked [9c 3h]
Seat 3: bebopspike1329 folded before Flop (didn't bet)
Seat 4: Dorex2007 folded before Flop (didn't bet)
Seat 5: ticalsen showed [9h As] and won ($0.79) with a pair of Nines
Seat 6: OMG DerClown folded before Flop (didn't bet)
Seat 7: AGVsmarT folded before Flop (didn't bet)
Seat 8: checabrita folded before Flop (didn't bet)
Seat 9: RodrigoEmpada (button) folded before Flop (didn't bet)



PokerStars Hand #237633983461:  Hold'em No Limit ($0.02/$0.05 USD) - 2022/07/27 23:15:08 PT [2022/07/28 2:15:08 ET]
Table 'Hugo' 9-max Seat #1 is the button
Seat 1: Hejter1337 ($4.66 in chips) 
Seat 2: Yuralema ($5 in chips) 
Seat 3: bebopspike1329 ($7.67 in chips) 
Seat 4: Dorex2007 ($5 in chips) 
Seat 5: ticalsen ($10.01 in chips) 
Seat 6: OMG DerClown ($7.11 in chips) 
Seat 7: AGVsmarT ($4.35 in chips) 
Seat 8: checabrita ($15.51 in chips) 
Seat 9: RodrigoEmpada ($4.70 in chips) 
Yuralema: posts small blind $0.02
bebopspike1329: posts big blind $0.05
*** HOLE CARDS ***
Dealt to Dorex2007 [3d 3s]
Dorex2007: raises $0.05 to $0.10
ticalsen: folds 
OMG DerClown: folds 
AGVsmarT: calls $0.10
checabrita: folds 
RodrigoEmpada: calls $0.10
Hejter1337: folds 
Yuralema: folds 
bebopspike1329: calls $0.05
*** FLOP *** [Ac 4c Kh]
bebopspike1329: checks 
Dorex2007: checks 
AGVsmarT: checks 
RodrigoEmpada: bets $0.10
bebopspike1329: raises $0.40 to $0.50
Dorex2007: folds 
AGVsmarT: folds 
RodrigoEmpada: folds 
Uncalled bet ($0.40) returned to bebopspike1329
bebopspike1329 collected $0.59 from pot
bebopspike1329: doesn't show hand 
*** SUMMARY ***
Total pot $0.62 | Rake $0.03 
Board [Ac 4c Kh]
Seat 1: Hejter1337 (button) folded before Flop (didn't bet)
Seat 2: Yuralema (small blind) folded before Flop
Seat 3: bebopspike1329 (big blind) collected ($0.59)
Seat 4: Dorex2007 folded on the Flop
Seat 5: ticalsen folded before Flop (didn't bet)
Seat 6: OMG DerClown folded before Flop (didn't bet)
Seat 7: AGVsmarT folded on the Flop
Seat 8: checabrita folded before Flop (didn't bet)
Seat 9: RodrigoEmpada folded on the Flop



PokerStars Hand #237633988785:  Hold'em No Limit ($0.02/$0.05 USD) - 2022/07/27 23:15:58 PT [2022/07/28 2:15:58 ET]
Table 'Hugo' 9-max Seat #2 is the button
Seat 1: Hejter1337 ($4.66 in chips) 
Seat 2: Yuralema ($5 in chips) 
Seat 3: bebopspike1329 ($8.06 in chips) 
Seat 4: Dorex2007 ($5 in chips) 
Seat 5: ticalsen ($10.01 in chips) 
Seat 6: OMG DerClown ($7.11 in chips) 
Seat 7: AGVsmarT ($4.25 in chips) 
Seat 8: checabrita ($15.51 in chips) 
Seat 9: RodrigoEmpada ($4.50 in chips) 
bebopspike1329: posts small blind $0.02
Dorex2007: posts big blind $0.05
*** HOLE CARDS ***
Dealt to Dorex2007 [9s 5d]
ticalsen: calls $0.05
OMG DerClown: folds 
AGVsmarT: folds 
checabrita: raises $0.20 to $0.25
RodrigoEmpada: folds 
Hejter1337: folds 
Yuralema: folds 
bebopspike1329: folds 
Dorex2007: folds 
ticalsen: calls $0.20
*** FLOP *** [3c 5s Th]
ticalsen: checks 
checabrita: checks 
*** TURN *** [3c 5s Th] [2s]
ticalsen: bets $0.20
checabrita: calls $0.20
*** RIVER *** [3c 5s Th 2s] [4c]
ticalsen: checks 
checabrita: bets $0.20
ticalsen: calls $0.20
*** SHOW DOWN ***
checabrita: shows [Ac Js] (a straight, Ace to Five)
ticalsen: shows [3h Ah] (a straight, Ace to Five)
ticalsen collected $0.66 from pot
checabrita collected $0.65 from pot
*** SUMMARY ***
Total pot $1.37 | Rake $0.06 
Board [3c 5s Th 2s 4c]
Seat 1: Hejter1337 folded before Flop (didn't bet)
Seat 2: Yuralema (button) folded before Flop (didn't bet)
Seat 3: bebopspike1329 (small blind) folded before Flop
Seat 4: Dorex2007 (big blind) folded before Flop
Seat 5: ticalsen showed [3h Ah] and won ($0.66) with a straight, Ace to Five
Seat 6: OMG DerClown folded before Flop (didn't bet)
Seat 7: AGVsmarT folded before Flop (didn't bet)
Seat 8: checabrita showed [Ac Js] and won ($0.65) with a straight, Ace to Five
Seat 9: RodrigoEmpada folded before Flop (didn't bet)



PokerStars Hand #237633995722:  Hold'em No Limit ($0.02/$0.05 USD) - 2022/07/27 23:17:04 PT [2022/07/28 2:17:04 ET]
Table 'Hugo' 9-max Seat #3 is the button
Seat 1: Hejter1337 ($4.66 in chips) 
Seat 2: Yuralema ($5 in chips) 
Seat 3: bebopspike1329 ($8.04 in chips) 
Seat 4: Dorex2007 ($5 in chips) 
Seat 5: ticalsen ($10.02 in chips) 
Seat 6: OMG DerClown ($7.11 in chips) 
Seat 7: AGVsmarT ($4.25 in chips) 
Seat 8: checabrita ($15.51 in chips) 
Seat 9: RodrigoEmpada ($4.50 in chips) 
Dorex2007: posts small blind $0.02
ticalsen: posts big blind $0.05
*** HOLE CARDS ***
Dealt to Dorex2007 [Qc 8c]
OMG DerClown: folds 
AGVsmarT: folds 
checabrita: folds 
RodrigoEmpada: folds 
Hejter1337: folds 
Yuralema: folds 
bebopspike1329: folds 
Dorex2007: folds 
Uncalled bet ($0.03) returned to ticalsen
ticalsen collected $0.04 from pot
ticalsen: doesn't show hand 
*** SUMMARY ***
Total pot $0.04 | Rake $0 
Seat 1: Hejter1337 folded before Flop (didn't bet)
Seat 2: Yuralema folded before Flop (didn't bet)
Seat 3: bebopspike1329 (button) folded before Flop (didn't bet)
Seat 4: Dorex2007 (small blind) folded before Flop
Seat 5: ticalsen (big blind) collected ($0.04)
Seat 6: OMG DerClown folded before Flop (didn't bet)
Seat 7: AGVsmarT folded before Flop (didn't bet)
Seat 8: checabrita folded before Flop (didn't bet)
Seat 9: RodrigoEmpada folded before Flop (didn't bet)



PokerStars Hand #237633997247:  Hold'em No Limit ($0.02/$0.05 USD) - 2022/07/27 23:17:18 PT [2022/07/28 2:17:18 ET]
Table 'Hugo' 9-max Seat #4 is the button
Seat 1: Hejter1337 ($4.66 in chips) 
Seat 2: Yuralema ($5 in chips) 
Seat 3: bebopspike1329 ($8.04 in chips) 
Seat 4: Dorex2007 ($5 in chips) 
Seat 5: ticalsen ($10.04 in chips) 
Seat 6: OMG DerClown ($7.11 in chips) 
Seat 7: AGVsmarT ($4.25 in chips) 
Seat 8: checabrita ($15.51 in chips) 
Seat 9: RodrigoEmpada ($4.50 in chips) 
ticalsen: posts small blind $0.02
OMG DerClown: posts big blind $0.05
*** HOLE CARDS ***
Dealt to Dorex2007 [Kh 5s]
AGVsmarT: folds 
checabrita: folds 
RodrigoEmpada: calls $0.05
Hejter1337: folds 
Yuralema: folds 
bebopspike1329: folds 
Dorex2007: folds 
ticalsen: calls $0.03
OMG DerClown: checks 
*** FLOP *** [5d Tc Qc]
ticalsen: checks 
OMG DerClown: checks 
RodrigoEmpada: checks 
*** TURN *** [5d Tc Qc] [8c]
ticalsen: checks 
OMG DerClown: checks 
RodrigoEmpada: checks 
*** RIVER *** [5d Tc Qc 8c] [7c]
ticalsen: checks 
OMG DerClown: checks 
RodrigoEmpada: checks 
*** SHOW DOWN ***
ticalsen: shows [As 9h] (high card Ace)
OMG DerClown: shows [8d Ah] (a pair of Eights)
RodrigoEmpada: mucks hand 
OMG DerClown collected $0.14 from pot
*** SUMMARY ***
Total pot $0.15 | Rake $0.01 
Board [5d Tc Qc 8c 7c]
Seat 1: Hejter1337 folded before Flop (didn't bet)
Seat 2: Yuralema folded before Flop (didn't bet)
Seat 3: bebopspike1329 folded before Flop (didn't bet)
Seat 4: Dorex2007 (button) folded before Flop (didn't bet)
Seat 5: ticalsen (small blind) showed [As 9h] and lost with high card Ace
Seat 6: OMG DerClown (big blind) showed [8d Ah] and won ($0.14) with a pair of Eights
Seat 7: AGVsmarT folded before Flop (didn't bet)
Seat 8: checabrita folded before Flop (didn't bet)
Seat 9: RodrigoEmpada mucked [Ks 4h]



PokerStars Hand #237634001134:  Hold'em No Limit ($0.02/$0.05 USD) - 2022/07/27 23:17:54 PT [2022/07/28 2:17:54 ET]
Table 'Hugo' 9-max Seat #5 is the button
Seat 1: Hejter1337 ($4.66 in chips) 
Seat 2: Yuralema ($5 in chips) 
Seat 3: bebopspike1329 ($8.04 in chips) 
Seat 4: Dorex2007 ($5 in chips) 
Seat 5: ticalsen ($9.99 in chips) 
Seat 6: OMG DerClown ($7.20 in chips) 
Seat 7: AGVsmarT ($4.25 in chips) 
Seat 8: checabrita ($15.51 in chips) 
Seat 9: RodrigoEmpada ($4.45 in chips) 
OMG DerClown: posts small blind $0.02
AGVsmarT: posts big blind $0.05
*** HOLE CARDS ***
Dealt to Dorex2007 [As 3h]
checabrita: folds 
RodrigoEmpada: calls $0.05
Hejter1337: folds 
Yuralema: folds 
bebopspike1329: folds 
Dorex2007 has timed out
Dorex2007: folds 
ticalsen: calls $0.05
OMG DerClown: folds 
AGVsmarT: checks 
*** FLOP *** [Qd Ac 6c]
AGVsmarT: bets $0.05
RodrigoEmpada: calls $0.05
ticalsen: raises $0.10 to $0.15
AGVsmarT: folds 
RodrigoEmpada: calls $0.10
*** TURN *** [Qd Ac 6c] [3c]
RodrigoEmpada: checks 
ticalsen: checks 
*** RIVER *** [Qd Ac 6c 3c] [2c]
RodrigoEmpada: checks 
ticalsen: checks 
*** SHOW DOWN ***
RodrigoEmpada: shows [6h 7h] (a pair of Sixes)
ticalsen: shows [Ah Th] (a pair of Aces)
ticalsen collected $0.50 from pot
*** SUMMARY ***
Total pot $0.52 | Rake $0.02 
Board [Qd Ac 6c 3c 2c]
Seat 1: Hejter1337 folded before Flop (didn't bet)
Seat 2: Yuralema folded before Flop (didn't bet)
Seat 3: bebopspike1329 folded before Flop (didn't bet)
Seat 4: Dorex2007 folded before Flop (didn't bet)
Seat 5: ticalsen (button) showed [Ah Th] and won ($0.50) with a pair of Aces
Seat 6: OMG DerClown (small blind) folded before Flop
Seat 7: AGVsmarT (big blind) folded on the Flop
Seat 8: checabrita folded before Flop (didn't bet)
Seat 9: RodrigoEmpada showed [6h 7h] and lost with a pair of Sixes



PokerStars Hand #237634006300:  Hold'em No Limit ($0.02/$0.05 USD) - 2022/07/27 23:18:43 PT [2022/07/28 2:18:43 ET]
Table 'Hugo' 9-max Seat #6 is the button
Seat 1: Hejter1337 ($4.66 in chips) 
Seat 2: Yuralema ($5 in chips) 
Seat 3: bebopspike1329 ($8.04 in chips) 
Seat 4: Dorex2007 ($5 in chips) 
Seat 5: ticalsen ($10.29 in chips) 
Seat 6: OMG DerClown ($7.18 in chips) 
Seat 7: AGVsmarT ($4.15 in chips) 
Seat 8: checabrita ($15.51 in chips) 
Seat 9: RodrigoEmpada ($4.25 in chips) 
AGVsmarT: posts small blind $0.02
checabrita: posts big blind $0.05
*** HOLE CARDS ***
Dealt to Dorex2007 [Ac 2s]
RodrigoEmpada: calls $0.05
Hejter1337: folds 
Yuralema: raises $0.20 to $0.25
bebopspike1329: folds 
Dorex2007: folds 
ticalsen: folds 
OMG DerClown: calls $0.25
AGVsmarT: folds 
checabrita: raises $0.75 to $1
RodrigoEmpada: folds 
Yuralema: calls $0.75
OMG DerClown: calls $0.75
*** FLOP *** [7s Ts Qh]
checabrita: checks 
Yuralema: bets $1.47
OMG DerClown: raises $4.71 to $6.18 and is all-in
checabrita: calls $6.18
Yuralema: calls $2.53 and is all-in
*** TURN *** [7s Ts Qh] [Jc]
*** RIVER *** [7s Ts Qh Jc] [4d]
*** SHOW DOWN ***
checabrita: shows [Ks Kd] (a pair of Kings)
OMG DerClown: shows [Qs Qd] (three of a kind, Queens)
Yuralema: shows [Tc Td] (three of a kind, Tens)
OMG DerClown cashed out the hand for $14.80 | Cash Out Fee $0.15
*** SUMMARY ***
Total pot $19.43 Main pot $14.44. Side pot $4.18. | Rake $0.81 
Board [7s Ts Qh Jc 4d]
Seat 1: Hejter1337 folded before Flop (didn't bet)
Seat 2: Yuralema showed [Tc Td] and lost with three of a kind, Tens
Seat 3: bebopspike1329 folded before Flop (didn't bet)
Seat 4: Dorex2007 folded before Flop (didn't bet)
Seat 5: ticalsen folded before Flop (didn't bet)
Seat 6: OMG DerClown (button) showed [Qs Qd] and won ($18.62) with three of a kind, Queens (pot not awarded as player cashed out)
Seat 7: AGVsmarT (small blind) folded before Flop
Seat 8: checabrita (big blind) showed [Ks Kd] and lost with a pair of Kings
Seat 9: RodrigoEmpada folded before Flop



PokerStars Hand #237634017763:  Hold'em No Limit ($0.02/$0.05 USD) - 2022/07/27 23:20:28 PT [2022/07/28 2:20:28 ET]
Table 'Hugo' 9-max Seat #7 is the button
Seat 1: Hejter1337 ($4.66 in chips) 
Seat 2: Yuralema ($5 in chips) 
Seat 3: bebopspike1329 ($8.04 in chips) 
Seat 4: Dorex2007 ($5 in chips) 
Seat 5: ticalsen ($10.29 in chips) 
Seat 6: OMG DerClown ($14.80 in chips) 
Seat 7: AGVsmarT ($4.13 in chips) 
Seat 8: checabrita ($8.33 in chips) 
Seat 9: RodrigoEmpada ($4.20 in chips) 
checabrita: posts small blind $0.02
RodrigoEmpada: posts big blind $0.05
*** HOLE CARDS ***
Dealt to Dorex2007 [8c 5c]
Hejter1337: folds 
Yuralema: folds 
bebopspike1329: folds 
Dorex2007: folds 
ticalsen: folds 
OMG DerClown: folds 
AGVsmarT: raises $0.12 to $0.17
checabrita: folds 
RodrigoEmpada: calls $0.12
*** FLOP *** [4s Jd Kc]
RodrigoEmpada: checks 
AGVsmarT: bets $0.17
RodrigoEmpada: calls $0.17
*** TURN *** [4s Jd Kc] [7h]
RodrigoEmpada: checks 
AGVsmarT: checks 
*** RIVER *** [4s Jd Kc 7h] [2s]
RodrigoEmpada: bets $0.15
AGVsmarT: folds 
Uncalled bet ($0.15) returned to RodrigoEmpada
RodrigoEmpada collected $0.67 from pot
RodrigoEmpada: doesn't show hand 
*** SUMMARY ***
Total pot $0.70 | Rake $0.03 
Board [4s Jd Kc 7h 2s]
Seat 1: Hejter1337 folded before Flop (didn't bet)
Seat 2: Yuralema folded before Flop (didn't bet)
Seat 3: bebopspike1329 folded before Flop (didn't bet)
Seat 4: Dorex2007 folded before Flop (didn't bet)
Seat 5: ticalsen folded before Flop (didn't bet)
Seat 6: OMG DerClown folded before Flop (didn't bet)
Seat 7: AGVsmarT (button) folded on the River
Seat 8: checabrita (small blind) folded before Flop
Seat 9: RodrigoEmpada (big blind) collected ($0.67)



PokerStars Hand #237634022900:  Hold'em No Limit ($0.02/$0.05 USD) - 2022/07/27 23:21:16 PT [2022/07/28 2:21:16 ET]
Table 'Hugo' 9-max Seat #8 is the button
Seat 1: Hejter1337 ($4.66 in chips) 
Seat 2: Yuralema ($5 in chips) 
Seat 3: bebopspike1329 ($8.04 in chips) 
Seat 4: Dorex2007 ($5 in chips) 
Seat 5: ticalsen ($10.29 in chips) 
Seat 6: OMG DerClown ($14.80 in chips) 
Seat 7: AGVsmarT ($3.79 in chips) 
Seat 8: checabrita ($8.31 in chips) 
Seat 9: RodrigoEmpada ($4.53 in chips) 
RodrigoEmpada: posts small blind $0.02
Hejter1337: posts big blind $0.05
*** HOLE CARDS ***
Dealt to Dorex2007 [4d 9c]
Yuralema: folds 
bebopspike1329: folds 
Dorex2007: folds 
ticalsen: folds 
OMG DerClown: folds 
AGVsmarT: calls $0.05
checabrita: folds 
RodrigoEmpada: calls $0.03
Hejter1337: checks 
*** FLOP *** [Tc 4h Jh]
RodrigoEmpada: checks 
Hejter1337: checks 
AGVsmarT: checks 
*** TURN *** [Tc 4h Jh] [3d]
RodrigoEmpada: checks 
Hejter1337: checks 
AGVsmarT: checks 
*** RIVER *** [Tc 4h Jh 3d] [5h]
RodrigoEmpada: checks 
Hejter1337: checks 
AGVsmarT: checks 
*** SHOW DOWN ***
RodrigoEmpada: shows [4s 9d] (a pair of Fours)
Hejter1337: mucks hand 
AGVsmarT: mucks hand 
RodrigoEmpada collected $0.14 from pot
*** SUMMARY ***
Total pot $0.15 | Rake $0.01 
Board [Tc 4h Jh 3d 5h]
Seat 1: Hejter1337 (big blind) mucked [Qs 7c]
Seat 2: Yuralema folded before Flop (didn't bet)
Seat 3: bebopspike1329 folded before Flop (didn't bet)
Seat 4: Dorex2007 folded before Flop (didn't bet)
Seat 5: ticalsen folded before Flop (didn't bet)
Seat 6: OMG DerClown folded before Flop (didn't bet)
Seat 7: AGVsmarT mucked [2c 2d]
Seat 8: checabrita (button) folded before Flop (didn't bet)
Seat 9: RodrigoEmpada (small blind) showed [4s 9d] and won ($0.14) with a pair of Fours



PokerStars Hand #237634027051:  Hold'em No Limit ($0.02/$0.05 USD) - 2022/07/27 23:21:55 PT [2022/07/28 2:21:55 ET]
Table 'Hugo' 9-max Seat #9 is the button
Seat 1: Hejter1337 ($4.61 in chips) 
Seat 2: Yuralema ($5 in chips) 
Seat 3: bebopspike1329 ($8.04 in chips) 
Seat 4: Dorex2007 ($5 in chips) 
Seat 5: ticalsen ($10.29 in chips) 
Seat 6: OMG DerClown ($14.80 in chips) 
Seat 7: AGVsmarT ($3.74 in chips) 
Seat 8: checabrita ($8.31 in chips) 
Seat 9: RodrigoEmpada ($4.62 in chips) 
Hejter1337: posts small blind $0.02
Yuralema: posts big blind $0.05
*** HOLE CARDS ***
Dealt to Dorex2007 [7d 9d]
bebopspike1329: folds 
Dorex2007: folds 
ticalsen: folds 
OMG DerClown: folds 
AGVsmarT: raises $0.12 to $0.17
checabrita: folds 
RodrigoEmpada: calls $0.17
Hejter1337: folds 
Yuralema: calls $0.12
*** FLOP *** [Ts 3s 6c]
Yuralema: checks 
AGVsmarT: bets $0.10
RodrigoEmpada: raises $0.10 to $0.20
Yuralema: folds 
AGVsmarT: calls $0.10
*** TURN *** [Ts 3s 6c] [8h]
AGVsmarT: checks 
RodrigoEmpada: bets $0.25
AGVsmarT: folds 
Uncalled bet ($0.25) returned to RodrigoEmpada
RodrigoEmpada collected $0.89 from pot
RodrigoEmpada: doesn't show hand 
*** SUMMARY ***
Total pot $0.93 | Rake $0.04 
Board [Ts 3s 6c 8h]
Seat 1: Hejter1337 (small blind) folded before Flop
Seat 2: Yuralema (big blind) folded on the Flop
Seat 3: bebopspike1329 folded before Flop (didn't bet)
Seat 4: Dorex2007 folded before Flop (didn't bet)
Seat 5: ticalsen folded before Flop (didn't bet)
Seat 6: OMG DerClown folded before Flop (didn't bet)
Seat 7: AGVsmarT folded on the Turn
Seat 8: checabrita folded before Flop (didn't bet)
Seat 9: RodrigoEmpada (button) collected ($0.89)



PokerStars Hand #237634031511:  Hold'em No Limit ($0.02/$0.05 USD) - 2022/07/27 23:22:37 PT [2022/07/28 2:22:37 ET]
Table 'Hugo' 9-max Seat #1 is the button
Seat 1: Hejter1337 ($4.59 in chips) 
Seat 2: Yuralema ($5 in chips) 
Seat 3: bebopspike1329 ($8.04 in chips) 
Seat 4: Dorex2007 ($5 in chips) 
Seat 5: ticalsen ($10.29 in chips) 
Seat 6: OMG DerClown ($14.80 in chips) 
Seat 7: AGVsmarT ($3.37 in chips) 
Seat 8: checabrita ($8.31 in chips) 
Seat 9: RodrigoEmpada ($5.14 in chips) 
Yuralema: posts small blind $0.02
bebopspike1329: posts big blind $0.05
*** HOLE CARDS ***
Dealt to Dorex2007 [6d 3h]
Dorex2007: folds 
ticalsen: folds 
OMG DerClown: folds 
AGVsmarT: folds 
checabrita: folds 
RodrigoEmpada: folds 
Hejter1337: folds 
Yuralema: raises $0.10 to $0.15
bebopspike1329: calls $0.10
*** FLOP *** [Jd Qh Ts]
Yuralema: bets $0.19
bebopspike1329: folds 
Uncalled bet ($0.19) returned to Yuralema
Yuralema collected $0.29 from pot
Yuralema: doesn't show hand 
*** SUMMARY ***
Total pot $0.30 | Rake $0.01 
Board [Jd Qh Ts]
Seat 1: Hejter1337 (button) folded before Flop (didn't bet)
Seat 2: Yuralema (small blind) collected ($0.29)
Seat 3: bebopspike1329 (big blind) folded on the Flop
Seat 4: Dorex2007 folded before Flop (didn't bet)
Seat 5: ticalsen folded before Flop (didn't bet)
Seat 6: OMG DerClown folded before Flop (didn't bet)
Seat 7: AGVsmarT folded before Flop (didn't bet)
Seat 8: checabrita folded before Flop (didn't bet)
Seat 9: RodrigoEmpada folded before Flop (didn't bet)



PokerStars Hand #237634036955:  Hold'em No Limit ($0.02/$0.05 USD) - 2022/07/27 23:23:29 PT [2022/07/28 2:23:29 ET]
Table 'Hugo' 9-max Seat #2 is the button
Seat 1: Hejter1337 ($4.59 in chips) 
Seat 2: Yuralema ($5.14 in chips) 
Seat 3: bebopspike1329 ($7.89 in chips) 
Seat 4: Dorex2007 ($5 in chips) 
Seat 5: ticalsen ($10.29 in chips) 
Seat 6: OMG DerClown ($14.80 in chips) 
Seat 7: AGVsmarT ($3.37 in chips) 
Seat 8: checabrita ($8.31 in chips) 
Seat 9: RodrigoEmpada ($5.14 in chips) 
bebopspike1329: posts small blind $0.02
Dorex2007: posts big blind $0.05
*** HOLE CARDS ***
Dealt to Dorex2007 [2d Jd]
ticalsen: folds 
OMG DerClown: folds 
AGVsmarT: calls $0.05
checabrita: folds 
RodrigoEmpada: calls $0.05
Hejter1337: calls $0.05
Yuralema: folds 
bebopspike1329: calls $0.03
Dorex2007: checks 
*** FLOP *** [As 7d Ts]
bebopspike1329: checks 
Dorex2007: checks 
AGVsmarT: checks 
RodrigoEmpada: checks 
Hejter1337: bets $0.12
bebopspike1329: folds 
Dorex2007: folds 
AGVsmarT: folds 
RodrigoEmpada: folds 
Uncalled bet ($0.12) returned to Hejter1337
Hejter1337 collected $0.24 from pot
Hejter1337: doesn't show hand 
*** SUMMARY ***
Total pot $0.25 | Rake $0.01 
Board [As 7d Ts]
Seat 1: Hejter1337 collected ($0.24)
Seat 2: Yuralema (button) folded before Flop (didn't bet)
Seat 3: bebopspike1329 (small blind) folded on the Flop
Seat 4: Dorex2007 (big blind) folded on the Flop
Seat 5: ticalsen folded before Flop (didn't bet)
Seat 6: OMG DerClown folded before Flop (didn't bet)
Seat 7: AGVsmarT folded on the Flop
Seat 8: checabrita folded before Flop (didn't bet)
Seat 9: RodrigoEmpada folded on the Flop



PokerStars Hand #237634041990:  Hold'em No Limit ($0.02/$0.05 USD) - 2022/07/27 23:24:17 PT [2022/07/28 2:24:17 ET]
Table 'Hugo' 9-max Seat #3 is the button
Seat 1: Hejter1337 ($4.78 in chips) 
Seat 2: Yuralema ($5.14 in chips) 
Seat 3: bebopspike1329 ($7.84 in chips) 
Seat 4: Dorex2007 ($5 in chips) 
Seat 5: ticalsen ($10.29 in chips) 
Seat 6: OMG DerClown ($14.80 in chips) 
Seat 7: AGVsmarT ($3.32 in chips) 
Seat 8: checabrita ($8.31 in chips) 
Seat 9: RodrigoEmpada ($5.09 in chips) 
Dorex2007: posts small blind $0.02
ticalsen: posts big blind $0.05
*** HOLE CARDS ***
Dealt to Dorex2007 [8d Th]
OMG DerClown: folds 
AGVsmarT: calls $0.05
checabrita: folds 
RodrigoEmpada: folds 
Hejter1337: folds 
Yuralema: folds 
bebopspike1329: folds 
Dorex2007: folds 
ticalsen: checks 
*** FLOP *** [Tc 2h 5c]
ticalsen: checks 
AGVsmarT: bets $0.12
ticalsen: folds 
Uncalled bet ($0.12) returned to AGVsmarT
AGVsmarT collected $0.12 from pot
AGVsmarT: doesn't show hand 
*** SUMMARY ***
Total pot $0.12 | Rake $0 
Board [Tc 2h 5c]
Seat 1: Hejter1337 folded before Flop (didn't bet)
Seat 2: Yuralema folded before Flop (didn't bet)
Seat 3: bebopspike1329 (button) folded before Flop (didn't bet)
Seat 4: Dorex2007 (small blind) folded before Flop
Seat 5: ticalsen (big blind) folded on the Flop
Seat 6: OMG DerClown folded before Flop (didn't bet)
Seat 7: AGVsmarT collected ($0.12)
Seat 8: checabrita folded before Flop (didn't bet)
Seat 9: RodrigoEmpada folded before Flop (didn't bet)



PokerStars Hand #237634046019:  Hold'em No Limit ($0.02/$0.05 USD) - 2022/07/27 23:24:56 PT [2022/07/28 2:24:56 ET]
Table 'Hugo' 9-max Seat #4 is the button
Seat 1: Hejter1337 ($4.78 in chips) 
Seat 2: Yuralema ($5.14 in chips) 
Seat 3: bebopspike1329 ($7.84 in chips) 
Seat 4: Dorex2007 ($5 in chips) 
Seat 5: ticalsen ($10.24 in chips) 
Seat 6: OMG DerClown ($14.80 in chips) 
Seat 7: AGVsmarT ($3.39 in chips) 
Seat 8: checabrita ($8.31 in chips) 
Seat 9: RodrigoEmpada ($5.09 in chips) 
ticalsen: posts small blind $0.02
OMG DerClown: posts big blind $0.05
*** HOLE CARDS ***
Dealt to Dorex2007 [Ah 9s]
AGVsmarT: calls $0.05
checabrita: folds 
RodrigoEmpada: folds 
Hejter1337: folds 
Yuralema: folds 
bebopspike1329: folds 
Dorex2007: folds 
ticalsen: calls $0.03
OMG DerClown: checks 
*** FLOP *** [6h Js Qh]
ticalsen: checks 
OMG DerClown: checks 
AGVsmarT: bets $0.05
ticalsen: calls $0.05
OMG DerClown: folds 
*** TURN *** [6h Js Qh] [8h]
ticalsen: checks 
AGVsmarT: checks 
*** RIVER *** [6h Js Qh 8h] [7d]
ticalsen: checks 
AGVsmarT: checks 
*** SHOW DOWN ***
ticalsen: shows [Ts Kd] (high card King)
AGVsmarT: shows [3c 3s] (a pair of Threes)
AGVsmarT collected $0.24 from pot
*** SUMMARY ***
Total pot $0.25 | Rake $0.01 
Board [6h Js Qh 8h 7d]
Seat 1: Hejter1337 folded before Flop (didn't bet)
Seat 2: Yuralema folded before Flop (didn't bet)
Seat 3: bebopspike1329 folded before Flop (didn't bet)
Seat 4: Dorex2007 (button) folded before Flop (didn't bet)
Seat 5: ticalsen (small blind) showed [Ts Kd] and lost with high card King
Seat 6: OMG DerClown (big blind) folded on the Flop
Seat 7: AGVsmarT showed [3c 3s] and won ($0.24) with a pair of Threes
Seat 8: checabrita folded before Flop (didn't bet)
Seat 9: RodrigoEmpada folded before Flop (didn't bet)



PokerStars Hand #237634051852:  Hold'em No Limit ($0.02/$0.05 USD) - 2022/07/27 23:25:51 PT [2022/07/28 2:25:51 ET]
Table 'Hugo' 9-max Seat #5 is the button
Seat 1: Hejter1337 ($4.78 in chips) 
Seat 2: Yuralema ($5.14 in chips) 
Seat 3: bebopspike1329 ($7.84 in chips) 
Seat 4: Dorex2007 ($5 in chips) 
Seat 5: ticalsen ($10.14 in chips) 
Seat 6: OMG DerClown ($14.75 in chips) 
Seat 7: AGVsmarT ($3.53 in chips) 
Seat 8: checabrita ($8.31 in chips) 
Seat 9: RodrigoEmpada ($5.09 in chips) 
OMG DerClown: posts small blind $0.02
AGVsmarT: posts big blind $0.05
*** HOLE CARDS ***
Dealt to Dorex2007 [5s Jh]
checabrita: raises $0.10 to $0.15
RodrigoEmpada: calls $0.15
Hejter1337: folds 
Yuralema: folds 
bebopspike1329: folds 
Dorex2007: folds 
ticalsen: folds 
OMG DerClown: folds 
AGVsmarT: folds 
*** FLOP *** [4d 3s 7d]
checabrita: checks 
RodrigoEmpada: checks 
*** TURN *** [4d 3s 7d] [7s]
checabrita: bets $0.12
RodrigoEmpada: folds 
Uncalled bet ($0.12) returned to checabrita
checabrita collected $0.35 from pot
checabrita: doesn't show hand 
*** SUMMARY ***
Total pot $0.37 | Rake $0.02 
Board [4d 3s 7d 7s]
Seat 1: Hejter1337 folded before Flop (didn't bet)
Seat 2: Yuralema folded before Flop (didn't bet)
Seat 3: bebopspike1329 folded before Flop (didn't bet)
Seat 4: Dorex2007 folded before Flop (didn't bet)
Seat 5: ticalsen (button) folded before Flop (didn't bet)
Seat 6: OMG DerClown (small blind) folded before Flop
Seat 7: AGVsmarT (big blind) folded before Flop
Seat 8: checabrita collected ($0.35)
Seat 9: RodrigoEmpada folded on the Turn



PokerStars Hand #237634055735:  Hold'em No Limit ($0.02/$0.05 USD) - 2022/07/27 23:26:28 PT [2022/07/28 2:26:28 ET]
Table 'Hugo' 9-max Seat #6 is the button
Seat 1: Hejter1337 ($4.78 in chips) 
Seat 2: Yuralema ($5.14 in chips) 
Seat 3: bebopspike1329 ($7.84 in chips) 
Seat 4: Dorex2007 ($5 in chips) 
Seat 5: ticalsen ($10.14 in chips) 
Seat 6: OMG DerClown ($14.73 in chips) 
Seat 7: AGVsmarT ($3.48 in chips) 
Seat 8: checabrita ($8.51 in chips) 
Seat 9: RodrigoEmpada ($4.94 in chips) 
AGVsmarT: posts small blind $0.02
checabrita: posts big blind $0.05
*** HOLE CARDS ***
Dealt to Dorex2007 [Kh 9d]
RodrigoEmpada: folds 
Hejter1337: folds 
Yuralema: folds 
bebopspike1329: folds 
Dorex2007: folds 
ticalsen: folds 
OMG DerClown: folds 
AGVsmarT: calls $0.03
checabrita: checks 
*** FLOP *** [Jc Qd 4s]
AGVsmarT: checks 
checabrita: checks 
*** TURN *** [Jc Qd 4s] [2d]
AGVsmarT: checks 
checabrita: checks 
*** RIVER *** [Jc Qd 4s 2d] [5s]
AGVsmarT: checks 
checabrita: checks 
*** SHOW DOWN ***
AGVsmarT: shows [Ah 8c] (high card Ace)
checabrita: shows [Kc 2h] (a pair of Deuces)
checabrita collected $0.10 from pot
*** SUMMARY ***
Total pot $0.10 | Rake $0 
Board [Jc Qd 4s 2d 5s]
Seat 1: Hejter1337 folded before Flop (didn't bet)
Seat 2: Yuralema folded before Flop (didn't bet)
Seat 3: bebopspike1329 folded before Flop (didn't bet)
Seat 4: Dorex2007 folded before Flop (didn't bet)
Seat 5: ticalsen folded before Flop (didn't bet)
Seat 6: OMG DerClown (button) folded before Flop (didn't bet)
Seat 7: AGVsmarT (small blind) showed [Ah 8c] and lost with high card Ace
Seat 8: checabrita (big blind) showed [Kc 2h] and won ($0.10) with a pair of Deuces
Seat 9: RodrigoEmpada folded before Flop (didn't bet)



PokerStars Hand #237634059799:  Hold'em No Limit ($0.02/$0.05 USD) - 2022/07/27 23:27:07 PT [2022/07/28 2:27:07 ET]
Table 'Hugo' 9-max Seat #7 is the button
Seat 1: Hejter1337 ($4.78 in chips) 
Seat 2: Yuralema ($5.14 in chips) 
Seat 3: bebopspike1329 ($7.84 in chips) 
Seat 4: Dorex2007 ($5 in chips) 
Seat 5: ticalsen ($10.14 in chips) 
Seat 6: OMG DerClown ($14.73 in chips) 
Seat 7: AGVsmarT ($3.43 in chips) 
Seat 8: checabrita ($8.56 in chips) 
Seat 9: RodrigoEmpada ($4.94 in chips) 
checabrita: posts small blind $0.02
RodrigoEmpada: posts big blind $0.05
*** HOLE CARDS ***
Dealt to Dorex2007 [Jh As]
Hejter1337: folds 
Yuralema: folds 
bebopspike1329: folds 
Dorex2007: raises $0.10 to $0.15
ticalsen: folds 
OMG DerClown: calls $0.15
AGVsmarT: folds 
checabrita: folds 
RodrigoEmpada: calls $0.10
*** FLOP *** [Ts Ks Ad]
RodrigoEmpada: checks 
Dorex2007: bets $0.30
OMG DerClown: folds 
RodrigoEmpada: folds 
Uncalled bet ($0.30) returned to Dorex2007
Dorex2007 collected $0.45 from pot
Dorex2007: doesn't show hand 
*** SUMMARY ***
Total pot $0.47 | Rake $0.02 
Board [Ts Ks Ad]
Seat 1: Hejter1337 folded before Flop (didn't bet)
Seat 2: Yuralema folded before Flop (didn't bet)
Seat 3: bebopspike1329 folded before Flop (didn't bet)
Seat 4: Dorex2007 collected ($0.45)
Seat 5: ticalsen folded before Flop (didn't bet)
Seat 6: OMG DerClown folded on the Flop
Seat 7: AGVsmarT (button) folded before Flop (didn't bet)
Seat 8: checabrita (small blind) folded before Flop
Seat 9: RodrigoEmpada (big blind) folded on the Flop



PokerStars Hand #237634062567:  Hold'em No Limit ($0.02/$0.05 USD) - 2022/07/27 23:27:33 PT [2022/07/28 2:27:33 ET]
Table 'Hugo' 9-max Seat #8 is the button
Seat 1: Hejter1337 ($4.78 in chips) 
Seat 2: Yuralema ($5.14 in chips) 
Seat 3: bebopspike1329 ($7.84 in chips) 
Seat 4: Dorex2007 ($5.30 in chips) 
Seat 5: ticalsen ($10.14 in chips) 
Seat 6: OMG DerClown ($14.58 in chips) 
Seat 7: AGVsmarT ($3.43 in chips) 
Seat 8: checabrita ($8.54 in chips) 
Seat 9: RodrigoEmpada ($4.79 in chips) 
RodrigoEmpada: posts small blind $0.02
Hejter1337: posts big blind $0.05
*** HOLE CARDS ***
Dealt to Dorex2007 [7c 2c]
Yuralema: folds 
bebopspike1329: folds 
Dorex2007: folds 
ticalsen: folds 
OMG DerClown: raises $0.10 to $0.15
AGVsmarT: folds 
checabrita: folds 
RodrigoEmpada: calls $0.13
Hejter1337: calls $0.10
*** FLOP *** [4s As 3h]
RodrigoEmpada: checks 
Hejter1337: bets $0.21
OMG DerClown: folds 
RodrigoEmpada: calls $0.21
*** TURN *** [4s As 3h] [Ah]
RodrigoEmpada: checks 
Hejter1337: bets $0.41
RodrigoEmpada: folds 
Uncalled bet ($0.41) returned to Hejter1337
Hejter1337 collected $0.83 from pot
Hejter1337: doesn't show hand 
*** SUMMARY ***
Total pot $0.87 | Rake $0.04 
Board [4s As 3h Ah]
Seat 1: Hejter1337 (big blind) collected ($0.83)
Seat 2: Yuralema folded before Flop (didn't bet)
Seat 3: bebopspike1329 folded before Flop (didn't bet)
Seat 4: Dorex2007 folded before Flop (didn't bet)
Seat 5: ticalsen folded before Flop (didn't bet)
Seat 6: OMG DerClown folded on the Flop
Seat 7: AGVsmarT folded before Flop (didn't bet)
Seat 8: checabrita (button) folded before Flop (didn't bet)
Seat 9: RodrigoEmpada (small blind) folded on the Turn



PokerStars Hand #237634066291:  Hold'em No Limit ($0.02/$0.05 USD) - 2022/07/27 23:28:09 PT [2022/07/28 2:28:09 ET]
Table 'Hugo' 9-max Seat #9 is the button
Seat 1: Hejter1337 ($5.25 in chips) 
Seat 2: Yuralema ($5.14 in chips) 
Seat 3: bebopspike1329 ($7.84 in chips) 
Seat 4: Dorex2007 ($5.30 in chips) 
Seat 5: ticalsen ($10.14 in chips) 
Seat 6: OMG DerClown ($14.43 in chips) 
Seat 7: AGVsmarT ($3.43 in chips) 
Seat 8: checabrita ($8.54 in chips) 
Seat 9: RodrigoEmpada ($4.43 in chips) 
Hejter1337: posts small blind $0.02
Yuralema: posts big blind $0.05
*** HOLE CARDS ***
Dealt to Dorex2007 [6d 4s]
bebopspike1329 has timed out
bebopspike1329: folds 
Dorex2007: folds 
ticalsen: calls $0.05
OMG DerClown: folds 
AGVsmarT: raises $0.17 to $0.22
checabrita: folds 
RodrigoEmpada: folds 
Hejter1337: folds 
Yuralema: folds 
ticalsen: calls $0.17
*** FLOP *** [7h 8h Jc]
ticalsen: checks 
AGVsmarT: bets $0.49
ticalsen: folds 
Uncalled bet ($0.49) returned to AGVsmarT
AGVsmarT collected $0.49 from pot
AGVsmarT: doesn't show hand 
*** SUMMARY ***
Total pot $0.51 | Rake $0.02 
Board [7h 8h Jc]
Seat 1: Hejter1337 (small blind) folded before Flop
Seat 2: Yuralema (big blind) folded before Flop
Seat 3: bebopspike1329 folded before Flop (didn't bet)
Seat 4: Dorex2007 folded before Flop (didn't bet)
Seat 5: ticalsen folded on the Flop
Seat 6: OMG DerClown folded before Flop (didn't bet)
Seat 7: AGVsmarT collected ($0.49)
Seat 8: checabrita folded before Flop (didn't bet)
Seat 9: RodrigoEmpada (button) folded before Flop (didn't bet)



PokerStars Hand #237634070840:  Hold'em No Limit ($0.02/$0.05 USD) - 2022/07/27 23:28:52 PT [2022/07/28 2:28:52 ET]
Table 'Hugo' 9-max Seat #1 is the button
Seat 1: Hejter1337 ($5.23 in chips) 
Seat 2: Yuralema ($5.09 in chips) 
Seat 3: bebopspike1329 ($7.84 in chips) 
Seat 4: Dorex2007 ($5.30 in chips) 
Seat 5: ticalsen ($9.92 in chips) 
Seat 6: OMG DerClown ($14.43 in chips) 
Seat 7: AGVsmarT ($3.70 in chips) 
Seat 8: checabrita ($8.54 in chips) 
Seat 9: RodrigoEmpada ($4.43 in chips) 
Yuralema: posts small blind $0.02
bebopspike1329: posts big blind $0.05
*** HOLE CARDS ***
Dealt to Dorex2007 [2h 2s]
Dorex2007: calls $0.05
ticalsen: calls $0.05
OMG DerClown: folds 
AGVsmarT: calls $0.05
checabrita: folds 
RodrigoEmpada: calls $0.05
Hejter1337: folds 
Yuralema: folds 
bebopspike1329: checks 
*** FLOP *** [Tc 5s 7c]
bebopspike1329: checks 
Dorex2007: checks 
ticalsen: checks 
AGVsmarT: bets $0.26
RodrigoEmpada: folds 
bebopspike1329: folds 
Dorex2007: folds 
ticalsen: folds 
Uncalled bet ($0.26) returned to AGVsmarT
AGVsmarT collected $0.26 from pot
AGVsmarT: doesn't show hand 
*** SUMMARY ***
Total pot $0.27 | Rake $0.01 
Board [Tc 5s 7c]
Seat 1: Hejter1337 (button) folded before Flop (didn't bet)
Seat 2: Yuralema (small blind) folded before Flop
Seat 3: bebopspike1329 (big blind) folded on the Flop
Seat 4: Dorex2007 folded on the Flop
Seat 5: ticalsen folded on the Flop
Seat 6: OMG DerClown folded before Flop (didn't bet)
Seat 7: AGVsmarT collected ($0.26)
Seat 8: checabrita folded before Flop (didn't bet)
Seat 9: RodrigoEmpada folded on the Flop



PokerStars Hand #237634075842:  Hold'em No Limit ($0.02/$0.05 USD) - 2022/07/27 23:29:40 PT [2022/07/28 2:29:40 ET]
Table 'Hugo' 9-max Seat #2 is the button
Seat 1: Hejter1337 ($5.23 in chips) 
Seat 2: Yuralema ($5.07 in chips) 
Seat 3: bebopspike1329 ($7.79 in chips) 
Seat 4: Dorex2007 ($5.25 in chips) 
Seat 5: ticalsen ($9.87 in chips) 
Seat 6: OMG DerClown ($14.43 in chips) 
Seat 7: AGVsmarT ($3.91 in chips) 
Seat 8: checabrita ($8.54 in chips) 
Seat 9: RodrigoEmpada ($4.38 in chips) 
bebopspike1329: posts small blind $0.02
Dorex2007: posts big blind $0.05
*** HOLE CARDS ***
Dealt to Dorex2007 [4s 6d]
ticalsen: folds 
OMG DerClown: folds 
AGVsmarT: calls $0.05
checabrita: folds 
RodrigoEmpada: raises $0.05 to $0.10
Hejter1337: folds 
Yuralema: folds 
bebopspike1329: raises $0.20 to $0.30
Dorex2007: folds 
AGVsmarT: folds 
RodrigoEmpada: raises $0.20 to $0.50
bebopspike1329: calls $0.20
*** FLOP *** [6c 4h Tc]
bebopspike1329: checks 
RodrigoEmpada: bets $0.30
bebopspike1329: calls $0.30
*** TURN *** [6c 4h Tc] [Ac]
bebopspike1329: checks 
RodrigoEmpada: bets $0.81
bebopspike1329: calls $0.81
*** RIVER *** [6c 4h Tc Ac] [2c]
bebopspike1329: bets $0.95
RodrigoEmpada: calls $0.95
*** SHOW DOWN ***
bebopspike1329: shows [Kc Qs] (a flush, Ace high)
RodrigoEmpada: mucks hand 
bebopspike1329 collected $5 from pot
*** SUMMARY ***
Total pot $5.22 | Rake $0.22 
Board [6c 4h Tc Ac 2c]
Seat 1: Hejter1337 folded before Flop (didn't bet)
Seat 2: Yuralema (button) folded before Flop (didn't bet)
Seat 3: bebopspike1329 (small blind) showed [Kc Qs] and won ($5) with a flush, Ace high
Seat 4: Dorex2007 (big blind) folded before Flop
Seat 5: ticalsen folded before Flop (didn't bet)
Seat 6: OMG DerClown folded before Flop (didn't bet)
Seat 7: AGVsmarT folded before Flop
Seat 8: checabrita folded before Flop (didn't bet)
Seat 9: RodrigoEmpada mucked [Jd Ad]



PokerStars Hand #237634088488:  Hold'em No Limit ($0.02/$0.05 USD) - 2022/07/27 23:31:41 PT [2022/07/28 2:31:41 ET]
Table 'Hugo' 9-max Seat #3 is the button
Seat 1: Hejter1337 ($5.23 in chips) 
Seat 2: Yuralema ($5.07 in chips) 
Seat 3: bebopspike1329 ($10.23 in chips) 
Seat 4: Dorex2007 ($5.20 in chips) 
Seat 5: ticalsen ($9.87 in chips) 
Seat 6: OMG DerClown ($14.43 in chips) 
Seat 7: AGVsmarT ($3.86 in chips) 
Seat 8: checabrita ($8.54 in chips) 
Seat 9: RodrigoEmpada ($1.82 in chips) 
Dorex2007: posts small blind $0.02
ticalsen: posts big blind $0.05
*** HOLE CARDS ***
Dealt to Dorex2007 [2c Jd]
OMG DerClown has timed out
OMG DerClown: folds 
AGVsmarT: calls $0.05
checabrita: folds 
RodrigoEmpada: folds 
Hejter1337: calls $0.05
Yuralema: folds 
bebopspike1329: folds 
bebopspike1329 leaves the table
Dorex2007: folds 
ticalsen: checks 
*** FLOP *** [4s 5c Kd]
ticalsen: checks 
AGVsmarT: checks 
Hejter1337: checks 
*** TURN *** [4s 5c Kd] [7d]
ticalsen: checks 
AGVsmarT: bets $0.16
Hejter1337: folds 
ticalsen: calls $0.16
*** RIVER *** [4s 5c Kd 7d] [9d]
ticalsen: checks 
AGVsmarT: checks 
*** SHOW DOWN ***
ticalsen: shows [4h 8s] (a pair of Fours)
AGVsmarT: shows [7c Qc] (a pair of Sevens)
AGVsmarT collected $0.47 from pot
*** SUMMARY ***
Total pot $0.49 | Rake $0.02 
Board [4s 5c Kd 7d 9d]
Seat 1: Hejter1337 folded on the Turn
Seat 2: Yuralema folded before Flop (didn't bet)
Seat 3: bebopspike1329 (button) folded before Flop (didn't bet)
Seat 4: Dorex2007 (small blind) folded before Flop
Seat 5: ticalsen (big blind) showed [4h 8s] and lost with a pair of Fours
Seat 6: OMG DerClown folded before Flop (didn't bet)
Seat 7: AGVsmarT showed [7c Qc] and won ($0.47) with a pair of Sevens
Seat 8: checabrita folded before Flop (didn't bet)
Seat 9: RodrigoEmpada folded before Flop (didn't bet)



PokerStars Hand #237634094360:  Hold'em No Limit ($0.02/$0.05 USD) - 2022/07/27 23:32:36 PT [2022/07/28 2:32:36 ET]
Table 'Hugo' 9-max Seat #4 is the button
Seat 1: Hejter1337 ($5.18 in chips) 
Seat 2: Yuralema ($5.07 in chips) 
Seat 4: Dorex2007 ($5.18 in chips) 
Seat 5: ticalsen ($9.66 in chips) 
Seat 7: AGVsmarT ($4.12 in chips) 
Seat 8: checabrita ($8.54 in chips) 
Seat 9: RodrigoEmpada ($1.82 in chips) 
ticalsen: posts small blind $0.02
AGVsmarT: posts big blind $0.05
*** HOLE CARDS ***
Dealt to Dorex2007 [5h Qc]
checabrita: folds 
checabrita leaves the table
RodrigoEmpada: calls $0.05
Hejter1337: folds 
Yuralema: folds 
Dorex2007: folds 
ticalsen: calls $0.03
webmarrr joins the table at seat #8 
AGVsmarT: checks 
*** FLOP *** [Jh Kc 4c]
ticalsen: checks 
AGVsmarT: checks 
RodrigoEmpada: checks 
*** TURN *** [Jh Kc 4c] [4d]
ticalsen: checks 
AGVsmarT: checks 
RodrigoEmpada: checks 
*** RIVER *** [Jh Kc 4c 4d] [4h]
ticalsen: checks 
AGVsmarT: checks 
RodrigoEmpada: checks 
*** SHOW DOWN ***
ticalsen: shows [5s Ts] (three of a kind, Fours)
AGVsmarT: shows [8s 2d] (three of a kind, Fours)
RodrigoEmpada: shows [9s 8c] (three of a kind, Fours)
ticalsen collected $0.05 from pot
AGVsmarT collected $0.05 from pot
RodrigoEmpada collected $0.04 from pot
*** SUMMARY ***
Total pot $0.15 | Rake $0.01 
Board [Jh Kc 4c 4d 4h]
Seat 1: Hejter1337 folded before Flop (didn't bet)
Seat 2: Yuralema folded before Flop (didn't bet)
Seat 4: Dorex2007 (button) folded before Flop (didn't bet)
Seat 5: ticalsen (small blind) showed [5s Ts] and won ($0.05) with three of a kind, Fours
Seat 7: AGVsmarT (big blind) showed [8s 2d] and won ($0.05) with three of a kind, Fours
Seat 8: checabrita folded before Flop (didn't bet)
Seat 9: RodrigoEmpada showed [9s 8c] and won ($0.04) with three of a kind, Fours



PokerStars Hand #237634099181:  Hold'em No Limit ($0.02/$0.05 USD) - 2022/07/27 23:33:22 PT [2022/07/28 2:33:22 ET]
Table 'Hugo' 9-max Seat #5 is the button
Seat 1: Hejter1337 ($5.18 in chips) 
Seat 2: Yuralema ($5.07 in chips) 
Seat 4: Dorex2007 ($5.18 in chips) 
Seat 5: ticalsen ($9.66 in chips) 
Seat 7: AGVsmarT ($4.12 in chips) 
Seat 8: webmarrr ($5 in chips) 
Seat 9: RodrigoEmpada ($1.81 in chips) 
AGVsmarT: posts small blind $0.02
webmarrr: posts big blind $0.05
*** HOLE CARDS ***
Dealt to Dorex2007 [Tc Qd]
RodrigoEmpada: calls $0.05
Hejter1337: folds 
Yuralema: folds 
Dorex2007: raises $0.05 to $0.10
ticalsen: folds 
AGVsmarT: folds 
webmarrr: folds 
RodrigoEmpada: raises $0.10 to $0.20
Dorex2007: calls $0.10
*** FLOP *** [3h 2s 7c]
RodrigoEmpada: bets $0.10
Dorex2007: calls $0.10
*** TURN *** [3h 2s 7c] [As]
RodrigoEmpada: bets $0.15
Dorex2007: folds 
Uncalled bet ($0.15) returned to RodrigoEmpada
RodrigoEmpada collected $0.64 from pot
RodrigoEmpada: doesn't show hand 
*** SUMMARY ***
Total pot $0.67 | Rake $0.03 
Board [3h 2s 7c As]
Seat 1: Hejter1337 folded before Flop (didn't bet)
Seat 2: Yuralema folded before Flop (didn't bet)
Seat 4: Dorex2007 folded on the Turn
Seat 5: ticalsen (button) folded before Flop (didn't bet)
Seat 7: AGVsmarT (small blind) folded before Flop
Seat 8: webmarrr (big blind) folded before Flop
Seat 9: RodrigoEmpada collected ($0.64)



PokerStars Hand #237634104016:  Hold'em No Limit ($0.02/$0.05 USD) - 2022/07/27 23:34:08 PT [2022/07/28 2:34:08 ET]
Table 'Hugo' 9-max Seat #7 is the button
Seat 1: Hejter1337 ($5.18 in chips) 
Seat 2: Yuralema ($5.07 in chips) 
Seat 4: Dorex2007 ($5 in chips) 
Seat 5: ticalsen ($9.66 in chips) 
Seat 7: AGVsmarT ($4.10 in chips) 
Seat 8: webmarrr ($5 in chips) 
Seat 9: RodrigoEmpada ($2.15 in chips) 
webmarrr: posts small blind $0.02
RodrigoEmpada: posts big blind $0.05
*** HOLE CARDS ***
Dealt to Dorex2007 [Th Kd]
Hejter1337: raises $0.05 to $0.10
Yuralema: folds 
Dorex2007 has timed out
Dorex2007: folds 
ticalsen: folds 
AGVsmarT: folds 
webmarrr: folds 
RodrigoEmpada: calls $0.05
*** FLOP *** [5d 4s Ts]
RodrigoEmpada: checks 
Hejter1337: checks 
*** TURN *** [5d 4s Ts] [Jd]
RodrigoEmpada: checks 
Hejter1337: bets $0.10
RodrigoEmpada: calls $0.10
*** RIVER *** [5d 4s Ts Jd] [Ad]
RodrigoEmpada: checks 
Hejter1337: checks 
*** SHOW DOWN ***
RodrigoEmpada: shows [7h 7c] (a pair of Sevens)
Hejter1337: shows [8s 8c] (a pair of Eights)
Hejter1337 collected $0.40 from pot
*** SUMMARY ***
Total pot $0.42 | Rake $0.02 
Board [5d 4s Ts Jd Ad]
Seat 1: Hejter1337 showed [8s 8c] and won ($0.40) with a pair of Eights
Seat 2: Yuralema folded before Flop (didn't bet)
Seat 4: Dorex2007 folded before Flop (didn't bet)
Seat 5: ticalsen folded before Flop (didn't bet)
Seat 7: AGVsmarT (button) folded before Flop (didn't bet)
Seat 8: webmarrr (small blind) folded before Flop
Seat 9: RodrigoEmpada (big blind) showed [7h 7c] and lost with a pair of Sevens



PokerStars Hand #237634110265:  Hold'em No Limit ($0.02/$0.05 USD) - 2022/07/27 23:35:07 PT [2022/07/28 2:35:07 ET]
Table 'Hugo' 9-max Seat #8 is the button
Seat 1: Hejter1337 ($5.38 in chips) 
Seat 2: Yuralema ($5.07 in chips) 
Seat 4: Dorex2007 ($5 in chips) 
Seat 5: ticalsen ($9.66 in chips) 
Seat 7: AGVsmarT ($4.10 in chips) 
Seat 8: webmarrr ($5 in chips) 
Seat 9: RodrigoEmpada ($1.95 in chips) 
RodrigoEmpada: posts small blind $0.02
Hejter1337: posts big blind $0.05
*** HOLE CARDS ***
Dealt to Dorex2007 [Td Ks]
Yuralema: folds 
Dorex2007: calls $0.05
ticalsen: folds 
AGVsmarT: calls $0.05
webmarrr: folds 
RodrigoEmpada: calls $0.03
Hejter1337: checks 
*** FLOP *** [7c 8h 4h]
loocky3 joins the table at seat #3 
RodrigoEmpada: checks 
Hejter1337: bets $0.09
Dorex2007: folds 
AGVsmarT: calls $0.09
RodrigoEmpada: calls $0.09
*** TURN *** [7c 8h 4h] [7s]
RodrigoEmpada: checks 
Hejter1337: bets $0.22
AGVsmarT: folds 
RodrigoEmpada: folds 
Uncalled bet ($0.22) returned to Hejter1337
Hejter1337 collected $0.45 from pot
Hejter1337: doesn't show hand 
*** SUMMARY ***
Total pot $0.47 | Rake $0.02 
Board [7c 8h 4h 7s]
Seat 1: Hejter1337 (big blind) collected ($0.45)
Seat 2: Yuralema folded before Flop (didn't bet)
Seat 4: Dorex2007 folded on the Flop
Seat 5: ticalsen folded before Flop (didn't bet)
Seat 7: AGVsmarT folded on the Turn
Seat 8: webmarrr (button) folded before Flop (didn't bet)
Seat 9: RodrigoEmpada (small blind) folded on the Turn



PokerStars Hand #237634116199:  Hold'em No Limit ($0.02/$0.05 USD) - 2022/07/27 23:36:04 PT [2022/07/28 2:36:04 ET]
Table 'Hugo' 9-max Seat #9 is the button
Seat 1: Hejter1337 ($5.69 in chips) 
Seat 2: Yuralema ($5.07 in chips) 
Seat 4: Dorex2007 ($5 in chips) 
Seat 5: ticalsen ($9.66 in chips) 
Seat 7: AGVsmarT ($3.96 in chips) 
Seat 8: webmarrr ($5 in chips) 
Seat 9: RodrigoEmpada ($1.81 in chips) 
Hejter1337: posts small blind $0.02
Yuralema: posts big blind $0.05
loocky3: sits out 
*** HOLE CARDS ***
Dealt to Dorex2007 [Jd 7s]
Dorex2007: folds 
ticalsen: folds 
AGVsmarT: folds 
webmarrr: raises $0.07 to $0.12
RodrigoEmpada: folds 
Hejter1337: folds 
Yuralema: calls $0.07
*** FLOP *** [2c 4c 9s]
Yuralema: bets $0.12
webmarrr: folds 
Uncalled bet ($0.12) returned to Yuralema
Yuralema collected $0.25 from pot
Yuralema: doesn't show hand 
*** SUMMARY ***
Total pot $0.26 | Rake $0.01 
Board [2c 4c 9s]
Seat 1: Hejter1337 (small blind) folded before Flop
Seat 2: Yuralema (big blind) collected ($0.25)
Seat 4: Dorex2007 folded before Flop (didn't bet)
Seat 5: ticalsen folded before Flop (didn't bet)
Seat 7: AGVsmarT folded before Flop (didn't bet)
Seat 8: webmarrr folded on the Flop
Seat 9: RodrigoEmpada (button) folded before Flop (didn't bet)



PokerStars Hand #237634120844:  Hold'em No Limit ($0.02/$0.05 USD) - 2022/07/27 23:36:47 PT [2022/07/28 2:36:47 ET]
Table 'Hugo' 9-max Seat #1 is the button
Seat 1: Hejter1337 ($5.67 in chips) 
Seat 2: Yuralema ($5.20 in chips) 
Seat 3: loocky3 ($4 in chips) 
Seat 4: Dorex2007 ($5 in chips) 
Seat 5: ticalsen ($9.66 in chips) 
Seat 7: AGVsmarT ($3.96 in chips) 
Seat 8: webmarrr ($5 in chips) 
Seat 9: RodrigoEmpada ($1.81 in chips) 
Yuralema: posts small blind $0.02
loocky3: posts big blind $0.05
OMG DerClown: sits out 
*** HOLE CARDS ***
Dealt to Dorex2007 [Kd 9d]
Dorex2007: folds 
ticalsen: folds 
AGVsmarT: folds 
webmarrr: folds 
RodrigoEmpada: calls $0.05
Hejter1337: folds 
Yuralema: folds 
loocky3: checks 
*** FLOP *** [Td Ks Ah]
loocky3: checks 
RodrigoEmpada: bets $0.10
loocky3: folds 
Uncalled bet ($0.10) returned to RodrigoEmpada
RodrigoEmpada collected $0.12 from pot
RodrigoEmpada: doesn't show hand 
*** SUMMARY ***
Total pot $0.12 | Rake $0 
Board [Td Ks Ah]
Seat 1: Hejter1337 (button) folded before Flop (didn't bet)
Seat 2: Yuralema (small blind) folded before Flop
Seat 3: loocky3 (big blind) folded on the Flop
Seat 4: Dorex2007 folded before Flop (didn't bet)
Seat 5: ticalsen folded before Flop (didn't bet)
Seat 7: AGVsmarT folded before Flop (didn't bet)
Seat 8: webmarrr folded before Flop (didn't bet)
Seat 9: RodrigoEmpada collected ($0.12)



PokerStars Hand #237634124047:  Hold'em No Limit ($0.02/$0.05 USD) - 2022/07/27 23:37:17 PT [2022/07/28 2:37:17 ET]
Table 'Hugo' 9-max Seat #2 is the button
Seat 1: Hejter1337 ($5.67 in chips) 
Seat 2: Yuralema ($5.18 in chips) 
Seat 3: loocky3 ($3.95 in chips) 
Seat 4: Dorex2007 ($5 in chips) 
Seat 5: ticalsen ($9.66 in chips) 
Seat 7: AGVsmarT ($3.96 in chips) 
Seat 8: webmarrr ($5 in chips) 
Seat 9: RodrigoEmpada ($1.88 in chips) 
loocky3: posts small blind $0.02
Dorex2007: posts big blind $0.05
OMG DerClown: sits out 
*** HOLE CARDS ***
Dealt to Dorex2007 [3s Kc]
ticalsen: folds 
AGVsmarT: calls $0.05
webmarrr: folds 
RodrigoEmpada: raises $0.05 to $0.10
Hejter1337: folds 
ticalsen leaves the table
Yuralema: folds 
loocky3: folds 
Dorex2007: folds 
EYKY joins the table at seat #5 
AGVsmarT: calls $0.05
*** FLOP *** [5d 2h 2s]
AGVsmarT: checks 
RodrigoEmpada: bets $0.15
AGVsmarT: folds 
Uncalled bet ($0.15) returned to RodrigoEmpada
RodrigoEmpada collected $0.26 from pot
RodrigoEmpada: doesn't show hand 
*** SUMMARY ***
Total pot $0.27 | Rake $0.01 
Board [5d 2h 2s]
Seat 1: Hejter1337 folded before Flop (didn't bet)
Seat 2: Yuralema (button) folded before Flop (didn't bet)
Seat 3: loocky3 (small blind) folded before Flop
Seat 4: Dorex2007 (big blind) folded before Flop
Seat 5: ticalsen folded before Flop (didn't bet)
Seat 7: AGVsmarT folded on the Flop
Seat 8: webmarrr folded before Flop (didn't bet)
Seat 9: RodrigoEmpada collected ($0.26)



