PokerStars Hand #238820351907:  Hold'em No Limit ($0.02/$0.05 USD) - 2022/09/23 14:48:33 PT [2022/09/23 17:48:33 ET]
Table 'Barto III' 9-max Seat #7 is the button
Seat 2: XXgunit_88XX ($4.94 in chips) 
Seat 3: Dorex2007 ($5 in chips) 
Seat 4: Ti-Lex19 ($4.55 in chips) 
Seat 5: lumping ($4.68 in chips) 
Seat 7: 1611991 ($4.75 in chips) 
XXgunit_88XX: posts small blind $0.02
Dorex2007: posts big blind $0.05
Glaucou: sits out 
*** HOLE CARDS ***
Dealt to Dorex2007 [5d Js]
Ti-Lex19: raises $0.10 to $0.15
lumping: calls $0.15
1611991: folds 
XXgunit_88XX: folds 
Dorex2007: folds 
*** FLOP *** [9s 2c 7d]
Ti-Lex19: bets $0.17
lumping: folds 
Uncalled bet ($0.17) returned to Ti-Lex19
Ti-Lex19 collected $0.35 from pot
*** SUMMARY ***
Total pot $0.37 | Rake $0.02 
Board [9s 2c 7d]
Seat 2: XXgunit_88XX (small blind) folded before Flop
Seat 3: Dorex2007 (big blind) folded before Flop
Seat 4: Ti-Lex19 collected ($0.35)
Seat 5: lumping folded on the Flop
Seat 7: 1611991 (button) folded before Flop (didn't bet)



