PokerStars Hand #236591682334:  Hold'em No Limit ($0.01/$0.02 USD) - 2022/06/05 15:27:30 PT [2022/06/05 18:27:30 ET]
Table 'Hunnia III' 9-max Seat #8 is the button
Seat 1: MaxZiemann ($1.91 in chips) 
Seat 2: bukAman ($2.68 in chips) 
Seat 3: matias1624 ($2.05 in chips) 
Seat 4: esvalido09 ($0.73 in chips) 
Seat 5: INTIMIDATOR69 ($2.13 in chips) 
Seat 6: Dorex2007 ($2 in chips) 
Seat 7: dr.pontiki ($1.92 in chips) 
Seat 8: darthlemon ($1.57 in chips) 
Seat 9: themarfs ($2.69 in chips) 
themarfs: posts small blind $0.01
MaxZiemann: posts big blind $0.02
Dorex2007: posts big blind $0.02
*** HOLE CARDS ***
Dealt to Dorex2007 [Th Jd]
bukAman: folds 
matias1624: folds 
esvalido09: raises $0.04 to $0.06
INTIMIDATOR69: calls $0.06
Dorex2007: folds 
dr.pontiki: folds 
darthlemon: folds 
themarfs: folds 
MaxZiemann: folds 
*** FLOP *** [9d Ah Qs]
esvalido09: checks 
INTIMIDATOR69: checks 
*** TURN *** [9d Ah Qs] [2d]
esvalido09: checks 
INTIMIDATOR69: bets $0.06
esvalido09: calls $0.06
*** RIVER *** [9d Ah Qs 2d] [2s]
esvalido09: checks 
INTIMIDATOR69: checks 
*** SHOW DOWN ***
esvalido09: shows [6d 6h] (two pair, Sixes and Deuces)
INTIMIDATOR69: mucks hand 
esvalido09 collected $0.28 from pot
*** SUMMARY ***
Total pot $0.29 | Rake $0.01 
Board [9d Ah Qs 2d 2s]
Seat 1: MaxZiemann (big blind) folded before Flop
Seat 2: bukAman folded before Flop (didn't bet)
Seat 3: matias1624 folded before Flop (didn't bet)
Seat 4: esvalido09 showed [6d 6h] and won ($0.28) with two pair, Sixes and Deuces
Seat 5: INTIMIDATOR69 mucked [3h 3s]
Seat 6: Dorex2007 folded before Flop (didn't bet)
Seat 7: dr.pontiki folded before Flop (didn't bet)
Seat 8: darthlemon (button) folded before Flop (didn't bet)
Seat 9: themarfs (small blind) folded before Flop



PokerStars Hand #236591702131:  Hold'em No Limit ($0.01/$0.02 USD) - 2022/06/05 15:28:25 PT [2022/06/05 18:28:25 ET]
Table 'Hunnia III' 9-max Seat #9 is the button
Seat 1: MaxZiemann ($1.89 in chips) 
Seat 2: bukAman ($2.68 in chips) 
Seat 3: matias1624 ($2.05 in chips) 
Seat 4: esvalido09 ($0.89 in chips) 
Seat 5: INTIMIDATOR69 ($2.01 in chips) 
Seat 6: Dorex2007 ($2 in chips) 
Seat 7: dr.pontiki ($1.92 in chips) 
Seat 8: darthlemon ($1.57 in chips) 
Seat 9: themarfs ($2.68 in chips) 
MaxZiemann: posts small blind $0.01
bukAman: posts big blind $0.02
*** HOLE CARDS ***
Dealt to Dorex2007 [Qc Kd]
matias1624: calls $0.02
esvalido09: calls $0.02
INTIMIDATOR69: folds 
Dorex2007: raises $0.04 to $0.06
dr.pontiki: folds 
darthlemon: folds 
themarfs: folds 
MaxZiemann: folds 
bukAman: folds 
matias1624: calls $0.04
esvalido09: calls $0.04
*** FLOP *** [3c Qh 6s]
matias1624: checks 
esvalido09: checks 
Dorex2007: bets $0.13
matias1624: folds 
esvalido09: calls $0.13
*** TURN *** [3c Qh 6s] [Js]
esvalido09: checks 
Dorex2007: bets $1.81 and is all-in
esvalido09 has timed out
esvalido09: folds 
Uncalled bet ($1.81) returned to Dorex2007
Dorex2007 collected $0.45 from pot
Dorex2007: doesn't show hand 
*** SUMMARY ***
Total pot $0.47 | Rake $0.02 
Board [3c Qh 6s Js]
Seat 1: MaxZiemann (small blind) folded before Flop
Seat 2: bukAman (big blind) folded before Flop
Seat 3: matias1624 folded on the Flop
Seat 4: esvalido09 folded on the Turn
Seat 5: INTIMIDATOR69 folded before Flop (didn't bet)
Seat 6: Dorex2007 collected ($0.45)
Seat 7: dr.pontiki folded before Flop (didn't bet)
Seat 8: darthlemon folded before Flop (didn't bet)
Seat 9: themarfs (button) folded before Flop (didn't bet)



PokerStars Hand #236591729665:  Hold'em No Limit ($0.01/$0.02 USD) - 2022/06/05 15:29:41 PT [2022/06/05 18:29:41 ET]
Table 'Hunnia III' 9-max Seat #1 is the button
Seat 1: MaxZiemann ($1.88 in chips) 
Seat 2: bukAman ($2.66 in chips) 
Seat 3: matias1624 ($1.99 in chips) 
Seat 4: esvalido09 ($0.70 in chips) 
Seat 5: INTIMIDATOR69 ($2.01 in chips) 
Seat 6: Dorex2007 ($2.26 in chips) 
Seat 7: dr.pontiki ($1.92 in chips) 
Seat 8: darthlemon ($1.57 in chips) 
Seat 9: themarfs ($2.68 in chips) 
bukAman: posts small blind $0.01
matias1624: posts big blind $0.02
*** HOLE CARDS ***
Dealt to Dorex2007 [6c Jc]
esvalido09: raises $0.04 to $0.06
INTIMIDATOR69: folds 
Dorex2007: folds 
dr.pontiki: folds 
darthlemon: folds 
themarfs: raises $0.12 to $0.18
MaxZiemann: folds 
bukAman: folds 
matias1624: folds 
esvalido09: calls $0.12
*** FLOP *** [7s Js 7h]
esvalido09: checks 
themarfs: checks 
*** TURN *** [7s Js 7h] [5c]
esvalido09: checks 
themarfs: checks 
*** RIVER *** [7s Js 7h 5c] [Jd]
esvalido09: bets $0.19
themarfs: calls $0.19
*** SHOW DOWN ***
esvalido09: shows [Ts Ac] (two pair, Jacks and Sevens)
themarfs: shows [Ks Ad] (two pair, Jacks and Sevens)
esvalido09 collected $0.37 from pot
themarfs collected $0.37 from pot
*** SUMMARY ***
Total pot $0.77 | Rake $0.03 
Board [7s Js 7h 5c Jd]
Seat 1: MaxZiemann (button) folded before Flop (didn't bet)
Seat 2: bukAman (small blind) folded before Flop
Seat 3: matias1624 (big blind) folded before Flop
Seat 4: esvalido09 showed [Ts Ac] and won ($0.37) with two pair, Jacks and Sevens
Seat 5: INTIMIDATOR69 folded before Flop (didn't bet)
Seat 6: Dorex2007 folded before Flop (didn't bet)
Seat 7: dr.pontiki folded before Flop (didn't bet)
Seat 8: darthlemon folded before Flop (didn't bet)
Seat 9: themarfs showed [Ks Ad] and won ($0.37) with two pair, Jacks and Sevens



PokerStars Hand #236591759677:  Hold'em No Limit ($0.01/$0.02 USD) - 2022/06/05 15:30:38 PT [2022/06/05 18:30:38 ET]
Table 'Hunnia III' 9-max Seat #2 is the button
Seat 1: MaxZiemann ($1.88 in chips) 
Seat 2: bukAman ($2.65 in chips) 
Seat 3: matias1624 ($1.97 in chips) 
Seat 4: esvalido09 ($0.70 in chips) 
Seat 5: INTIMIDATOR69 ($2.01 in chips) 
Seat 6: Dorex2007 ($2.26 in chips) 
Seat 7: dr.pontiki ($1.92 in chips) 
Seat 8: darthlemon ($1.57 in chips) 
Seat 9: themarfs ($2.68 in chips) 
matias1624: posts small blind $0.01
esvalido09: posts big blind $0.02
*** HOLE CARDS ***
Dealt to Dorex2007 [Tc 3h]
INTIMIDATOR69: calls $0.02
Dorex2007: folds 
dr.pontiki: raises $0.06 to $0.08
darthlemon: folds 
themarfs: folds 
MaxZiemann: folds 
bukAman: folds 
matias1624: folds 
esvalido09: calls $0.06
INTIMIDATOR69: calls $0.06
*** FLOP *** [2h Ad 2c]
esvalido09: bets $0.08
INTIMIDATOR69: folds 
dr.pontiki: calls $0.08
*** TURN *** [2h Ad 2c] [5h]
esvalido09: checks 
dr.pontiki: checks 
*** RIVER *** [2h Ad 2c 5h] [2s]
esvalido09: checks 
dr.pontiki: checks 
*** SHOW DOWN ***
esvalido09: shows [9d 9s] (a full house, Deuces full of Nines)
dr.pontiki: shows [Kh Ks] (a full house, Deuces full of Kings)
dr.pontiki collected $0.40 from pot
*** SUMMARY ***
Total pot $0.41 | Rake $0.01 
Board [2h Ad 2c 5h 2s]
Seat 1: MaxZiemann folded before Flop (didn't bet)
Seat 2: bukAman (button) folded before Flop (didn't bet)
Seat 3: matias1624 (small blind) folded before Flop
Seat 4: esvalido09 (big blind) showed [9d 9s] and lost with a full house, Deuces full of Nines
Seat 5: INTIMIDATOR69 folded on the Flop
Seat 6: Dorex2007 folded before Flop (didn't bet)
Seat 7: dr.pontiki showed [Kh Ks] and won ($0.40) with a full house, Deuces full of Kings
Seat 8: darthlemon folded before Flop (didn't bet)
Seat 9: themarfs folded before Flop (didn't bet)



PokerStars Hand #236591780284:  Hold'em No Limit ($0.01/$0.02 USD) - 2022/06/05 15:31:33 PT [2022/06/05 18:31:33 ET]
Table 'Hunnia III' 9-max Seat #3 is the button
Seat 1: MaxZiemann ($1.88 in chips) 
Seat 2: bukAman ($2.65 in chips) 
Seat 3: matias1624 ($1.96 in chips) 
Seat 4: esvalido09 ($0.54 in chips) 
Seat 5: INTIMIDATOR69 ($1.93 in chips) 
Seat 6: Dorex2007 ($2.26 in chips) 
Seat 7: dr.pontiki ($2.16 in chips) 
Seat 8: darthlemon ($1.57 in chips) 
Seat 9: themarfs ($2.68 in chips) 
esvalido09: posts small blind $0.01
INTIMIDATOR69: posts big blind $0.02
*** HOLE CARDS ***
Dealt to Dorex2007 [8s 9c]
Dorex2007: folds 
dr.pontiki: raises $0.04 to $0.06
darthlemon: folds 
themarfs: raises $0.12 to $0.18
MaxZiemann: folds 
bukAman: folds 
matias1624: folds 
esvalido09: folds 
INTIMIDATOR69: folds 
dr.pontiki: calls $0.12
*** FLOP *** [8h Jh 5s]
dr.pontiki: checks 
themarfs: checks 
*** TURN *** [8h Jh 5s] [Ac]
dr.pontiki: bets $0.12
themarfs: calls $0.12
*** RIVER *** [8h Jh 5s Ac] [Qc]
dr.pontiki: bets $0.20
themarfs: calls $0.20
*** SHOW DOWN ***
dr.pontiki: shows [Ad 2d] (a pair of Aces)
themarfs: shows [Ah As] (three of a kind, Aces)
themarfs collected $0.99 from pot
*** SUMMARY ***
Total pot $1.03 | Rake $0.04 
Board [8h Jh 5s Ac Qc]
Seat 1: MaxZiemann folded before Flop (didn't bet)
Seat 2: bukAman folded before Flop (didn't bet)
Seat 3: matias1624 (button) folded before Flop (didn't bet)
Seat 4: esvalido09 (small blind) folded before Flop
Seat 5: INTIMIDATOR69 (big blind) folded before Flop
Seat 6: Dorex2007 folded before Flop (didn't bet)
Seat 7: dr.pontiki showed [Ad 2d] and lost with a pair of Aces
Seat 8: darthlemon folded before Flop (didn't bet)
Seat 9: themarfs showed [Ah As] and won ($0.99) with three of a kind, Aces



PokerStars Hand #236591797125:  Hold'em No Limit ($0.01/$0.02 USD) - 2022/06/05 15:32:19 PT [2022/06/05 18:32:19 ET]
Table 'Hunnia III' 9-max Seat #4 is the button
Seat 1: MaxZiemann ($1.88 in chips) 
Seat 2: bukAman ($2.65 in chips) 
Seat 3: matias1624 ($1.96 in chips) 
Seat 4: esvalido09 ($0.53 in chips) 
Seat 5: INTIMIDATOR69 ($1.91 in chips) 
Seat 6: Dorex2007 ($2.26 in chips) 
Seat 7: dr.pontiki ($1.66 in chips) 
Seat 8: darthlemon ($1.57 in chips) 
Seat 9: themarfs ($3.17 in chips) 
INTIMIDATOR69: posts small blind $0.01
Dorex2007: posts big blind $0.02
*** HOLE CARDS ***
Dealt to Dorex2007 [As 4d]
dr.pontiki: folds 
darthlemon: folds 
themarfs: folds 
MaxZiemann: folds 
bukAman: folds 
matias1624: folds 
esvalido09: folds 
INTIMIDATOR69: calls $0.01
Dorex2007: checks 
*** FLOP *** [6h Ad 7s]
INTIMIDATOR69: checks 
Dorex2007: bets $0.06
INTIMIDATOR69: folds 
Uncalled bet ($0.06) returned to Dorex2007
Dorex2007 collected $0.04 from pot
Dorex2007: doesn't show hand 
*** SUMMARY ***
Total pot $0.04 | Rake $0 
Board [6h Ad 7s]
Seat 1: MaxZiemann folded before Flop (didn't bet)
Seat 2: bukAman folded before Flop (didn't bet)
Seat 3: matias1624 folded before Flop (didn't bet)
Seat 4: esvalido09 (button) folded before Flop (didn't bet)
Seat 5: INTIMIDATOR69 (small blind) folded on the Flop
Seat 6: Dorex2007 (big blind) collected ($0.04)
Seat 7: dr.pontiki folded before Flop (didn't bet)
Seat 8: darthlemon folded before Flop (didn't bet)
Seat 9: themarfs folded before Flop (didn't bet)



PokerStars Hand #236591809771:  Hold'em No Limit ($0.01/$0.02 USD) - 2022/06/05 15:32:53 PT [2022/06/05 18:32:53 ET]
Table 'Hunnia III' 9-max Seat #5 is the button
Seat 1: MaxZiemann ($1.88 in chips) 
Seat 2: bukAman ($2.65 in chips) 
Seat 3: matias1624 ($1.96 in chips) 
Seat 4: esvalido09 ($0.53 in chips) 
Seat 5: INTIMIDATOR69 ($1.89 in chips) 
Seat 6: Dorex2007 ($2.28 in chips) 
Seat 7: dr.pontiki ($1.66 in chips) 
Seat 8: darthlemon ($1.57 in chips) 
Seat 9: themarfs ($3.17 in chips) 
Dorex2007: posts small blind $0.01
dr.pontiki: posts big blind $0.02
*** HOLE CARDS ***
Dealt to Dorex2007 [4c 8s]
darthlemon: folds 
themarfs: raises $0.04 to $0.06
MaxZiemann: raises $0.10 to $0.16
bukAman: folds 
matias1624: folds 
esvalido09: folds 
INTIMIDATOR69: folds 
Dorex2007: folds 
dr.pontiki: folds 
themarfs: calls $0.10
*** FLOP *** [2d Ad 6c]
themarfs: checks 
MaxZiemann: bets $0.17
themarfs: folds 
Uncalled bet ($0.17) returned to MaxZiemann
MaxZiemann collected $0.34 from pot
*** SUMMARY ***
Total pot $0.35 | Rake $0.01 
Board [2d Ad 6c]
Seat 1: MaxZiemann collected ($0.34)
Seat 2: bukAman folded before Flop (didn't bet)
Seat 3: matias1624 folded before Flop (didn't bet)
Seat 4: esvalido09 folded before Flop (didn't bet)
Seat 5: INTIMIDATOR69 (button) folded before Flop (didn't bet)
Seat 6: Dorex2007 (small blind) folded before Flop
Seat 7: dr.pontiki (big blind) folded before Flop
Seat 8: darthlemon folded before Flop (didn't bet)
Seat 9: themarfs folded on the Flop



PokerStars Hand #236591827938:  Hold'em No Limit ($0.01/$0.02 USD) - 2022/06/05 15:33:42 PT [2022/06/05 18:33:42 ET]
Table 'Hunnia III' 9-max Seat #6 is the button
Seat 1: MaxZiemann ($2.06 in chips) 
Seat 2: bukAman ($2.65 in chips) 
Seat 3: matias1624 ($1.96 in chips) 
Seat 4: esvalido09 ($0.53 in chips) 
Seat 5: INTIMIDATOR69 ($1.89 in chips) 
Seat 6: Dorex2007 ($2.27 in chips) 
Seat 7: dr.pontiki ($1.64 in chips) 
Seat 8: darthlemon ($1.57 in chips) 
Seat 9: themarfs ($3.01 in chips) 
dr.pontiki: posts small blind $0.01
darthlemon: posts big blind $0.02
*** HOLE CARDS ***
Dealt to Dorex2007 [Qc Kc]
themarfs: folds 
MaxZiemann: raises $0.04 to $0.06
bukAman: folds 
themarfs leaves the table
matias1624: folds 
esvalido09: calls $0.06
INTIMIDATOR69: folds 
Dorex2007: calls $0.06
dr.pontiki: calls $0.05
darthlemon: folds 
*** FLOP *** [7d 8h 9c]
dr.pontiki: checks 
InDiosArg95' joins the table at seat #9 
MaxZiemann: bets $0.15
esvalido09: folds 
Dorex2007: folds 
dr.pontiki: calls $0.15
*** TURN *** [7d 8h 9c] [Ah]
dr.pontiki: checks 
MaxZiemann: bets $0.29
dr.pontiki: folds 
Uncalled bet ($0.29) returned to MaxZiemann
MaxZiemann collected $0.54 from pot
*** SUMMARY ***
Total pot $0.56 | Rake $0.02 
Board [7d 8h 9c Ah]
Seat 1: MaxZiemann collected ($0.54)
Seat 2: bukAman folded before Flop (didn't bet)
Seat 3: matias1624 folded before Flop (didn't bet)
Seat 4: esvalido09 folded on the Flop
Seat 5: INTIMIDATOR69 folded before Flop (didn't bet)
Seat 6: Dorex2007 (button) folded on the Flop
Seat 7: dr.pontiki (small blind) folded on the Turn
Seat 8: darthlemon (big blind) folded before Flop
Seat 9: themarfs folded before Flop (didn't bet)



PokerStars Hand #236591851427:  Hold'em No Limit ($0.01/$0.02 USD) - 2022/06/05 15:34:46 PT [2022/06/05 18:34:46 ET]
Table 'Hunnia III' 9-max Seat #7 is the button
Seat 1: MaxZiemann ($2.39 in chips) 
Seat 2: bukAman ($2.65 in chips) 
Seat 3: matias1624 ($1.96 in chips) 
Seat 4: esvalido09 ($0.47 in chips) 
Seat 5: INTIMIDATOR69 ($1.89 in chips) 
Seat 6: Dorex2007 ($2.21 in chips) 
Seat 7: dr.pontiki ($1.43 in chips) 
Seat 8: darthlemon ($1.55 in chips) 
Seat 9: InDiosArg95' ($2 in chips) 
darthlemon: posts small blind $0.01
InDiosArg95': posts big blind $0.02
*** HOLE CARDS ***
Dealt to Dorex2007 [7c Ks]
MaxZiemann: folds 
bukAman: folds 
matias1624: folds 
esvalido09: folds 
INTIMIDATOR69: folds 
Dorex2007: folds 
dr.pontiki: folds 
darthlemon: calls $0.01
InDiosArg95': raises $0.06 to $0.08
darthlemon: folds 
Uncalled bet ($0.06) returned to InDiosArg95'
InDiosArg95' collected $0.04 from pot
*** SUMMARY ***
Total pot $0.04 | Rake $0 
Seat 1: MaxZiemann folded before Flop (didn't bet)
Seat 2: bukAman folded before Flop (didn't bet)
Seat 3: matias1624 folded before Flop (didn't bet)
Seat 4: esvalido09 folded before Flop (didn't bet)
Seat 5: INTIMIDATOR69 folded before Flop (didn't bet)
Seat 6: Dorex2007 folded before Flop (didn't bet)
Seat 7: dr.pontiki (button) folded before Flop (didn't bet)
Seat 8: darthlemon (small blind) folded before Flop
Seat 9: InDiosArg95' (big blind) collected ($0.04)



PokerStars Hand #236591860041:  Hold'em No Limit ($0.01/$0.02 USD) - 2022/06/05 15:35:09 PT [2022/06/05 18:35:09 ET]
Table 'Hunnia III' 9-max Seat #8 is the button
Seat 1: MaxZiemann ($2.39 in chips) 
Seat 2: bukAman ($2.65 in chips) 
Seat 3: matias1624 ($1.96 in chips) 
Seat 4: esvalido09 ($0.47 in chips) 
Seat 5: INTIMIDATOR69 ($1.89 in chips) 
Seat 6: Dorex2007 ($2.21 in chips) 
Seat 7: dr.pontiki ($1.43 in chips) 
Seat 8: darthlemon ($1.53 in chips) 
Seat 9: InDiosArg95' ($2.02 in chips) 
InDiosArg95': posts small blind $0.01
MaxZiemann: posts big blind $0.02
*** HOLE CARDS ***
Dealt to Dorex2007 [Ts 9h]
bukAman has timed out
bukAman: folds 
matias1624: folds 
esvalido09: calls $0.02
INTIMIDATOR69: calls $0.02
Dorex2007: folds 
dr.pontiki: calls $0.02
darthlemon: folds 
InDiosArg95': calls $0.01
MaxZiemann: checks 
*** FLOP *** [As Kd Th]
InDiosArg95': checks 
MaxZiemann: checks 
esvalido09: checks 
INTIMIDATOR69: checks 
dr.pontiki: checks 
*** TURN *** [As Kd Th] [5c]
InDiosArg95': checks 
MaxZiemann: checks 
esvalido09: checks 
INTIMIDATOR69: checks 
dr.pontiki: checks 
*** RIVER *** [As Kd Th 5c] [3c]
InDiosArg95': checks 
MaxZiemann: checks 
esvalido09: checks 
INTIMIDATOR69: checks 
dr.pontiki: checks 
*** SHOW DOWN ***
InDiosArg95': shows [8h 2h] (high card Ace)
MaxZiemann: shows [Ks 6h] (a pair of Kings)
esvalido09: mucks hand 
INTIMIDATOR69: mucks hand 
dr.pontiki: mucks hand 
MaxZiemann collected $0.10 from pot
*** SUMMARY ***
Total pot $0.10 | Rake $0 
Board [As Kd Th 5c 3c]
Seat 1: MaxZiemann (big blind) showed [Ks 6h] and won ($0.10) with a pair of Kings
Seat 2: bukAman folded before Flop (didn't bet)
Seat 3: matias1624 folded before Flop (didn't bet)
Seat 4: esvalido09 mucked [5s 7s]
Seat 5: INTIMIDATOR69 mucked [Td 9s]
Seat 6: Dorex2007 folded before Flop (didn't bet)
Seat 7: dr.pontiki mucked [8s Qs]
Seat 8: darthlemon (button) folded before Flop (didn't bet)
Seat 9: InDiosArg95' (small blind) showed [8h 2h] and lost with high card Ace



PokerStars Hand #236591889003:  Hold'em No Limit ($0.01/$0.02 USD) - 2022/06/05 15:36:29 PT [2022/06/05 18:36:29 ET]
Table 'Hunnia III' 9-max Seat #9 is the button
Seat 1: MaxZiemann ($2.47 in chips) 
Seat 2: bukAman ($2.65 in chips) 
Seat 3: matias1624 ($1.96 in chips) 
Seat 4: esvalido09 ($0.45 in chips) 
Seat 5: INTIMIDATOR69 ($1.87 in chips) 
Seat 6: Dorex2007 ($2.21 in chips) 
Seat 7: dr.pontiki ($1.41 in chips) 
Seat 8: darthlemon ($1.53 in chips) 
Seat 9: InDiosArg95' ($2 in chips) 
MaxZiemann: posts small blind $0.01
bukAman: posts big blind $0.02
*** HOLE CARDS ***
Dealt to Dorex2007 [Ad 2d]
matias1624: folds 
esvalido09: folds 
INTIMIDATOR69: folds 
Dorex2007: raises $0.04 to $0.06
dr.pontiki: calls $0.06
darthlemon: folds 
InDiosArg95': folds 
MaxZiemann: folds 
bukAman: folds 
*** FLOP *** [5h Js 4s]
Dorex2007: checks 
dr.pontiki: bets $0.06
Dorex2007: calls $0.06
*** TURN *** [5h Js 4s] [Tc]
Dorex2007: checks 
dr.pontiki: checks 
*** RIVER *** [5h Js 4s Tc] [Qd]
Dorex2007: bets $0.17
dr.pontiki: folds 
Uncalled bet ($0.17) returned to Dorex2007
Dorex2007 collected $0.26 from pot
Dorex2007: doesn't show hand 
*** SUMMARY ***
Total pot $0.27 | Rake $0.01 
Board [5h Js 4s Tc Qd]
Seat 1: MaxZiemann (small blind) folded before Flop
Seat 2: bukAman (big blind) folded before Flop
Seat 3: matias1624 folded before Flop (didn't bet)
Seat 4: esvalido09 folded before Flop (didn't bet)
Seat 5: INTIMIDATOR69 folded before Flop (didn't bet)
Seat 6: Dorex2007 collected ($0.26)
Seat 7: dr.pontiki folded on the River
Seat 8: darthlemon folded before Flop (didn't bet)
Seat 9: InDiosArg95' (button) folded before Flop (didn't bet)



PokerStars Hand #236591901994:  Hold'em No Limit ($0.01/$0.02 USD) - 2022/06/05 15:37:05 PT [2022/06/05 18:37:05 ET]
Table 'Hunnia III' 9-max Seat #1 is the button
Seat 1: MaxZiemann ($2.46 in chips) 
Seat 2: bukAman ($2.63 in chips) 
Seat 3: matias1624 ($1.96 in chips) 
Seat 4: esvalido09 ($0.45 in chips) 
Seat 5: INTIMIDATOR69 ($1.87 in chips) 
Seat 6: Dorex2007 ($2.35 in chips) 
Seat 7: dr.pontiki ($1.29 in chips) 
Seat 8: darthlemon ($1.53 in chips) 
Seat 9: InDiosArg95' ($2 in chips) 
bukAman: posts small blind $0.01
matias1624: posts big blind $0.02
*** HOLE CARDS ***
Dealt to Dorex2007 [Qh Th]
esvalido09: raises $0.02 to $0.04
INTIMIDATOR69: folds 
Dorex2007: calls $0.04
dr.pontiki: raises $0.06 to $0.10
darthlemon: folds 
InDiosArg95': folds 
MaxZiemann: folds 
bukAman: calls $0.09
matias1624: folds 
esvalido09: calls $0.06
Dorex2007: calls $0.06
*** FLOP *** [8s 7s 5h]
bukAman: checks 
esvalido09: checks 
Dorex2007: checks 
dr.pontiki: bets $0.14
bukAman: raises $0.14 to $0.28
esvalido09: folds 
Dorex2007: folds 
dr.pontiki: raises $0.14 to $0.42
bukAman: calls $0.14
*** TURN *** [8s 7s 5h] [8c]
bukAman: checks 
dr.pontiki: checks 
*** RIVER *** [8s 7s 5h 8c] [5d]
bukAman: checks 
dr.pontiki: bets $0.40
bukAman: calls $0.40
*** SHOW DOWN ***
dr.pontiki: shows [Jc Jh] (two pair, Jacks and Eights)
bukAman: mucks hand 
dr.pontiki collected $1.99 from pot
*** SUMMARY ***
Total pot $2.06 | Rake $0.07 
Board [8s 7s 5h 8c 5d]
Seat 1: MaxZiemann (button) folded before Flop (didn't bet)
Seat 2: bukAman (small blind) mucked [Tc Ts]
Seat 3: matias1624 (big blind) folded before Flop
Seat 4: esvalido09 folded on the Flop
Seat 5: INTIMIDATOR69 folded before Flop (didn't bet)
Seat 6: Dorex2007 folded on the Flop
Seat 7: dr.pontiki showed [Jc Jh] and won ($1.99) with two pair, Jacks and Eights
Seat 8: darthlemon folded before Flop (didn't bet)
Seat 9: InDiosArg95' folded before Flop (didn't bet)



PokerStars Hand #236591926679:  Hold'em No Limit ($0.01/$0.02 USD) - 2022/06/05 15:38:12 PT [2022/06/05 18:38:12 ET]
Table 'Hunnia III' 9-max Seat #2 is the button
Seat 1: MaxZiemann ($2.46 in chips) 
Seat 2: bukAman ($2 in chips) 
Seat 3: matias1624 ($1.94 in chips) 
Seat 4: esvalido09 ($0.35 in chips) 
Seat 5: INTIMIDATOR69 ($1.87 in chips) 
Seat 6: Dorex2007 ($2.25 in chips) 
Seat 7: dr.pontiki ($2.36 in chips) 
Seat 8: darthlemon ($1.53 in chips) 
Seat 9: InDiosArg95' ($2 in chips) 
matias1624: posts small blind $0.01
esvalido09: posts big blind $0.02
*** HOLE CARDS ***
Dealt to Dorex2007 [6s 5d]
INTIMIDATOR69: folds 
Dorex2007: folds 
dr.pontiki: folds 
darthlemon has timed out
darthlemon: folds 
InDiosArg95': folds 
MaxZiemann: raises $0.04 to $0.06
bukAman: calls $0.06
matias1624: folds 
esvalido09: calls $0.04
*** FLOP *** [2c Qh 6d]
esvalido09: checks 
MaxZiemann: bets $0.06
bukAman: folds 
esvalido09: folds 
Uncalled bet ($0.06) returned to MaxZiemann
MaxZiemann collected $0.18 from pot
darthlemon leaves the table
*** SUMMARY ***
Total pot $0.19 | Rake $0.01 
Board [2c Qh 6d]
Seat 1: MaxZiemann collected ($0.18)
Seat 2: bukAman (button) folded on the Flop
Seat 3: matias1624 (small blind) folded before Flop
Seat 4: esvalido09 (big blind) folded on the Flop
Seat 5: INTIMIDATOR69 folded before Flop (didn't bet)
Seat 6: Dorex2007 folded before Flop (didn't bet)
Seat 7: dr.pontiki folded before Flop (didn't bet)
Seat 8: darthlemon folded before Flop (didn't bet)
Seat 9: InDiosArg95' folded before Flop (didn't bet)



PokerStars Hand #236591941538:  Hold'em No Limit ($0.01/$0.02 USD) - 2022/06/05 15:38:53 PT [2022/06/05 18:38:53 ET]
Table 'Hunnia III' 9-max Seat #3 is the button
Seat 1: MaxZiemann ($2.58 in chips) 
Seat 2: bukAman ($2 in chips) 
Seat 3: matias1624 ($1.93 in chips) 
Seat 4: esvalido09 ($0.29 in chips) 
Seat 5: INTIMIDATOR69 ($1.87 in chips) 
Seat 6: Dorex2007 ($2.25 in chips) 
Seat 7: dr.pontiki ($2.36 in chips) 
Seat 9: InDiosArg95' ($2 in chips) 
esvalido09: posts small blind $0.01
INTIMIDATOR69: posts big blind $0.02
*** HOLE CARDS ***
Dealt to Dorex2007 [Qs 3d]
Dorex2007: folds 
dr.pontiki: folds 
InDiosArg95': folds 
MaxZiemann: folds 
bukAman: raises $0.04 to $0.06
matias1624: calls $0.06
esvalido09: calls $0.05
INTIMIDATOR69: calls $0.04
*** FLOP *** [Ks Js Jd]
esvalido09: checks 
INTIMIDATOR69: checks 
bukAman: checks 
matias1624: checks 
*** TURN *** [Ks Js Jd] [2c]
esvalido09: checks 
INTIMIDATOR69: checks 
bukAman: checks 
matias1624: bets $0.11
esvalido09: folds 
INTIMIDATOR69: folds 
bukAman: folds 
Uncalled bet ($0.11) returned to matias1624
matias1624 collected $0.23 from pot
perffect16 joins the table at seat #8 
matias1624: doesn't show hand 
*** SUMMARY ***
Total pot $0.24 | Rake $0.01 
Board [Ks Js Jd 2c]
Seat 1: MaxZiemann folded before Flop (didn't bet)
Seat 2: bukAman folded on the Turn
Seat 3: matias1624 (button) collected ($0.23)
Seat 4: esvalido09 (small blind) folded on the Turn
Seat 5: INTIMIDATOR69 (big blind) folded on the Turn
Seat 6: Dorex2007 folded before Flop (didn't bet)
Seat 7: dr.pontiki folded before Flop (didn't bet)
Seat 9: InDiosArg95' folded before Flop (didn't bet)



PokerStars Hand #236591963749:  Hold'em No Limit ($0.01/$0.02 USD) - 2022/06/05 15:39:54 PT [2022/06/05 18:39:54 ET]
Table 'Hunnia III' 9-max Seat #4 is the button
Seat 1: MaxZiemann ($2.58 in chips) 
Seat 2: bukAman ($2 in chips) 
Seat 3: matias1624 ($2.10 in chips) 
Seat 4: esvalido09 ($0.23 in chips) 
Seat 5: INTIMIDATOR69 ($1.81 in chips) 
Seat 6: Dorex2007 ($2.25 in chips) 
Seat 7: dr.pontiki ($2.36 in chips) 
Seat 9: InDiosArg95' ($2 in chips) 
INTIMIDATOR69: posts small blind $0.01
Dorex2007: posts big blind $0.02
perffect16: sits out 
*** HOLE CARDS ***
Dealt to Dorex2007 [Kh 9d]
dr.pontiki: folds 
InDiosArg95': folds 
MaxZiemann: folds 
bukAman: raises $0.04 to $0.06
matias1624: folds 
esvalido09: folds 
INTIMIDATOR69: folds 
Dorex2007: folds 
Uncalled bet ($0.04) returned to bukAman
bukAman collected $0.05 from pot
bukAman: doesn't show hand 
*** SUMMARY ***
Total pot $0.05 | Rake $0 
Seat 1: MaxZiemann folded before Flop (didn't bet)
Seat 2: bukAman collected ($0.05)
Seat 3: matias1624 folded before Flop (didn't bet)
Seat 4: esvalido09 (button) folded before Flop (didn't bet)
Seat 5: INTIMIDATOR69 (small blind) folded before Flop
Seat 6: Dorex2007 (big blind) folded before Flop
Seat 7: dr.pontiki folded before Flop (didn't bet)
Seat 9: InDiosArg95' folded before Flop (didn't bet)



PokerStars Hand #236591971792:  Hold'em No Limit ($0.01/$0.02 USD) - 2022/06/05 15:40:16 PT [2022/06/05 18:40:16 ET]
Table 'Hunnia III' 9-max Seat #5 is the button
Seat 1: MaxZiemann ($2.58 in chips) 
Seat 2: bukAman ($2.03 in chips) 
Seat 3: matias1624 ($2.10 in chips) 
Seat 4: esvalido09 ($0.23 in chips) 
Seat 5: INTIMIDATOR69 ($1.80 in chips) 
Seat 6: Dorex2007 ($2.23 in chips) 
Seat 8: perffect16 ($2 in chips) 
Seat 9: InDiosArg95' ($2 in chips) 
Dorex2007: posts small blind $0.01
dr.pontiki: is sitting out 
perffect16: posts big blind $0.02
*** HOLE CARDS ***
Dealt to Dorex2007 [6c Js]
InDiosArg95': folds 
dr.pontiki leaves the table
MaxZiemann: folds 
bukAman: raises $0.04 to $0.06
matias1624: folds 
esvalido09: folds 
INTIMIDATOR69: folds 
Dorex2007: folds 
perffect16: calls $0.04
*** FLOP *** [8c Kh 3d]
perffect16: checks 
bukAman: checks 
*** TURN *** [8c Kh 3d] [Kc]
Catonajack joins the table at seat #7 
perffect16: checks 
bukAman: bets $0.10
perffect16: calls $0.10
*** RIVER *** [8c Kh 3d Kc] [5d]
perffect16: checks 
bukAman: checks 
*** SHOW DOWN ***
perffect16: shows [5c Ac] (two pair, Kings and Fives)
bukAman: mucks hand 
perffect16 collected $0.32 from pot
*** SUMMARY ***
Total pot $0.33 | Rake $0.01 
Board [8c Kh 3d Kc 5d]
Seat 1: MaxZiemann folded before Flop (didn't bet)
Seat 2: bukAman mucked [4c 4s]
Seat 3: matias1624 folded before Flop (didn't bet)
Seat 4: esvalido09 folded before Flop (didn't bet)
Seat 5: INTIMIDATOR69 (button) folded before Flop (didn't bet)
Seat 6: Dorex2007 (small blind) folded before Flop
Seat 8: perffect16 (big blind) showed [5c Ac] and won ($0.32) with two pair, Kings and Fives
Seat 9: InDiosArg95' folded before Flop (didn't bet)



PokerStars Hand #236591991110:  Hold'em No Limit ($0.01/$0.02 USD) - 2022/06/05 15:41:09 PT [2022/06/05 18:41:09 ET]
Table 'Hunnia III' 9-max Seat #6 is the button
Seat 1: MaxZiemann ($2.58 in chips) 
Seat 2: bukAman ($2 in chips) 
Seat 3: matias1624 ($2.10 in chips) 
Seat 4: esvalido09 ($0.23 in chips) 
Seat 5: INTIMIDATOR69 ($1.80 in chips) 
Seat 6: Dorex2007 ($2.22 in chips) 
Seat 8: perffect16 ($2.16 in chips) 
Seat 9: InDiosArg95' ($2 in chips) 
perffect16: posts small blind $0.01
InDiosArg95': posts big blind $0.02
*** HOLE CARDS ***
Dealt to Dorex2007 [8h As]
MaxZiemann: folds 
bukAman: folds 
matias1624: folds 
esvalido09: folds 
INTIMIDATOR69: calls $0.02
Dorex2007: folds 
perffect16: calls $0.01
InDiosArg95': checks 
*** FLOP *** [Ah 7h 9s]
perffect16: checks 
InDiosArg95': checks 
INTIMIDATOR69: checks 
*** TURN *** [Ah 7h 9s] [8c]
perffect16: checks 
InDiosArg95': checks 
INTIMIDATOR69: checks 
*** RIVER *** [Ah 7h 9s 8c] [Th]
perffect16: checks 
InDiosArg95': bets $0.05
INTIMIDATOR69: folds 
perffect16: folds 
Uncalled bet ($0.05) returned to InDiosArg95'
InDiosArg95' collected $0.06 from pot
*** SUMMARY ***
Total pot $0.06 | Rake $0 
Board [Ah 7h 9s 8c Th]
Seat 1: MaxZiemann folded before Flop (didn't bet)
Seat 2: bukAman folded before Flop (didn't bet)
Seat 3: matias1624 folded before Flop (didn't bet)
Seat 4: esvalido09 folded before Flop (didn't bet)
Seat 5: INTIMIDATOR69 folded on the River
Seat 6: Dorex2007 (button) folded before Flop (didn't bet)
Seat 8: perffect16 (small blind) folded on the River
Seat 9: InDiosArg95' (big blind) collected ($0.06)



PokerStars Hand #236592020902:  Hold'em No Limit ($0.01/$0.02 USD) - 2022/06/05 15:42:32 PT [2022/06/05 18:42:32 ET]
Table 'Hunnia III' 9-max Seat #8 is the button
Seat 2: bukAman ($2 in chips) 
Seat 3: matias1624 ($2.10 in chips) 
Seat 4: esvalido09 ($0.23 in chips) 
Seat 6: Dorex2007 ($2.22 in chips) 
Seat 7: Catonajack ($1.60 in chips) 
Seat 8: perffect16 ($2.14 in chips) 
Seat 9: InDiosArg95' ($2.04 in chips) 
InDiosArg95': posts small blind $0.01
MaxZiemann: is sitting out 
bukAman: posts big blind $0.02
Catonajack: posts big blind $0.02
*** HOLE CARDS ***
Dealt to Dorex2007 [Kh 4d]
matias1624: calls $0.02
esvalido09: calls $0.02
Dorex2007: folds 
MaxZiemann leaves the table
Catonajack: raises $0.02 to $0.04
perffect16: folds 
InDiosArg95': folds 
bukAman: calls $0.02
matias1624: calls $0.02
esvalido09: calls $0.02
*** FLOP *** [6c 3s 2c]
bukAman: checks 
matias1624: checks 
esvalido09: checks 
Serenity1404 joins the table at seat #1 
Catonajack: checks 
*** TURN *** [6c 3s 2c] [9h]
Serenity1404 leaves the table
bukAman: checks 
matias1624: checks 
esvalido09: checks 
Catonajack: checks 
*** RIVER *** [6c 3s 2c 9h] [8c]
bukAman: checks 
matias1624: checks 
esvalido09: bets $0.08
Catonajack: folds 
bukAman: folds 
matias1624: folds 
Uncalled bet ($0.08) returned to esvalido09
esvalido09 collected $0.16 from pot
JACK333333! joins the table at seat #1 
esvalido09: doesn't show hand 
*** SUMMARY ***
Total pot $0.17 | Rake $0.01 
Board [6c 3s 2c 9h 8c]
Seat 2: bukAman (big blind) folded on the River
Seat 3: matias1624 folded on the River
Seat 4: esvalido09 collected ($0.16)
Seat 6: Dorex2007 folded before Flop (didn't bet)
Seat 7: Catonajack folded on the River
Seat 8: perffect16 (button) folded before Flop (didn't bet)
Seat 9: InDiosArg95' (small blind) folded before Flop



PokerStars Hand #236592049281:  Hold'em No Limit ($0.01/$0.02 USD) - 2022/06/05 15:43:52 PT [2022/06/05 18:43:52 ET]
Table 'Hunnia III' 9-max Seat #9 is the button
Seat 2: bukAman ($2 in chips) 
Seat 3: matias1624 ($2.06 in chips) 
Seat 4: esvalido09 ($0.35 in chips) 
Seat 6: Dorex2007 ($2.22 in chips) 
Seat 7: Catonajack ($1.56 in chips) 
Seat 8: perffect16 ($2.14 in chips) 
Seat 9: InDiosArg95' ($2.03 in chips) 
bukAman: posts small blind $0.01
matias1624: posts big blind $0.02
*** HOLE CARDS ***
Dealt to Dorex2007 [Qs 5d]
esvalido09: calls $0.02
Dorex2007: folds 
Catonajack: folds 
perffect16: raises $0.04 to $0.06
InDiosArg95': calls $0.06
bukAman: folds 
matias1624: folds 
esvalido09: calls $0.04
*** FLOP *** [7h Ac 4h]
esvalido09: checks 
perffect16: checks 
InDiosArg95': bets $0.14
esvalido09: folds 
perffect16: calls $0.14
*** TURN *** [7h Ac 4h] [Jd]
perffect16: checks 
InDiosArg95': bets $0.23
perffect16: folds 
Uncalled bet ($0.23) returned to InDiosArg95'
InDiosArg95' collected $0.47 from pot
*** SUMMARY ***
Total pot $0.49 | Rake $0.02 
Board [7h Ac 4h Jd]
Seat 2: bukAman (small blind) folded before Flop
Seat 3: matias1624 (big blind) folded before Flop
Seat 4: esvalido09 folded on the Flop
Seat 6: Dorex2007 folded before Flop (didn't bet)
Seat 7: Catonajack folded before Flop (didn't bet)
Seat 8: perffect16 folded on the Turn
Seat 9: InDiosArg95' (button) collected ($0.47)



PokerStars Hand #236592070230:  Hold'em No Limit ($0.01/$0.02 USD) - 2022/06/05 15:44:52 PT [2022/06/05 18:44:52 ET]
Table 'Hunnia III' 9-max Seat #2 is the button
Seat 1: JACK333333! ($1 in chips) 
Seat 2: bukAman ($2 in chips) 
Seat 3: matias1624 ($2.04 in chips) 
Seat 4: esvalido09 ($0.29 in chips) 
Seat 6: Dorex2007 ($2.22 in chips) 
Seat 7: Catonajack ($1.56 in chips) 
Seat 8: perffect16 ($1.94 in chips) 
Seat 9: InDiosArg95' ($2.30 in chips) 
matias1624: posts small blind $0.01
esvalido09: posts big blind $0.02
JACK333333!: posts big blind $0.02
*** HOLE CARDS ***
Dealt to Dorex2007 [6h Kc]
Dorex2007: folds 
Catonajack: raises $0.02 to $0.04
perffect16: calls $0.04
InDiosArg95': folds 
JACK333333!: calls $0.02
bukAman: folds 
matias1624: folds 
esvalido09: calls $0.02
*** FLOP *** [2c Qh Kd]
esvalido09: checks 
Catonajack: checks 
perffect16: checks 
JACK333333!: bets $0.02
esvalido09: folds 
Catonajack: calls $0.02
perffect16: folds 
*** TURN *** [2c Qh Kd] [As]
Catonajack: checks 
JACK333333!: bets $0.26
Catonajack: folds 
Uncalled bet ($0.26) returned to JACK333333!
JACK333333! collected $0.20 from pot
JACK333333!: doesn't show hand 
*** SUMMARY ***
Total pot $0.21 | Rake $0.01 
Board [2c Qh Kd As]
Seat 1: JACK333333! collected ($0.20)
Seat 2: bukAman (button) folded before Flop (didn't bet)
Seat 3: matias1624 (small blind) folded before Flop
Seat 4: esvalido09 (big blind) folded on the Flop
Seat 6: Dorex2007 folded before Flop (didn't bet)
Seat 7: Catonajack folded on the Turn
Seat 8: perffect16 folded on the Flop
Seat 9: InDiosArg95' folded before Flop (didn't bet)



PokerStars Hand #236592088179:  Hold'em No Limit ($0.01/$0.02 USD) - 2022/06/05 15:45:43 PT [2022/06/05 18:45:43 ET]
Table 'Hunnia III' 9-max Seat #3 is the button
Seat 1: JACK333333! ($1.14 in chips) 
Seat 2: bukAman ($2 in chips) 
Seat 3: matias1624 ($2.03 in chips) 
Seat 4: esvalido09 ($0.25 in chips) 
Seat 6: Dorex2007 ($2.22 in chips) 
Seat 7: Catonajack ($1.50 in chips) 
Seat 8: perffect16 ($1.90 in chips) 
Seat 9: InDiosArg95' ($2.30 in chips) 
esvalido09: posts small blind $0.01
Dorex2007: posts big blind $0.02
*** HOLE CARDS ***
Dealt to Dorex2007 [Ts 4d]
Catonajack: folds 
perffect16: calls $0.02
InDiosArg95': folds 
JACK333333!: calls $0.02
bukAman: folds 
matias1624: calls $0.02
esvalido09: raises $0.02 to $0.04
Dorex2007: folds 
perffect16: calls $0.02
JACK333333!: raises $0.02 to $0.06
matias1624: calls $0.04
esvalido09: calls $0.02
perffect16: calls $0.02
*** FLOP *** [Qd 7d Qc]
esvalido09: checks 
perffect16: checks 
JACK333333!: bets $0.02
matias1624: calls $0.02
esvalido09: folds 
perffect16: calls $0.02
*** TURN *** [Qd 7d Qc] [5s]
perffect16: checks 
JACK333333!: bets $0.12
matias1624: folds 
perffect16: folds 
Uncalled bet ($0.12) returned to JACK333333!
JACK333333! collected $0.31 from pot
JACK333333!: doesn't show hand 
*** SUMMARY ***
Total pot $0.32 | Rake $0.01 
Board [Qd 7d Qc 5s]
Seat 1: JACK333333! collected ($0.31)
Seat 2: bukAman folded before Flop (didn't bet)
Seat 3: matias1624 (button) folded on the Turn
Seat 4: esvalido09 (small blind) folded on the Flop
Seat 6: Dorex2007 (big blind) folded before Flop
Seat 7: Catonajack folded before Flop (didn't bet)
Seat 8: perffect16 folded on the Turn
Seat 9: InDiosArg95' folded before Flop (didn't bet)



PokerStars Hand #236592110710:  Hold'em No Limit ($0.01/$0.02 USD) - 2022/06/05 15:46:47 PT [2022/06/05 18:46:47 ET]
Table 'Hunnia III' 9-max Seat #4 is the button
Seat 1: JACK333333! ($1.37 in chips) 
Seat 2: bukAman ($2 in chips) 
Seat 3: matias1624 ($1.95 in chips) 
Seat 4: esvalido09 ($0.19 in chips) 
Seat 6: Dorex2007 ($2.20 in chips) 
Seat 7: Catonajack ($1.50 in chips) 
Seat 8: perffect16 ($1.82 in chips) 
Seat 9: InDiosArg95' ($2.30 in chips) 
Dorex2007: posts small blind $0.01
Catonajack: posts big blind $0.02
*** HOLE CARDS ***
Dealt to Dorex2007 [Ts 3d]
perffect16: folds 
InDiosArg95': folds 
JACK333333!: folds 
bukAman: raises $0.04 to $0.06
matias1624: folds 
esvalido09: calls $0.06
Dorex2007: folds 
Catonajack: folds 
*** FLOP *** [8c 3s 5d]
JACK333333! leaves the table
bukAman: bets $0.11
esvalido09: folds 
Uncalled bet ($0.11) returned to bukAman
bukAman collected $0.14 from pot
bukAman: doesn't show hand 
*** SUMMARY ***
Total pot $0.15 | Rake $0.01 
Board [8c 3s 5d]
Seat 1: JACK333333! folded before Flop (didn't bet)
Seat 2: bukAman collected ($0.14)
Seat 3: matias1624 folded before Flop (didn't bet)
Seat 4: esvalido09 (button) folded on the Flop
Seat 6: Dorex2007 (small blind) folded before Flop
Seat 7: Catonajack (big blind) folded before Flop
Seat 8: perffect16 folded before Flop (didn't bet)
Seat 9: InDiosArg95' folded before Flop (didn't bet)



PokerStars Hand #236592120088:  Hold'em No Limit ($0.01/$0.02 USD) - 2022/06/05 15:47:14 PT [2022/06/05 18:47:14 ET]
Table 'Hunnia III' 9-max Seat #6 is the button
Seat 2: bukAman ($2.08 in chips) 
Seat 3: matias1624 ($1.95 in chips) 
Seat 4: esvalido09 ($0.13 in chips) 
Seat 6: Dorex2007 ($2.19 in chips) 
Seat 7: Catonajack ($1.48 in chips) 
Seat 8: perffect16 ($1.82 in chips) 
Seat 9: InDiosArg95' ($2.30 in chips) 
Catonajack: posts small blind $0.01
perffect16: posts big blind $0.02
*** HOLE CARDS ***
Dealt to Dorex2007 [8s Qd]
InDiosArg95': folds 
bukAman: folds 
matias1624: folds 
esvalido09: calls $0.02
Dorex2007: folds 
PadhraicMarron joins the table at seat #1 
Catonajack: calls $0.01
perffect16: checks 
*** FLOP *** [Qc 9c 8c]
Catonajack: checks 
perffect16: checks 
esvalido09: checks 
*** TURN *** [Qc 9c 8c] [Ac]
Catonajack: bets $0.03
perffect16: folds 
esvalido09: folds 
Uncalled bet ($0.03) returned to Catonajack
Catonajack collected $0.06 from pot
Catonajack: doesn't show hand 
*** SUMMARY ***
Total pot $0.06 | Rake $0 
Board [Qc 9c 8c Ac]
Seat 2: bukAman folded before Flop (didn't bet)
Seat 3: matias1624 folded before Flop (didn't bet)
Seat 4: esvalido09 folded on the Turn
Seat 6: Dorex2007 (button) folded before Flop (didn't bet)
Seat 7: Catonajack (small blind) collected ($0.06)
Seat 8: perffect16 (big blind) folded on the Turn
Seat 9: InDiosArg95' folded before Flop (didn't bet)



PokerStars Hand #236592136748:  Hold'em No Limit ($0.01/$0.02 USD) - 2022/06/05 15:48:03 PT [2022/06/05 18:48:03 ET]
Table 'Hunnia III' 9-max Seat #7 is the button
Seat 1: PadhraicMarron ($0.85 in chips) 
Seat 2: bukAman ($2.08 in chips) 
Seat 3: matias1624 ($1.95 in chips) 
Seat 4: esvalido09 ($0.11 in chips) 
Seat 6: Dorex2007 ($2.19 in chips) 
Seat 7: Catonajack ($1.52 in chips) 
Seat 8: perffect16 ($1.80 in chips) 
Seat 9: InDiosArg95' ($2.30 in chips) 
perffect16: posts small blind $0.01
InDiosArg95': posts big blind $0.02
PadhraicMarron: posts big blind $0.02
*** HOLE CARDS ***
Dealt to Dorex2007 [Qc 9d]
PadhraicMarron: checks 
bukAman: raises $0.07 to $0.09
matias1624: folds 
esvalido09: folds 
Dorex2007: folds 
Catonajack: folds 
perffect16: folds 
InDiosArg95': folds 
PadhraicMarron: calls $0.07
*** FLOP *** [5d 2s 6d]
PadhraicMarron: checks 
bukAman: checks 
*** TURN *** [5d 2s 6d] [2d]
PadhraicMarron: checks 
bukAman: checks 
*** RIVER *** [5d 2s 6d 2d] [5h]
PadhraicMarron: checks 
bukAman: checks 
*** SHOW DOWN ***
PadhraicMarron: shows [7h 6h] (two pair, Sixes and Fives)
bukAman: mucks hand 
PadhraicMarron collected $0.20 from pot
*** SUMMARY ***
Total pot $0.21 | Rake $0.01 
Board [5d 2s 6d 2d 5h]
Seat 1: PadhraicMarron showed [7h 6h] and won ($0.20) with two pair, Sixes and Fives
Seat 2: bukAman mucked [3h 3d]
Seat 3: matias1624 folded before Flop (didn't bet)
Seat 4: esvalido09 folded before Flop (didn't bet)
Seat 6: Dorex2007 folded before Flop (didn't bet)
Seat 7: Catonajack (button) folded before Flop (didn't bet)
Seat 8: perffect16 (small blind) folded before Flop
Seat 9: InDiosArg95' (big blind) folded before Flop



PokerStars Hand #236592153895:  Hold'em No Limit ($0.01/$0.02 USD) - 2022/06/05 15:48:53 PT [2022/06/05 18:48:53 ET]
Table 'Hunnia III' 9-max Seat #8 is the button
Seat 1: PadhraicMarron ($0.96 in chips) 
Seat 2: bukAman ($2 in chips) 
Seat 3: matias1624 ($1.95 in chips) 
Seat 4: esvalido09 ($0.11 in chips) 
Seat 6: Dorex2007 ($2.19 in chips) 
Seat 7: Catonajack ($1.52 in chips) 
Seat 8: perffect16 ($2 in chips) 
Seat 9: InDiosArg95' ($2.28 in chips) 
InDiosArg95': posts small blind $0.01
PadhraicMarron: posts big blind $0.02
*** HOLE CARDS ***
Dealt to Dorex2007 [7h Qc]
bukAman: folds 
matias1624: folds 
esvalido09: folds 
Dorex2007: folds 
Catonajack: folds 
perffect16: calls $0.02
InDiosArg95': folds 
PadhraicMarron: checks 
*** FLOP *** [7s 2c 9d]
PadhraicMarron: checks 
perffect16: bets $0.05
PadhraicMarron: folds 
Uncalled bet ($0.05) returned to perffect16
perffect16 collected $0.05 from pot
perffect16: doesn't show hand 
*** SUMMARY ***
Total pot $0.05 | Rake $0 
Board [7s 2c 9d]
Seat 1: PadhraicMarron (big blind) folded on the Flop
Seat 2: bukAman folded before Flop (didn't bet)
Seat 3: matias1624 folded before Flop (didn't bet)
Seat 4: esvalido09 folded before Flop (didn't bet)
Seat 6: Dorex2007 folded before Flop (didn't bet)
Seat 7: Catonajack folded before Flop (didn't bet)
Seat 8: perffect16 (button) collected ($0.05)
Seat 9: InDiosArg95' (small blind) folded before Flop



PokerStars Hand #236592167685:  Hold'em No Limit ($0.01/$0.02 USD) - 2022/06/05 15:49:32 PT [2022/06/05 18:49:32 ET]
Table 'Hunnia III' 9-max Seat #9 is the button
Seat 1: PadhraicMarron ($0.94 in chips) 
Seat 2: bukAman ($2 in chips) 
Seat 3: matias1624 ($1.95 in chips) 
Seat 4: esvalido09 ($0.11 in chips) 
Seat 6: Dorex2007 ($2.19 in chips) 
Seat 7: Catonajack ($1.52 in chips) 
Seat 8: perffect16 ($2.03 in chips) 
Seat 9: InDiosArg95' ($2.27 in chips) 
PadhraicMarron: posts small blind $0.01
bukAman: posts big blind $0.02
*** HOLE CARDS ***
Dealt to Dorex2007 [Kc Qc]
matias1624: calls $0.02
esvalido09: folds 
Dorex2007: raises $0.08 to $0.10
Catonajack: folds 
perffect16: folds 
InDiosArg95': folds 
PadhraicMarron: folds 
bukAman: folds 
matias1624: folds 
Uncalled bet ($0.08) returned to Dorex2007
Dorex2007 collected $0.07 from pot
Dorex2007: doesn't show hand 
*** SUMMARY ***
Total pot $0.07 | Rake $0 
Seat 1: PadhraicMarron (small blind) folded before Flop
Seat 2: bukAman (big blind) folded before Flop
Seat 3: matias1624 folded before Flop
Seat 4: esvalido09 folded before Flop (didn't bet)
Seat 6: Dorex2007 collected ($0.07)
Seat 7: Catonajack folded before Flop (didn't bet)
Seat 8: perffect16 folded before Flop (didn't bet)
Seat 9: InDiosArg95' (button) folded before Flop (didn't bet)



PokerStars Hand #236592174749:  Hold'em No Limit ($0.01/$0.02 USD) - 2022/06/05 15:49:53 PT [2022/06/05 18:49:53 ET]
Table 'Hunnia III' 9-max Seat #1 is the button
Seat 1: PadhraicMarron ($0.93 in chips) 
Seat 2: bukAman ($2 in chips) 
Seat 3: matias1624 ($1.93 in chips) 
Seat 4: esvalido09 ($0.11 in chips) 
Seat 6: Dorex2007 ($2.24 in chips) 
Seat 7: Catonajack ($1.52 in chips) 
Seat 8: perffect16 ($2.03 in chips) 
Seat 9: InDiosArg95' ($2.27 in chips) 
bukAman: posts small blind $0.01
matias1624: posts big blind $0.02
*** HOLE CARDS ***
Dealt to Dorex2007 [Th 7d]
esvalido09: raises $0.02 to $0.04
Dorex2007: folds 
Catonajack: folds 
perffect16: folds 
InDiosArg95': folds 
PadhraicMarron: folds 
bukAman: folds 
matias1624: calls $0.02
*** FLOP *** [Jc 5s 8d]
matias1624: checks 
esvalido09: bets $0.07 and is all-in
matias1624: folds 
Uncalled bet ($0.07) returned to esvalido09
esvalido09 collected $0.09 from pot
esvalido09: doesn't show hand 
*** SUMMARY ***
Total pot $0.09 | Rake $0 
Board [Jc 5s 8d]
Seat 1: PadhraicMarron (button) folded before Flop (didn't bet)
Seat 2: bukAman (small blind) folded before Flop
Seat 3: matias1624 (big blind) folded on the Flop
Seat 4: esvalido09 collected ($0.09)
Seat 6: Dorex2007 folded before Flop (didn't bet)
Seat 7: Catonajack folded before Flop (didn't bet)
Seat 8: perffect16 folded before Flop (didn't bet)
Seat 9: InDiosArg95' folded before Flop (didn't bet)



PokerStars Hand #236592183232:  Hold'em No Limit ($0.01/$0.02 USD) - 2022/06/05 15:50:18 PT [2022/06/05 18:50:18 ET]
Table 'Hunnia III' 9-max Seat #2 is the button
Seat 1: PadhraicMarron ($0.93 in chips) 
Seat 2: bukAman ($2 in chips) 
Seat 3: matias1624 ($1.89 in chips) 
Seat 4: esvalido09 ($0.16 in chips) 
Seat 6: Dorex2007 ($2.24 in chips) 
Seat 7: Catonajack ($1.52 in chips) 
Seat 8: perffect16 ($2.03 in chips) 
Seat 9: InDiosArg95' ($2.27 in chips) 
matias1624: posts small blind $0.01
esvalido09: posts big blind $0.02
*** HOLE CARDS ***
Dealt to Dorex2007 [Ah 5d]
Dorex2007: folds 
Catonajack: folds 
perffect16: folds 
InDiosArg95': raises $0.04 to $0.06
PadhraicMarron: folds 
bukAman: folds 
matias1624: folds 
esvalido09: calls $0.04
*** FLOP *** [2s 7d 4d]
esvalido09: bets $0.10 and is all-in
InDiosArg95': calls $0.10
*** TURN *** [2s 7d 4d] [Th]
*** RIVER *** [2s 7d 4d Th] [4s]
*** SHOW DOWN ***
esvalido09: shows [7s Jh] (two pair, Sevens and Fours)
InDiosArg95': shows [9s 9d] (two pair, Nines and Fours)
InDiosArg95' collected $0.32 from pot
esvalido09 cashed out the hand for $0.07
*** SUMMARY ***
Total pot $0.33 | Rake $0.01 
Board [2s 7d 4d Th 4s]
Seat 1: PadhraicMarron folded before Flop (didn't bet)
Seat 2: bukAman (button) folded before Flop (didn't bet)
Seat 3: matias1624 (small blind) folded before Flop
Seat 4: esvalido09 (big blind) showed [7s Jh] and lost with two pair, Sevens and Fours (cashed out).
Seat 6: Dorex2007 folded before Flop (didn't bet)
Seat 7: Catonajack folded before Flop (didn't bet)
Seat 8: perffect16 folded before Flop (didn't bet)
Seat 9: InDiosArg95' showed [9s 9d] and won ($0.32) with two pair, Nines and Fours



PokerStars Hand #236592194055:  Hold'em No Limit ($0.01/$0.02 USD) - 2022/06/05 15:50:50 PT [2022/06/05 18:50:50 ET]
Table 'Hunnia III' 9-max Seat #3 is the button
Seat 1: PadhraicMarron ($0.93 in chips) 
Seat 2: bukAman ($2 in chips) 
Seat 3: matias1624 ($1.88 in chips) 
Seat 4: esvalido09 ($0.07 in chips) 
Seat 6: Dorex2007 ($2.24 in chips) 
Seat 7: Catonajack ($1.52 in chips) 
Seat 8: perffect16 ($2.03 in chips) 
Seat 9: InDiosArg95' ($2.43 in chips) 
esvalido09: posts small blind $0.01
Dorex2007: posts big blind $0.02
*** HOLE CARDS ***
Dealt to Dorex2007 [9c Kc]
Catonajack: folds 
perffect16: folds 
InDiosArg95': raises $0.04 to $0.06
PadhraicMarron: calls $0.06
bukAman: calls $0.06
matias1624: calls $0.06
esvalido09: folds 
Dorex2007: calls $0.04
*** FLOP *** [5h 4d Kd]
Dorex2007: checks 
InDiosArg95': bets $0.18
PadhraicMarron: calls $0.18
bukAman: calls $0.18
matias1624: calls $0.18
Dorex2007: folds 
*** TURN *** [5h 4d Kd] [8h]
InDiosArg95': bets $0.65
PadhraicMarron: calls $0.65
bukAman: raises $0.65 to $1.30
matias1624: folds 
InDiosArg95': raises $0.89 to $2.19 and is all-in
PadhraicMarron: calls $0.04 and is all-in
bukAman: calls $0.46 and is all-in
Uncalled bet ($0.43) returned to InDiosArg95'
*** RIVER *** [5h 4d Kd 8h] [Tc]
*** SHOW DOWN ***
InDiosArg95': shows [5d 5s] (three of a kind, Fives)
bukAman: shows [7d 6d] (a straight, Four to Eight)
bukAman collected $2.07 from side pot
PadhraicMarron: shows [Th Ks] (two pair, Kings and Tens)
bukAman collected $2.99 from main pot
*** SUMMARY ***
Total pot $5.24 Main pot $2.99. Side pot $2.07. | Rake $0.18 
Board [5h 4d Kd 8h Tc]
Seat 1: PadhraicMarron showed [Th Ks] and lost with two pair, Kings and Tens
Seat 2: bukAman showed [7d 6d] and won ($5.06) with a straight, Four to Eight
Seat 3: matias1624 (button) folded on the Turn
Seat 4: esvalido09 (small blind) folded before Flop
Seat 6: Dorex2007 (big blind) folded on the Flop
Seat 7: Catonajack folded before Flop (didn't bet)
Seat 8: perffect16 folded before Flop (didn't bet)
Seat 9: InDiosArg95' showed [5d 5s] and lost with three of a kind, Fives



PokerStars Hand #236592221121:  Hold'em No Limit ($0.01/$0.02 USD) - 2022/06/05 15:52:10 PT [2022/06/05 18:52:10 ET]
Table 'Hunnia III' 9-max Seat #4 is the button
Seat 2: bukAman ($5.06 in chips) 
Seat 3: matias1624 ($1.64 in chips) 
Seat 4: esvalido09 ($0.06 in chips) 
Seat 6: Dorex2007 ($2.18 in chips) 
Seat 7: Catonajack ($1.52 in chips) 
Seat 8: perffect16 ($2.03 in chips) 
Seat 9: InDiosArg95' ($0.43 in chips) 
Dorex2007: posts small blind $0.01
Catonajack: posts big blind $0.02
*** HOLE CARDS ***
Dealt to Dorex2007 [2d 6h]
perffect16: folds 
InDiosArg95': folds 
bukAman: raises $0.04 to $0.06
matias1624: folds 
PadhraicMarron leaves the table
esvalido09: calls $0.06 and is all-in
Dorex2007: folds 
Catonajack: folds 
*** FLOP *** [2s 8c Qc]
*** TURN *** [2s 8c Qc] [9c]
*** RIVER *** [2s 8c Qc 9c] [Ah]
*** SHOW DOWN ***
bukAman: shows [Qs Th] (a pair of Queens)
esvalido09: shows [Ks 9h] (a pair of Nines)
bukAman collected $0.14 from pot
*** SUMMARY ***
Total pot $0.15 | Rake $0.01 
Board [2s 8c Qc 9c Ah]
Seat 2: bukAman showed [Qs Th] and won ($0.14) with a pair of Queens
Seat 3: matias1624 folded before Flop (didn't bet)
Seat 4: esvalido09 (button) showed [Ks 9h] and lost with a pair of Nines
Seat 6: Dorex2007 (small blind) folded before Flop
Seat 7: Catonajack (big blind) folded before Flop
Seat 8: perffect16 folded before Flop (didn't bet)
Seat 9: InDiosArg95' folded before Flop (didn't bet)



PokerStars Hand #236592233398:  Hold'em No Limit ($0.01/$0.02 USD) - 2022/06/05 15:52:46 PT [2022/06/05 18:52:46 ET]
Table 'Hunnia III' 9-max Seat #6 is the button
Seat 2: bukAman ($5.14 in chips) 
Seat 3: matias1624 ($1.64 in chips) 
Seat 6: Dorex2007 ($2.17 in chips) 
Seat 7: Catonajack ($1.50 in chips) 
Seat 8: perffect16 ($2.03 in chips) 
Seat 9: InDiosArg95' ($0.43 in chips) 
Catonajack: posts small blind $0.01
perffect16: posts big blind $0.02
*** HOLE CARDS ***
Dealt to Dorex2007 [Qd Th]
InDiosArg95': folds 
Erikson658 joins the table at seat #1 
bukAman: folds 
matias1624: calls $0.02
esvalido09 leaves the table
Dorex2007: raises $0.02 to $0.04
Catonajack: folds 
perffect16: folds 
matias1624: calls $0.02
*** FLOP *** [Ac 4h Ah]
matias1624: checks 
Dorex2007: checks 
*** TURN *** [Ac 4h Ah] [4d]
matias1624: checks 
Dorex2007: checks 
*** RIVER *** [Ac 4h Ah 4d] [3d]
matias1624: bets $0.11
Dorex2007: folds 
Uncalled bet ($0.11) returned to matias1624
matias1624 collected $0.11 from pot
Zambo999 joins the table at seat #4 
matias1624: doesn't show hand 
*** SUMMARY ***
Total pot $0.11 | Rake $0 
Board [Ac 4h Ah 4d 3d]
Seat 2: bukAman folded before Flop (didn't bet)
Seat 3: matias1624 collected ($0.11)
Seat 6: Dorex2007 (button) folded on the River
Seat 7: Catonajack (small blind) folded before Flop
Seat 8: perffect16 (big blind) folded before Flop
Seat 9: InDiosArg95' folded before Flop (didn't bet)



PokerStars Hand #236592245856:  Hold'em No Limit ($0.01/$0.02 USD) - 2022/06/05 15:53:24 PT [2022/06/05 18:53:24 ET]
Table 'Hunnia III' 9-max Seat #7 is the button
Seat 1: Erikson658 ($0.80 in chips) 
Seat 2: bukAman ($5.14 in chips) 
Seat 3: matias1624 ($1.71 in chips) 
Seat 6: Dorex2007 ($2.13 in chips) 
Seat 7: Catonajack ($1.49 in chips) 
Seat 8: perffect16 ($2.01 in chips) 
Seat 9: InDiosArg95' ($0.43 in chips) 
perffect16: posts small blind $0.01
InDiosArg95': posts big blind $0.02
Erikson658: posts big blind $0.02
Zambo999: sits out 
*** HOLE CARDS ***
Dealt to Dorex2007 [Ah 7h]
Erikson658: checks 
bukAman: folds 
matias1624: folds 
Dorex2007: raises $0.04 to $0.06
Catonajack: folds 
perffect16: folds 
InDiosArg95': raises $0.37 to $0.43 and is all-in
Erikson658: folds 
Dorex2007: folds 
Uncalled bet ($0.37) returned to InDiosArg95'
InDiosArg95' collected $0.15 from pot
*** SUMMARY ***
Total pot $0.15 | Rake $0 
Seat 1: Erikson658 folded before Flop (didn't bet)
Seat 2: bukAman folded before Flop (didn't bet)
Seat 3: matias1624 folded before Flop (didn't bet)
Seat 6: Dorex2007 folded before Flop
Seat 7: Catonajack (button) folded before Flop (didn't bet)
Seat 8: perffect16 (small blind) folded before Flop
Seat 9: InDiosArg95' (big blind) collected ($0.15)



PokerStars Hand #236592254037:  Hold'em No Limit ($0.01/$0.02 USD) - 2022/06/05 15:53:48 PT [2022/06/05 18:53:48 ET]
Table 'Hunnia III' 9-max Seat #8 is the button
Seat 1: Erikson658 ($0.78 in chips) 
Seat 2: bukAman ($5.14 in chips) 
Seat 3: matias1624 ($1.71 in chips) 
Seat 6: Dorex2007 ($2.07 in chips) 
Seat 7: Catonajack ($1.49 in chips) 
Seat 8: perffect16 ($2 in chips) 
Seat 9: InDiosArg95' ($0.52 in chips) 
InDiosArg95': posts small blind $0.01
Erikson658: posts big blind $0.02
Zambo999: sits out 
*** HOLE CARDS ***
Dealt to Dorex2007 [2s 7s]
bukAman: folds 
matias1624: folds 
Dorex2007: folds 
Catonajack: folds 
perffect16: calls $0.02
InDiosArg95': folds 
Erikson658: checks 
*** FLOP *** [Th 4s 3d]
Erikson658: checks 
perffect16: checks 
*** TURN *** [Th 4s 3d] [3h]
Erikson658: bets $0.02
perffect16: folds 
Uncalled bet ($0.02) returned to Erikson658
Erikson658 collected $0.05 from pot
Erikson658: doesn't show hand 
*** SUMMARY ***
Total pot $0.05 | Rake $0 
Board [Th 4s 3d 3h]
Seat 1: Erikson658 (big blind) collected ($0.05)
Seat 2: bukAman folded before Flop (didn't bet)
Seat 3: matias1624 folded before Flop (didn't bet)
Seat 6: Dorex2007 folded before Flop (didn't bet)
Seat 7: Catonajack folded before Flop (didn't bet)
Seat 8: perffect16 (button) folded on the Turn
Seat 9: InDiosArg95' (small blind) folded before Flop



PokerStars Hand #236592265882:  Hold'em No Limit ($0.01/$0.02 USD) - 2022/06/05 15:54:24 PT [2022/06/05 18:54:24 ET]
Table 'Hunnia III' 9-max Seat #9 is the button
Seat 1: Erikson658 ($0.81 in chips) 
Seat 2: bukAman ($5.14 in chips) 
Seat 3: matias1624 ($1.71 in chips) 
Seat 4: Zambo999 ($2 in chips) 
Seat 6: Dorex2007 ($2.07 in chips) 
Seat 7: Catonajack ($1.49 in chips) 
Seat 8: perffect16 ($1.98 in chips) 
Seat 9: InDiosArg95' ($0.51 in chips) 
Erikson658: posts small blind $0.01
bukAman: posts big blind $0.02
Zambo999: posts big blind $0.02
*** HOLE CARDS ***
Dealt to Dorex2007 [Js Th]
matias1624: folds 
Zambo999: raises $0.05 to $0.07
Dorex2007: folds 
Catonajack: folds 
perffect16: folds 
InDiosArg95': folds 
Erikson658: folds 
bukAman: folds 
Uncalled bet ($0.05) returned to Zambo999
Zambo999 collected $0.05 from pot
Zambo999: doesn't show hand 
*** SUMMARY ***
Total pot $0.05 | Rake $0 
Seat 1: Erikson658 (small blind) folded before Flop
Seat 2: bukAman (big blind) folded before Flop
Seat 3: matias1624 folded before Flop (didn't bet)
Seat 4: Zambo999 collected ($0.05)
Seat 6: Dorex2007 folded before Flop (didn't bet)
Seat 7: Catonajack folded before Flop (didn't bet)
Seat 8: perffect16 folded before Flop (didn't bet)
Seat 9: InDiosArg95' (button) folded before Flop (didn't bet)



PokerStars Hand #236592274318:  Hold'em No Limit ($0.01/$0.02 USD) - 2022/06/05 15:54:49 PT [2022/06/05 18:54:49 ET]
Table 'Hunnia III' 9-max Seat #1 is the button
Seat 1: Erikson658 ($0.80 in chips) 
Seat 2: bukAman ($5.12 in chips) 
Seat 3: matias1624 ($1.71 in chips) 
Seat 4: Zambo999 ($2.03 in chips) 
Seat 6: Dorex2007 ($2.07 in chips) 
Seat 7: Catonajack ($1.49 in chips) 
Seat 8: perffect16 ($1.98 in chips) 
Seat 9: InDiosArg95' ($0.51 in chips) 
bukAman: posts small blind $0.01
matias1624: posts big blind $0.02
*** HOLE CARDS ***
Dealt to Dorex2007 [7h Jc]
Zambo999: raises $0.05 to $0.07
Dorex2007: folds 
Catonajack: folds 
perffect16: folds 
InDiosArg95': folds 
Erikson658: folds 
bukAman: folds 
matias1624: folds 
Uncalled bet ($0.05) returned to Zambo999
Zambo999 collected $0.05 from pot
Zambo999: doesn't show hand 
*** SUMMARY ***
Total pot $0.05 | Rake $0 
Seat 1: Erikson658 (button) folded before Flop (didn't bet)
Seat 2: bukAman (small blind) folded before Flop
Seat 3: matias1624 (big blind) folded before Flop
Seat 4: Zambo999 collected ($0.05)
Seat 6: Dorex2007 folded before Flop (didn't bet)
Seat 7: Catonajack folded before Flop (didn't bet)
Seat 8: perffect16 folded before Flop (didn't bet)
Seat 9: InDiosArg95' folded before Flop (didn't bet)



PokerStars Hand #236592283775:  Hold'em No Limit ($0.01/$0.02 USD) - 2022/06/05 15:55:07 PT [2022/06/05 18:55:07 ET]
Table 'Hunnia III' 9-max Seat #2 is the button
Seat 1: Erikson658 ($0.80 in chips) 
Seat 2: bukAman ($5.11 in chips) 
Seat 3: matias1624 ($1.69 in chips) 
Seat 4: Zambo999 ($2.06 in chips) 
Seat 6: Dorex2007 ($2.07 in chips) 
Seat 7: Catonajack ($1.49 in chips) 
Seat 8: perffect16 ($1.98 in chips) 
Seat 9: InDiosArg95' ($0.51 in chips) 
matias1624: posts small blind $0.01
Zambo999: posts big blind $0.02
*** HOLE CARDS ***
Dealt to Dorex2007 [Jd Kh]
Dorex2007: calls $0.02
Catonajack: folds 
perffect16: folds 
InDiosArg95': raises $0.02 to $0.04
Erikson658: calls $0.04
bukAman: folds 
matias1624: folds 
Zambo999: folds 
Dorex2007: calls $0.02
*** FLOP *** [2s 4s 8h]
Zambo999 leaves the table
Dorex2007: checks 
InDiosArg95': bets $0.11
Erikson658: folds 
Dorex2007: folds 
Uncalled bet ($0.11) returned to InDiosArg95'
InDiosArg95' collected $0.14 from pot
*** SUMMARY ***
Total pot $0.15 | Rake $0.01 
Board [2s 4s 8h]
Seat 1: Erikson658 folded on the Flop
Seat 2: bukAman (button) folded before Flop (didn't bet)
Seat 3: matias1624 (small blind) folded before Flop
Seat 4: Zambo999 (big blind) folded before Flop
Seat 6: Dorex2007 folded on the Flop
Seat 7: Catonajack folded before Flop (didn't bet)
Seat 8: perffect16 folded before Flop (didn't bet)
Seat 9: InDiosArg95' collected ($0.14)



PokerStars Hand #236592292243:  Hold'em No Limit ($0.01/$0.02 USD) - 2022/06/05 15:55:43 PT [2022/06/05 18:55:43 ET]
Table 'Hunnia III' 9-max Seat #3 is the button
Seat 1: Erikson658 ($0.76 in chips) 
Seat 2: bukAman ($5.11 in chips) 
Seat 3: matias1624 ($1.68 in chips) 
Seat 6: Dorex2007 ($2.03 in chips) 
Seat 7: Catonajack ($1.49 in chips) 
Seat 8: perffect16 ($1.98 in chips) 
Seat 9: InDiosArg95' ($0.61 in chips) 
Dorex2007: posts small blind $0.01
Catonajack: posts big blind $0.02
*** HOLE CARDS ***
Dealt to Dorex2007 [8c 4s]
perffect16: calls $0.02
InDiosArg95': raises $0.09 to $0.11
Erikson658: calls $0.11
bukAman: folds 
matias1624: folds 
Dorex2007: folds 
Catonajack: folds 
perffect16: folds 
*** FLOP *** [3c 7c 4c]
InDiosArg95': bets $0.21
Erikson658: calls $0.21
*** TURN *** [3c 7c 4c] [2h]
fbjensen777 joins the table at seat #4 
InDiosArg95': bets $0.29 and is all-in
Erikson658: folds 
Uncalled bet ($0.29) returned to InDiosArg95'
InDiosArg95' collected $0.67 from pot
*** SUMMARY ***
Total pot $0.69 | Rake $0.02 
Board [3c 7c 4c 2h]
Seat 1: Erikson658 folded on the Turn
Seat 2: bukAman folded before Flop (didn't bet)
Seat 3: matias1624 (button) folded before Flop (didn't bet)
Seat 6: Dorex2007 (small blind) folded before Flop
Seat 7: Catonajack (big blind) folded before Flop
Seat 8: perffect16 folded before Flop
Seat 9: InDiosArg95' collected ($0.67)



PokerStars Hand #236592302534:  Hold'em No Limit ($0.01/$0.02 USD) - 2022/06/05 15:56:26 PT [2022/06/05 18:56:26 ET]
Table 'Hunnia III' 9-max Seat #6 is the button
Seat 1: Erikson658 ($0.44 in chips) 
Seat 2: bukAman ($5.11 in chips) 
Seat 3: matias1624 ($1.68 in chips) 
Seat 4: fbjensen777 ($0.80 in chips) 
Seat 6: Dorex2007 ($2.02 in chips) 
Seat 7: Catonajack ($1.47 in chips) 
Seat 8: perffect16 ($1.96 in chips) 
Seat 9: InDiosArg95' ($0.96 in chips) 
Catonajack: posts small blind $0.01
perffect16: posts big blind $0.02
fbjensen777: posts big blind $0.02
*** HOLE CARDS ***
Dealt to Dorex2007 [6d Ks]
InDiosArg95': folds 
Erikson658: calls $0.02
bukAman: folds 
matias1624: folds 
fbjensen777: checks 
Dorex2007: folds 
Catonajack: folds 
perffect16: checks 
*** FLOP *** [Qc Ts 8s]
perffect16: bets $0.04
Erikson658: calls $0.04
fbjensen777: calls $0.04
*** TURN *** [Qc Ts 8s] [5s]
perffect16: bets $0.09
Erikson658: calls $0.09
fbjensen777: folds 
*** RIVER *** [Qc Ts 8s 5s] [Ad]
perffect16: bets $0.36
Erikson658: calls $0.29 and is all-in
Uncalled bet ($0.07) returned to perffect16
*** SHOW DOWN ***
perffect16: shows [4s 6s] (a flush, Ten high)
Erikson658: shows [Td 5d] (two pair, Tens and Fives)
perffect16 collected $0.92 from pot
*** SUMMARY ***
Total pot $0.95 | Rake $0.03 
Board [Qc Ts 8s 5s Ad]
Seat 1: Erikson658 showed [Td 5d] and lost with two pair, Tens and Fives
Seat 2: bukAman folded before Flop (didn't bet)
Seat 3: matias1624 folded before Flop (didn't bet)
Seat 4: fbjensen777 folded on the Turn
Seat 6: Dorex2007 (button) folded before Flop (didn't bet)
Seat 7: Catonajack (small blind) folded before Flop
Seat 8: perffect16 (big blind) showed [4s 6s] and won ($0.92) with a flush, Ten high
Seat 9: InDiosArg95' folded before Flop (didn't bet)



PokerStars Hand #236592316775:  Hold'em No Limit ($0.01/$0.02 USD) - 2022/06/05 15:57:26 PT [2022/06/05 18:57:26 ET]
Table 'Hunnia III' 9-max Seat #7 is the button
Seat 2: bukAman ($5.11 in chips) 
Seat 3: matias1624 ($1.68 in chips) 
Seat 4: fbjensen777 ($0.74 in chips) 
Seat 6: Dorex2007 ($2.02 in chips) 
Seat 7: Catonajack ($1.46 in chips) 
Seat 8: perffect16 ($2.44 in chips) 
Seat 9: InDiosArg95' ($0.96 in chips) 
perffect16: posts small blind $0.01
InDiosArg95': posts big blind $0.02
*** HOLE CARDS ***
Dealt to Dorex2007 [Jd 4s]
bukAman: folds 
matias1624: calls $0.02
fbjensen777: folds 
Dorex2007: folds 
Catonajack: folds 
perffect16: calls $0.01
InDiosArg95': checks 
*** FLOP *** [Ks 2c Ah]
perffect16: checks 
InDiosArg95': checks 
matias1624: bets $0.03
perffect16: folds 
InDiosArg95': folds 
Uncalled bet ($0.03) returned to matias1624
matias1624 collected $0.06 from pot
matias1624: doesn't show hand 
*** SUMMARY ***
Total pot $0.06 | Rake $0 
Board [Ks 2c Ah]
Seat 2: bukAman folded before Flop (didn't bet)
Seat 3: matias1624 collected ($0.06)
Seat 4: fbjensen777 folded before Flop (didn't bet)
Seat 6: Dorex2007 folded before Flop (didn't bet)
Seat 7: Catonajack (button) folded before Flop (didn't bet)
Seat 8: perffect16 (small blind) folded on the Flop
Seat 9: InDiosArg95' (big blind) folded on the Flop



PokerStars Hand #236592326043:  Hold'em No Limit ($0.01/$0.02 USD) - 2022/06/05 15:58:05 PT [2022/06/05 18:58:05 ET]
Table 'Hunnia III' 9-max Seat #8 is the button
Seat 2: bukAman ($5.11 in chips) 
Seat 3: matias1624 ($1.72 in chips) 
Seat 4: fbjensen777 ($0.74 in chips) 
Seat 6: Dorex2007 ($2.02 in chips) 
Seat 7: Catonajack ($1.46 in chips) 
Seat 8: perffect16 ($2.42 in chips) 
Seat 9: InDiosArg95' ($0.94 in chips) 
InDiosArg95': posts small blind $0.01
bukAman: posts big blind $0.02
*** HOLE CARDS ***
Dealt to Dorex2007 [Ad 7c]
matias1624: calls $0.02
fbjensen777: folds 
Dorex2007: folds 
Catonajack: folds 
perffect16: raises $0.07 to $0.09
InDiosArg95': folds 
bukAman: folds 
matias1624: folds 
Uncalled bet ($0.07) returned to perffect16
perffect16 collected $0.07 from pot
perffect16: doesn't show hand 
*** SUMMARY ***
Total pot $0.07 | Rake $0 
Seat 2: bukAman (big blind) folded before Flop
Seat 3: matias1624 folded before Flop
Seat 4: fbjensen777 folded before Flop (didn't bet)
Seat 6: Dorex2007 folded before Flop (didn't bet)
Seat 7: Catonajack folded before Flop (didn't bet)
Seat 8: perffect16 (button) collected ($0.07)
Seat 9: InDiosArg95' (small blind) folded before Flop



PokerStars Hand #236592329549:  Hold'em No Limit ($0.01/$0.02 USD) - 2022/06/05 15:58:20 PT [2022/06/05 18:58:20 ET]
Table 'Hunnia III' 9-max Seat #9 is the button
Seat 2: bukAman ($5.09 in chips) 
Seat 3: matias1624 ($1.70 in chips) 
Seat 4: fbjensen777 ($0.74 in chips) 
Seat 6: Dorex2007 ($2.02 in chips) 
Seat 7: Catonajack ($1.46 in chips) 
Seat 8: perffect16 ($2.47 in chips) 
Seat 9: InDiosArg95' ($0.93 in chips) 
bukAman: posts small blind $0.01
matias1624: posts big blind $0.02
*** HOLE CARDS ***
Dealt to Dorex2007 [9d 2h]
fbjensen777: calls $0.02
Dorex2007: folds 
Catonajack: raises $0.02 to $0.04
perffect16: folds 
InDiosArg95': folds 
bukAman: folds 
matias1624: folds 
fbjensen777: calls $0.02
*** FLOP *** [8s Ac Jd]
fbjensen777: checks 
Catonajack: bets $0.10
fbjensen777: folds 
Uncalled bet ($0.10) returned to Catonajack
Catonajack collected $0.11 from pot
Catonajack: doesn't show hand 
*** SUMMARY ***
Total pot $0.11 | Rake $0 
Board [8s Ac Jd]
Seat 2: bukAman (small blind) folded before Flop
Seat 3: matias1624 (big blind) folded before Flop
Seat 4: fbjensen777 folded on the Flop
Seat 6: Dorex2007 folded before Flop (didn't bet)
Seat 7: Catonajack collected ($0.11)
Seat 8: perffect16 folded before Flop (didn't bet)
Seat 9: InDiosArg95' (button) folded before Flop (didn't bet)



PokerStars Hand #236592336901:  Hold'em No Limit ($0.01/$0.02 USD) - 2022/06/05 15:58:51 PT [2022/06/05 18:58:51 ET]
Table 'Hunnia III' 9-max Seat #2 is the button
Seat 2: bukAman ($5.08 in chips) 
Seat 3: matias1624 ($1.68 in chips) 
Seat 4: fbjensen777 ($0.70 in chips) 
Seat 6: Dorex2007 ($2.02 in chips) 
Seat 7: Catonajack ($1.53 in chips) 
Seat 8: perffect16 ($2.47 in chips) 
Seat 9: InDiosArg95' ($0.93 in chips) 
matias1624: posts small blind $0.01
fbjensen777: posts big blind $0.02
*** HOLE CARDS ***
Dealt to Dorex2007 [7c 5d]
Dorex2007: folds 
Catonajack: folds 
Erikson658 leaves the table
perffect16 has timed out
perffect16: folds 
CrazyyParis joins the table at seat #1 
InDiosArg95': raises $0.06 to $0.08
bukAman: folds 
matias1624: raises $0.06 to $0.14
fbjensen777: folds 
InDiosArg95': raises $0.28 to $0.42
matias1624: raises $1.26 to $1.68 and is all-in
InDiosArg95': calls $0.51 and is all-in
Uncalled bet ($0.75) returned to matias1624
*** FLOP *** [Kh 8s 7d]
*** TURN *** [Kh 8s 7d] [6s]
*** RIVER *** [Kh 8s 7d 6s] [Td]
*** SHOW DOWN ***
matias1624: shows [Ac As] (a pair of Aces)
InDiosArg95': shows [Qs Qh] (a pair of Queens)
matias1624 cashed out the hand for $1.47 | Cash Out Fee $0.01
*** SUMMARY ***
Total pot $1.88 | Rake $0.07 
Board [Kh 8s 7d 6s Td]
Seat 2: bukAman (button) folded before Flop (didn't bet)
Seat 3: matias1624 (small blind) showed [Ac As] and won ($1.81) with a pair of Aces (pot not awarded as player cashed out)
Seat 4: fbjensen777 (big blind) folded before Flop
Seat 6: Dorex2007 folded before Flop (didn't bet)
Seat 7: Catonajack folded before Flop (didn't bet)
Seat 8: perffect16 folded before Flop (didn't bet)
Seat 9: InDiosArg95' showed [Qs Qh] and lost with a pair of Queens



PokerStars Hand #236592353849:  Hold'em No Limit ($0.01/$0.02 USD) - 2022/06/05 16:00:02 PT [2022/06/05 19:00:02 ET]
Table 'Hunnia III' 9-max Seat #3 is the button
Seat 2: bukAman ($5.08 in chips) 
Seat 3: matias1624 ($2.22 in chips) 
Seat 4: fbjensen777 ($0.68 in chips) 
Seat 6: Dorex2007 ($2.02 in chips) 
Seat 7: Catonajack ($1.53 in chips) 
Seat 8: perffect16 ($2.47 in chips) 
fbjensen777: posts small blind $0.01
Dorex2007: posts big blind $0.02
CrazyyParis: sits out 
*** HOLE CARDS ***
Dealt to Dorex2007 [Tc Ts]
Catonajack: folds 
perffect16: folds 
bukAman: folds 
matias1624: calls $0.02
fbjensen777: calls $0.01
InDiosArg95' leaves the table
Dorex2007: raises $0.12 to $0.14
matias1624: calls $0.12
fbjensen777: calls $0.12
*** FLOP *** [8c 5c Kh]
fbjensen777: checks 
9Black3 joins the table at seat #9 
Dorex2007: bets $0.27
matias1624: folds 
fbjensen777: folds 
Uncalled bet ($0.27) returned to Dorex2007
Dorex2007 collected $0.41 from pot
INTIMIDATOR69 leaves the table
Dorex2007: doesn't show hand 
*** SUMMARY ***
Total pot $0.42 | Rake $0.01 
Board [8c 5c Kh]
Seat 2: bukAman folded before Flop (didn't bet)
Seat 3: matias1624 (button) folded on the Flop
Seat 4: fbjensen777 (small blind) folded on the Flop
Seat 6: Dorex2007 (big blind) collected ($0.41)
Seat 7: Catonajack folded before Flop (didn't bet)
Seat 8: perffect16 folded before Flop (didn't bet)



PokerStars Hand #236592364655:  Hold'em No Limit ($0.01/$0.02 USD) - 2022/06/05 16:00:44 PT [2022/06/05 19:00:44 ET]
Table 'Hunnia III' 9-max Seat #4 is the button
Seat 2: bukAman ($5.08 in chips) 
Seat 3: matias1624 ($2.08 in chips) 
Seat 4: fbjensen777 ($0.54 in chips) 
Seat 6: Dorex2007 ($2.29 in chips) 
Seat 7: Catonajack ($1.53 in chips) 
Seat 8: perffect16 ($2.47 in chips) 
Dorex2007: posts small blind $0.01
Catonajack: posts big blind $0.02
9Black3: sits out 
CrazyyParis: sits out 
*** HOLE CARDS ***
Dealt to Dorex2007 [Kc 4c]
perffect16: calls $0.02
bukAman: raises $0.05 to $0.07
matias1624: folds 
fbjensen777: folds 
Dorex2007: folds 
Catonajack: calls $0.05
perffect16: folds 
*** FLOP *** [2d 2h Ks]
Catonajack: checks 
bukAman: checks 
*** TURN *** [2d 2h Ks] [8s]
Catonajack: bets $0.08
bukAman: calls $0.08
*** RIVER *** [2d 2h Ks 8s] [3c]
santibaron joins the table at seat #5 
Catonajack: bets $0.16
bukAman: folds 
Uncalled bet ($0.16) returned to Catonajack
Catonajack collected $0.32 from pot
Catonajack: doesn't show hand 
*** SUMMARY ***
Total pot $0.33 | Rake $0.01 
Board [2d 2h Ks 8s 3c]
Seat 2: bukAman folded on the River
Seat 3: matias1624 folded before Flop (didn't bet)
Seat 4: fbjensen777 (button) folded before Flop (didn't bet)
Seat 6: Dorex2007 (small blind) folded before Flop
Seat 7: Catonajack (big blind) collected ($0.32)
Seat 8: perffect16 folded before Flop



PokerStars Hand #236592376715:  Hold'em No Limit ($0.01/$0.02 USD) - 2022/06/05 16:01:26 PT [2022/06/05 19:01:26 ET]
Table 'Hunnia III' 9-max Seat #6 is the button
Seat 2: bukAman ($4.93 in chips) 
Seat 3: matias1624 ($2.08 in chips) 
Seat 4: fbjensen777 ($0.54 in chips) 
Seat 6: Dorex2007 ($2.28 in chips) 
Seat 7: Catonajack ($1.70 in chips) 
Seat 8: perffect16 ($2.45 in chips) 
Catonajack: posts small blind $0.01
perffect16: posts big blind $0.02
9Black3: sits out 
CrazyyParis: sits out 
santibaron: sits out 
*** HOLE CARDS ***
Dealt to Dorex2007 [6s 5c]
bukAman: folds 
matias1624: calls $0.02
fbjensen777: calls $0.02
Dorex2007: folds 
Catonajack: calls $0.01
perffect16: checks 
*** FLOP *** [Ah 6c 6h]
Catonajack: bets $0.04
perffect16: calls $0.04
matias1624: calls $0.04
fbjensen777: folds 
*** TURN *** [Ah 6c 6h] [7h]
Catonajack: bets $0.09
perffect16: folds 
matias1624: folds 
Uncalled bet ($0.09) returned to Catonajack
Catonajack collected $0.19 from pot
Catonajack: doesn't show hand 
*** SUMMARY ***
Total pot $0.20 | Rake $0.01 
Board [Ah 6c 6h 7h]
Seat 2: bukAman folded before Flop (didn't bet)
Seat 3: matias1624 folded on the Turn
Seat 4: fbjensen777 folded on the Flop
Seat 6: Dorex2007 (button) folded before Flop (didn't bet)
Seat 7: Catonajack (small blind) collected ($0.19)
Seat 8: perffect16 (big blind) folded on the Turn



PokerStars Hand #236592391594:  Hold'em No Limit ($0.01/$0.02 USD) - 2022/06/05 16:02:14 PT [2022/06/05 19:02:14 ET]
Table 'Hunnia III' 9-max Seat #7 is the button
Seat 2: bukAman ($4.93 in chips) 
Seat 3: matias1624 ($2.02 in chips) 
Seat 4: fbjensen777 ($0.52 in chips) 
Seat 6: Dorex2007 ($2.28 in chips) 
Seat 7: Catonajack ($1.83 in chips) 
Seat 8: perffect16 ($2.39 in chips) 
Seat 9: 9Black3 ($2.92 in chips) 
perffect16: posts small blind $0.01
9Black3: posts big blind $0.02
CrazyyParis: sits out 
santibaron: sits out 
*** HOLE CARDS ***
Dealt to Dorex2007 [6c 4d]
bukAman: raises $0.04 to $0.06
matias1624: folds 
fbjensen777: calls $0.06
Dorex2007: folds 
Catonajack: folds 
perffect16: folds 
9Black3: folds 
*** FLOP *** [7d Qd 6h]
bukAman: checks 
fbjensen777: bets $0.10
bukAman: folds 
Uncalled bet ($0.10) returned to fbjensen777
fbjensen777 collected $0.14 from pot
*** SUMMARY ***
Total pot $0.15 | Rake $0.01 
Board [7d Qd 6h]
Seat 2: bukAman folded on the Flop
Seat 3: matias1624 folded before Flop (didn't bet)
Seat 4: fbjensen777 collected ($0.14)
Seat 6: Dorex2007 folded before Flop (didn't bet)
Seat 7: Catonajack (button) folded before Flop (didn't bet)
Seat 8: perffect16 (small blind) folded before Flop
Seat 9: 9Black3 (big blind) folded before Flop



PokerStars Hand #236592401075:  Hold'em No Limit ($0.01/$0.02 USD) - 2022/06/05 16:02:44 PT [2022/06/05 19:02:44 ET]
Table 'Hunnia III' 9-max Seat #8 is the button
Seat 1: CrazyyParis ($2 in chips) 
Seat 2: bukAman ($4.87 in chips) 
Seat 3: matias1624 ($2.02 in chips) 
Seat 4: fbjensen777 ($0.60 in chips) 
Seat 6: Dorex2007 ($2.28 in chips) 
Seat 7: Catonajack ($1.83 in chips) 
Seat 8: perffect16 ($2.38 in chips) 
Seat 9: 9Black3 ($2.90 in chips) 
9Black3: posts small blind $0.01
CrazyyParis: posts big blind $0.02
santibaron: sits out 
*** HOLE CARDS ***
Dealt to Dorex2007 [7s Ac]
bukAman: folds 
matias1624: folds 
fbjensen777: raises $0.02 to $0.04
Dorex2007: folds 
Catonajack: raises $0.02 to $0.06
perffect16: folds 
9Black3: raises $0.18 to $0.24
CrazyyParis: folds 
fbjensen777: calls $0.20
Catonajack: folds 
*** FLOP *** [As Js 8h]
9Black3: bets $0.20
fbjensen777: raises $0.16 to $0.36 and is all-in
9Black3: calls $0.16
*** TURN *** [As Js 8h] [3d]
*** RIVER *** [As Js 8h 3d] [4c]
*** SHOW DOWN ***
9Black3: shows [Ad Kc] (a pair of Aces)
fbjensen777: shows [Ks Jh] (a pair of Jacks)
9Black3 collected $1.24 from pot
*** SUMMARY ***
Total pot $1.28 | Rake $0.04 
Board [As Js 8h 3d 4c]
Seat 1: CrazyyParis (big blind) folded before Flop
Seat 2: bukAman folded before Flop (didn't bet)
Seat 3: matias1624 folded before Flop (didn't bet)
Seat 4: fbjensen777 showed [Ks Jh] and lost with a pair of Jacks
Seat 6: Dorex2007 folded before Flop (didn't bet)
Seat 7: Catonajack folded before Flop
Seat 8: perffect16 (button) folded before Flop (didn't bet)
Seat 9: 9Black3 (small blind) showed [Ad Kc] and won ($1.24) with a pair of Aces



PokerStars Hand #236592426210:  Hold'em No Limit ($0.01/$0.02 USD) - 2022/06/05 16:04:02 PT [2022/06/05 19:04:02 ET]
Table 'Hunnia III' 9-max Seat #9 is the button
Seat 1: CrazyyParis ($2 in chips) 
Seat 2: bukAman ($4.87 in chips) 
Seat 3: matias1624 ($2.02 in chips) 
Seat 6: Dorex2007 ($2.28 in chips) 
Seat 7: Catonajack ($1.77 in chips) 
Seat 8: perffect16 ($2.38 in chips) 
Seat 9: 9Black3 ($3.54 in chips) 
CrazyyParis: posts small blind $0.01
bukAman: posts big blind $0.02
santibaron: sits out 
*** HOLE CARDS ***
Dealt to Dorex2007 [3h Tc]
matias1624: calls $0.02
Dorex2007: folds 
fbjensen777 leaves the table
Catonajack: raises $0.02 to $0.04
perffect16: folds 
MirtoR37 joins the table at seat #4 
9Black3: folds 
CrazyyParis: calls $0.03
bukAman: folds 
matias1624: calls $0.02
*** FLOP *** [8s Ks Th]
CrazyyParis: checks 
matias1624: bets $0.07
Catonajack: calls $0.07
CrazyyParis: folds 
*** TURN *** [8s Ks Th] [Jh]
matias1624: bets $0.13
Catonajack: raises $0.17 to $0.30
matias1624: calls $0.17
*** RIVER *** [8s Ks Th Jh] [Kd]
matias1624: bets $1.61 and is all-in
Catonajack: folds 
Uncalled bet ($1.61) returned to matias1624
matias1624 collected $0.85 from pot
matias1624: doesn't show hand 
*** SUMMARY ***
Total pot $0.88 | Rake $0.03 
Board [8s Ks Th Jh Kd]
Seat 1: CrazyyParis (small blind) folded on the Flop
Seat 2: bukAman (big blind) folded before Flop
Seat 3: matias1624 collected ($0.85)
Seat 6: Dorex2007 folded before Flop (didn't bet)
Seat 7: Catonajack folded on the River
Seat 8: perffect16 folded before Flop (didn't bet)
Seat 9: 9Black3 (button) folded before Flop (didn't bet)



PokerStars Hand #236592443440:  Hold'em No Limit ($0.01/$0.02 USD) - 2022/06/05 16:04:56 PT [2022/06/05 19:04:56 ET]
Table 'Hunnia III' 9-max Seat #1 is the button
Seat 1: CrazyyParis ($2 in chips) 
Seat 2: bukAman ($4.85 in chips) 
Seat 3: matias1624 ($2.46 in chips) 
Seat 6: Dorex2007 ($2.28 in chips) 
Seat 7: Catonajack ($1.36 in chips) 
Seat 8: perffect16 ($2.38 in chips) 
Seat 9: 9Black3 ($3.54 in chips) 
bukAman: posts small blind $0.01
matias1624: posts big blind $0.02
MirtoR37: sits out 
santibaron: sits out 
*** HOLE CARDS ***
Dealt to Dorex2007 [Ks 9d]
Dorex2007: folds 
Catonajack: raises $0.02 to $0.04
perffect16: folds 
9Black3: folds 
CrazyyParis: folds 
bukAman: raises $0.10 to $0.14
matias1624: folds 
Catonajack: folds 
Uncalled bet ($0.10) returned to bukAman
bukAman collected $0.10 from pot
bukAman: doesn't show hand 
*** SUMMARY ***
Total pot $0.10 | Rake $0 
Seat 1: CrazyyParis (button) folded before Flop (didn't bet)
Seat 2: bukAman (small blind) collected ($0.10)
Seat 3: matias1624 (big blind) folded before Flop
Seat 6: Dorex2007 folded before Flop (didn't bet)
Seat 7: Catonajack folded before Flop
Seat 8: perffect16 folded before Flop (didn't bet)
Seat 9: 9Black3 folded before Flop (didn't bet)



PokerStars Hand #236592451963:  Hold'em No Limit ($0.01/$0.02 USD) - 2022/06/05 16:05:21 PT [2022/06/05 19:05:21 ET]
Table 'Hunnia III' 9-max Seat #2 is the button
Seat 1: CrazyyParis ($2 in chips) 
Seat 2: bukAman ($4.91 in chips) 
Seat 3: matias1624 ($2.44 in chips) 
Seat 4: MirtoR37 ($0.80 in chips) 
Seat 6: Dorex2007 ($2.28 in chips) 
Seat 7: Catonajack ($1.32 in chips) 
Seat 8: perffect16 ($2.38 in chips) 
Seat 9: 9Black3 ($3.54 in chips) 
matias1624: posts small blind $0.01
MirtoR37: posts big blind $0.02
santibaron: sits out 
*** HOLE CARDS ***
Dealt to Dorex2007 [Kd 3c]
Dorex2007: folds 
Catonajack: folds 
perffect16: folds 
9Black3: folds 
CrazyyParis: raises $0.03 to $0.05
bukAman: folds 
matias1624: folds 
MirtoR37: folds 
Uncalled bet ($0.03) returned to CrazyyParis
CrazyyParis collected $0.05 from pot
CrazyyParis: doesn't show hand 
*** SUMMARY ***
Total pot $0.05 | Rake $0 
Seat 1: CrazyyParis collected ($0.05)
Seat 2: bukAman (button) folded before Flop (didn't bet)
Seat 3: matias1624 (small blind) folded before Flop
Seat 4: MirtoR37 (big blind) folded before Flop
Seat 6: Dorex2007 folded before Flop (didn't bet)
Seat 7: Catonajack folded before Flop (didn't bet)
Seat 8: perffect16 folded before Flop (didn't bet)
Seat 9: 9Black3 folded before Flop (didn't bet)



PokerStars Hand #236592461892:  Hold'em No Limit ($0.01/$0.02 USD) - 2022/06/05 16:05:52 PT [2022/06/05 19:05:52 ET]
Table 'Hunnia III' 9-max Seat #3 is the button
Seat 1: CrazyyParis ($2.03 in chips) 
Seat 2: bukAman ($4.91 in chips) 
Seat 3: matias1624 ($2.43 in chips) 
Seat 4: MirtoR37 ($0.78 in chips) 
Seat 5: santibaron ($1.60 in chips) 
Seat 6: Dorex2007 ($2.28 in chips) 
Seat 7: Catonajack ($1.32 in chips) 
Seat 8: perffect16 ($2.38 in chips) 
Seat 9: 9Black3 ($3.54 in chips) 
MirtoR37: posts small blind $0.01
santibaron: posts big blind $0.02
*** HOLE CARDS ***
Dealt to Dorex2007 [Th 8c]
Dorex2007: folds 
Catonajack: raises $0.02 to $0.04
perffect16: folds 
9Black3: folds 
CrazyyParis: folds 
bukAman: raises $0.11 to $0.15
matias1624: folds 
MirtoR37: folds 
santibaron: folds 
Catonajack: calls $0.11
*** FLOP *** [4c Jc Kh]
Catonajack: checks 
bukAman: checks 
*** TURN *** [4c Jc Kh] [7c]
Catonajack: bets $0.32
bukAman: folds 
Uncalled bet ($0.32) returned to Catonajack
Catonajack collected $0.32 from pot
Catonajack: doesn't show hand 
*** SUMMARY ***
Total pot $0.33 | Rake $0.01 
Board [4c Jc Kh 7c]
Seat 1: CrazyyParis folded before Flop (didn't bet)
Seat 2: bukAman folded on the Turn
Seat 3: matias1624 (button) folded before Flop (didn't bet)
Seat 4: MirtoR37 (small blind) folded before Flop
Seat 5: santibaron (big blind) folded before Flop
Seat 6: Dorex2007 folded before Flop (didn't bet)
Seat 7: Catonajack collected ($0.32)
Seat 8: perffect16 folded before Flop (didn't bet)
Seat 9: 9Black3 folded before Flop (didn't bet)



PokerStars Hand #236592481623:  Hold'em No Limit ($0.01/$0.02 USD) - 2022/06/05 16:06:25 PT [2022/06/05 19:06:25 ET]
Table 'Hunnia III' 9-max Seat #4 is the button
Seat 1: CrazyyParis ($2.03 in chips) 
Seat 2: bukAman ($4.76 in chips) 
Seat 3: matias1624 ($2.43 in chips) 
Seat 4: MirtoR37 ($0.77 in chips) 
Seat 5: santibaron ($1.58 in chips) 
Seat 6: Dorex2007 ($2.28 in chips) 
Seat 7: Catonajack ($1.49 in chips) 
Seat 8: perffect16 ($2.38 in chips) 
Seat 9: 9Black3 ($3.54 in chips) 
santibaron: posts small blind $0.01
Dorex2007: posts big blind $0.02
*** HOLE CARDS ***
Dealt to Dorex2007 [5s Ac]
Catonajack: folds 
perffect16: folds 
9Black3: folds 
CrazyyParis: folds 
bukAman: raises $0.04 to $0.06
matias1624: folds 
MirtoR37: folds 
santibaron: folds 
Dorex2007: calls $0.04
*** FLOP *** [As Ah 3d]
Dorex2007: checks 
bukAman: checks 
*** TURN *** [As Ah 3d] [Kh]
Dorex2007: checks 
bukAman: checks 
*** RIVER *** [As Ah 3d Kh] [6s]
Dorex2007: bets $0.13
bukAman: folds 
Uncalled bet ($0.13) returned to Dorex2007
Dorex2007 collected $0.13 from pot
Dorex2007: doesn't show hand 
*** SUMMARY ***
Total pot $0.13 | Rake $0 
Board [As Ah 3d Kh 6s]
Seat 1: CrazyyParis folded before Flop (didn't bet)
Seat 2: bukAman folded on the River
Seat 3: matias1624 folded before Flop (didn't bet)
Seat 4: MirtoR37 (button) folded before Flop (didn't bet)
Seat 5: santibaron (small blind) folded before Flop
Seat 6: Dorex2007 (big blind) collected ($0.13)
Seat 7: Catonajack folded before Flop (didn't bet)
Seat 8: perffect16 folded before Flop (didn't bet)
Seat 9: 9Black3 folded before Flop (didn't bet)



PokerStars Hand #236592491985:  Hold'em No Limit ($0.01/$0.02 USD) - 2022/06/05 16:06:59 PT [2022/06/05 19:06:59 ET]
Table 'Hunnia III' 9-max Seat #5 is the button
Seat 1: CrazyyParis ($2.03 in chips) 
Seat 2: bukAman ($4.70 in chips) 
Seat 3: matias1624 ($2.43 in chips) 
Seat 4: MirtoR37 ($0.77 in chips) 
Seat 5: santibaron ($1.57 in chips) 
Seat 6: Dorex2007 ($2.35 in chips) 
Seat 7: Catonajack ($1.49 in chips) 
Seat 8: perffect16 ($2.38 in chips) 
Seat 9: 9Black3 ($3.54 in chips) 
Dorex2007: posts small blind $0.01
Catonajack: posts big blind $0.02
*** HOLE CARDS ***
Dealt to Dorex2007 [2c 9d]
perffect16: folds 
9Black3: folds 
CrazyyParis: folds 
bukAman: raises $0.04 to $0.06
matias1624: folds 
MirtoR37: folds 
santibaron: folds 
Dorex2007: folds 
Catonajack: calls $0.04
*** FLOP *** [Kd Jc 9c]
Catonajack: checks 
bukAman: checks 
*** TURN *** [Kd Jc 9c] [Qs]
Catonajack: bets $0.06
bukAman: folds 
Uncalled bet ($0.06) returned to Catonajack
Catonajack collected $0.13 from pot
Catonajack: doesn't show hand 
*** SUMMARY ***
Total pot $0.13 | Rake $0 
Board [Kd Jc 9c Qs]
Seat 1: CrazyyParis folded before Flop (didn't bet)
Seat 2: bukAman folded on the Turn
Seat 3: matias1624 folded before Flop (didn't bet)
Seat 4: MirtoR37 folded before Flop (didn't bet)
Seat 5: santibaron (button) folded before Flop (didn't bet)
Seat 6: Dorex2007 (small blind) folded before Flop
Seat 7: Catonajack (big blind) collected ($0.13)
Seat 8: perffect16 folded before Flop (didn't bet)
Seat 9: 9Black3 folded before Flop (didn't bet)



PokerStars Hand #236592507097:  Hold'em No Limit ($0.01/$0.02 USD) - 2022/06/05 16:07:23 PT [2022/06/05 19:07:23 ET]
Table 'Hunnia III' 9-max Seat #6 is the button
Seat 1: CrazyyParis ($2.03 in chips) 
Seat 2: bukAman ($4.64 in chips) 
Seat 3: matias1624 ($2.43 in chips) 
Seat 4: MirtoR37 ($0.77 in chips) 
Seat 5: santibaron ($1.57 in chips) 
Seat 6: Dorex2007 ($2.34 in chips) 
Seat 7: Catonajack ($1.56 in chips) 
Seat 8: perffect16 ($2.38 in chips) 
Seat 9: 9Black3 ($3.54 in chips) 
Catonajack: posts small blind $0.01
perffect16: posts big blind $0.02
*** HOLE CARDS ***
Dealt to Dorex2007 [3s Jh]
9Black3: folds 
CrazyyParis: folds 
bukAman: folds 
matias1624: raises $0.04 to $0.06
MirtoR37: folds 
santibaron: folds 
Dorex2007: folds 
Catonajack: folds 
perffect16: folds 
Uncalled bet ($0.04) returned to matias1624
Catonajack leaves the table
matias1624 collected $0.05 from pot
matias1624: doesn't show hand 
*** SUMMARY ***
Total pot $0.05 | Rake $0 
Seat 1: CrazyyParis folded before Flop (didn't bet)
Seat 2: bukAman folded before Flop (didn't bet)
Seat 3: matias1624 collected ($0.05)
Seat 4: MirtoR37 folded before Flop (didn't bet)
Seat 5: santibaron folded before Flop (didn't bet)
Seat 6: Dorex2007 (button) folded before Flop (didn't bet)
Seat 7: Catonajack (small blind) folded before Flop
Seat 8: perffect16 (big blind) folded before Flop
Seat 9: 9Black3 folded before Flop (didn't bet)



PokerStars Hand #236592514546:  Hold'em No Limit ($0.01/$0.02 USD) - 2022/06/05 16:07:46 PT [2022/06/05 19:07:46 ET]
Table 'Hunnia III' 9-max Seat #8 is the button
Seat 1: CrazyyParis ($2.03 in chips) 
Seat 2: bukAman ($4.64 in chips) 
Seat 3: matias1624 ($2.46 in chips) 
Seat 4: MirtoR37 ($0.77 in chips) 
Seat 5: santibaron ($1.57 in chips) 
Seat 6: Dorex2007 ($2.34 in chips) 
Seat 8: perffect16 ($2.36 in chips) 
Seat 9: 9Black3 ($3.54 in chips) 
9Black3: posts small blind $0.01
CrazyyParis: posts big blind $0.02
*** HOLE CARDS ***
Dealt to Dorex2007 [2h 9c]
bukAman: folds 
matias1624: calls $0.02
frosa9397 joins the table at seat #7 
MirtoR37: raises $0.02 to $0.04
santibaron: folds 
Dorex2007: folds 
perffect16: folds 
9Black3: folds 
CrazyyParis: folds 
matias1624: calls $0.02
*** FLOP *** [Kc Js 9s]
matias1624: bets $0.05
MirtoR37: calls $0.05
*** TURN *** [Kc Js 9s] [Th]
matias1624: checks 
MirtoR37: checks 
*** RIVER *** [Kc Js 9s Th] [5h]
matias1624: checks 
MirtoR37: checks 
*** SHOW DOWN ***
matias1624: shows [Kh Ac] (a pair of Kings)
MirtoR37: shows [Ks 9h] (two pair, Kings and Nines)
MirtoR37 collected $0.20 from pot
*** SUMMARY ***
Total pot $0.21 | Rake $0.01 
Board [Kc Js 9s Th 5h]
Seat 1: CrazyyParis (big blind) folded before Flop
Seat 2: bukAman folded before Flop (didn't bet)
Seat 3: matias1624 showed [Kh Ac] and lost with a pair of Kings
Seat 4: MirtoR37 showed [Ks 9h] and won ($0.20) with two pair, Kings and Nines
Seat 5: santibaron folded before Flop (didn't bet)
Seat 6: Dorex2007 folded before Flop (didn't bet)
Seat 8: perffect16 (button) folded before Flop (didn't bet)
Seat 9: 9Black3 (small blind) folded before Flop



PokerStars Hand #236592526015:  Hold'em No Limit ($0.01/$0.02 USD) - 2022/06/05 16:08:23 PT [2022/06/05 19:08:23 ET]
Table 'Hunnia III' 9-max Seat #9 is the button
Seat 1: CrazyyParis ($2.01 in chips) 
Seat 2: bukAman ($4.64 in chips) 
Seat 3: matias1624 ($2.37 in chips) 
Seat 4: MirtoR37 ($0.88 in chips) 
Seat 5: santibaron ($1.57 in chips) 
Seat 6: Dorex2007 ($2.34 in chips) 
Seat 7: frosa9397 ($2 in chips) 
Seat 8: perffect16 ($2.36 in chips) 
Seat 9: 9Black3 ($3.53 in chips) 
CrazyyParis: posts small blind $0.01
bukAman: posts big blind $0.02
frosa9397: posts big blind $0.02
*** HOLE CARDS ***
Dealt to Dorex2007 [8d Ks]
matias1624: calls $0.02
MirtoR37: calls $0.02
santibaron: folds 
Dorex2007: folds 
frosa9397: checks 
perffect16: calls $0.02
9Black3: calls $0.02
CrazyyParis: calls $0.01
bukAman: checks 
*** FLOP *** [7h 5c Jc]
CrazyyParis: checks 
bukAman: checks 
matias1624: checks 
MirtoR37: checks 
frosa9397: checks 
perffect16: bets $0.07
9Black3: folds 
CrazyyParis: folds 
bukAman: folds 
matias1624: folds 
MirtoR37: folds 
frosa9397: folds 
Uncalled bet ($0.07) returned to perffect16
perffect16 collected $0.14 from pot
perffect16: doesn't show hand 
*** SUMMARY ***
Total pot $0.14 | Rake $0 
Board [7h 5c Jc]
Seat 1: CrazyyParis (small blind) folded on the Flop
Seat 2: bukAman (big blind) folded on the Flop
Seat 3: matias1624 folded on the Flop
Seat 4: MirtoR37 folded on the Flop
Seat 5: santibaron folded before Flop (didn't bet)
Seat 6: Dorex2007 folded before Flop (didn't bet)
Seat 7: frosa9397 folded on the Flop (didn't bet)
Seat 8: perffect16 collected ($0.14)
Seat 9: 9Black3 (button) folded on the Flop



PokerStars Hand #236592543393:  Hold'em No Limit ($0.01/$0.02 USD) - 2022/06/05 16:09:17 PT [2022/06/05 19:09:17 ET]
Table 'Hunnia III' 9-max Seat #1 is the button
Seat 1: CrazyyParis ($2 in chips) 
Seat 2: bukAman ($4.62 in chips) 
Seat 3: matias1624 ($2.35 in chips) 
Seat 4: MirtoR37 ($0.86 in chips) 
Seat 5: santibaron ($1.57 in chips) 
Seat 6: Dorex2007 ($2.34 in chips) 
Seat 7: frosa9397 ($1.98 in chips) 
Seat 8: perffect16 ($2.48 in chips) 
Seat 9: 9Black3 ($3.51 in chips) 
bukAman: posts small blind $0.01
matias1624: posts big blind $0.02
*** HOLE CARDS ***
Dealt to Dorex2007 [7c 7h]
MirtoR37: folds 
santibaron: folds 
Dorex2007: raises $0.04 to $0.06
frosa9397: folds 
perffect16: folds 
9Black3: raises $0.16 to $0.22
CrazyyParis: folds 
bukAman: calls $0.21
matias1624: folds 
Dorex2007: folds 
*** FLOP *** [Tc 9s 5d]
bukAman: checks 
9Black3: bets $0.25
bukAman: calls $0.25
*** TURN *** [Tc 9s 5d] [Th]
bukAman: checks 
9Black3: checks 
*** RIVER *** [Tc 9s 5d Th] [Kd]
bukAman: checks 
9Black3: checks 
*** SHOW DOWN ***
bukAman: shows [Qs Qd] (two pair, Queens and Tens)
9Black3: shows [Ks As] (two pair, Kings and Tens)
9Black3 collected $0.98 from pot
*** SUMMARY ***
Total pot $1.02 | Rake $0.04 
Board [Tc 9s 5d Th Kd]
Seat 1: CrazyyParis (button) folded before Flop (didn't bet)
Seat 2: bukAman (small blind) showed [Qs Qd] and lost with two pair, Queens and Tens
Seat 3: matias1624 (big blind) folded before Flop
Seat 4: MirtoR37 folded before Flop (didn't bet)
Seat 5: santibaron folded before Flop (didn't bet)
Seat 6: Dorex2007 folded before Flop
Seat 7: frosa9397 folded before Flop (didn't bet)
Seat 8: perffect16 folded before Flop (didn't bet)
Seat 9: 9Black3 showed [Ks As] and won ($0.98) with two pair, Kings and Tens



PokerStars Hand #236592568516:  Hold'em No Limit ($0.01/$0.02 USD) - 2022/06/05 16:10:24 PT [2022/06/05 19:10:24 ET]
Table 'Hunnia III' 9-max Seat #2 is the button
Seat 1: CrazyyParis ($2 in chips) 
Seat 2: bukAman ($4.15 in chips) 
Seat 3: matias1624 ($2.33 in chips) 
Seat 4: MirtoR37 ($0.86 in chips) 
Seat 5: santibaron ($1.57 in chips) 
Seat 6: Dorex2007 ($2.28 in chips) 
Seat 7: frosa9397 ($1.98 in chips) 
Seat 8: perffect16 ($2.48 in chips) 
Seat 9: 9Black3 ($4.02 in chips) 
matias1624: posts small blind $0.01
MirtoR37: posts big blind $0.02
*** HOLE CARDS ***
Dealt to Dorex2007 [Ah 4c]
santibaron: folds 
Dorex2007: folds 
frosa9397: calls $0.02
perffect16: folds 
9Black3: folds 
CrazyyParis: folds 
bukAman: folds 
matias1624: folds 
MirtoR37: checks 
*** FLOP *** [Ad 7d Jh]
MirtoR37: checks 
frosa9397: checks 
*** TURN *** [Ad 7d Jh] [5c]
MirtoR37: bets $0.04
frosa9397: folds 
Uncalled bet ($0.04) returned to MirtoR37
MirtoR37 collected $0.05 from pot
MirtoR37: doesn't show hand 
*** SUMMARY ***
Total pot $0.05 | Rake $0 
Board [Ad 7d Jh 5c]
Seat 1: CrazyyParis folded before Flop (didn't bet)
Seat 2: bukAman (button) folded before Flop (didn't bet)
Seat 3: matias1624 (small blind) folded before Flop
Seat 4: MirtoR37 (big blind) collected ($0.05)
Seat 5: santibaron folded before Flop (didn't bet)
Seat 6: Dorex2007 folded before Flop (didn't bet)
Seat 7: frosa9397 folded on the Turn
Seat 8: perffect16 folded before Flop (didn't bet)
Seat 9: 9Black3 folded before Flop (didn't bet)



PokerStars Hand #236592578824:  Hold'em No Limit ($0.01/$0.02 USD) - 2022/06/05 16:10:56 PT [2022/06/05 19:10:56 ET]
Table 'Hunnia III' 9-max Seat #3 is the button
Seat 1: CrazyyParis ($2 in chips) 
Seat 2: bukAman ($4.15 in chips) 
Seat 3: matias1624 ($2.32 in chips) 
Seat 4: MirtoR37 ($0.89 in chips) 
Seat 5: santibaron ($1.57 in chips) 
Seat 6: Dorex2007 ($2.28 in chips) 
Seat 7: frosa9397 ($1.96 in chips) 
Seat 8: perffect16 ($2.48 in chips) 
Seat 9: 9Black3 ($4.02 in chips) 
MirtoR37: posts small blind $0.01
santibaron: posts big blind $0.02
*** HOLE CARDS ***
Dealt to Dorex2007 [6c 4h]
Dorex2007: folds 
frosa9397: calls $0.02
perffect16: folds 
9Black3: folds 
CrazyyParis: folds 
bukAman: raises $0.07 to $0.09
matias1624: folds 
MirtoR37: folds 
santibaron: folds 
frosa9397: calls $0.07
*** FLOP *** [3h 8s Ad]
frosa9397: checks 
bukAman: checks 
*** TURN *** [3h 8s Ad] [9h]
frosa9397: bets $0.12
CrazyyParis leaves the table
bukAman: calls $0.12
*** RIVER *** [3h 8s Ad 9h] [7d]
frosa9397: checks 
bukAman: checks 
*** SHOW DOWN ***
frosa9397: shows [Th Ah] (a pair of Aces)
bukAman: mucks hand 
frosa9397 collected $0.43 from pot
*** SUMMARY ***
Total pot $0.45 | Rake $0.02 
Board [3h 8s Ad 9h 7d]
Seat 1: CrazyyParis folded before Flop (didn't bet)
Seat 2: bukAman mucked [7c Tc]
Seat 3: matias1624 (button) folded before Flop (didn't bet)
Seat 4: MirtoR37 (small blind) folded before Flop
Seat 5: santibaron (big blind) folded before Flop
Seat 6: Dorex2007 folded before Flop (didn't bet)
Seat 7: frosa9397 showed [Th Ah] and won ($0.43) with a pair of Aces
Seat 8: perffect16 folded before Flop (didn't bet)
Seat 9: 9Black3 folded before Flop (didn't bet)



PokerStars Hand #236592596496:  Hold'em No Limit ($0.01/$0.02 USD) - 2022/06/05 16:11:52 PT [2022/06/05 19:11:52 ET]
Table 'Hunnia III' 9-max Seat #4 is the button
Seat 2: bukAman ($3.94 in chips) 
Seat 3: matias1624 ($2.32 in chips) 
Seat 4: MirtoR37 ($0.88 in chips) 
Seat 5: santibaron ($1.55 in chips) 
Seat 6: Dorex2007 ($2.28 in chips) 
Seat 7: frosa9397 ($2.18 in chips) 
Seat 8: perffect16 ($2.48 in chips) 
Seat 9: 9Black3 ($4.02 in chips) 
santibaron: posts small blind $0.01
Dorex2007: posts big blind $0.02
*** HOLE CARDS ***
Dealt to Dorex2007 [8h 2h]
frosa9397: folds 
perffect16: folds 
9Black3: folds 
bukAman: raises $0.04 to $0.06
matias1624: folds 
MirtoR37: folds 
santibaron: folds 
DuqueMenino joins the table at seat #1 
Dorex2007: folds 
Uncalled bet ($0.04) returned to bukAman
bukAman collected $0.05 from pot
bukAman: doesn't show hand 
*** SUMMARY ***
Total pot $0.05 | Rake $0 
Seat 2: bukAman collected ($0.05)
Seat 3: matias1624 folded before Flop (didn't bet)
Seat 4: MirtoR37 (button) folded before Flop (didn't bet)
Seat 5: santibaron (small blind) folded before Flop
Seat 6: Dorex2007 (big blind) folded before Flop
Seat 7: frosa9397 folded before Flop (didn't bet)
Seat 8: perffect16 folded before Flop (didn't bet)
Seat 9: 9Black3 folded before Flop (didn't bet)



PokerStars Hand #236592602016:  Hold'em No Limit ($0.01/$0.02 USD) - 2022/06/05 16:12:10 PT [2022/06/05 19:12:10 ET]
Table 'Hunnia III' 9-max Seat #5 is the button
Seat 2: bukAman ($3.97 in chips) 
Seat 3: matias1624 ($2.32 in chips) 
Seat 4: MirtoR37 ($0.88 in chips) 
Seat 5: santibaron ($1.54 in chips) 
Seat 6: Dorex2007 ($2.26 in chips) 
Seat 7: frosa9397 ($2.18 in chips) 
Seat 8: perffect16 ($2.48 in chips) 
Seat 9: 9Black3 ($4.02 in chips) 
Dorex2007: posts small blind $0.01
frosa9397: posts big blind $0.02
DuqueMenino: sits out 
*** HOLE CARDS ***
Dealt to Dorex2007 [6c 2c]
perffect16: folds 
9Black3: folds 
bukAman: folds 
matias1624: folds 
MirtoR37: folds 
santibaron: folds 
Dorex2007: folds 
Uncalled bet ($0.01) returned to frosa9397
frosa9397 collected $0.02 from pot
frosa9397: doesn't show hand 
*** SUMMARY ***
Total pot $0.02 | Rake $0 
Seat 2: bukAman folded before Flop (didn't bet)
Seat 3: matias1624 folded before Flop (didn't bet)
Seat 4: MirtoR37 folded before Flop (didn't bet)
Seat 5: santibaron (button) folded before Flop (didn't bet)
Seat 6: Dorex2007 (small blind) folded before Flop
Seat 7: frosa9397 (big blind) collected ($0.02)
Seat 8: perffect16 folded before Flop (didn't bet)
Seat 9: 9Black3 folded before Flop (didn't bet)



PokerStars Hand #236592606651:  Hold'em No Limit ($0.01/$0.02 USD) - 2022/06/05 16:12:24 PT [2022/06/05 19:12:24 ET]
Table 'Hunnia III' 9-max Seat #6 is the button
Seat 1: DuqueMenino ($2 in chips) 
Seat 2: bukAman ($3.97 in chips) 
Seat 3: matias1624 ($2.32 in chips) 
Seat 4: MirtoR37 ($0.88 in chips) 
Seat 5: santibaron ($1.54 in chips) 
Seat 6: Dorex2007 ($2.25 in chips) 
Seat 7: frosa9397 ($2.19 in chips) 
Seat 8: perffect16 ($2.48 in chips) 
Seat 9: 9Black3 ($4.02 in chips) 
frosa9397: posts small blind $0.01
perffect16: posts big blind $0.02
DuqueMenino: posts big blind $0.02
*** HOLE CARDS ***
Dealt to Dorex2007 [As 5d]
9Black3: folds 
DuqueMenino: checks 
bukAman: folds 
matias1624: folds 
MirtoR37: folds 
santibaron: raises $0.06 to $0.08
Dorex2007: folds 
frosa9397: folds 
perffect16: folds 
DuqueMenino: folds 
Uncalled bet ($0.06) returned to santibaron
santibaron collected $0.07 from pot
*** SUMMARY ***
Total pot $0.07 | Rake $0 
Seat 1: DuqueMenino folded before Flop (didn't bet)
Seat 2: bukAman folded before Flop (didn't bet)
Seat 3: matias1624 folded before Flop (didn't bet)
Seat 4: MirtoR37 folded before Flop (didn't bet)
Seat 5: santibaron collected ($0.07)
Seat 6: Dorex2007 (button) folded before Flop (didn't bet)
Seat 7: frosa9397 (small blind) folded before Flop
Seat 8: perffect16 (big blind) folded before Flop
Seat 9: 9Black3 folded before Flop (didn't bet)



PokerStars Hand #236592618709:  Hold'em No Limit ($0.01/$0.02 USD) - 2022/06/05 16:13:03 PT [2022/06/05 19:13:03 ET]
Table 'Hunnia III' 9-max Seat #7 is the button
Seat 1: DuqueMenino ($1.98 in chips) 
Seat 2: bukAman ($3.97 in chips) 
Seat 3: matias1624 ($2.32 in chips) 
Seat 4: MirtoR37 ($0.88 in chips) 
Seat 5: santibaron ($1.59 in chips) 
Seat 6: Dorex2007 ($2.25 in chips) 
Seat 7: frosa9397 ($2.18 in chips) 
Seat 8: perffect16 ($2.46 in chips) 
perffect16: posts small blind $0.01
9Black3: is sitting out 
DuqueMenino: posts big blind $0.02
*** HOLE CARDS ***
Dealt to Dorex2007 [9h 8s]
bukAman: folds 
matias1624: folds 
MirtoR37: folds 
santibaron: folds 
Dorex2007: folds 
frosa9397: folds 
perffect16: calls $0.01
DuqueMenino: checks 
*** FLOP *** [Kc 5s 3s]
perffect16: checks 
DuqueMenino: bets $0.02
perffect16: calls $0.02
*** TURN *** [Kc 5s 3s] [Qd]
perffect16: checks 
DuqueMenino: bets $0.04
perffect16: folds 
Uncalled bet ($0.04) returned to DuqueMenino
DuqueMenino collected $0.08 from pot
DuqueMenino: doesn't show hand 
*** SUMMARY ***
Total pot $0.08 | Rake $0 
Board [Kc 5s 3s Qd]
Seat 1: DuqueMenino (big blind) collected ($0.08)
Seat 2: bukAman folded before Flop (didn't bet)
Seat 3: matias1624 folded before Flop (didn't bet)
Seat 4: MirtoR37 folded before Flop (didn't bet)
Seat 5: santibaron folded before Flop (didn't bet)
Seat 6: Dorex2007 folded before Flop (didn't bet)
Seat 7: frosa9397 (button) folded before Flop (didn't bet)
Seat 8: perffect16 (small blind) folded on the Turn



PokerStars Hand #236592635465:  Hold'em No Limit ($0.01/$0.02 USD) - 2022/06/05 16:13:57 PT [2022/06/05 19:13:57 ET]
Table 'Hunnia III' 9-max Seat #8 is the button
Seat 1: DuqueMenino ($2.02 in chips) 
Seat 2: bukAman ($3.97 in chips) 
Seat 3: matias1624 ($2.32 in chips) 
Seat 4: MirtoR37 ($0.88 in chips) 
Seat 5: santibaron ($1.59 in chips) 
Seat 6: Dorex2007 ($2.25 in chips) 
Seat 7: frosa9397 ($2.18 in chips) 
Seat 8: perffect16 ($2.42 in chips) 
DuqueMenino: posts small blind $0.01
bukAman: posts big blind $0.02
*** HOLE CARDS ***
Dealt to Dorex2007 [6d 7s]
matias1624: folds 
MirtoR37: raises $0.02 to $0.04
santibaron: folds 
Dorex2007: folds 
frosa9397: folds 
perffect16: folds 
DuqueMenino: folds 
bukAman: folds 
Uncalled bet ($0.02) returned to MirtoR37
MirtoR37 collected $0.05 from pot
MirtoR37: doesn't show hand 
*** SUMMARY ***
Total pot $0.05 | Rake $0 
Seat 1: DuqueMenino (small blind) folded before Flop
Seat 2: bukAman (big blind) folded before Flop
Seat 3: matias1624 folded before Flop (didn't bet)
Seat 4: MirtoR37 collected ($0.05)
Seat 5: santibaron folded before Flop (didn't bet)
Seat 6: Dorex2007 folded before Flop (didn't bet)
Seat 7: frosa9397 folded before Flop (didn't bet)
Seat 8: perffect16 (button) folded before Flop (didn't bet)



PokerStars Hand #236592641395:  Hold'em No Limit ($0.01/$0.02 USD) - 2022/06/05 16:14:16 PT [2022/06/05 19:14:16 ET]
Table 'Hunnia III' 9-max Seat #1 is the button
Seat 1: DuqueMenino ($2.01 in chips) 
Seat 2: bukAman ($3.95 in chips) 
Seat 3: matias1624 ($2.32 in chips) 
Seat 4: MirtoR37 ($0.91 in chips) 
Seat 5: santibaron ($1.59 in chips) 
Seat 6: Dorex2007 ($2.25 in chips) 
Seat 7: frosa9397 ($2.18 in chips) 
Seat 8: perffect16 ($2.42 in chips) 
bukAman: posts small blind $0.01
matias1624: posts big blind $0.02
*** HOLE CARDS ***
Dealt to Dorex2007 [4d 9s]
MirtoR37: folds 
santibaron: folds 
Dorex2007: folds 
frosa9397: folds 
perffect16: folds 
DuqueMenino: raises $0.04 to $0.06
bukAman: folds 
matias1624: folds 
Uncalled bet ($0.04) returned to DuqueMenino
DuqueMenino collected $0.05 from pot
DuqueMenino: doesn't show hand 
*** SUMMARY ***
Total pot $0.05 | Rake $0 
Seat 1: DuqueMenino (button) collected ($0.05)
Seat 2: bukAman (small blind) folded before Flop
Seat 3: matias1624 (big blind) folded before Flop
Seat 4: MirtoR37 folded before Flop (didn't bet)
Seat 5: santibaron folded before Flop (didn't bet)
Seat 6: Dorex2007 folded before Flop (didn't bet)
Seat 7: frosa9397 folded before Flop (didn't bet)
Seat 8: perffect16 folded before Flop (didn't bet)



PokerStars Hand #236592645766:  Hold'em No Limit ($0.01/$0.02 USD) - 2022/06/05 16:14:30 PT [2022/06/05 19:14:30 ET]
Table 'Hunnia III' 9-max Seat #2 is the button
Seat 1: DuqueMenino ($2.04 in chips) 
Seat 2: bukAman ($3.94 in chips) 
Seat 3: matias1624 ($2.30 in chips) 
Seat 4: MirtoR37 ($0.91 in chips) 
Seat 5: santibaron ($1.59 in chips) 
Seat 6: Dorex2007 ($2.25 in chips) 
Seat 7: frosa9397 ($2.18 in chips) 
Seat 8: perffect16 ($2.42 in chips) 
matias1624: posts small blind $0.01
MirtoR37: posts big blind $0.02
*** HOLE CARDS ***
Dealt to Dorex2007 [2h 9c]
santibaron: calls $0.02
Dorex2007: folds 
frosa9397: calls $0.02
perffect16: calls $0.02
DuqueMenino: raises $0.10 to $0.12
bukAman: folds 
matias1624: folds 
MirtoR37: folds 
santibaron: calls $0.10
frosa9397: folds 
perffect16: folds 
*** FLOP *** [2s 5d 3c]
santibaron: checks 
DuqueMenino: bets $0.17
santibaron: calls $0.17
*** TURN *** [2s 5d 3c] [Th]
santibaron: checks 
DuqueMenino: bets $0.35
santibaron: folds 
Uncalled bet ($0.35) returned to DuqueMenino
DuqueMenino collected $0.63 from pot
DuqueMenino: doesn't show hand 
*** SUMMARY ***
Total pot $0.65 | Rake $0.02 
Board [2s 5d 3c Th]
Seat 1: DuqueMenino collected ($0.63)
Seat 2: bukAman (button) folded before Flop (didn't bet)
Seat 3: matias1624 (small blind) folded before Flop
Seat 4: MirtoR37 (big blind) folded before Flop
Seat 5: santibaron folded on the Turn
Seat 6: Dorex2007 folded before Flop (didn't bet)
Seat 7: frosa9397 folded before Flop
Seat 8: perffect16 folded before Flop



PokerStars Hand #236592670660:  Hold'em No Limit ($0.01/$0.02 USD) - 2022/06/05 16:15:51 PT [2022/06/05 19:15:51 ET]
Table 'Hunnia III' 9-max Seat #3 is the button
Seat 1: DuqueMenino ($2.38 in chips) 
Seat 2: bukAman ($3.94 in chips) 
Seat 3: matias1624 ($2.29 in chips) 
Seat 4: MirtoR37 ($0.89 in chips) 
Seat 5: santibaron ($1.30 in chips) 
Seat 6: Dorex2007 ($2.25 in chips) 
Seat 7: frosa9397 ($2.16 in chips) 
Seat 8: perffect16 ($2.40 in chips) 
MirtoR37: posts small blind $0.01
santibaron: posts big blind $0.02
*** HOLE CARDS ***
Dealt to Dorex2007 [Qd 3s]
Dorex2007: folds 
frosa9397: folds 
perffect16: folds 
DuqueMenino: raises $0.04 to $0.06
bukAman: calls $0.06
matias1624: folds 
MirtoR37: folds 
santibaron: folds 
*** FLOP *** [Qs 7c Th]
DuqueMenino: bets $0.07
bukAman: raises $0.07 to $0.14
DuqueMenino: folds 
Uncalled bet ($0.07) returned to bukAman
bukAman collected $0.28 from pot
bukAman: doesn't show hand 
*** SUMMARY ***
Total pot $0.29 | Rake $0.01 
Board [Qs 7c Th]
Seat 1: DuqueMenino folded on the Flop
Seat 2: bukAman collected ($0.28)
Seat 3: matias1624 (button) folded before Flop (didn't bet)
Seat 4: MirtoR37 (small blind) folded before Flop
Seat 5: santibaron (big blind) folded before Flop
Seat 6: Dorex2007 folded before Flop (didn't bet)
Seat 7: frosa9397 folded before Flop (didn't bet)
Seat 8: perffect16 folded before Flop (didn't bet)



PokerStars Hand #236592681903:  Hold'em No Limit ($0.01/$0.02 USD) - 2022/06/05 16:16:28 PT [2022/06/05 19:16:28 ET]
Table 'Hunnia III' 9-max Seat #4 is the button
Seat 1: DuqueMenino ($2.25 in chips) 
Seat 2: bukAman ($4.09 in chips) 
Seat 3: matias1624 ($2.29 in chips) 
Seat 4: MirtoR37 ($0.88 in chips) 
Seat 5: santibaron ($1.28 in chips) 
Seat 6: Dorex2007 ($2.25 in chips) 
Seat 7: frosa9397 ($2.16 in chips) 
Seat 8: perffect16 ($2.40 in chips) 
santibaron: posts small blind $0.01
Dorex2007: posts big blind $0.02
*** HOLE CARDS ***
Dealt to Dorex2007 [8d 3c]
frosa9397: folds 
perffect16: folds 
DuqueMenino: folds 
bukAman: folds 
matias1624: calls $0.02
MirtoR37: calls $0.02
santibaron: calls $0.01
Dorex2007: checks 
*** FLOP *** [Js 8s 8c]
santibaron: checks 
Dorex2007: bets $0.05
matias1624: calls $0.05
MirtoR37: calls $0.05
santibaron: folds 
*** TURN *** [Js 8s 8c] [2s]
Dorex2007: bets $0.15
matias1624: folds 
MirtoR37: calls $0.15
*** RIVER *** [Js 8s 8c 2s] [9h]
Dorex2007: bets $0.26
MirtoR37: calls $0.26
*** SHOW DOWN ***
Dorex2007: shows [8d 3c] (three of a kind, Eights)
MirtoR37: mucks hand 
Dorex2007 collected $1.01 from pot
*** SUMMARY ***
Total pot $1.05 | Rake $0.04 
Board [Js 8s 8c 2s 9h]
Seat 1: DuqueMenino folded before Flop (didn't bet)
Seat 2: bukAman folded before Flop (didn't bet)
Seat 3: matias1624 folded on the Turn
Seat 4: MirtoR37 (button) mucked [Jd Qs]
Seat 5: santibaron (small blind) folded on the Flop
Seat 6: Dorex2007 (big blind) showed [8d 3c] and won ($1.01) with three of a kind, Eights
Seat 7: frosa9397 folded before Flop (didn't bet)
Seat 8: perffect16 folded before Flop (didn't bet)



PokerStars Hand #236592709641:  Hold'em No Limit ($0.01/$0.02 USD) - 2022/06/05 16:17:59 PT [2022/06/05 19:17:59 ET]
Table 'Hunnia III' 9-max Seat #5 is the button
Seat 1: DuqueMenino ($2.25 in chips) 
Seat 2: bukAman ($4.09 in chips) 
Seat 3: matias1624 ($2.22 in chips) 
Seat 4: MirtoR37 ($0.40 in chips) 
Seat 5: santibaron ($1.26 in chips) 
Seat 6: Dorex2007 ($2.78 in chips) 
Seat 7: frosa9397 ($2.16 in chips) 
Seat 8: perffect16 ($2.40 in chips) 
Dorex2007: posts small blind $0.01
frosa9397: posts big blind $0.02
*** HOLE CARDS ***
Dealt to Dorex2007 [3s 6s]
perffect16: calls $0.02
DuqueMenino: folds 
bukAman: folds 
matias1624: folds 
MirtoR37: folds 
santibaron: folds 
Dorex2007: calls $0.01
frosa9397: checks 
*** FLOP *** [6h 5h Qd]
Dorex2007: checks 
frosa9397: checks 
perffect16: checks 
*** TURN *** [6h 5h Qd] [Qs]
Dorex2007: checks 
frosa9397: checks 
perffect16: checks 
*** RIVER *** [6h 5h Qd Qs] [6c]
Dorex2007: bets $0.06
frosa9397: folds 
perffect16: folds 
Uncalled bet ($0.06) returned to Dorex2007
Dorex2007 collected $0.06 from pot
Dorex2007: doesn't show hand 
*** SUMMARY ***
Total pot $0.06 | Rake $0 
Board [6h 5h Qd Qs 6c]
Seat 1: DuqueMenino folded before Flop (didn't bet)
Seat 2: bukAman folded before Flop (didn't bet)
Seat 3: matias1624 folded before Flop (didn't bet)
Seat 4: MirtoR37 folded before Flop (didn't bet)
Seat 5: santibaron (button) folded before Flop (didn't bet)
Seat 6: Dorex2007 (small blind) collected ($0.06)
Seat 7: frosa9397 (big blind) folded on the River
Seat 8: perffect16 folded on the River



PokerStars Hand #236592727961:  Hold'em No Limit ($0.01/$0.02 USD) - 2022/06/05 16:18:59 PT [2022/06/05 19:18:59 ET]
Table 'Hunnia III' 9-max Seat #6 is the button
Seat 1: DuqueMenino ($2.25 in chips) 
Seat 2: bukAman ($4.09 in chips) 
Seat 3: matias1624 ($2.22 in chips) 
Seat 4: MirtoR37 ($0.40 in chips) 
Seat 5: santibaron ($1.26 in chips) 
Seat 6: Dorex2007 ($2.82 in chips) 
Seat 7: frosa9397 ($2.14 in chips) 
Seat 8: perffect16 ($2.38 in chips) 
frosa9397: posts small blind $0.01
perffect16: posts big blind $0.02
*** HOLE CARDS ***
Dealt to Dorex2007 [2s Jh]
DuqueMenino: folds 
bukAman: folds 
matias1624: folds 
MirtoR37: folds 
santibaron: folds 
Dorex2007: folds 
frosa9397: calls $0.01
perffect16: checks 
*** FLOP *** [Jc 3s Kc]
frosa9397: checks 
perffect16: checks 
*** TURN *** [Jc 3s Kc] [Kd]
9Black3 leaves the table
frosa9397: checks 
perffect16: checks 
*** RIVER *** [Jc 3s Kc Kd] [4c]
frosa9397: bets $0.06
perffect16: folds 
Uncalled bet ($0.06) returned to frosa9397
frosa9397 collected $0.04 from pot
frosa9397: doesn't show hand 
*** SUMMARY ***
Total pot $0.04 | Rake $0 
Board [Jc 3s Kc Kd 4c]
Seat 1: DuqueMenino folded before Flop (didn't bet)
Seat 2: bukAman folded before Flop (didn't bet)
Seat 3: matias1624 folded before Flop (didn't bet)
Seat 4: MirtoR37 folded before Flop (didn't bet)
Seat 5: santibaron folded before Flop (didn't bet)
Seat 6: Dorex2007 (button) folded before Flop (didn't bet)
Seat 7: frosa9397 (small blind) collected ($0.04)
Seat 8: perffect16 (big blind) folded on the River



PokerStars Hand #236592740671:  Hold'em No Limit ($0.01/$0.02 USD) - 2022/06/05 16:19:41 PT [2022/06/05 19:19:41 ET]
Table 'Hunnia III' 9-max Seat #7 is the button
Seat 1: DuqueMenino ($2.25 in chips) 
Seat 2: bukAman ($4.09 in chips) 
Seat 3: matias1624 ($2.22 in chips) 
Seat 4: MirtoR37 ($0.40 in chips) 
Seat 5: santibaron ($1.26 in chips) 
Seat 6: Dorex2007 ($2.82 in chips) 
Seat 7: frosa9397 ($2.16 in chips) 
Seat 8: perffect16 ($2.36 in chips) 
perffect16: posts small blind $0.01
DuqueMenino: posts big blind $0.02
*** HOLE CARDS ***
Dealt to Dorex2007 [4h Jh]
bukAman: raises $0.04 to $0.06
matias1624: folds 
MirtoR37: folds 
santibaron: folds 
Dorex2007: folds 
frosa9397: folds 
perffect16: folds 
DuqueMenino: folds 
Uncalled bet ($0.04) returned to bukAman
bukAman collected $0.05 from pot
bukAman: doesn't show hand 
*** SUMMARY ***
Total pot $0.05 | Rake $0 
Seat 1: DuqueMenino (big blind) folded before Flop
Seat 2: bukAman collected ($0.05)
Seat 3: matias1624 folded before Flop (didn't bet)
Seat 4: MirtoR37 folded before Flop (didn't bet)
Seat 5: santibaron folded before Flop (didn't bet)
Seat 6: Dorex2007 folded before Flop (didn't bet)
Seat 7: frosa9397 (button) folded before Flop (didn't bet)
Seat 8: perffect16 (small blind) folded before Flop



PokerStars Hand #236592749380:  Hold'em No Limit ($0.01/$0.02 USD) - 2022/06/05 16:20:10 PT [2022/06/05 19:20:10 ET]
Table 'Hunnia III' 9-max Seat #8 is the button
Seat 1: DuqueMenino ($2.23 in chips) 
Seat 2: bukAman ($4.12 in chips) 
Seat 3: matias1624 ($2.22 in chips) 
Seat 4: MirtoR37 ($0.40 in chips) 
Seat 5: santibaron ($1.26 in chips) 
Seat 6: Dorex2007 ($2.82 in chips) 
Seat 7: frosa9397 ($2.16 in chips) 
Seat 8: perffect16 ($2.35 in chips) 
DuqueMenino: posts small blind $0.01
bukAman: posts big blind $0.02
*** HOLE CARDS ***
Dealt to Dorex2007 [4h Qc]
DevilRHN joins the table at seat #9 
matias1624: folds 
MirtoR37: folds 
santibaron: folds 
Dorex2007: folds 
frosa9397: folds 
perffect16: raises $0.05 to $0.07
DuqueMenino: folds 
bukAman: folds 
Uncalled bet ($0.05) returned to perffect16
perffect16 collected $0.05 from pot
perffect16: doesn't show hand 
*** SUMMARY ***
Total pot $0.05 | Rake $0 
Seat 1: DuqueMenino (small blind) folded before Flop
Seat 2: bukAman (big blind) folded before Flop
Seat 3: matias1624 folded before Flop (didn't bet)
Seat 4: MirtoR37 folded before Flop (didn't bet)
Seat 5: santibaron folded before Flop (didn't bet)
Seat 6: Dorex2007 folded before Flop (didn't bet)
Seat 7: frosa9397 folded before Flop (didn't bet)
Seat 8: perffect16 (button) collected ($0.05)



PokerStars Hand #236592760120:  Hold'em No Limit ($0.01/$0.02 USD) - 2022/06/05 16:20:45 PT [2022/06/05 19:20:45 ET]
Table 'Hunnia III' 9-max Seat #1 is the button
Seat 1: DuqueMenino ($2.22 in chips) 
Seat 2: bukAman ($4.10 in chips) 
Seat 3: matias1624 ($2.22 in chips) 
Seat 4: MirtoR37 ($0.40 in chips) 
Seat 5: santibaron ($1.26 in chips) 
Seat 6: Dorex2007 ($2.82 in chips) 
Seat 7: frosa9397 ($2.16 in chips) 
Seat 8: perffect16 ($2.38 in chips) 
Seat 9: DevilRHN ($2 in chips) 
bukAman: posts small blind $0.01
matias1624: posts big blind $0.02
DevilRHN: posts big blind $0.02
*** HOLE CARDS ***
Dealt to Dorex2007 [4h 4c]
MirtoR37 has timed out
MirtoR37: folds 
santibaron: folds 
Dorex2007: calls $0.02
frosa9397: folds 
perffect16: calls $0.02
DevilRHN: checks 
DuqueMenino: raises $0.08 to $0.10
bukAman: calls $0.09
matias1624: folds 
Dorex2007: folds 
perffect16: calls $0.08
DevilRHN: calls $0.08
*** FLOP *** [7s 5d 7d]
bukAman: checks 
perffect16: checks 
DevilRHN: checks 
DuqueMenino: bets $0.21
bukAman: folds 
perffect16: folds 
DevilRHN: calls $0.21
*** TURN *** [7s 5d 7d] [Qh]
DevilRHN: checks 
DuqueMenino: bets $0.41
DevilRHN: calls $0.41
*** RIVER *** [7s 5d 7d Qh] [9s]
DevilRHN: checks 
DuqueMenino: bets $1.50 and is all-in
DevilRHN: calls $1.28 and is all-in
Uncalled bet ($0.22) returned to DuqueMenino
*** SHOW DOWN ***
DuqueMenino: shows [Ah 9d] (two pair, Nines and Sevens)
DevilRHN: shows [Th Tc] (two pair, Tens and Sevens)
DevilRHN collected $4.09 from pot
*** SUMMARY ***
Total pot $4.24 | Rake $0.15 
Board [7s 5d 7d Qh 9s]
Seat 1: DuqueMenino (button) showed [Ah 9d] and lost with two pair, Nines and Sevens
Seat 2: bukAman (small blind) folded on the Flop
Seat 3: matias1624 (big blind) folded before Flop
Seat 4: MirtoR37 folded before Flop (didn't bet)
Seat 5: santibaron folded before Flop (didn't bet)
Seat 6: Dorex2007 folded before Flop
Seat 7: frosa9397 folded before Flop (didn't bet)
Seat 8: perffect16 folded on the Flop
Seat 9: DevilRHN showed [Th Tc] and won ($4.09) with two pair, Tens and Sevens



PokerStars Hand #236592780168:  Hold'em No Limit ($0.01/$0.02 USD) - 2022/06/05 16:21:52 PT [2022/06/05 19:21:52 ET]
Table 'Hunnia III' 9-max Seat #2 is the button
Seat 1: DuqueMenino ($0.22 in chips) 
Seat 2: bukAman ($4 in chips) 
Seat 3: matias1624 ($2.20 in chips) 
Seat 4: MirtoR37 ($0.40 in chips) 
Seat 5: santibaron ($1.26 in chips) 
Seat 6: Dorex2007 ($2.80 in chips) 
Seat 7: frosa9397 ($2.16 in chips) 
Seat 8: perffect16 ($2.28 in chips) 
Seat 9: DevilRHN ($4.09 in chips) 
matias1624: posts small blind $0.01
MirtoR37: posts big blind $0.02
*** HOLE CARDS ***
Dealt to Dorex2007 [Qs Ad]
santibaron: folds 
Dorex2007: raises $0.04 to $0.06
frosa9397: folds 
perffect16: folds 
DevilRHN: folds 
DuqueMenino: folds 
DuqueMenino leaves the table
bukAman: folds 
matias1624: folds 
MirtoR37: calls $0.04
*** FLOP *** [8c Jd 4d]
MirtoR37: checks 
Dorex2007: checks 
*** TURN *** [8c Jd 4d] [Qd]
MirtoR37: bets $0.04
Dorex2007: calls $0.04
*** RIVER *** [8c Jd 4d Qd] [5c]
MirtoR37: bets $0.10
Dorex2007: calls $0.10
*** SHOW DOWN ***
MirtoR37: shows [4h 4s] (three of a kind, Fours)
Dorex2007: mucks hand 
MirtoR37 collected $0.40 from pot
*** SUMMARY ***
Total pot $0.41 | Rake $0.01 
Board [8c Jd 4d Qd 5c]
Seat 1: DuqueMenino folded before Flop (didn't bet)
Seat 2: bukAman (button) folded before Flop (didn't bet)
Seat 3: matias1624 (small blind) folded before Flop
Seat 4: MirtoR37 (big blind) showed [4h 4s] and won ($0.40) with three of a kind, Fours
Seat 5: santibaron folded before Flop (didn't bet)
Seat 6: Dorex2007 mucked [Qs Ad]
Seat 7: frosa9397 folded before Flop (didn't bet)
Seat 8: perffect16 folded before Flop (didn't bet)
Seat 9: DevilRHN folded before Flop (didn't bet)



PokerStars Hand #236592794250:  Hold'em No Limit ($0.01/$0.02 USD) - 2022/06/05 16:22:39 PT [2022/06/05 19:22:39 ET]
Table 'Hunnia III' 9-max Seat #3 is the button
Seat 2: bukAman ($4 in chips) 
Seat 3: matias1624 ($2.19 in chips) 
Seat 4: MirtoR37 ($0.60 in chips) 
Seat 6: Dorex2007 ($2.60 in chips) 
Seat 7: frosa9397 ($2.16 in chips) 
Seat 8: perffect16 ($2.28 in chips) 
Seat 9: DevilRHN ($4.09 in chips) 
MirtoR37: posts small blind $0.01
santibaron: is sitting out 
Dorex2007: posts big blind $0.02
*** HOLE CARDS ***
Dealt to Dorex2007 [2d Qs]
frosa9397: folds 
perffect16: folds 
DevilRHN: folds 
bukAman: folds 
matias1624: folds 
MirtoR37: calls $0.01
Dorex2007: checks 
*** FLOP *** [2s Tc Qh]
MirtoR37: checks 
santibaron leaves the table
Dorex2007: checks 
*** TURN *** [2s Tc Qh] [Jd]
MirtoR37: checks 
Dorex2007: bets $0.04
MirtoR37: calls $0.04
*** RIVER *** [2s Tc Qh Jd] [3h]
MirtoR37: checks 
Dorex2007: bets $0.12
MirtoR37: calls $0.12
*** SHOW DOWN ***
Dorex2007: shows [2d Qs] (two pair, Queens and Deuces)
MirtoR37: shows [Qc 3c] (two pair, Queens and Threes)
MirtoR37 collected $0.35 from pot
*** SUMMARY ***
Total pot $0.36 | Rake $0.01 
Board [2s Tc Qh Jd 3h]
Seat 2: bukAman folded before Flop (didn't bet)
Seat 3: matias1624 (button) folded before Flop (didn't bet)
Seat 4: MirtoR37 (small blind) showed [Qc 3c] and won ($0.35) with two pair, Queens and Threes
Seat 6: Dorex2007 (big blind) showed [2d Qs] and lost with two pair, Queens and Deuces
Seat 7: frosa9397 folded before Flop (didn't bet)
Seat 8: perffect16 folded before Flop (didn't bet)
Seat 9: DevilRHN folded before Flop (didn't bet)



PokerStars Hand #236592808556:  Hold'em No Limit ($0.01/$0.02 USD) - 2022/06/05 16:23:27 PT [2022/06/05 19:23:27 ET]
Table 'Hunnia III' 9-max Seat #4 is the button
Seat 2: bukAman ($4 in chips) 
Seat 3: matias1624 ($2.19 in chips) 
Seat 4: MirtoR37 ($0.77 in chips) 
Seat 6: Dorex2007 ($2.42 in chips) 
Seat 7: frosa9397 ($2.16 in chips) 
Seat 8: perffect16 ($2.28 in chips) 
Seat 9: DevilRHN ($4.09 in chips) 
Dorex2007: posts small blind $0.01
frosa9397: posts big blind $0.02
*** HOLE CARDS ***
Dealt to Dorex2007 [3c 5s]
perffect16: folds 
DevilRHN: folds 
bukAman: raises $0.04 to $0.06
matias1624: folds 
MirtoR37: folds 
Dorex2007: folds 
frosa9397: folds 
Uncalled bet ($0.04) returned to bukAman
bukAman collected $0.05 from pot
bukAman: doesn't show hand 
*** SUMMARY ***
Total pot $0.05 | Rake $0 
Seat 2: bukAman collected ($0.05)
Seat 3: matias1624 folded before Flop (didn't bet)
Seat 4: MirtoR37 (button) folded before Flop (didn't bet)
Seat 6: Dorex2007 (small blind) folded before Flop
Seat 7: frosa9397 (big blind) folded before Flop
Seat 8: perffect16 folded before Flop (didn't bet)
Seat 9: DevilRHN folded before Flop (didn't bet)



PokerStars Hand #236592815016:  Hold'em No Limit ($0.01/$0.02 USD) - 2022/06/05 16:23:49 PT [2022/06/05 19:23:49 ET]
Table 'Hunnia III' 9-max Seat #6 is the button
Seat 2: bukAman ($4.03 in chips) 
Seat 3: matias1624 ($2.19 in chips) 
Seat 4: MirtoR37 ($0.77 in chips) 
Seat 6: Dorex2007 ($2.41 in chips) 
Seat 7: frosa9397 ($2.14 in chips) 
Seat 8: perffect16 ($2.28 in chips) 
Seat 9: DevilRHN ($4.09 in chips) 
frosa9397: posts small blind $0.01
perffect16: posts big blind $0.02
*** HOLE CARDS ***
Dealt to Dorex2007 [2s Kc]
DevilRHN: folds 
bukAman: folds 
matias1624: folds 
MirtoR37: folds 
Dorex2007: folds 
frosa9397: folds 
Uncalled bet ($0.01) returned to perffect16
perffect16 collected $0.02 from pot
perffect16: doesn't show hand 
*** SUMMARY ***
Total pot $0.02 | Rake $0 
Seat 2: bukAman folded before Flop (didn't bet)
Seat 3: matias1624 folded before Flop (didn't bet)
Seat 4: MirtoR37 folded before Flop (didn't bet)
Seat 6: Dorex2007 (button) folded before Flop (didn't bet)
Seat 7: frosa9397 (small blind) folded before Flop
Seat 8: perffect16 (big blind) collected ($0.02)
Seat 9: DevilRHN folded before Flop (didn't bet)



PokerStars Hand #236592817953:  Hold'em No Limit ($0.01/$0.02 USD) - 2022/06/05 16:23:59 PT [2022/06/05 19:23:59 ET]
Table 'Hunnia III' 9-max Seat #7 is the button
Seat 2: bukAman ($4.03 in chips) 
Seat 3: matias1624 ($2.19 in chips) 
Seat 4: MirtoR37 ($0.77 in chips) 
Seat 6: Dorex2007 ($2.41 in chips) 
Seat 7: frosa9397 ($2.13 in chips) 
Seat 8: perffect16 ($2.29 in chips) 
Seat 9: DevilRHN ($4.09 in chips) 
perffect16: posts small blind $0.01
DevilRHN: posts big blind $0.02
*** HOLE CARDS ***
Dealt to Dorex2007 [2h 2s]
bukAman: folds 
matias1624: folds 
MirtoR37: folds 
Dorex2007: raises $0.04 to $0.06
frosa9397: folds 
perffect16: folds 
DevilRHN: folds 
Uncalled bet ($0.04) returned to Dorex2007
Dorex2007 collected $0.05 from pot
Dorex2007: doesn't show hand 
*** SUMMARY ***
Total pot $0.05 | Rake $0 
Seat 2: bukAman folded before Flop (didn't bet)
Seat 3: matias1624 folded before Flop (didn't bet)
Seat 4: MirtoR37 folded before Flop (didn't bet)
Seat 6: Dorex2007 collected ($0.05)
Seat 7: frosa9397 (button) folded before Flop (didn't bet)
Seat 8: perffect16 (small blind) folded before Flop
Seat 9: DevilRHN (big blind) folded before Flop



PokerStars Hand #236592823264:  Hold'em No Limit ($0.01/$0.02 USD) - 2022/06/05 16:24:16 PT [2022/06/05 19:24:16 ET]
Table 'Hunnia III' 9-max Seat #8 is the button
Seat 2: bukAman ($4.03 in chips) 
Seat 3: matias1624 ($2.19 in chips) 
Seat 4: MirtoR37 ($0.77 in chips) 
Seat 6: Dorex2007 ($2.44 in chips) 
Seat 7: frosa9397 ($2.13 in chips) 
Seat 8: perffect16 ($2.28 in chips) 
Seat 9: DevilRHN ($4.07 in chips) 
DevilRHN: posts small blind $0.01
bukAman: posts big blind $0.02
*** HOLE CARDS ***
Dealt to Dorex2007 [Qc 5c]
matias1624: folds 
MirtoR37: folds 
Dorex2007: folds 
frosa9397: folds 
perffect16: folds 
perffect16 leaves the table
DevilRHN: calls $0.01
bukAman: checks 
*** FLOP *** [2s 9s 6c]
DevilRHN: bets $0.04
bukAman: raises $0.12 to $0.16
DevilRHN: calls $0.12
*** TURN *** [2s 9s 6c] [Th]
DevilRHN: checks 
bukAman: bets $0.35
DevilRHN: calls $0.35
*** RIVER *** [2s 9s 6c Th] [5d]
DevilRHN: checks 
bukAman: bets $0.77
DevilRHN: calls $0.77
*** SHOW DOWN ***
bukAman: shows [2d 2c] (three of a kind, Deuces)
DevilRHN: mucks hand 
bukAman collected $2.51 from pot
*** SUMMARY ***
Total pot $2.60 | Rake $0.09 
Board [2s 9s 6c Th 5d]
Seat 2: bukAman (big blind) showed [2d 2c] and won ($2.51) with three of a kind, Deuces
Seat 3: matias1624 folded before Flop (didn't bet)
Seat 4: MirtoR37 folded before Flop (didn't bet)
Seat 6: Dorex2007 folded before Flop (didn't bet)
Seat 7: frosa9397 folded before Flop (didn't bet)
Seat 8: perffect16 (button) folded before Flop (didn't bet)
Seat 9: DevilRHN (small blind) mucked [Jc Js]



PokerStars Hand #236592835681:  Hold'em No Limit ($0.01/$0.02 USD) - 2022/06/05 16:24:58 PT [2022/06/05 19:24:58 ET]
Table 'Hunnia III' 9-max Seat #9 is the button
Seat 2: bukAman ($5.24 in chips) 
Seat 3: matias1624 ($2.19 in chips) 
Seat 4: MirtoR37 ($0.77 in chips) 
Seat 6: Dorex2007 ($2.44 in chips) 
Seat 7: frosa9397 ($2.13 in chips) 
Seat 9: DevilRHN ($2.77 in chips) 
bukAman: posts small blind $0.01
matias1624: posts big blind $0.02
*** HOLE CARDS ***
Dealt to Dorex2007 [Qd 6h]
MirtoR37: raises $0.02 to $0.04
Dorex2007: folds 
frosa9397: folds 
DevilRHN: folds 
DevilRHN leaves the table
bukAman: calls $0.03
matias1624: folds 
*** FLOP *** [9c Th Kc]
bukAman: checks 
MirtoR37: bets $0.05
bukAman: calls $0.05
*** TURN *** [9c Th Kc] [Js]
bukAman: checks 
MirtoR37: bets $0.09
bukAman: calls $0.09
*** RIVER *** [9c Th Kc Js] [4h]
bukAman: checks 
MirtoR37: bets $0.18
bukAman: calls $0.18
*** SHOW DOWN ***
MirtoR37: shows [Kh Qh] (a straight, Nine to King)
bukAman: mucks hand 
MirtoR37 collected $0.71 from pot
*** SUMMARY ***
Total pot $0.74 | Rake $0.03 
Board [9c Th Kc Js 4h]
Seat 2: bukAman (small blind) mucked [Ts Jd]
Seat 3: matias1624 (big blind) folded before Flop
Seat 4: MirtoR37 showed [Kh Qh] and won ($0.71) with a straight, Nine to King
Seat 6: Dorex2007 folded before Flop (didn't bet)
Seat 7: frosa9397 folded before Flop (didn't bet)
Seat 9: DevilRHN (button) folded before Flop (didn't bet)



PokerStars Hand #236592845598:  Hold'em No Limit ($0.01/$0.02 USD) - 2022/06/05 16:25:32 PT [2022/06/05 19:25:32 ET]
Table 'Hunnia III' 9-max Seat #2 is the button
Seat 2: bukAman ($4.88 in chips) 
Seat 3: matias1624 ($2.17 in chips) 
Seat 4: MirtoR37 ($1.12 in chips) 
Seat 6: Dorex2007 ($2.44 in chips) 
Seat 7: frosa9397 ($2.13 in chips) 
matias1624: posts small blind $0.01
MirtoR37: posts big blind $0.02
*** HOLE CARDS ***
Dealt to Dorex2007 [2s 2h]
Dorex2007: calls $0.02
frosa9397: folds 
bukAman: raises $0.07 to $0.09
matias1624: folds 
MirtoR37: folds 
Dorex2007: calls $0.07
*** FLOP *** [5d Tc Ts]
Dorex2007: bets $0.20
bukAman: folds 
Uncalled bet ($0.20) returned to Dorex2007
Dorex2007 collected $0.20 from pot
Dorex2007: doesn't show hand 
*** SUMMARY ***
Total pot $0.21 | Rake $0.01 
Board [5d Tc Ts]
Seat 2: bukAman (button) folded on the Flop
Seat 3: matias1624 (small blind) folded before Flop
Seat 4: MirtoR37 (big blind) folded before Flop
Seat 6: Dorex2007 collected ($0.20)
Seat 7: frosa9397 folded before Flop (didn't bet)



